3942 6310
164 430 261 485 601

1539 412 2068 475 PBOLEGOMENA.‘

3313 410 3417 471 602

163 562 239 603 se
278 543 502 614 alicujus
532 541 899 612 inscriptionis
945 541 1145 596 veteris
1191 537 1365 593 verbis
1411 534 1737 596 coniiciunt;
1768 536 1818 594 Α
1847 536 2013 591 storia
2060 514 2318 588 Lausiaca
2361 529 2583 586 Palladii
2624 544 2751 600 cap.
2799 528 2901 593 10,
2944 536 2998 583 et
3037 528 3088 581 in
3128 524 3419 583 Heraclidis

163 639 410 697 excitabo
452 645 698 692 auctores
745 635 1194 704 conjecturarum,
1242 630 1620 703 probabilium,
1649 642 1767 683 var

162 734 364 790 rlarum
394 731 709 792 lectionum,
737 727 1188 790 adversariorum,
1238 723 1326 794 qui
1372 723 1486 778 loca
1516 721 1745 788 scripto.

161 838 280 880 rum
312 821 545 876 obscura
578 818 819 874 invenire
839 818 1082 887 cupiunt,
1116 830 1179 871 ac
1209 814 1526 885 plerumque
1552 810 1743 865 obscu-

160 916 376 970 ritatem
412 911 514 982 ipsi
544 910 645 966 sibi
679 909 903 979 lingunt,
948 916 1009 962 ut
1053 906 1251 977 ingenii
1301 919 1523 959 acumen
1560 910 1746 958 osten-

162 1017 295 1062 tent.
332 1007 536 1061 Praesto
566 1002 697 1057 mibi
730 1001 829 1056 erit
851 998 1055 1054 auxilio
1079 998 1255 1053 omnis
1286 998 1400 1051 haec
1421 1007 1633 1060 manus,
1659 1006 1743 1059 ac,

162 1098 307 1171 quod
337 1096 515 1153 aiebat
542 1093 793 1149 Horatius
821 1100 923 1147 sat.
950 1088 1005 1155 4,
1036 1089 1129 1144 lib.
1161 1103 1177 1142 ι
1204 1106 1215 1141 :

224 1274 381 1325 Judaei
402 1281 634 1335 cogemus
653 1270 703 1318 in
736 1268 863 1317 hanc
885 1263 1161 1316 concedere
1180 1198 1440 1311 $3133.”

235 1380 290 1435 5.
324 1377 453 1443 Sed,
487 1385 544 1430 ut
572 1374 627 1429 id
653 1371 798 1443 quod
844 1372 898 1426 in
930 1370 1011 1424 his
1038 1364 1429 1439 prolegomenis
1460 1362 1749 1431 explanano

160 1472 292 1529 dum
334 1469 547 1540 suscepi
580 1480 874 1536 exsequar,
919 1460 1208 1517 videndum
1242 1466 1324 1513 est
1365 1454 1494 1527 quid
1536 1462 1747 1508 veteres

160 1564 294 1618 olim
324 1561 394 1617 de
423 1558 713 1615 Dracontio
741 1557 998 1626 scriptum
1020 1550 1362 1620 reliquerint,
1395 1545 1523 1616 quid
1554 1558 1746 1599 recen-

159 1664 245 1711 tes
292 1652 382 1708 alii
429 1650 871 1722 excogitaverint,
918 1654 978 1701 ut
1020 1659 1089 1699 ex
1132 1643 1346 1712 scriptis
1385 1639 1499 1709 ejus
1529 1636 1744 1691 tandem

157 1744 485 1803 concludam
528 1753 583 1797 et
630 1741 910 1797 ostendam
961 1736 1089 1806 quid
1136 1735 1190 1789 in
1240 1733 1323 1788 his
1352 1729 1746 1786 narrationibus

157 1839 456 1895 tenendum
508 1837 599 1900 sit,
650 1834 777 1903 quid
830 1829 1198 1901 rejiciendum.
1251 1825 1350 1893 Qui
1402 1821 1743 1879 Dracontium

1847 625 2098 681 Paradiso
2130 640 2248 694 pag.
2283 624 2409 687 940,
2460 623 2514 677 in
2547 621 2685 677 Vitis
2717 620 2934 675 Patrum
2962 615 3268 688 Bosweydi.
3315 617 3420 674 Sed

1846 731 2020 788 neque
2055 716 2142 771 hic
2167 715 2458 771 monachus
2502 728 2623 769 cum
2665 720 2849 767 nostro
2878 709 3170 766 Dracontio
3198 708 3395 764 confun

1847 809 2054 866 dendus
2081 819 2185 873 est.
2212 809 2269 863 In
2299 806 2541 877 epistolis
2568 806 2625 862 S.
2656 804 2757 860 Nili
2796 803 3087 872 interprete
3125 800 3306 857 Leone
3332 803 3397 857 Al

1846 901 1974 957 latio
2018 900 2111 957 lib.
2154 916 2194 967 ι,
2243 899 2468 970 epistola
2499 898 2629 964 514,
2666 896 2862 952 dicitur
2896 896 3053 950 missa
3096 894 3421 963 Dracontio;

1847 994 1941 1050 lib.
1964 1009 2023 1058 ιι,
2049 991 2278 1063 epistola
2296 990 2422 1057 327,
2452 990 2737 1045 Dracontio
2758 988 2999 1054 Vindici;
3030 986 3218 1043 eodem
3246 988 3339 1043 lib.
3363 1004 3421 1054 ιι,

1847 1060 2191 1157 epistola-94,
2221 1084 2508 1138 Dracontio
2532 1081 2825 1146 monacho;
2854 1080 2949 1135 lib.
2976 1096 3051 1145 tu,
3085 1080 3307 1149 epistola
3331 1080 3421 1145 56,
3465 1060 3474 1114 ⁸

1839 1180 2038 1246 rursus
2068 1176 2361 1231 Dracontio
2388 1173 2678 1229 monacho.
2713 1172 2836 1228 Ilaec
2858 1180 3124 1242 postrema
3155 1171 3372 1240 epistola
3394 1184 3424 1224 a
3463 1157 3470 1175 ³

1847 1268 2248 1324 Montfauconio
2288 1266 2340 1322 in
2384 1266 2558 1322 Calai.
2592 1264 2841 1321 biblioth.
2875 1263 3132 1318 Coislian.
3168 1263 3288 1317 cod.
3324 1262 3427 1317 565

1848 1361 2164 1417 inscribitur
2198 1360 2248 1431 5
2292 1358 2575 1414 Dracontio
2606 1356 2861 1411 Diacono.
2903 1355 3052 1409 Nilus
3088 1354 3331 1425 quidem,
3368 1355 3425 1409 S.

1847 1452 2070 1508 Joannis
2104 1450 2479 1523 Cbrysostomi
2513 1450 2806 1519 discipulus
2830 1490 2843 1509 ,
2880 1447 3181 1503 Theodosio
3209 1446 3428 1501 Juniore

1851 1545 2182 1614 imperatore
2224 1544 2466 1608 vivebat;
2513 1542 2606 1597 sed
2668 1541 2765 1595 hos
2810 1540 3124 1595 Dracontios
3167 1552 3197 1593 a
3246 1548 3427 1593 nostro

1850 1634 2090 1690 diversos
2110 1633 2281 1689 videri
2308 1649 2373 1687 ex
2398 1632 2515 1702 ejus
2540 1630 2869 1687 carminibus
2897 1629 3214 1685 ostenditur.

1924 1728 1977 1779 7.
2011 1724 2175 1795 Igitur
2215 1725 2415 1795 primus
2459 1723 2517 1780 S.
2564 1723 2802 1778 Isidorus
2849 1722 3118 1777 Dracontii
3164 1722 3426 1787 meminit,

1851 1819 1993 1872 inter
2037 1817 2430 1872 ecclesiasticos
2476 1816 2771 1885 scriptores
2811 1830 2932 1870 eum
2983 1827 3268 1870 recensens
3305 1827 3425 1881 cap.

159 1930 387 2002 proprio
433 1930 650 1985 nomine
670 1900 1076 1996 appellaverit,
1127 1919 1486 1988 antiquiorem
1540 1915 1746 1970 Isidoro
1774 1900 1825 1961 Β
1850 1911 1938 1975 57,
1963 1908 2048 1963 his
2069 1908 2248 1964 verbis
2282 1926 2295 1961 :
2329 1907 2641 1962 Dracontius
2662 1907 2943 1977 composuit
2968 1905 3184 1960 heroicis
3206 1903 3427 1959 versibus
3502 1924 3507 1933 -

159 2024 343 2095 reperi
373 2022 663 2078 neminem.
695 2016 886 2074 Exstat
913 2015 1127 2085 quidem
1156 2009 1427 2067 Dracontii
1466 2024 1659 2064 nomen
1687 2008 1743 2062 in

159 2119 356 2174 codice
399 2113 799 2176 Theodosiano,
846 2109 933 2165 ubi
972 2108 1150 2177 plures
1187 2111 1443 2174 apparent
1484 2102 1630 2172 leges
1677 2100 1745 2155 ad

157 2227 287 2266 eum
315 2209 537 2264 directa:
561 2221 702 2261 anno
732 2204 858 2268 56i,
890 2199 1013 2265 365,
1046 2199 1169 2263 567,
1203 2212 1321 2251 eum
1352 2196 1584 2250 vicarius
1611 2193 1745 2249 Afri-

158 2317 239 2359 cze
273 2308 442 2367 esset,
473 2299 540 2353 de
562 2311 669 2368 quo
698 2294 864 2349 videri
897 2303 1072 2362 potest
1100 2288 1519 2349 commentarius
1543 2284 1745 2341 Gotho-

156 2393 297 2449 fredi
328 2390 395 2446 ad
422 2391 526 2460 leg.
560 2390 625 2442 16
648 2386 716 2443 de
744 2402 870 2441 ann.
906 2395 958 2439 et
985 2385 1108 2439 trib.
1143 2384 1340 2438 Verum
1367 2379 1637 2450 antiquior
1656 2376 1746 2431 hic

157 2497 243 2544 est
265 2499 430 2556 quam
451 2491 509 2537 ut
532 2482 609 2536 illi
629 2480 869 2535 carmina
891 2477 989 2532 sub
1012 2474 1279 2531 Dracontii
1305 2473 1520 2527 nomine
1540 2468 1744 2526 edenda

158 2579 332 2637 tribui
375 2583 616 2647 possent,
664 2573 767 2626 nisi
822 2572 866 2625 si
919 2570 1055 2624 forte
1094 2568 1147 2621 in
1190 2575 1431 2622 extrema
1469 2570 1745 2619 senectute
1806 2626 1811 2631 ,

155 2668 490 2727 constitutus
518 2680 580 2721 ea
612 2662 1015 2731 conscripserit.
1047 2659 1199 2727 Quod
1242 2668 1416 2712 tamen
1462 2664 1521 2709 ut
1552 2669 1743 2725 negem

156 2763 246 2818 illa
279 2776 374 2817 me
404 2758 628 2829 impellit
659 2756 817 2822 ratio,
869 2755 1008 2826 quod
1060 2769 1181 2809 eum
1228 2750 1542 2807 Dracontius
1585 2748 1640 2819 ἀ.
1678 2747 1747 2802 de

155 2855 422 2911 aerumnis
444 2866 579 2921 quas
607 2850 907 2921 patiebatur
940 2848 1106 2901 multa
1135 2845 1349 2911 dixerit,
1402 2841 1532 2896 nihil
1562 2840 1629 2894 de
1654 2853 1746 2894 se-

154 2951 249 3006 nio
288 2948 506 3001 locutus
534 2952 647 3007 est;
681 2940 820 3012 quod
850 2939 1069 2993 minime
1098 2936 1336 3007 oportuit
1377 2933 1647 2996 omittere,
1690 2938 1749 2982 ut

155 3043 228 3096 ita
264 3036 477 3093 facilius
502 3034 714 3090 veniam
744 3047 773 3086 a
803 3046 928 3100 rege
947 3028 1308 3084 Vandalorum
1340 3026 1669 3094 impetraret,
1694 3031 1748 3075 et

154 3132 297 3187 liber
330 3145 358 3184 e
387 3141 603 3182 carcere
633 3124 1011 3180 dimitteretur.
1046 3118 1288 3175 Julianus
1317 3112 1748 3183 archipresbyter

154 3225 208 3280 in
236 3219 597 3292 supposititio
621 3230 787 3286 opere
816 3213 1037 3268 Advers.
1086 3209 1192 3264 A98
1234 3204 1576 3261 Dracontium
1611 3214 1744 3270 poe-

1848 2004 2206 2059 Hexaemeron
2243 2006 2515 2059 creationis
2563 2004 2765 2068 mundi,
2811 2014 2859 2058 et
2908 2005 3188 2059 luculenter
3224 2002 3426 2074 quidem

1846 2097 2131 2165 composuit
2173 2105 2220 2150 et
2264 2097 2486 2165 scripsit.
2540 2093 2672 2150 Cum
2711 2096 2827 2150 haec
2868 2094 3132 2151 scribebat
3174 2094 3423 2161 Isidorus,

1848 2202 1953 2243 non
1979 2189 2083 2243 alia
2110 2190 2350 2245 carmina
2390 2188 2657 2244 Dracontii
2688 2189 2895 2243 videtur
2918 2188 3205 2259 agnovisse
3231 2196 3423 2256 praeter

1846 2280 2041 2336 librum
2074 2282 2305 2350 primum
2336 2281 2590 2335 carminis
2616 2280 2684 2335 de
2712 2280 2846 2345 Deo,
2905 2280 2994 2349 qui
3022 2294 3050 2332 a
3081 2277 3282 2347 reliquo
3310 2291 3427 2332 cor-

1847 2387 1978 2441 pore
2028 2382 2302 2442 separatus
2371 2371 2479 2441 jam
2536 2380 2662 2426 tunc
2726 2380 2842 2425 erat
2878 2410 2894 2435 ,
2957 2378 3010 2423 et
3070 2367 3427 2422 Hexaemeron

1848 2465 2166 2535 inscriptus;
2198 2473 2253 2519 et
2280 2464 2491 2534 quidem
2542 2463 2695 2518 valde
2733 2470 3050 2530 corruptus,
3102 2469 3158 2513 ut
3193 2450 3263 2513 ei
3317 2457 3425 2512 alio

1848 2557 1969 2612 loco
2001 2556 2188 2612 lsidori
2232 2563 2409 2625 potest
2447 2554 2823 2608 demonstrari.
2875 2549 3146 2620 Siquidem
3190 2548 3282 2603 lib.
3337 2562 3413 2601 xu

1849 2649 2054 2719 Etym.,
2097 2663 2214 2717 cap.
2259 2648 2315 2713 2,
2366 2648 2433 2700 ita
2480 2645 2641 2699 habet
2680 2659 2692 2695 :
2728 2644 3041 2697 lchneumon
3070 2640 3245 2695 Graec
3269 2654 3421 2693 voca-

1850 2751 1931 2795 tus
1960 2758 2017 2795 eo
2040 2743 2178 2811 quod
2205 2740 2359 2793 odore
2382 2755 2474 2792 suo
2496 2748 2543 2792 et
2571 2738 2797 2792 salubria
2835 2738 3082 2798 ciborum,
3111 2744 3156 2789 et
3182 2748 3427 2788 venenosa

1810 2864 1811 2867 η
1850 2834 2153 2901 prodantur.
2209 2828 2283 2883 De
2337 2846 2435 2900 quo
2476 2827 2785 2882 Dracontius
2809 2827 2881 2880 ait
2912 2840 2933 2880 :
2962 2824 3206 2879 Prtedics't
3243 2822 3427 2877 suillus

1854 2924 1953 2975 vim
1972 2925 2323 2992 cujuscunque
2353 2921 2547 2974 ueneni.
2576 2918 2776 2975 Suillus
2801 2927 2968 2972 autem
2995 2935 3027 2971 a
3056 2917 3175 2970 setis
3199 2923 3271 2970 est
3298 2931 3427 2969 nun-

1848 3022 2091 3082 cupatus.
2114 3012 2232 3078 Quo
2256 3011 2307 3066 in
2335 3011 2452 3065 loco
2480 3010 2763 3064 adnotatur
2792 3007 3025 3063 Grialius
3053 3007 3300 3063 observat
3329 3006 3427 3060 ali-

1850 3112 1934 3158 ter
1960 3104 2059 3174 legi
2093 3104 2325 3171 ρηεείάὶι
2356 3117 2451 3172 pro
2479 3102 2735 3172 prtrdicit.
2791 3098 3099 3156 Gallandius
3121 3100 3175 3154 in
3201 3098 3429 3155 editione

1851 3195 2120 3250 Dracontii
2150 3210 2331 3250 veram
2372 3196 2689 3266 scripturam
2745 3208 2867 3250 esse
2919 3193 3149 3264 praecidit
3190 3207 3254 3247 ex
3303 3205 3429 3246 con-

154 3268 399 3381 tam:th
440 3311 635 3367 Africae
663 3268 936 3362 rvicarium
981 3302 1227 3358 eumdem
1268 3297 1536 3353 hominem
1582 3268 1742 3348 facit:
1775 3268 1826 3332 ο
1858 3298 2005 3345 textu
2035 3289 2386 3354 colligit;‘sed
2416 3304 2482 3343 ex
2506 3295 2755 3342 contextu
2782 3288 2898 3355 ipso
2936 3284 3211 3355 praeferam
3243 3283 3429 3353 prserti-

154 3409 251 3465 sed
286 3406 433 3460 illius
459 3400 747 3456 auctoritas
778 3397 921 3452 nulla
954 3403 1057 3461 est,
1087 3390 1269 3464 opinio
1306 3388 1452 3444 omni
1483 3383 1745 3456 probabili

154 3498 515 3556 fundamento
544 3499 709 3556 caret,
743 3498 799 3543 ut
821 3489 952 3543 dixi.

154 3597 161 3601 '
222 3592 283 3647 6.
321 3588 471 3663 Alius
492 3593 638 3640 certe
660 3598 689 3637 a
712 3588 894 3635 nostro
914 3587 997 3633 est
1018 3575 1337 3631 Dracontius
1362 3579 1589 3626 monetae
1613 3582 1749 3638 prae-

74 3686 77 3687 ⁷
155 3687 372 3758 ροςίιιις
404 3682 502 3736 sub
528 3677 743 3733 Iuliano
772 3676 1097 3743 imperatore
1122 3711 1137 3735 ,
1166 3668 1319 3737 cujus
1347 3664 1593 3720 meminit
1620 3662 1748 3715 Am-

154 3754 379 3834 mianus
408 3774 504 3829 lib.
536 3784 672 3835 χχιι,
693 3768 781 3839 qui
805 3773 987 3821 narrat
1012 3777 1133 3818 eum
1155 3776 1184 3814 a
1210 3756 1497 3830 gentilibus
1519 3754 1748 3809 Alexan-

155 3871 293 3926 drize
353 3866 515 3919 fuisse
566 3862 825 3925 occisum,
882 3857 1004 3928 quia
1049 3869 1193 3907 arant
1242 3851 1296 3905 in
1335 3857 1549 3904 moneta
1589 3859 1746 3915 quam

155 3959 410 4029 regebat,
440 3968 627 4009 recens
657 3952 882 4006 locatam
914 3946 1126 4001 evertit.
1159 3940 1435 3997 Assentior
1466 3938 1624 3993 etiam
1648 3936 1747 3989 Fa—

153 4053 360 4115 bricio,
390 4048 478 4117 qui
500 4047 554 4101 in
577 4045 712 4101 Bibl.
737 4044 879 4098 med.
908 4050 960 4096 et
988 4037 1082 4093 iul.
1104 4036 1224 4091 Lat.
1254 4049 1280 4087 a
1313 4042 1469 4102 poeta
1490 4032 1591 4085 hoc
1613 4029 1747 4083 Dra-

157 4142 351 4200 contio
378 4137 651 4207 distinguit
672 4145 781 4189 tum
802 4129 1143 4186 Dracontium
1163 4126 1473 4194 episcopum
1497 4120 1563 4175 ad
1588 4132 1747 4188 quem

155 4236 284 4290 data
323 4243 404 4286 est
428 4228 664 4297 cpistola
696 4225 753 4280 S.
783 4219 1060 4278 Athanasii
1092 4228 1221 4271 tom.
1255 4215 1295 4279 I,
1326 4227 1445 4283 pag.
1475 4210 1565 4276 65,
1613 4207 1745 4262 edit.

156 4324 481 4387 Mortifanc.,
514 4320 580 4374 de
612 4333 716 4387 quo
744 4314 930 4371 confer
978 4309 1113 4365 infra
1172 4322 1318 4361 num.
1350 4304 1447 4368 5‘2;
1492 4311 1604 4355 tum
1635 4299 1749 4369 epi-

158 4433 393 4490 scopum
423 4412 759 4467 l)racontium
782 4408 848 4462 ab
866 4402 1145 4460 Acacianis
1173 4412 1226 4454 et
1252 4396 1463 4454 Arianis
1489 4396 1542 4449 in
1571 4393 1751 4449 con‘ci-

74 4520 75 4523 ‘
160 4514 232 4566 lin
274 4502 876 4572 Constantinopolitano
921 4496 1264 4568 depositum,
1320 4491 1388 4544 de
1435 4503 1541 4560 quo
1584 4495 1750 4556 agunt

159 4594 425 4658 Socrates
455 4596 548 4649 lib.
584 4610 642 4658 Il,
670 4607 786 4661 cap.
820 4589 910 4654 42,
943 4596 995 4641 ct
1020 4585 1354 4641 Sozomenus
1381 4580 1475 4634 lib.
1501 4594 1573 4642 tv,
1622 4591 1745 4645 cap.
1774 4628 1781 4654 τ

1220 4672 1566 4729 Alexandrini
1608 4642 1749 4724 3min
1777 4644 1831 4705 D
1856 4646 2008 4717 Legit
2044 4655 2222 4699 autem
2245 4660 2311 4697 ex
2340 4657 2439 4696 tus.
2472 4643 2592 4696 cod.
2626 4642 2888 4696 Dracontii
2916 4659 2928 4692 :

159 4693 252 4746 24.
310 4690 367 4743 In
404 4686 624 4757 epistola
661 4682 914 4754 synodica
962 4678 1176 4734 concilii

163 4785 299 4847 569.,
337 4796 493 4852 quam
513 4777 761 4841 Eusebio,
786 4772 1055 4835 Lucifero,
1079 4779 1208 4832 etc.,
1234 4768 1562 4834 scripserunt
1590 4763 1755 4816 Atha-

165 4851 669 4939 nasiuscarterique
696 4864 934 4935 episcopi
976 4862 1067 4933 qui
1108 4856 1444 4915 Alexandriae
1481 4868 1546 4908 ex
1580 4851 1753 4916 Italia,

166 4965 395 5029 Arabia,
430 4962 655 5032 Aigypm
682 4968 736 5014 et
761 4958 932 5027 Libya
961 4954 1204 5015 aderant,
1234 4949 1377 5002 inter
1403 4960 1495 5001 eos
1522 4944 1609 5015 qui
1633 4958 1755 4997 cum

167 5055 469 5114 Athanasio
498 5053 738 5107 scribunt
764 5049 1070 5103 nominatur
1099 5041 1436 5097 Dracontius.
1475 5038 1530 5091 In
1558 5036 1672 5091 Vita
1694 5034 1756 5089 S.

168 5146 468 5204 Hilarionis
494 5152 716 5198 auctore
742 5142 800 5196 S.
835 5140 1163 5207 Hieronymo
1189 5148 1311 5202 cap.
1340 5131 1435 5197 25,
1468 5129 1677 5184 mentio
1702 5128 1761 5180 lit

169 5236 448 5295 Dracontii
472 5234 709 5305 episcOpi
733 5242 785 5287 et
810 5228 1157 5293 confessoris,
1177 5226 1266 5296 qui
1286 5225 1441 5293 jussu
1460 5218 1761 5277 Constantii

169 5333 239 5386 ad
271 5338 507 5384 Castrum
535 5326 833 5382 Thebatum
857 5322 1155 5379 exsulabat.
1196 5319 1278 5373 Ab
1304 5318 1386 5371 his
1416 5316 1686 5375 omnibus,
1719 5310 1764 5366 si

174 5434 357 5476 tamen
397 5432 584 5473 omnes
629 5417 769 5471 inter
816 5429 874 5470 se
924 5423 1045 5469 sunt
1088 5411 1367 5475 distincti,
1419 5407 1763 5462 Dracontium

174 5523 427 5569 nostrum
445 5521 496 5565 et
528 5520 792 5578 tempora,
817 5518 869 5561 et
894 5507 1128 5561 rationes
1152 5504 1273 5557 vita:
1301 5503 1366 5554 ab
1392 5516 1457 5555 eo
1486 5500 1762 5561 institutae,

171 5613 439 5674 quantum
483 5600 697 5669 quidem
739 5613 805 5652 ex
851 5605 1095 5666 poemate
1127 5595 1193 5649 de
1239 5594 1348 5647 Deo
1387 5600 1442 5645 et
1486 5605 1550 5644 ex
1586 5588 1765 5656 Elegia

173 5695 478 5764 colligitur,
517 5693 651 5749 satis
678 5702 863 5761 aperte
893 5690 1222 5745 discernunt.
1269 5685 1493 5756 Propius
1534 5684 1598 5736 ad
1629 5682 1764 5737 Dra-

173 5786 355 5843 contii
400 5784 569 5840 nostri
613 5791 825 5842 aetatem
872 5780 1099 5849 accessit
1129 5776 1445 5833 Dracontius
1474 5773 1767 5841 discipulus

185 5876 489 5938 Pambonis
512 5873 739 5939 abbatis,
779 5873 866 5943 qui
906 5872 987 5926 vir
1018 5870 1344 5928 admirabilis
1378 5869 1567 5925 dicitur
1598 5868 1651 5923 in
1688 5867 1766 5923 lti-

1852 3382 1941 3436 cit.
2003 3382 2058 3436 In
2100 3381 2282 3435 suillus
2319 3394 2472 3434 error
2497 3378 2810 3434 manifestus
2830 3385 2932 3447 est,
2963 3393 3120 3448 quem
3142 3390 3317 3446 neque
3344 3374 3428 3431 Isi-

1854 3476 2024 3530 dorus
2052 3474 2168 3542 ipse
2209 3472 2580 3541 deprehendit.
2628 3473 2746 3528 Non
2793 3471 2933 3528 enim
2976 3472 3044 3526 de
3066 3471 3429 3538 :ichneumont

1857 3567 2207 3631 Dracontius,
2240 3565 2334 3621 sed
2365 3566 2432 3620 de
2452 3563 2645 3634 Psyllis
2671 3564 2865 3620 Africa:
2893 3564 3101 3632 populis
3131 3564 3396 3633 loquitur:

1980 3657 2206 3716 Inspecta
2232 3655 2409 3705 tellure
2428 3655 2604 3711 semel,
2626 3657 2732 3703 sine
2756 3655 2949 3704 flatibus
2971 3654 3096 3711 ullis,

1978 3718 2129 3767 Sibila
2151 3718 2264 3767 dum
2291 3719 2520 3773 reticent,
2545 3718 2750 3765 necdum
2775 3725 3009 3776 serpente
3034 3723 3217 3774 notato,

1981 3779 2204 3828 I’raedicit
2226 3779 2415 3839 Psyllus
2448 3780 2539 3826 vim
2565 3777 2896 3838 cujuscunque
2922 3778 3115 3827 veneni.

1974 3841 2125 3903 Signa
2150 3842 2285 3890 videt
2307 3841 2523 3889 medicus
2545 3841 2732 3895 mortis.
2758 3846 2847 3888 etc.

1853 3926 1919 3983 Et
1938 3936 2121 3996 postea
2147 3925 2444 3979 concludit:

1862 4012 1865 4013 ⁷
1978 4017 2103 4066 Ecce
2127 4028 2285 4076 genus
2306 4016 2553 4065 hominum
2578 4021 2780 4063 ventura
2803 4014 2929 4063 scire
2952 4012 3195 4074 probatur.

1926 4101 1985 4154 8.
2012 4099 2201 4153 Tacito
2231 4098 2501 4153 Dracontii
2546 4084 2763 4151 nomine
2804 4095 2966 4151 verba
3005 4110 3067 4149 ex
3108 4094 3225 4163 ejus
3265 4093 3431 4167 elegia

1853 4189 2074 4261 protulit
2112 4186 2348 4243 lsidorits
2377 4187 2469 4243 lib.
2502 4203 2552 4241 vt
2584 4187 2783 4257 Etym.,
2813 4200 2928 4255 cap.
2959 4185 2994 4239 9
3024 4199 3040 4237 :
3082 4182 3431 4237 Certelitteras

1851 4299 1968 4336 rum
2002 4282 2253 4347 materies,
2299 4280 2631 4351 parvulorum
2674 4280 2926 4346 nutrices,
2960 4274 2989 4330 I
2997 4293 3101 4348 pste
3139 4278 3262 4329 dant
3294 4276 3431 4343 inge-

1855 4375 1996 4428 nium
2026 4374 2199 4444 pueris
2221 4371 2504 4444 primordia
2525 4387 2717 4425 sensus.
2749 4370 2979 4425 Grialins
3015 4370 3066 4423 in
3094 4368 3230 4421 notis
3257 4366 3433 4420 anim-

1856 4465 2088 4520 advertit
2123 4476 2338 4519 versum
2368 4463 2511 4533 hunc
2544 4477 2664 4518 esse
2700 4460 2963 4516 Dracontii
2993 4460 3083 4513 lib.
3127 4473 3161 4511 ιι
3209 4458 3275 4510 de
3321 4456 3431 4511 Ma-

1855 4556 2015 4610 china
2050 4554 2232 4609 mundi
2262 4570 2277 4610 :
2317 4553 2387 4607 ita
2416 4553 2559 4607 enim
2584 4562 2740 4607 vocat
2770 4552 2859 4605 ille
2887 4550 3111 4618 elegiam
3141 4548 3429 4602 Dracontii.

1979 4738 2102 4785 Cera
2129 4737 2211 4797 dat
2235 4737 2487 4797 ingenium
2515 4734 2680 4797 pueris
2697 4730 2952 4797 primordia
2977 4743 3161 4791 sensus,

2044 4798 2062 4846 I
2070 4799 2163 4846 nde
2188 4796 2240 4845 lit.
2264 4793 2313 4845 ui
2341 4802 2539 4856 praestet
2558 4795 2717 4843 littera
2738 4793 2815 4842 vel
2840 4800 3028 4840 noceat.

1862 4906 2035 4974 Atque
2061 4906 2132 4958 ita
2159 4911 2341 4973 postea
2366 4900 2566 4955 editum
2597 4899 2693 4953 luit
2722 4898 2773 4952 in
2797 4896 3035 4953 editione
3065 4895 3434 4952 Sirmondians

1863 5006 1918 5053 et
1940 4994 2242 5050 Matritensi
2270 4993 2325 5062 6
2353 4992 2564 5046 Patrum
2595 4989 2997 5043 Toletanorum.
3047 4986 3154 5041 Nec
3197 4985 3434 5055 displicet
3486 5026 3489 5027 ν

1865 5086 2079 5157 quidem
2108 5093 2332 5155 pnestet,
2361 5082 2454 5136 sed
2480 5080 2755 5150 prmleram
2782 5080 2940 5149 prosit
2967 5093 3087 5133 cum
3116 5077 3435 5133 membranis

1868 5176 2259 5246 antiquissimis
2282 5175 2571 5229 Vaticanis.
2629 5174 2709 5227 Ex
2733 5172 2919 5227 eadem
2958 5171 3126 5241 elegia
3172 5172 3435 5225 Dracontii

1871 5270 2049 5339 plures
2071 5281 2261 5322 versus
2292 5265 2501 5335 reperio
2528 5281 2557 5319 a
2587 5265 2645 5320 S.
2678 5264 3029 5331 Columbano,
3062 5274 3185 5318 ante
3230 5262 3290 5317 S.
3344 5262 3439 5315 lsi-

1871 5362 2061 5414 dorqu
2095 5357 2440 5431 nominando,
2473 5358 2874 5427 acceptos,qni,
2899 5367 2957 5411 ut
2998 5371 3027 5408 a
3063 5352 3367 5412 Prudentia,
3393 5362 3439 5406 et

1874 5455 1942 5508 ab
1973 5451 2266 5520 Octaviano
2294 5451 2535 5504 Romano
2557 5448 2724 5518 (quod
2761 5455 2909 5514 putat
2934 5444 3264 5512 Goldastus),
3307 5452 3361 5497 et
3382 5442 3439 5497 at

1871 5546 1993 5598 aliis
2022 5544 2174 5605 alios,
2210 5542 2280 5595 ita
2315 5541 2411 5595 hos
2436 5548 2706 5594 mutuatus
2732 5549 2812 5593 est
2839 5552 2866 5589 a
2902 5536 3188 5591 Dracontio
3234 5537 3289 5589 in
3332 5534 3437 5603 t'pi-

1873 5634 2009 5688 stola
2051 5632 2116 5686 ad
2149 5628 2449 5685 Hunaldnm
2476 5667 2493 5693 ,
2545 5641 2703 5696 quam
2750 5625 2989 5682 nonnulli
3060 5623 3220 5678 setho
3264 5622 3470 5683 inseri,

1870 5723 2002 5779 bunt
2020 5739 2035 5778 ε

1993 5814 2163 5862 Omnia
2190 5808 2384 5872 tempus
2401 5812 2516 5871 agit,
2541 5820 2652 5857 cum
2674 5816 2895 5869 tempore
2920 5816 3091 5859 cuncta
3117 5797 3392 5861 trahuntur.

1998 5875 2255 5924 Alternaul
2284 5873 2532 5921 elementa
2553 5872 2702 5925 vices.
2728 5877 2780 5921 et
2804 5878 3018 5927 tempora
3044 5881 3248 5924 mutant.
