3942 6310
482 384 597 444 Βνὸο

599 504 852 563 Accipiunt
873 498 1134 562 augmenta
1155 497 1570 563 dies,_no¢tesque
1597 498 1820 546 vicissim.

597 557 834 624 'l‘emi-ora
860 557 970 611 sun't
995 563 1180 624 ﬂorum,
1204 561 1386 609 retinet
1406 557 1503 606 sua
1516 565 1732 624 tempora
1745 557 1941 624 messis.

598 617 838 685 Tempora
863 621 1123 679 gaudendi,
1148 617 1260 670 sunt
1283 630 1501 681 tempora
1523 617 1658 685 certa
1679 617 1894 685 dolendi.

603 681 900 741 Ver,':estas,
932 692 1213 741 autumnus,
1251 684 1424 737 hiems,
1449 682 1575 730 redit
1597 693 1751 730 annus
1785 681 1832 727 in
1855 690 2048 726 annum.

599 749 766 796 Omnia
791 759 900 795 cum
922 746 1148 806 redeam,
1166 745 1341 792 homini
1369 756 1454 792 sua
1475 757 1567 790 non
1595 741 1720 789 redit
1742 751 1873 789 aetas.

486 851 680 906 llornm
711 848 1099 904 versiculorum
1130 847 1367 900 nonnulli
1393 847 1502 914 jam
1526 852 1736 899 exstant
1763 845 1896 913 typis
1923 843 2052 898 editi

485 949 531 998 iu
567 946 800 1001 editione
831 944 1120 998 Matritensi
1149 943 1334 1011 elegia:
1371 941 1638 996 Dracontii
1678 959 1687 991 :
1735 940 1870 992 alios
1913 939 2056 1006 leges

488 1043 537 1090 in
565 1047 803 1094 extrema
835 1035 1074 1103 ejusdem
1106 1035 1290 1103 elegia:
1316 1045 1664 1103 parte,_quam
1689 1051 1751 1089 ex
1776 1034 1939 1088 veteri
1967 1047 2055 1085 co-

488 1129 604 1182 dice
633 1128 750 1180 V’at.
774 1126 1214 1183 evanescentibus
1239 1126 1347 1191 jam
1379 1126 1570 1179 litteris
1599 1135 1818 1180 exarato
1857 1125 1924 1176 ah
1970 1108 2070 1176 in:

489 1223 645 1274 teritu
679 1219 973 1274 vindieabo.
1014 1217 1332 1272 Sirmondus
1363 1217 1576 1285 quidem
1614 1218 1663 1268 in
1695 1231 1788 1270 sua
1825 1216 2056 1269 Dracon-
2085 1219 2092 1225 '

492 1313 545 1381 tii
575 1310 807 1364 editione
833 1309 928 1363 hos
949 1324 1135 1362 ontnes
1176 1321 1362 1362 versus
1400 1308 1578 1360 omisit
1611 1325 1624 1360 :
1672 1307 1776 1358 imo
1823 1321 1940 1359 cum
1993 1305 2056 1357 ad

490 1401 716 1468 primum
745 1415 956 1454 versum
984 1398 1333 1467 pervenisset,
1369 1397 1552 1450 ()mnia
1583 1409 1780 1464 tempus
1811 1397 1941 1466 agit,
1976 1396 2056 1448 lo-

491 1508 606 1554 cum
641 1492 852 1560 penitus
903 1506 1126 1546 vacuum
1177 1489 1409 1556 reliquit,
1457 1500 1506 1544 et
1556 1489 1619 1540 ad
1671 1497 2058 1555 pentametrnm

492 1581 829 1657 scribendum
861 1595 1171 1650 progressus
1202 1591 1302 1642 est,
1332 1578 1580 1642 Tempora
1601 1588 1718 1632 sunt
1747 1580 1876 1641 vitm,
1911 1587 2017 1631 etc.
2042 1594 2056 1640 ;

491 1687 690 1729 etcum
718 1677 951 1744 quinque
990 1673 1090 1730 alia
1129 1671 1356 1725 disticha
1400 1671 1708 1734 addidisset,
1757 1672 1912 1723 linem
1949 1671 2063 1738 epi-

493 1751 639 1843 stola:
667 1767 918 1836 imposuit
952 1781 964 1818 :
999 1765 1116 1818 sive
1153 1764 1272 1833 quia
1320 1763 1370 1816 in
1412 1779 1508 1816 suo
1547 1764 1730 1816 codice
1763 1763 1829 1814 ita
1869 1762 2060 1813 factum

1856 373 2170 440 DRACONJ'
2177 375 2302 432 lUS.

2073 495 2247 556 Aaut
2274 495 2496 556 andacra
2540 507 2808 548 inversum
2857 492 2910 548 in
2952 505 3083 550 mss.
3124 488 3284 547 cond.
3331 488 3580 542 inveniri.
3621 479 3745 539 Sed

3625 369 3734 426 604

2157 598 2304 643 certe
2327 598 2538 641 veteres
2555 595 2822 649 auctores,
2845 584 2935 654 qui
2967 583 3237 652 catalogos
3259 580 3582 647 scriptorum
3601 592 3748 630 con-

2157 680 2462 739 cinnarunt,
2490 678 2556 732 de
2586 687 2736 732 certo
2779 676 2952 729 (etatis
3001 674 3189 730 ordine
3221 671 3486 728 servando
3519 667 3749 724 solliciti

2159 786 2261 826 non
2292 769 2528 824 luerunt.

2783 856 3004 912 CAPUT
3051 855 3113 912 ll.

2162 955 2220 1008 S.
2261 951 2815 1024 EugeniusToletauus
2850 949 3199 1069 Ιὲρωᾳεηιειόιι
3253 946 3522 999 Dracontii
3569 962 3722 998 einen

2898 1028 3016 1069 artl.

2898 1028 3016 1071 artt.

2234 1114 2315 1166 lt).
2366 1114 2489 1167 Post
2532 1113 2588 1166 S.
2636 1110 2897 1165 lsidornm
2955 1108 3210 1161 memoria
3256 1107 3522 1160 Dracontii
3566 1116 3757 1159 exstat

2162 1203 2299 1270 apud
2327 1202 2385 1257 S.
2415 1200 2704 1267 Eugenium
2736 1199 3050 1253 Toletannm
3087 1197 3243 1265 hujus
3273 1198 3525 1259 nominis,
3553 1205 3609 1247 ut
3636 1197 3755 1262 ple-

2162 1295 2312 1361 rique
2337 1293 2501 1350 exteri
2526 1301 2736 1352 vocant,
2765 1291 3077 1350 secundum,
3106 1298 3163 1342 ut
3189 1289 3355 1342 nostri
3380 1287 3605 1348 malunt,
3637 1296 3756 1338 ter--

2166 1386 2324 1448 tium;
2356 1392 2409 1436 et
2430 1393 2510 1438 est
2541 1382 2631 1434 illc
2660 1380 2870 1449 quidem
2897 1381 2954 1450 8
2983 1380 3191 1444 tertius,
3222 1392 3343 1430 nam
3387 1376 3594 1430 duobus
3639 1376 3758 1428 Eu-

2164 1475 2331 1545 geniis
2361 1473 2450 1543 qui
2491 1473 2787 1526 Gothorum
2810 1481 3050 1540 tempore
3083 1469 3374 1523 Ecclesium
3418 1465 3752 1521 Toletauam

2168 1577 2444 1627 rexerunt,
2472 1567 2674 1635 primus
2704 1564 2972 1630 Eugenins
2995 1562 3362 1631 adjungendus
3383 1572 3461 1614 est
3483 1575 3512 1613 a
3535 1561 3591 1614 S.
3619 1561 3759 1613 Dio-

2169 1661 2319 1729 nysio
2345 1658 2566 1711 Parisiis
2593 1656 2838 1710 Toletum
2872 1655 3088 1719 missus,
3114 1653 3264 1721 cujus
3289 1652 3605 1721 martyrium
3643 1651 3759 1704 Ec-

2168 1755 2330 1806 clesia
2361 1751 2616 1805 Toletana
2647 1758 2701 1804 et
2730 1747 3046 1801 Parisiensis
3091 1747 3327 1799 celebrat
3352 1790 3364 1808 ,
3419 1753 3471 1798 et
3519 1745 3590 1797 de
3642 1760 3762 1813 quo

494 1837 717 1924 invenit,
742 1858 875 1921 sive,
905 1866 960 1910 ut
999 1872 1096 1923 ego
1129 1856 1294 1924 magis
1337 1857 1522 1919 credo,
1568 1857 1690 1922 quia
1737 1869 1856 1908 cum
1904 1853 2061 1908 simul
2095 1863 2146 1930 Β
2171 1845 2404 1898 lldumus
2432 1842 2618 1905 abbas,
2651 1849 2706 1892 et
2731 1847 2918 1892 aur-tor
2948 1839 3082 1890 Vita:
3117 1838 3175 1891 S.
3212 1837 3438 1891 Gerardi
3476 1837 3764 1891 memine-

496 1965 709 2012 (armen
764 1950 819 2002 S.
863 1947 1172 2001 Columbani
1226 1963 1345 1999 cum
1400 1947 1682 2001 Dracontio
1729 1955 1781 1998 et
1829 1945 2061 2016 Eugenio

499 2040 702 2105 ederet,
737 2054 920 2094 versus
941 2054 1074 2108 quos
1096 2037 1147 2091 in
1170 2036 1499 2094 Columbano
1527 2053 1644 2093 esse
1667 2038 2061 2102 animadvertit,

501 2134 550 2190 in
588 2134 867 2188 Drat‘ontio
895 2131 1377 2200 prmtermittendos
1415 2132 1644 2186 censuit.
1687 2131 1835 2197 Quod
1887 2140 2063 2184 autem

499 2227 911 2282 Columbanusa
948 2226 1230 2278 llracontio
1259 2240 1349 2278 eas
1393 2240 1578 2278 versus
1609 2211 1919 2290 sumpserit,
1962 2239 2066 2278 non

501 2333 628 2374 vero
655 2316 967 2371 Dracontius
995 2332 1020 2366 a
1053 2317 1398 2384 Columbano,
1433 2325 1624 2384 praeter
1645 2317 1901 2369 rationem
1929 2327 2063 2372 tem-

502 2409 646 2480 poris
674 2423 779 2477 quo
807 2416 1028 2475 uterque
1051 2407 1244 2471 ﬂoruit,
1291 2408 1568 2476 persuadet
1600 2410 1761 2462 etiam
1808 2410 1919 2476 ipse
1965 2408 2067 2462 Co-

503 2502 805 2565 lumbanus,
833 2500 922 2567 qui
949 2499 997 2551 in
1032 2499 1262 2552 editione
1295 2498 1534 2553 Goldasti
1576 2508 1698 2554 ante
1727 2515 1842 2554 eam
1871 2501 2070 2570 episto-

505 2591 606 2647 lam
640 2597 708 2646 ita
741 2591 994 2646 lcetorem
1028 2590 1309 2658 alloquitur
1355 2610 1365 2643 :

624 2703 743 2762 Quae
767 2701 929 2752 facere
953 2701 1153 2752 meliora
1178 2705 1362 2762 nemii,
1391 2710 1500 2750 utor
1525 2717 1609 2761 pro
1631 2705 1774 2763 meis,

625 2765 742 2813 Nam
765 2765 891 2813 dicta
920 2772 1086 2814 vetera
1111 2765 1358 2812 invertere
1385 2766 1612 2824 impietas
1636 2780 1771 2814 mera
1795 2772 1887 2816 est.

505 2869 696 2924 Confer
729 2877 905 2924 notam
945 2868 1009 2921 ad
1047 2883 1186 2922 vers.
1228 2868 1332 2921 ‘2l9
1377 2867 1595 2936 Elegim,
1643 2867 1831 2924 Omnia
1883 2878 2074 2939 tempus

506 2959 627 3029 agit,
654 2967 705 3012 et
737 2957 799 3014 ad
835 2958 926 3011 lib.
959 2974 1012 3021 ιι,
1050 2973 1183 3011 vers.
1218 2957 1313 3021 lt;
1339 2957 1430 3011 lib.
1470 2973 1546 3019 nt,
1589 2973 1730 3012 vers.
1769 2959 1894 3026 5:26,
1948 2958 2072 3023 545,

507 3049 592 3104 ubi
637 3049 726 3104 alii
762 3059 884 3102 sunt
925 3063 1109 3124 versus
1149 3063 1280 3116 quos
1323 3047 1680 3102 Columbanus
1721 3064 1788 3102 ex
1841 3051 2076 3102 carmine

509 3138 774 3211 Dracontii
797 3139 864 3193 de
897 3139 1004 3192 Deo
1035 3140 1280 3208 sumpsit.
1326 3139 1608 3193 Goldastus
1640 3148 1693 3192 et
1731 3139 1778 3209 7
1816 3137 2078 3192 Patricius

509 3229 930 3302 Flemingus,qni
961 3231 1276 3284 (Iolumbani
1297 3231 1532 3286 carmina
1564 3230 1868 3297 ediderunt,
1901 3231 2072 3284 t'aten-
2108 3224 2155 3288 C

510 3329 592 3374 tur
623 3321 816 3374 ntultos
849 3322 898 3374 in
927 3336 990 3373 eo
1025 3336 1209 3376 versus
1250 3333 1304 3375 et
1342 3322 1555 3387 quidem
1599 3322 1833 3391 integros
1879 3322 2078 3391 prisco-

511 3428 623 3467 rum
651 3421 920 3480 poetarutn
947 3415 1190 3481 reperiri.

581 3509 633 3564 9.
660 3509 1012 3563 Nihilominus
1032 3510 1415 3566 Columbanum
1443 3513 1579 3567 inter
1607 3528 1702 3568 eos
1727 3528 1831 3568 non
1857 3527 2079 3568 numero

512 3603 600 3669 qui
629 3602 967 3655 Dracontium
997 3613 1176 3667 aperte
1201 3603 1550 3668 laudaverint,
1578 3607 1649 3660 uti
1683 3621 1852 3675 neque
1873 3607 2080 3673 episco-

515 3708 636 3760 pum
685 3693 1148 3749 Constantiensem
1187 3694 1527 3749 Salomoncm
1559 3697 1634 3762 ll,
1691 3697 2077 3764 exscriptorem

515 3784 686 3853 Papia:
712 3793 766 3839 et
795 3785 998 3849 Isidori,
1029 3795 1082 3837 ut
1113 3787 1182 3839 ait
1218 3785 1440 3840 anlltUS
1472 3788 1535 3840 ad
1568 3804 1706 3841 vers.
1743 3788 1808 3841 57
1834 3789 2078 3857 epistola:

518 3876 779 3931 Dracontii
812 3893 919 3930 suae
949 3877 1196 3931 editionis
1225 3895 1239 3934 :
1269 3879 1355 3947 qui
1383 3879 1636 3933 Salomon
1673 3880 1844 3934 locum
1895 3881 2079 3934 lsidori

515 3968 598 4045 ub:
648 3979 859 4022 exstant
902 3969 1171 4024 Dracontii
1219 3985 1402 4024 versus
1451 3971 1518 4024 de
1550 3987 1701 4033 cera,
1751 3973 2082 4039 transcripsi:

510 4058 698 4120 ,vocab.
727 4074 858 4111 cera.
889 4057 1230 4114 Salomonem
1263 4062 1419 4114 istum
1454 4077 1558 4115 non
1590 4062 1714 4115 vidi.
1776 4063 1962 4131 Papias
1985 4078 2080 4114 vo-

509 4145 824 4200 rabularista
853 4150 1014 4200 verho
1045 4140 1186 4202 (Ῐίςιιιι
1231 4150 1401 4204 solum
1435 4151 1588 4204 allert
1627 4166 1690 4204 es
1737 4153 1936 4206 Isidoro
1969 4153 2082 4207 haec

508 4237 672 4292 verba
698 4254 709 4286 :
741 4234 867 4289 Cera
897 4240 1128 4291 materies
1159 4239 1255 4301 fuit
1280 4241 1560 4293 litterarum
1605 4257 1718 4308 qua:
1759 4242 2083 4307 parvulorum

508 4328 736 4383 nutrices
765 4331 989 4397 fuerunt.
1027 4329 1245 4386 ltivinus
1277 4331 1328 4384 in
1358 4331 1560 4386 Isidoro
1599 4333 1920 4400 conjiciobat
1956 4349 2084 4387 cera:

513 4421 805 4473 litterarum
837 4421 1087 4472 matrices.
1142 4419 1281 4473 Nihil
1331 4426 1668 4480 inritavetim.
1725 4422 1876 4480 Alios
1919 4425 2081 4480 etiam

515 4527 654 4566 nunc
685 4520 944 4580 praitereo
971 4515 1058 4580 qui
1087 4513 1332 4568 eumdem
1364 4514 1707 4569 Dracontium
1743 4519 1934 4571 imitati
1958 4527 2084 4572 sunt

2171 1944 2313 2000 runt,
2347 1933 2614 2004 quamvis,
2647 1932 2837 1987 Gothis
2861 1933 2913 1984 in
2940 1932 3189 1998 Hispania
3228 1930 3597 1999 regnantibus,
3634 1931 3764 1996 ejus

2167 2025 2427 2080 memoria
2479 2034 2531 2078 et
2575 2024 2857 2078 celebritas
2913 2022 3217 2076 intermissa
3265 2020 3428 2074 fuisse
3480 2020 3760 2074 videatur.

2174 2119 2443 2188 Eugenius
2485 2117 2642 2184 igitur
2677 2117 2860 2169 tertius
2903 2115 3191 2169 Toletanus
3237 2114 3427 2181 prmsul
3481 2113 3765 2166 Dracontii

2172 2208 2565 2271 Hexaemeron,
2588 2208 2811 2260 fortasse
2831 2207 3002 2272 ipsum
3037 2204 3177 2272 quod
3201 2203 3439 2257 Isidorus
3466 2202 3762 2266 habuerat,

2172 2303 2254 2355 vel
2307 2315 2371 2354 ex
2422 2314 2486 2354 eo
2511 2284 2787 2364 exemplar
2817 2296 3141 2364 descriptum
3190 2295 3482 2348 emendare
3527 2304 3766 2346 conatus

2173 2401 2269 2446 est.
2302 2380 2538 2456 Quanam
2567 2404 2694 2444 vero
2724 2389 2927 2442 ratione
2963 2396 3234 2454 permotus
3261 2387 3312 2440 id
3343 2386 3532 2456 egerit,
3563 2386 3766 2439 melius

2174 2501 2238 2538 ex
2275 2483 2388 2553 ejus
2416 2483 2665 2552 epiStola,
2700 2498 2856 2551 quam
2889 2481 3131 2550 subjicio,
3165 2481 3388 2550 intelligi
3429 2481 3646 2547 poterit.

2318 2611 2526 2650 E'GENII
2556 2599 2803 2648 ΕΡΙέΤΟῐιΔ
2831 2611 2895 2650 ΑΒ
2924 2609 3380 2648 ειιικυιιδυικτιιωι
3409 2609 3610 2647 REGI-II.

2247 2708 2467 2777 Inclyta,
2495 2707 2714 2778 glorioso
2739 2705 2909 2760 rerum
2931 2706 3138 2759 domino
3160 2703 3589 2767 Cniudasuintho,
3613 2705 3763 2773 prin-

2179 2801 2278 2865 cipi
2307 2816 2522 2862 summo,
2563 2809 2610 2852 et
2649 2801 2873 2852 maximo
2922 2814 3122 2870 regum,
3172 2797 3433 2870 Eugenius
3477 2808 3766 2851 vestrorum

2181 2892 2411 2958 ﬁdelium
2439 2892 2686 2945 servulus.

2254 2979 2546 3037 Clementia!
2573 2992 2749 3037 vestrae
2776 2983 2962 3051 jussis,
2998 2983 3316 3058 sergnissime
3346 2983 3603 3053 princeps,
3649 2989 3767 3050 plus

2181 3076 2391 3132 nolendo
2420 3077 2700 3129 deserviens
2730 3093 2885 3145 quam
2923 3076 3155 3142 valendo,
3194 3075 3465 3129 Dracontii
3494 3059 3766 3145 cujusdam

2185 3168 2380 3222 libellos
2411 3167 2584 3220 multis
2607 3168 2780 3220 videns
2817 3167 3074 3222 erroribus
3103 3167 3378 3228 involutos,
3411 3165 3614 3220 Christo
3652 3167 3765 3219 Do-

2187 3259 2324 3310 mino
2345 3256 2592 3309 tribuente
2627 3257 2851 3310 ναίω-ειη
2893 3272 2985 3326 pro
3021 3256 3264 3310 tenuitate
3301 3258 3396 3309 mei
3434 3259 3621 3311 seusuli
3656 3261 3764 3312 sub-

2187 3347 2403 3400 correxi.
2439 3345 2553 3398 Hoc
2579 3347 2806 3399 videlicet
2842 3346 3184 3398 moderamine
3217 3346 3494 3414 custodito,
3541 3365 3642 3416 quo
3681 3365 3757 3401 sto

2188 3440 2385 3507 perﬂuo
2413 3437 2682 3499 demerent,
2716 3438 2994 3503 semiplena
3019 3438 3329 3505 suppurent,
3361 3441 3527 3506 fracta
3557 3449 3764 3491 consta-

2187 3530 2400 3593 bilirem,
2420 3536 2466 3580 et
2495 3534 2668 3581 crebro
2693 3529 2902 3596 repetita
2929 3537 3195 3582 mutarem.
3217 3526 3624 3593 Versiculisane,
3641 3544 3762 3594 quos

2189 3620 2305 3673 huic
2341 3619 2480 3689 aperi
2531 3616 2870 3671 detralteudos
2897 3634 3003 3669 esse
3033 3617 3226 3682 putavi,
3255 3627 3299 3670 et
3327 3634 3477 3669 sensu
3506 3619 3685 3684 tepidi,
3721 3628 3766 3670 et

2190 3714 2346 3766 ret‘bis
2376 3712 2596 3779 illepidi,
2621 3722 2665 3762 et
2695 3709 2838 3767 nulla
2863 3711 3134 3777 probantur
3174 3713 3370 3763 ratione
3400 3712 3604 3764 subnixi
3632 3727 3655 3764 :
3683 3729 3766 3764 nec

2185 3806 2240 3858 in
2265 3806 2334 3857 eis
2361 3803 2555 3870 aliquid
2578 3805 2822 3872 reperitur
2871 3819 2966 3870 quo
3010 3805 3210 3855 lectoris
3251 3805 3452 3855 animus
3492 3806 3769 3867 animetur,

2187 3906 2276 3949 aut
2301 3894 2581 3948 mulceatur
2603 3896 2804 3957 doctus,
2847 3906 2932 3946 aut
2977 3897 3217 3961 doceatur
3251 3896 3506 3948 indoctus.
3550 3893 3611 3946 Et
3645 3913 3770 3962 quo-

2191 3987 2240 4041 ui
2261 4004 2325 4038 tm
2354 3987 2416 4040 de
2443 3988 2524 4039 die
2555 3987 2768 4054 septimo
2804 3987 3046 4053 prmfatus
3074 3995 3251 4037 auctor
3297 3988 3504 4038 omnino
3546 3989 3772 4050 reticuit,

2188 4092 2381 4128 sentum
2409 4076 2532 4127 milii
2561 4074 2858 4140 opusculum
2887 4076 3163 4138 videbatur,
3197 4077 3240 4127 si
3283 4093 3380 4127 non
3427 4078 3545 4127 infe
3575 4076 3770 4143 aliquid

2187 4169 2239 4219 in
2261 4166 2356 4220 hoc
2386 4166 2616 4219 codiculo
2648 4165 2930 4217 haberetur.
2959 4165 3162 4217 Idcirco
3185 4167 3234 4216 in
3259 4165 3360 4230 line
3383 4164 3567 4227 libelli,
3591 4182 3771 4234 quum-

2188 4258 2259 4309 ttis
2289 4259 2508 4322 pedestri
2537 4271 2788 4318 sermone,
2820 4245 2908 4309 sea:
2935 4257 3131 4308 dierum
3164 4255 3637 4322 recapitulationem
3665 4258 3770 4306 sin-

2189 4350 2321 4417 gulis
2364 4351 2624 4402 versiculis
2671 4365 2796 4416 quos
2845 4349 2966 4400 olim
3021 4350 3247 4410 condidi,
3282 4347 3556 4407 denotavi;
3596 4351 3656 4399 de
3691 4351 3771 4401 die

2187 4456 2302 4494 vero
2327 4441 2543 4506 septimo
2565 4457 2678 4509 qua:
2706 4441 2812 4492 visa
2857 4450 2973 4491 sunt
3015 4441 3231 4493 dicenda
3276 4442 3559 4505 sulincxui;
3600 4442 3772 4492 decre-

2191 4541 2394 4602 tumque
2421 4533 2584 4584 divale
2611 4549 2669 4583 ac
2707 4533 2751 4583 si
2795 4548 2895 4583 non
2921 4542 2982 4592 χιιι
3013 4533 3166 4594 volui,
3200 4534 3332 4584 velut
3353 4533 3509 4594 volui,
3537 4548 3773 4584 consum-

512 4603 811 4672 οιίίιυεηιάο,
839 4617 972 4672 ‘1"05
1001 4606 1110 4659 suis
1140 4607 1270 4662 IOCiS
1299 4606 1562 4662 indicabo-
1597 4608 1725 4662 “'"d
1753 4625 1877 4662 “om
1899 4610 2083 4663 θάφθ’
2109 4597 2162 4658 Β
2191 4626 2342 4688 mari,
2373 4625 2652 4692 implorans
2684 4626 2829 4676 t'estri
2859 4625 2976 4677 solii
3021 4622 3474 4693 prwlargissimam
3512 4626 3772 4689 pietatem,

513 4694 670 4758 nebo,
701 4696 870 4763 ipsum
917 4696 970 4751 S.
1017 4696 1273 4752 lsidorutn
1316 4699 1483 4754 videri
1524 4701 1796 4769 ignorasse
1839 4702 1904 4755 dc
1944 4703 2076 4756 Dra-

512 4787 712 4852 Ctmlio,
742 4803 806 4840 an
833 4789 1106 4857 diaconus,
1139 4805 1206 4842 an
1249 4792 1548 4861 presbyter,
1590 4807 1656 4844 an
1687 4796 1990 4861 episcenos,
2011 4811 2077 4846 an

506 4880 890 4933 .vir'szecularis
906 4881 1064 4934 fuerit
1082 4899 1094 4933 :
1111 4882 1244 4935 nihil
1261 4883 1400 4936 enim
1417 4883 1603 4936 horutn
1621 4889 1903 4951 expressit,
1923 4895 1979 4937 ut
1993 4902 2078 4939 so-

508 4971 584 5022 let
616 4971 668 5023 in
695 4970 831 5022 aliis.
876 4973 1061 5026 'l'acuit
1099 4976 1262 5027 etiam
1302 4975 1533 5028 hominis
1578 4979 1800 5043 patriam
1829 5018 1842 5041 ,
1902 4979 2077 5031 locum

509 5058 597 5112 ubi
623 5059 926 5126 scripserit,
982 5070 1189 5128 tempus
1243 5063 1294 5115 in
1343 5078 1446 5131 quo
1489 5066 1726 5118 vixerit:
1763 5083 1881 5119 nam
1935 5070 2078 5137 quod

511 5152 748 5205 nonnulli
811 5153 1152 5208 Dracontium
1191 5157 1258 5208 ad
1308 5158 1562 5210 saeculum
1613 5175 1661 5212 vt
1695 5160 1962 5227 rejiciunt,
2022 5173 2078 5215 ut

510 5243 680 5295 dicam
705 5258 848 5297 num.
885 5243 974 5307 '50,
1013 5246 1138 5310 quia
1179 5246 1246 5298 ab
1272 5247 1476 5301 Isidoro
1500 5250 1638 5303 inter
1668 5253 1874 5305 Avitum
1905 5264 1959 5306 ct
1993 5254 2076 5306 Vi-

510 5342 709 5384 ctorem
737 5332 1078 5388 Tunnensem
1105 5336 1396 5390 collocatus
1425 5348 1529 5403 est,
1562 5355 1643 5393 nte
1672 5341 1747 5394 illi
1795 5345 2078 5396 vehemen-

510 5429 590 5476 ter
613 5433 824 5488 errant;
858 5441 1030 5495 neque
1061 5427 1204 5481 enim
1235 5429 1468 5484 Isidorus
1511 5433 1756 5488 ordinem
1799 5436 2078 5489 chronolo-

506 5515 924 5580 girnmservare
955 5519 1141 5586 potuit,
1169 5520 1256 5573 tibi
1279 5522 1601 5590 scriptorum
1627 5534 1812 5580 zelotes
1834 5526 2073 5591 nescivit,

470 5656 472 5658 ,
511 5621 683 5672 neque
726 5607 899 5675 reipsa
931 5610 1117 5673 voluit,
1158 5611 1627 5682 ubiquomtisque
1653 5625 1894 5684 tempore
1925 5617 2072 5669 vise-

509 5699 576 5747 rit
599 5712 701 5748 non
729 5698 1024 5765 ignorabat,
1058 5704 1157 5755 nisi
1184 5705 1424 5760 dicamus
1450 5707 1610 5760 etiam
1643 5709 1882 5762 ordinem
1932 5709 2076 5776 capi.-

509 5794 621 5840 tum
645 5785 764 5839 libri
790 5787 856 5841 de
901 5790 1006 5843 Vir.
1065 5793 1312 5848 illustrib.
1366 5798 1701 5852 librariorum
1756 5800 2071 5868 negligentia

2188 4728 2244 4775 ut
2271 4718 2364 4771 uile
2389 4717 2572 4770 servuli
2615 4717 2779 4784 ﬁdelis
2827 4717 3049 4770 oblatum
3115 4724 3278 4768 vestra
3319 4716 3416 4768 sibi
3457 4717 3620 4786 gloria
3670 4718 3774 4784 elﬁ-

2188 4825 2298 4862 cerc
2340 4796 2575 4879 dignetur
2622 4817 2901 4876 acceptum,
2953 4809 3138 4876 ﬁatque
3173 4808 3228 4877 9
3269 4809 3393 4860 mihi
3445 4809 3622 4860 misero
3695 4827 3776 4860 rc-

2187 4901 2361 4968 pensio
2379 4904 2638 4968 fructuosa
2665 4897 2852 4952 laboris
2881 4897 3082 4965 placida
3107 4905 3362 4968 respectus
3393 4898 3542 4952 vestri
3572 4900 3773 4951 contri-

2191 4991 2328 5043 butio
2355 4991 2532 5058 gratia:
2557 4991 2634 5043 vel
2657 4990 2866 5059 fauoris.
2949 5062 2952 5065 _

2259 5082 2346 5135 Η.
2381 5081 2511 5134 Huic
2539 5081 2782 5148 epistola:
2810 5081 2879 5134 ita
2922 5098 2949 5133 a
2992 5082 3279 5136 Sirmondo
3332 5083 3382 5136 in
3438 5083 3607 5152 prima
3648 5081 3764 5134 edi-

2188 5166 2332 5225 tione
2361 5169 2647 5224 Parisieusi
2697 5173 3044 5241 promulgatzn
3092 5174 3247 5241 plane
3279 5185 3538 5228 consonat
3583 5187 3768 5227 exem-

2190 5263 2304 5331 plar
2330 5260 2533 5315 codicis
2559 5261 2834 5326 Toletani,
2865 5262 2964 5315 nisi
2996 5264 3134 5330 quod
3166 5263 3217 5317 in
3250 5265 3350 5318 hoc
3383 5280 3489 5318 non
3521 5263 3770 5331 exprimi.

2186 5363 2274 5422 tur
2305 5367 2498 5406 nomen
2543 5354 2681 5422 regis
2707 5352 2859 5421 cujus
2887 5354 3039 5421 jussu
3073 5354 3338 5423 Eugenins
3378 5354 3766 5408 correctionem

2189 5444 2455 5498 Dracontii
2502 5443 2600 5497 luit
2648 5459 2950 5512 aggressus.
3002 5445 3201 5512 Duplex
3254 5444 3393 5511 alia,
3423 5460 3593 5512 eaque
3638 5444 3768 5496 levis

2185 5536 2544 5603 discrepantia
2573 5544 2816 5598 notatur;
2852 5551 2972 5587 nam
2999 5535 3050 5587 in
3079 5535 3262 5588 codice
3292 5535 3550 5588 Toletano
3579 5536 3767 5604 legitur

2187 5627 2358 5678 multis
2391 5628 2629 5677 hactenus
2656 5626 2847 5686 ridens,
2879 5636 2929 5679 ct
2964 5627 3119 5692 paulo
3146 5634 3265 5694 post
3294 5636 3353 5692 et,
3371 5626 3596 5679 crebrius
3624 5642 3766 5689 rere-

2185 5720 2295 5770 tita.
2340 5719 2395 5771 lo
2427 5717 2661 5772 editione
2709 5713 3047 5784 Lugdunensi
3082 5718 3333 5771 Bihlioth.
3373 5717 3588 5770 Patrum
3637 5716 3770 5770 167⁸1

2181 5823 2452 5869 postrema
2495 5809 2654 5865 verba
2700 5809 2768 5864 ita
2802 5810 3048 5873 leguntur
3090 5807 3510 5863 contribtt....rel
3549 5809 3768 5870 furoris.
