3964 6296
546 371 642 425 107

1900 363 2167 420 GELASN
2207 364 2407 421 ΡΑΡᾹ]
2449 368 2467 422 l

3724 374 3833 434 103

540 481 702 537 mitti.
726 475 974 546 Alioquin
998 474 1162 546 (quod
1184 475 1344 543 absit)
1371 474 1559 528 frustra
1586 474 1853 559 videretur
1888 476 2123 533 Ecclesia
2149 482 2204 541 Α
2230 482 2461 547 videant,
2492 491 2539 536 et
2574 483 2834 557 audientes
2876 500 2974 538 non
3012 485 3253 553 audiant,
3291 502 3354 542 ne
3385 489 3588 557 quando
3630 490 3830 545 intelli-

541 569 845 641 bujusmodi
876 584 968 623 sua
990 566 1436 647 reconciliatione
1468 566 1756 636 suscipere.
1781 567 1914 634 Quia
1948 580 2122 625 autem

487 656 503 675 “
539 663 788 720 frustrari
818 676 921 716 non
956 670 1148 730 potest,
1177 660 1276 713 hoc
1322 658 1595 713 intellectu
1641 661 1814 714 modis
1853 662 2121 729 omnibus,

540 762 685 817 salva
714 759 924 813 Domini
951 754 1239 817 sententia,
1273 754 1680 823 praedicandum
1714 764 1817 822 cst,
1867 764 2123 825 quantum

539 858 606 908 ad
633 867 729 908 nos
761 851 1010 921 pertinet,
1039 847 1257 903 omnino
1282 848 1296 876 ¹
1331 861 1502 915 posse.
1551 847 1697 902 Talis
1743 847 1905 918 igitur
1950 848 2125 904 dictus

540 957 622 1002 est
648 946 896 1010 Aeacius,
933 943 1103 1013 qualis
1126 942 1320 1011 ligatus
1351 950 1435 994 est
1468 956 1737 1010 nunquam
1766 956 1885 996 esse
1912 942 2124 997 solven-

539 1042 657 1096 dus.
691 1038 836 1094 Talis
862 1051 1026 1107 usque
1056 1035 1108 1090 in
1132 1036 1289 1089 tinem
1323 1048 1446 1089 esse
1474 1035 1797 1104 permansit,
1856 1036 1977 1090 talis
2002 1050 2123 1091 esse

537 1150 645 1191 non
670 1132 892 1188 destitit.
932 1129 1003 1183 Ita
1052 1127 1173 1182 talis
1216 1134 1300 1181 est
1353 1125 1513 1181 hodie
1559 1126 1735 1195 qualis
1770 1136 1855 1180 est
1883 1127 2158 1182 ’dictus.'

536 1228 653 1284 Non
682 1229 799 1282 talis
828 1238 948 1281 esse
973 1223 1095 1293 jam~
1120 1236 1223 1275 non
1255 1227 1452 1290 potest,
1505 1235 1775 1289 nunquam
1806 1221 1965 1290 igitur
2000 1220 2120 1274 talis

534 1319 902 1394 permanendo
951 1314 1237 1373 solvendus
1274 1322 1396 1368 est:
1439 1314 1528 1383 qui
1571 1314 1615 1367 si
1674 1314 1792 1368 talis
1825 1329 1945 1369 esse
1974 1314 2119 1368 desi-

535 1424 725 1481 steret,
759 1426 859 1468 nec
888 1411 940 1466 in
972 1423 1077 1465 non
1111 1407 1200 1463 tali
1228 1406 1628 1477 permansisset,
1661 1416 1715 1461 et
1741 1422 2010 1477 nunquam
2034 1423 2122 1463 es-

535 1526 595 1566 sc
622 1505 957 1571 solvendum,
991 1504 1111 1574 quia
1154 1516 1258 1557 non
1291 1500 1411 1555 talis
1449 1500 1621 1571 qualis
1652 1500 1825 1556 dictus
1857 1511 1940 1556 est
1979 1517 2119 1556 nun-

436 1594 451 1599 ’
536 1615 697 1671 quam
741 1612 861 1653 esse
908 1594 1215 1661 solvendus,
1273 1600 1458 1663 posset
1513 1592 1739 1658 absolvi,
1790 1600 1844 1647 et
1883 1607 1989 1647 non
2026 1592 2119 1647 tali

533 1708 806 1764 nunquam
839 1691 973 1759 solvi
1002 1688 1310 1752 recederet;
1346 1698 1398 1742 et
1421 1685 1541 1741 ideo
1567 1695 1625 1741 ut
1651 1686 1784 1740 solvi
1822 1696 1999 1755 posset
2030 1701 2120 1741 ac-

534 1789 769 1845 cederet.
793 1784 948 1854 Quod
976 1782 1132 1838 sedes
1181 1780 1475 1851 apostolica
1503 1793 1609 1834 non
1661 1780 1965 1845 consensit,
2022 1795 2120 1837 nec

2229 580 2391 641 gout;
2441 583 2485 626 et
2518 574 2713 629 obdura
2738 592 2822 628 cor
2852 578 3028 646 populi
3053 576 3231 649 hujus,
3264 596 3326 632 ne
3351 597 3571 651 unquam
3611 598 3829 637 conver-

2231 672 2423 733 tantur,
2457 677 2501 719 ct
2530 684 2703 720 sanein
2729 668 2855 721 illos'
2896 668 3048 738 (Isai.
3080 670 3175 739 vi).
3230 670 3328 726 llic
3357 675 3515 727 etiam
3557 677 3829 732 correctio

2229 765 2282 810 et
2322 758 2627 813 emendatio
2674 760 2953 830 interdicta
2994 772 3345 833 monstrator,
3377 775 3433 822 et
3474 767 3830 837 resipisccndi

2227 861 2436 917 quoque
2463 863 2587 919 spes
2618 865 2836 919 prorsus
2876 852 3224 910 abscinditur.
3278 856 3353 912 De
3383 872 3487 927 quo
3520 868 3698 915 tamen
3728 875 3830 930 po-

2227 938 2352 1007 pulo
2398 941 2669 1009 apostolos
2701 943 2720 973 θ
2750 951 2803 998 et
2850 942 3144 1001 Ecclesiam
3194 948 3516 1017 primitivam
3571 952 3828 1007 novimus

2228 1034 2581 1101 processisse,
2612 1037 2631 1067 ⁷
2657 1046 2709 1090 et
2736 1038 2901 1091 millia
2935 1038 3208 1094 hominum
3248 1044 3350 1096 tina
3382 1043 3466 1097 die
3498 1044 3829 1113 baptismate

2225 1124 2387 1179 fuisse
2433 1126 2632 1180 salvata
2681 1127 2827 1198 (Act.
2872 1129 2972 1199 ιι).
3020 1130 3158 1187 Ecce
3205 1140 3259 1187 et
3309 1132 3361 1186 in
3412 1124 3826 1203 persistentibus

2224 1216 2393 1283 qualis
2414 1227 2497 1271 est
2520 1216 2607 1271 illa
2631 1220 2891 1274 sententia
2926 1223 3257 1291 promulgata
3293 1225 3603 1313 permapsit,
3630 1242 3731 1280 nec
3758 1222 3825 1279 ad

2225 1311 2612 1365 correctionem
2645 1326 2862 1380 prorsus
2890 1313 3072 1369 venire
3119 1314 3363 1371 sanitatis
3401 1311 3617 1371 admissi
3669 1326 3824 1383 sunt,

2222 1397 2317 1453 sed
2354 1399 2645 1469 adjudicati
2671 1413 2793 1458 sunt
2826 1404 2877 1458 in
2907 1392 3002 1459 s'ua
3031 1406 3267 1475 nequitia
3296 1406 3571 1478 deperire,
3596 1418 3674 1482 et,
3708 1425 3826 1464 ma-

2224 1500 2385 1547 nente
2422 1493 2600 1549 divina
2642 1497 2903 1551 sententia
2930 1539 2944 1564 ,
2992 1514 3097 1553 non
3142 1515 3237 1569 per
3279 1498 3513 1570 ipsorum
3544 1503 3821 1573 propriam

2223 1584 2650 1642 emendationem
2674 1629 2689 1656 ,
2731 1603 2935 1660 suoque
2970 1591 3240 1647 intellectu
3280 1594 3364 1649 vel
3397 1604 3573 1662 motu,
3610 1610 3822 1667 suaque

2222 1668 2418 1736 virtute
2447 1682 2530 1736 vel
2566 1672 2913 1750 possibilitate
2937 1688 3181 1741 conversi
3213 1696 3358 1755 sunt,
3388 1700 3447 1743 ut
3472 1704 3817 1760 sanarentur,

2222 1775 2316 1830 sed
2355 1791 2451 1847 per
2475 1777 2699 1847 gratiam
2752 1778 2846 1833 Dei
2886 1781 3056 1835 sanati
3087 1790 3231 1851 sunt,
3265 1792 3322 1836 ut
3348 1796 3816 1842 converterentur.

531 1884 828 1953 imperator
854 1875 1123 1948 imposuit,
1148 1890 1245 1930 nec
1274 1874 1554 1930 Anatolius
1578 1873 1872 1955 usurpavit.
1901 1873 2120 1929 Totum-
2147 1861 2196 1923 Β
2224 1866 2309 1921 Ne
2334 1877 2712 1937 convertantur,
2747 1870 2933 1941 inquit,
2965 1883 3013 1926 et
3036 1889 3211 1927 canem
3240 1865 3354 1940 ἑοῦ,
3381 1891 3450 1931 ne
3480 1891 3573 1932 sua
3602 1878 3817 1948 δβοηῖε,

531 1989 637 2046 que
685 1974 769 2045 (ut
792 1971 992 2027 dictum
1015 1967 1121 2038 est)
1159 1967 1215 2021 in
1239 1966 1383 2021 sedis
1411 1966 1721 2036 apostolicae
1762 1966 1993 2035 positum
2036 1977 2119 2022 est

527 2063 923 2137 potestate.-lta
955 2061 1097 2132 quod
1130 2059 1363 2113 ﬁrmavit
1386 2059 1437 2113 in
1468 2057 1676 2128 synodo
1715 2057 1874 2113 sedes
1904 2068 2115 2127 aposto-

527 2158 655 2225 lica,
688 2157 791 2213 hoc
821 2155 988 2211 robur
1008 2152 1270 2217 obtinuit;
1300 2149 1441 2221 quod
1474 2148 1745 2217 refutavit,
1781 2152 1977 2205 habere
2007 2165 2114 2205 non

526 2252 702 2324 potuit
724 2250 1029 2305 ﬁrmitatem
1056 2266 1070 2302 :
1099 2255 1153 2301 et
1186 2245 1300 2301 sola
1329 2242 1590 2299 rescindit
1620 2243 1761 2312 quod
1797 2253 1991 2313 prtcter
2027 2259 2117 2297 or-

526 2345 708 2401 dinem
731 2340 1074 2412 congregatio
1102 2337 1362 2409 synodica
1393 2344 1678 2406 potaverat
1706 2336 2068 2406 usurpandum
2096 2353 2112 2391 :

524 2454 636 2496 non
668 2433 1056 2508 promulgatrix
1090 2433 1297 2487 iterata:
1347 2429 1654 2494 sententias,
1706 2429 1799 2483 sed
1832 2444 1951 2483 cum
1984 2446 2113 2499 apo-

521 2532 714 2589 stolica
745 2529 873 2585 sede
899 2526 1098 2582 veteris
1128 2522 1457 2580 exsecutrix.
1491 2522 1605 2576 Hoc
1648 2530 1843 2586 tamen,
1875 2523 2014 2592 quod
2049 2522 2114 2577 de

523 2638 634 2681 uno
658 2622 959 2691 eodemque
989 2619 1207 2674 homine
1251 2616 1452 2671 dictum
1502 2623 1605 2680 est,
1657 2614 1769 2669 sive
1801 2615 1893 2668 tali
1944 2615 2114 2684 persi-

519 2728 701 2779 Stente
744 2716 917 2789 qualis
950 2713 1272 2772 sententiam
1315 2718 1683 2780 competenter
1731 2710 1959 2779 accepit,
1998 2710 2112 2764 sive

518 2830 632 2870 non
657 2813 749 2869 tali
778 2809 991 2877 effecto,
1015 2807 1035 2838 ⁸
1057 2815 1111 2864 et
1138 2806 1225 2862 illa
1252 2805 1543 2871 sententia,
1573 2818 1692 2872 quae
1720 2819 1825 2857 non
1863 2803 1952 2857 tali
2002 2819 2110 2859 non

520 2910 658 2967 dicta
693 2916 775 2965 est
806 2904 1083 2967 absoluto,
1114 2910 1171 2957 et
1201 2900 1255 2954 in
1289 2912 1605 2968 unaquaque
1644 2896 1860 2953 civitate
1894 2897 2108 2967 legitur,

517 3000 768 3059 similiter
812 3010 934 3054 esse
972 2994 1272 3066 przeﬁxum,
1309 3001 1362 3046 et
1400 2989 1597 3061 populo
1638 3004 1700 3044 ac
1748 2996 1909 3059 gente
1953 2988 2109 3042 simul

517 3096 891 3168 depromptum
917 3090 1115 3161 potius,
1152 3101 1271 3156 qua:
1298 3086 1351 3139 in
1386 3093 1499 3138 toto
1525 3084 1656 3137 orbe
1681 3084 1860 3151 portio
1892 3090 1995 3137 est.

582 3187 735 3242 idem
763 3183 905 3240 enim
930 3180 1160 3235 mundus
1179 3189 1281 3241 est,
1305 3174 1396 3245 qui
1419 3185 1471 3229 et
1500 3174 1772 3243 periturus
1801 3182 1883 3228 est
1907 3173 2103 3240 dictus,

2224 1977 2290 2037 ne
2311 1962 2425 2017 suis
2447 1962 2715 2032 operibus,
2751 1964 2941 2035 quibus
2968 1968 3150 2036 utique
3179 1968 3540 2036 confidebant,
3564 1986 3630 2025 ne
3663 1986 3815 2025 suam

2216 2054 2476 2125 justitiam
2526 2066 2832 2122 sectantes,
2871 2058 3093 2126 justitia:
3132 2046 3230 2115 'Dei
3279 2076 3385 2117 non
3434 2054 3666 2117 debeant
3699 2078 3818 2119 esse

2219 2148 2465 2219 subjecti,
2496 2152 2562 2206 de
2602 2151 2713 2205 suis
2753 2146 2953 2208 viribus
2994 2139 3345 2223 conﬁdentes,
3389 2171 3492 2211 non
3521 2157 3714 2211 divina:
3760 2172 3818 2213 se

2219 2242 2603 2299 misericordiae
2632 2245 3115 2318 illuminationique
3139 2248 3449 2305 subdentes.
3484 2251 3548 2305 Et
3579 2251 3699 2307 ideo
3729 2252 3816 2306 in-

2218 2335 2430 2391 hibetur
2468 2338 2544 2392 cis
2573 2340 2818 2408 superbae
2849 2342 3279 2411 praesumptionis
3308 2340 3528 2398 effectus
3550 2384 3565 2411 ,
3598 2361 3662 2397 ne
3696 2361 3817 2399 ροη-

2217 2440 2474 2484 vertantur
2504 2433 2613 2487 suis
2657 2432 3039 2489 intentionibus
3062 2476 3077 2499 ,
3119 2436 3231 2491 suis
3268 2436 3473 2491 nisibus
3501 2479 3514 2505 ,
3558 2449 3614 2492 ut
3654 2448 3815 2507 puta-

2218 2532 2365 2589 rant;
2400 2533 2445 2577 et
2469 2540 2641 2578 sanem
2664 2540 2772 2590 eos,
2799 2540 2864 2580 ne
2894 2541 3079 2581 eorum
3102 2524 3255 2596 quasi
3277 2528 3479 2584 meritis
3508 2545 3573 2583 ex
3597 2531 3815 2599 pr0pria

2216 2616 2466 2672 facultate
2498 2610 2836 2674 venientibus
2874 2621 3125 2675 salvatrix
3158 2622 3326 2690 gratia
3357 2621 3610 2690 daretur,
3650 2634 3815 2693 atque

2215 2710 2284 2763 ita
2316 2710 2481 2779 gratia
2512 2712 2620 2779 jam
2656 2725 2761 2766 non
2794 2722 2936 2768 esset
2964 2715 3131 2783 gratia
3164 2755 3177 2779 ,
3225 2715 3271 2768 si
3322 2730 3424 2770 non
3476 2716 3639 2787 gratis
3688 2716 3816 2774 data

2214 2816 2356 2860 esset
2385 2807 2666 2863 immeritis
2690 2850 2704 2875 ,
2750 2798 2843 2864 sed
2874 2825 3082 2866 merces
3112 2822 3359 2882 tanquam
3393 2814 3595 2868 meritis
3646 2816 3811 2869 restio

2216 2909 2345 2954 tuta.
2394 2890 2508 2954 Non
2551 2916 2680 2970 ergo
2711 2902 2810 2970 ipsi
2839 2911 3224 2973 convertantur,
3268 2911 3313 2956 et
3344 2922 3518 2959 sanem
3557 2922 3639 2960 eos
3666 2922 3683 2960 :
3714 2890 3815 2963 se’d

2211 2995 2381 3048 sanati
2414 3010 2510 3064 per
2538 2996 2761 3065 gratiam
2783 3037 2798 3063 ,
2842 2997 3070 3067 qualiter
3106 2998 3171 3052 ad
3218 2997 3566 3054 humilitatem
3609 3000 3814 3058 Christi

2211 3097 2591 3145 convertantur
2632 3089 2946 3160 agnoscant.
2981 3091 3054 3146 Ita
3089 3092 3139 3146 in
3173 3093 3433 3162 utrisque,
3471 3094 3571 3148 hoc
3618 3104 3719 3162 est,
3759 3106 3815 3151 et

2212 3180 2263 3234 in
2296 3195 2362 3236 eo
2395 3182 2829 3249 permanentibus
2857 3183 2908 3238 in
2939 3199 3042 3254 quo
3076 3185 3231 3239 talem
3264 3188 3578 3241 sententiam
3614 3202 3814 3256 perce-

521 3288 578 3336 ει
608 3290 793 3333 sermo
824 3273 918 3329 Dei
951 3286 1059 3326 non
1089 3275 1268 3341 potest
1294 3266 1567 3334 excidere,
1596 3274 1651 3321 et
1677 3266 1728 3320 in
1760 3266 1875 3335 ipso
1905 3265 2107 3320 mundo
2134 3242 2183 3309 ε
2220 3283 2437 3342 perunt,
2472 3284 2525 3329 et
2556 3274 2607 3329 in
2640 3275 2854 3329 salvatis
2885 3276 3085 3332 exinde
3115 3279 3376 3333 sententia
3407 3278 3670 3334 dominica
3704 3281 3814 3338 ﬁxa

517 3368 871 3427 nihilominus
915 3379 945 3418 a
992 3362 1174 3433 pravis
1216 3359 1606 3415 intentionibus
1654 3357 1939 3412 recedente
1996 3372 2103 3411 non

515 3464 801 3535 promitur.
826 3456 915 3513 Sic
939 3454 1114 3527 Tyrus
1135 3462 1189 3510 et
1210 3450 1233 3481 ⁵
1252 3451 1495 3522 Berytos,
1525 3458 1580 3506 et
1604 3450 1743 3505 Gaza
1760 3448 1893 3521 (Jer.
1914 3448 2101 3521 XLVII),

515 3563 573 3611 et
625 3551 890 3623 Egyptus
934 3545 1079 3617 (Jer.
1114 3541 1274 3615 XLIV)
1324 3543 1680 3613 pronuntiata:
1732 3551 1855 3597 sunt
1903 3542 2104 3611 peritu-

512 3662 609 3713 rae,
629 3657 761 3715 quas
785 3648 972 3712 postea
1002 3653 1096 3709 per
1111 3634 1457 3705 Evangelium
1479 3633 1884 3705 novimus(Luc.
1908 3633 1960 3704 x)
1985 3647 2105 3689 esse

513 3738 769 3797 salvatas.
799 3733 1083 3790 Perierunt
1112 3732 1291 3799 itaque
1326 3728 1524 3797 duplici
1552 3726 1745 3781 modo:
1776 3736 1867 3780 aut
1896 3741 2103 3797 perma—

512 3842 709 3893 nentes
738 3833 792 3888 in
816 3845 882 3888 eo
913 3846 1020 3901 quo
1042 3829 1203 3885 talem
1236 3826 1562 3885 sententiam
1591 3835 1977 3895 susceperunt;
2013 3834 2106 3880 aut

519 3929 833 3986 deficientes
863 3926 929 3980 ab
967 3940 1033 3981 eo
1076 3940 1181 3993 quo
1212 3924 1347 3977 tales
1398 3920 1645 3986 fuerant,
1689 3931 1741 3975 ct
1786 3919 2103 3989 incipientes

513 4034 635 4076 esse
670 4032 777 4085 quo
822 4030 929 4070 non
962 4015 1096 4068 tales
1123 4014 1374 4068 fuerant:
1406 4014 1601 4083 quibus
1639 4020 1722 4068 est
1763 4013 1852 4066 illa
1884 4012 2104 4080 praeﬁxa

514 4109 883 4175 sententia,ut
908 4113 1308 4173 consequenter
1339 4104 1403 4159 ad
1432 4121 1539 4159 non
1567 4104 1701 4159 tales
1730 4121 1837 4159 non
1868 4106 2107 4173 pertine-

512 4213 599 4262 ret
619 4203 706 4259 illa
740 4198 1005 4257 sententia
1028 4212 1149 4267 quae
1171 4210 1279 4249 non
1301 4194 1494 4249 talibus
1518 4198 1737 4263 praeﬁxa
1760 4211 1867 4250 non
1894 4194 2101 4251 fuerat:

511 4300 592 4354 sic
620 4297 781 4352 etiam
804 4292 871 4348 de
893 4301 1051 4361 gente
1080 4288 1389 4344 Judzcorum
1412 4302 1442 4340 a
1466 4287 1576 4341 Deo
1600 4288 1760 4340 etiam
1793 4303 1887 4355 per
1912 4288 2101 4343 Isaiam

515 4388 835 4462 prophetam
852 4383 1214 4455 peremptoric
1228 4380 1394 4435 veluti
1409 4381 1808 4449 pronuntiatum
1825 4389 1907 4433 est
1927 4396 1939 4433 :
1956 4379 2104 4434 Clau-

486 4478 487 4481 “
514 4483 759 4542 deoculos
780 4495 955 4537 eorum
990 4488 1034 4532 et
1062 4477 1082 4508 ³
1098 4476 1277 4531 obturn
1298 4490 1449 4528 aures
1471 4489 1646 4527 eorum
1695 4483 1740 4525 et
1760 4472 1984 4528 videntes
1999 4491 2100 4532 non

2214 3367 2528 3436 permansit,
2556 3378 2605 3422 et
2637 3377 2815 3423 tamen
2848 3368 2932 3422 illa
2946 3378 3268 3438 permanent
3296 3388 3309 3437 ;
3336 3371 3413 3425 sic
3441 3371 3519 3425 eis
3551 3372 3685 3426 miro
3715 3388 3812 3442 ge-

2215 3476 2343 3517 nere
2369 3463 2568 3516 sanitas
2592 3461 2889 3517 introducta
2913 3471 3015 3529 est,
3047 3473 3101 3517 ut
3131 3464 3219 3517 illa
3250 3466 3516 3519 sententia
3551 3482 3655 3520 non
3686 3482 3810 3521 mu-

2216 3564 2321 3609 tata
2349 3556 2619 3611 videretur
2650 3573 2663 3610 :
2698 3558 2792 3612 sed
2821 3558 3008 3611 eadem
3054 3558 3376 3626 perdurante
3403 3599 3418 3625 ,
3467 3559 3669 3613 sanitas
3699 3578 3812 3616 non

2214 3647 2422 3703 illorum
2469 3649 2819 3715 confidentia,
2865 3638 2958 3703 sed
3003 3644 3182 3704 divino
3212 3665 3431 3706 munere
3474 3653 3806 3721 proveniret.

2209 3741 2361 3808 Quod
2387 3741 2431 3795 si
2461 3741 2573 3795 haec
2606 3751 2814 3797 tentare
2838 3728 3152 3808 formidant,
3182 3760 3281 3799 nec
3303 3744 3367 3798 ad
3396 3760 3506 3800 suae
3534 3747 3809 3816 pertinere

2210 3845 2534 3906 cognoscunt
2560 3835 2831 3890 modulum
2858 3838 3156 3905 potestatis,
3180 3839 3261 3892 cui
3292 3848 3494 3895 tantum
3520 3840 3589 3895 de
3617 3842 3808 3898 huma-

2210 3930 2293 3984 nis
2324 3931 2485 3985 rebus
2508 3930 2751 3999 judicarc
2779 3930 3097 3999 permissum
3122 3939 3221 3997 est,
3254 3946 3358 3987 non
3386 3933 3543 3988 etiam
3571 3949 3807 4001 praeesse

2209 4021 2424 4088 divinis,
2459 4022 2726 4092 quomodo
2758 4023 2825 4077 de
2856 4022 2939 4078 his
2968 4038 3062 4093 per
3102 4040 3235 4095 quos
3273 4025 3453 4081 divina
3487 4028 3806 4084 ministran-

2212 4098 2559 4184 tur‘judicare
2592 4115 2961 4182 prmsumunt?
2995 4124 3017 4152 α
3050 4116 3268 4172 Fuerint
3308 4118 3421 4174 haec
3452 4128 3575 4173 ante
3603 4120 3805 4176 adven.

2211 4214 2323 4259 tum
2361 4204 2596 4270 Christi,
2631 4213 2685 4258 ut
2711 4205 2922 4274 quidam
2968 4207 3297 4278 ﬁguraliter,
3332 4210 3504 4265 adhuc
3534 4221 3706 4267 tamen
3748 4212 3805 4269 in

2208 4296 2510 4352 carnalibus
2546 4296 2849 4351 actionibus
2877 4298 3148 4354 constituti
3193 4301 3390 4368 pariter
3422 4317 3573 4372 reges
3602 4303 3805 4359 existe-

2207 4397 2367 4457 rent,
2417 4398 2471 4444 et
2502 4390 2700 4459 pariter
2742 4391 3065 4449 sacerdotes.
3120 4393 3271 4459 Quod
3311 4394 3366 4449 S.
3402 4394 3803 4453 Melchisedech

2209 4483 2370 4539 fuisse
2390 4497 2540 4539 sacra
2566 4483 2740 4553 prodit
2772 4484 3001 4539 llistoria
3030 4483 3238 4552 (Cenes.
3268 4487 3400 4543 xw).
3430 4486 3581 4552 Quod
3606 4486 3660 4553 in
3682 4472 3801 4545 suis

589 4636 615 4664 ι
653 4622 891 4679 lnsinuat
927 4618 1026 4671 hoc
1061 4615 1177 4669 loco
1204 4609 1444 4666 Gelasius
1476 4607 1745 4688 Christum
1778 4607 2102 4688 Redempto-
2129 4622 2183 4684 Β
2208 4618 2364 4672 corda
2399 4619 2659 4680 submitti,
2691 4627 2882 4688 quanto
2913 4632 3074 4688 magis
3104 4619 3237 4670 sedis
3266 4618 3406 4672 itlius
3437 4620 3642 4687 prandi
3670 4634 3800 4677 (an.

512 4712 629 4755 rem
660 4705 924 4755 nostrum,
956 4702 1135 4755 regem
1164 4692 1323 4755 atque
1351 4680 1655 4749 pontiﬁcem
1690 4680 2103 4740 secundum’or-

513 4769 693 4825 dinem
728 4754 1147 4822 Melchisedech,
1190 4754 1458 4832 politicam
1507 4759 1819 4832 pOIestatetn
1861 4768 2017 4832 quam
2048 4758 2100 4811 in

509 4820 670 4897 ter-rvis
689 4840 982 4903 repererat,
998 4820 1302 4903 conservari
1320 4821 1585 4903 certisque
1607 4820 1860 4903 limitibus
1880 4820 2102 4881 circum-

508 4893 674 4968 scribi
701 4893 953 4966 voluisse,
984 4916 1050 4954 ne
1077 4914 1135 4953 se
1164 4896 1321 4950 rebus
1346 4895 1511 4949 sacris
1543 4893 1865 4968 immisceat;
1902 4906 2095 4968 statum

508 4966 639 5037 vero
668 4973 1089 5035 ecclesiasticum
1117 4984 1145 5022 a
1174 4967 1393 5037 politica
1420 4972 1676 5037 p0testate
1704 4966 1775 5037 ita
1800 4966 2097 5036 distinguit,

509 5034 573 5106 ut
608 5034 781 5103 tamen
823 5034 1199 5101 ecclesiastici:
1228 5035 1584 5107 jurisdiCIioni
1618 5035 1668 5107 in
1711 5034 1791 5087 his
1824 5051 1943 5104 qu:e
1969 5034 2097 5095 sunt

509 5105 577 5175 ad
606 5120 769 5173 Deum
802 5116 1063 5186 subjiciat.
1094 5105 1244 5167 Patet
1271 5125 1341 5165 ex
1370 5107 1594 5177 epistola
1624 5105 1862 5186 ejusdem
1896 5108 2094 5186 Gelasii

508 5191 576 5245 ad
626 5180 965 5243 Anastasitim
1011 5184 1388 5249 imperatorem
1417 5220 1430 5244 ,
1480 5194 1581 5247 qua
1623 5180 1700 5230 sic
1744 5180 1879 5249 ait:
1942 5180 2094 5235 Nosti

508 5261 663 5325 enim,
699 5256 777 5326 ﬁli
804 5248 1218 5317 clementissime,
1249 5250 1387 5323 quod
1419 5250 1533 5304 licet
1562 5248 2094 5326 praisideasghumano

460 5318 461 5321 η
506 5318 1007 5405 ρεηειίῗάίθριὶιαις,
1048 5318 1411 5405 rerttn't‘t'ameu
1455 5318 1760 5405 pr‘t‘esufibus
1803 5319 2093 5405 diuinarum

507 5391 717 5460 devotus
738 5391 871 5451 colla
894 5391 1165 5447 submittis.
1194 5392 1257 5444 Et
1281 5394 1433 5458 paulo
1459 5392 1590 5443 infra
1616 5391 1681 5445 de
1711 5392 1826 5460 ipso
1854 5394 2093 5450 ltomano

507 5475 755 5544 pontiﬁce
786 5468 897 5521 haec
931 5460 1202 5544 subiungit
1223 5478 1247 5544 _:
1282 5460 1346 5544 Et
1377 5462 1663 5544 si‘fttltclisl
1682 5462 1985 5544 generaliter
2011 5479 2095 5544 sa-

505 5530 789 5599 Zerdotibus
832 5545 963 5592 recte
1007 5532 1177 5587 divina
1219 5530 1547 5585 tractantibus
1594 5532 1822 5587 ﬁdelium
1862 5539 2091 5591 convenit

580 5657 596 5685 ι
622 5653 701 5708 Id.
732 5651 880 5716 cod.,
902 5665 1006 5703 non
1034 5663 1196 5719 posse.

573 5728 593 5757 ²
622 5723 696 5777 Id.
726 5723 873 5794 cod.,
907 5729 978 5773 est
1011 5717 1056 5794 et
1086 5717 1269 5794 dictus.
1419 5785 1428 5794 .

578 5796 597 5824 "
628 5794 705 5847 ld.
734 5788 880 5857 cod.,
904 5801 973 5843 est
999 5790 1059 5841 ab
1094 5788 1184 5841 illa
1216 5788 1459 5840 senti-utin

577 5861 597 5891 "
616 5864 691 5921 id.
722 5861 867 5927 cod.,
894 5858 1134 5928 Beryton.

2205 4706 2383 4743 sensus
2427 4699 2499 4744 est
2537 4689 2879 4748 adhibendus.
2918 4706 3066 4759 quem
3105 4692 3299 4743 cunctis
3349 4691 3692 4745 sacerdotibus
3746 4706 3798 4749 et

2204 4761 2445 4814 divinitas
2482 4777 2683 4814 summa
2724 4761 2876 4815 voluit
2920 4762 3245 4831 prmminctje.
3286 4762 3335 4814 ct
3361 4760 3660 4831 subsequens
3693 4762 3797 4817 Ec.

2202 4832 2370 4884 clesitc
2398 4832 2644 4901 generalis
2676 4832 2831 4899 pietas
2879 4829 3187 4886 celebravit?
3228 4831 3469 4886 Viderint
3516 4829 3642 4900 ergo
3691 4848 3797 4889 no-

2202 4911 2387 4957 vantes
2410 4904 2573 4957 nostri
2599 4904 2853 4970 temporis
2875 4902 3133 4967 haeretici,
3158 4914 3260 4972 qua
3289 4904 3493 4958 ratione
3514 4903 3794 4962 Gelasium

2202 4974 2508 5043 pontificem
2552 4973 2619 5027 de
2649 4974 3027 5043 quadripartita
3069 4976 3330 5029 bonorum
3372 4975 3627 5030 Ecclesia:
3653 4977 3796 5033 divi-
3857 5026 3879 5041 ,

2200 5046 2350 5121 si_on_e
2377 5045 2732 5121 scribentem,
2767 5061 2887 5121 una‘
2909 5060 2971 5100 ac
3014 5046 3378 5115 possessiones
3400 5046 3646 5121 ejusdem
3682 5049 3793 5121 Ee—

2200 5115 2374 5170 Clesiu:
2425 5115 2797 5170 defendentem
2826 5158 2840 5182 ,
2875 5116 3059 5170 harum
3101 5133 3279 5171 rerum
3311 5118 3634 5171 turbatorem
3666 5118 3795 5175 esse

2202 5194 2467 5258 tueantur.
2504 5187 2633 5241 Istas
2680 5188 2916 5242 actihnes
2940 5229 2953 5252 ,
2983 5192 3047 5242 de
3091 5189 3283 5258 quibus
3324 5189 3606 5258 Apostolus
3641 5190 3676 5241 ll
3719 5192 3791 5245 ad

2200 5256 2390 5332 Timet.
2426 5275 2463 5312 tt
2492 5276 2507 5312 :
2542 5258 3091 5332 NemormilitausDco
3112 5256 3340 5332 implicat
3366 5256 3417 5313 se
3443 5261 3654 5332 negotiis
3684 5275 3795 5314 sub

2198 5328 2496 5400 caloribus,
2547 5330 2912 5386 sacerdotibus
2961 5330 3302 5386 interdixisse
3353 5347 3455 5385 non
3504 5328 3790 5400 negamus.

2198 5398 2329 5466 Quae
2362 5417 2488 5456 vero
2516 5403 2620 5455 sint
2650 5401 2781 5472 ista,
2813 5400 3038 5457 diversis
3073 5401 3366 5457 canouibus
3395 5417 3555 5472 super
3578 5398 3666 5459 est
3691 5416 3790 5459 ex-

2199 5464 2473 5533 plicatum.
2501 5472 2628 5527 Srfv.
2650 5464 2855 5526 Btstds.

2271 5656 2291 5685 ⁵
2326 5655 2403 5709 Id.
2438 5654 2579 5719 cod.,
2616 5655 2845 5709 Obdura.

2269 5726 2290 5800 ξ’
2329 5727 2402 5800 id.
2438 5725 2582 5800 cod.,
2609 5727 2869 5800 apostolos
2892 5720 3181 5785 Ecclesium
3209 5727 3537 5800 p’rimititta‘tt’t.

2268 5798 2286 5826 ⁷
2325 5797 2402 5850 Id.
2432 5798 2576 5866 cod.,
2602 5797 2668 5852 Et
2691 5808 2783 5854 tot.
