3942 6310
164 396 273 459 605

1519 393 2045 453 PROLEGOMENA.

3297 388 3406 452 606

165 514 222 570 In
242 511 469 567 editione
488 513 783 567 'Paristenst
809 515 1046 566 omnium
1070 526 1290 579 operum
1314 510 1585 566 Sirmondi
1612 528 1731 562 con-
1759 512 1809 572 Α
1839 513 1893 569 5.
1916 512 2192 579 apposuit,
2222 526 2324 581 qua
2356 512 2428 566 ait
2460 526 2619 580 penes
2646 524 2702 562 se
2726 522 2844 563 esse
2872 522 2932 560 ex
2968 518 3066 559 ms.
3093 503 3276 558 codice
3304 502 3404 558 Τοο

167 605 346 657 tributa
369 603 534 668 gratia
568 603 644 655 vel
687 602 884 668 favoris.
924 602 977 656 In
1008 603 1300 669 exemplari
1332 602 1514 668 primas
1542 602 1734 657 editioe

166 694 264 757 nis,
296 706 401 762 quo
444 701 581 757 utor,
616 692 743 747 vitio
790 700 1034 761 typorum
1085 710 1186 747 non
1238 694 1379 746 clare
1425 693 1585 745 verba
1618 694 1729 745 ha-c

164 794 438 852 apparent.
489 784 728 845 Rivinus,
772 784 860 850 qui
904 784 1074 837 solum
1127 784 1394 837 Sirmondi
1442 783 1727 837 editionem

166 877 323 938 vidit,
349 877 515 931 edidit
554 876 850 930 contributio
891 877 1078 930 amoris
1112 876 1182 928 vel
1226 877 1433 944 favoris.
1473 876 1729 929 Henricus

170 970 379 1032 Florez,
410 970 676 1036 Hispania:
707 983 873 1022 sacra:
902 969 1143 1035 egregius
1174 968 1475 1036 primusque
1520 977 1726 1033 auctor,

165 1062 253 1129 qui
289 1071 595 1129 excerptum
626 1075 813 1114 eorum
844 1076 962 1128 quae
991 1075 1056 1113 eo
1084 1061 1266 1113 codice
1309 1061 1563 1113 'l‘oletano
1601 1076 1729 1112 (δυη-

167 1153 417 1216 tinentur,
448 1166 605 1205 manu
642 1152 862 1205 Joannis
892 1150 1134 1220 Vazquez
1162 1151 1246 1204 del
1276 1151 1495 1205 Marmol
1528 1151 1727 1205 deseri-

166 1255 310 1313 ptum
359 1259 522 1313 penes
564 1258 623 1298 se
661 1243 917 1307 habebat,
946 1257 1064 1295 cum
1105 1242 1309 1297 videret
1354 1256 1544 1296 nomen
1591 1245 1729 1309 reg's

167 1335 315 1388 initio
343 1335 580 1402 epistola:
626 1335 834 1398 deesse,
863 1334 1089 1402 conjecit
1134 1349 1253 1386 eum
1299 1333 1459 1387 fuisse
1506 1335 1728 1386 Itecccs-

167 1425 435 1487 vinthum,
470 1427 557 1492 qui
589 1425 764 1480 studio
794 1439 1062 1479 sacrarum
1096 1424 1390 1478 litterarum
1423 1424 1726 1479 delectaba-

169 1527 267 1568 tur.
326 1515 473 1568 IIanc
526 1515 887 1582 conjecturam
946 1514 1399 1568 eminentissimus
1448 1513 1728 1568 cardinalis

166 1605 503 1665 Lorenzaua,
535 1618 691 1672 quem
726 1603 942 1657 honoris
983 1617 1142 1657 causa
1174 1604 1407 1667 nomino,
1443 1618 1504 1655 ac
1534 1604 1728 1668 smpius

165 1694 213 1747 in
243 1694 347 1747 hoc
373 1709 533 1762 opere
564 1695 838 1748 nominare
867 1693 1056 1759 debeo,
1088 1694 1139 1747 in
1169 1694 1391 1747 eruditis
1430 1694 1728 1747 adnomin-

166 1786 318 1839 nibus
338 1784 402 1837 ad
433 1785 615 1838 Patres
643 1785 929 1840 Toletanos
956 1786 1209 1853 pratclarc
1237 1794 1290 1839 et
1319 1800 1542 1839 nervose
1571 1785 1724 1839 refel-

163 1878 260 1931 lit:
298 1885 406 1930 tum
450 1876 568 1943 quia
598 1877 827 1930 studium
856 1892 1125 1933 sacrarum
1162 1877 1459 1931 litterarum
1499 1876 1726 1931 Cbinda-
1757 1848 1804 1908 Β

159 1967 377 2021 suiutlto
390 1981 506 2019 cum
530 1965 636 2020 filio
652 1966 1035 2022 Rcccesvintho
1048 1982 1334 2022 commune
1345 1967 1462 2030 fuit,
1482 1978 1588 2022 tum
1606 1971 1726 2036 quia

160 2056 474 2112 Sirmondus
492 2057 543 2110 in
557 2074 655 2111 ms.
672 2057 856 2113 codice
870 2074 1065 2113 nomen
1078 2059 1485 2114 Cbiudasvintlti
1507 2076 1649 2127 repet
1666 2062 1725 2124 it,

160 2148 301 2217 quod
345 2147 565 2216 proinde
592 2149 927 2203 retinendum
958 2158 1062 2203 est.
1098 2149 1357 2218 Equidem
1384 2158 1507 2217 puto
1540 2150 1726 2205 Flore-

159 2242 295 2294 zium
325 2238 610 2293 editionem
644 2238 911 2293 Dracontii
944 2239 1370 2295 Sirmondianam
1399 2252 1486 2293 aut
1516 2257 1621 2295 non
1655 2259 1729 2294 νις

159 2332 301 2385 disse
348 2346 608 2399 unquam,
645 2340 733 2385 aut
764 2346 866 2384 non
898 2332 1235 2399 expendisse,
1270 2349 1374 2387 non
1405 2336 1574 2387 solum
1607 2335 1725 2400 quia

158 2440 257 2478 non
311 2424 537 2478 advertit
573 2424 979 2479 Cltindasuintbi
1011 2440 1199 2479 nomen
1244 2440 1557 2493 expressum
1592 2430 1641 2477 in
1669 2442 1728 2479 ea

152 2532 299 2578 esse,
333 2530 512 2570 verum
545 2517 702 2568 ctiam
728 2517 848 2584 quia
875 2515 1106 2569 afﬁrmat
1135 2516 1403 2569 Dracontii
1436 2532 1566 2583 opus
1590 2517 1726 2584 quml

157 2630 183 2665 a
212 2611 502 2667 Sirmondo
523 2612 719 2664 editum
744 2611 857 2674 fuit,
887 2627 990 2664 non
1011 2626 1131 2665 esse
1160 2610 1549 2675 Hexaemeron,
1582 2626 1629 2662 u:
1663 2611 1730 2660 ab

161 2702 398 2771 Eugenio
435 2710 732 2756 correctum
776 2709 887 2767 est,
920 2700 1013 2755 sed
1054 2700 1196 2754 aliud
1236 2700 1505 2755 diversum
1546 2702 1730 2754 abillo

159 2793 398 2846 carmine
418 2793 557 2861 quod
587 2794 636 2845 in
660 2791 843 2846 codice
868 2793 1157 2860 Azagrensi
1186 2791 1400 2855 existit;
1431 2792 1731 2860 allegatque

159 2883 533 2941 auctoritatem
553 2881 773 2939 Joannis
808 2882 1054 2953 Baptista:
1079 2881 1240 2939 Perez
1266 2883 1315 2939 in
1348 2891 1472 2939 nota
1503 2882 1567 2939 ad
1610 2896 1726 2952 cap.

162 2978 220 3031 14
251 2976 510 3032 Ildefunsi
541 2977 607 3030 de
640 2976 750 3030 Vir.
781 2976 1032 3031 illustrib.

226 3069 324 3123 ιθ.
353 3068 459 3122 Sud
502 3069 671 3135 primo
711 3067 827 3120 loco
853 3082 1085 3135 quaeram
1130 3084 1158 3122 a
1215 3069 1453 3124 Florezio
1482 3069 1569 3138 qui
1618 3068 1731 3121 lit-ri

165 3160 331 3225 potuit
373 3168 429 3212 ιιι
467 3157 711 3211 Pcrezius
734 3157 801 3209 de
826 3158 1055 3212 editione
1085 3160 1453 3213 Sirmondiana
1486 3160 1731 3227 loquere-

154 3261 259 3313 .tnr,
292 3265 422 3302 cum
475 3249 562 3303 ille
608 3262 747 3302 anno
796 3249 928 3302 1597
978 3249 1202 3311 obierit,
1246 3250 1559 3304 Sirmondus
1608 3266 1734 3305 vero

154 3339 507 3393 Dracontiqu
534 3354 673 3393 anno
705 3340 918 3393 tandem
951 3340 1082 3393 l6l9
1109 3340 1245 3408 typis
1274 3340 1602 3409 vulgaverit?
1636 3343 1737 3412 ιο

165 3430 365 3485 Deinde
413 3430 689 3499 utramque
730 3431 1017 3485 editionem
1065 3431 1453 3494 consideranti,
1494 3432 1735 3487 Sirmon-

165 3524 372 3577 dianam
406 3522 607 3577 scilicet
635 3536 682 3576 et
710 3538 825 3576 eam
856 3536 1011 3591 quam
1037 3538 1103 3578 ex
1130 3524 1251 3576 cud.
1286 3523 1571 3592 Azagrensi
1601 3527 1735 3578 etni-

168 3618 512 3670 nentissimus
542 3614 824 3670 cardinalis
856 3616 1159 3671 Lorenzana
1189 3616 1525 3686 procuravit,
1567 3618 1736 3671 inani-

167 3708 297 3762 fcsto
342 3708 515 3776 liquet
561 3708 898 3775 Dracmnium
944 3728 970 3759 a
1022 3709 1307 3763 Sirmondo
1357 3710 1555 3764 editum
1613 3726 1737 3763 vere

170 3798 349 3863 fuisse,
378 3808 435 3852 ut
467 3799 532 3851 ab
564 3799 797 3866 Eugenio
844 3798 1012 3852 fuerat
1052 3808 1343 3854 correctus.
1391 3800 1572 3868 Itaque
1614 3818 1735 3855 cum

172 3890 422 3945 Perezius
456 3890 522 3943 ad
565 3900 722 3953 caput
768 3890 833 3943 14
879 3892 935 3945 S.
969 3885 1215 3945 lldc'l'onsi
1259 3892 1327 3945 de
1363 3892 1469 3945 \lir.
1519 3893 1733 3953 illustr.,

168 3994 321 4051 caput
352 3984 444 4045 57,
474 3983 654 4036 lsidori
686 3983 753 4036 de
786 3984 1064 4037 Dracontio
1095 3984 1388 4048 laudasset,
1417 3997 1469 4038 et
1498 3985 1733 4037 addidis-

167 4085 278 4128 set:
314 4073 623 4127 Dracontius
650 4089 799 4141 porro
826 4083 1001 4138 poeta,
1034 4075 1176 4140 cujus
1202 4074 1280 4125 hic
1310 4074 1366 4140 ﬁt
1394 4075 1595 4139 mentio,
1621 4078 1733 4143 jam

170 4165 251 4215 ditt
279 4166 449 4234 fertur
474 4164 761 4232 impressus,
795 4178 891 4215 non
924 4172 1090 4215 tamen
1116 4175 1167 4213 ut
1204 4166 1368 4229 fuerat
1412 4164 1473 4213 ab
1515 4161 1738 4231 Eugenio

170 4259 488 4319 emendatus;
510 4256 597 4308 sed
628 4256 758 4307 hanc
791 4253 1007 4323 Eugenii
1031 4254 1428 4308 emendationem
1452 4256 1553 4307 ridi
1576 4256 1627 4305 in
1649 4254 1738 4305 illo

174 4357 358 4402 retusto
391 4347 559 4399 codice
601 4343 769 4400 Ruizii
812 4345 1045 4414 Azagrii,
1074 4348 1214 4416 cujus
1246 4362 1401 4413 supra
1440 4346 1739 4400 mentionem

172 4442 293 4506 feci;
324 4440 567 4492 laudatus
598 4438 879 4491 cardinalis
922 4439 1223 4491 Lorenzana
1253 4436 1523 4504 subjecit;
1560 4435 1624 4488 Et
1660 4437 1740 4487 hic

174 4528 500 4593 Dracontius,
540 4541 590 4582 ut
630 4530 692 4581 ab
740 4530 965 4599 Eugenio
992 4530 1312 4594 emendatus,
1350 4529 1513 4581 editus
1555 4529 1737 4595 stvpins

173 4634 269 4685 est,
312 4625 537 4690 primunt
579 4640 609 4674 ιι
648 4623 937 4675 doctissimo
976 4622 1274 4688 Sirmondo,
1313 4622 1495 4675 deinde
1538 4624 1587 4674 in
1626 4620 1737 4673 PP.

176 4711 445 4777 Biblio’h.,
482 4712 685 4765 tandem
708 4729 736 4763 a
775 4712 915 4764 nobis
944 4712 1024 4762 hic
1056 4712 1185 4763 inter
1224 4723 1406 4764 cretera
1438 4710 1497 4765 S.
1526 4710 1743 4780 Eugenii

176 4822 320 4870 opera
351 4822 510 4873 supra
540 4822 758 4858 recusas.
802 4803 1069 4858 Florezius
1105 4803 1315 4871 quidem
1346 4804 1570 4857 fortasse
1594 4820 1653 4856 ex
1679 4816 1742 4855 eo

176 4896 427 4966 deceptus
464 4908 544 4949 est
584 4898 721 4963 quod
765 4896 875 4948 Nic.
905 4896 1161 4948 Antonius
1204 4894 1337 4947 Bibl.
1388 4902 1491 4947 vet.
1526 4902 1654 4947 tom.
1692 4895 1740 4958 Ι,

179 4987 267 5040 lib.
293 5006 344 5054 ν,
375 5004 492 5055 cap.
519 4989 572 5053 5,
607 5004 711 5042 non
753 4987 884 5041 satis
928 4987 1072 5041 clare
1101 4986 1384 5053 explicuit,
1418 4986 1469 5039 in
1498 4985 1743 5038 editioni-

178 5076 273 5132 bus
298 5093 419 5147 quite
445 5078 871 5132 Sirmondianam
900 5084 1283 5145 praecesserant
1312 5074 1501 5129 deesse
1537 5076 1740 5141 episto-

178 5166 306 5233 lam,
348 5170 623 5239 prnlogum
666 5170 975 5232 metricum,
1016 5178 1067 5223 et
1099 5169 1589 5236 recapitulationem
1643 5168 1745 5219 Eu-

178 5258 315 5324 genii
356 5260 420 5311 ad
464 5274 595 5328 opus
641 5258 934 5322 Dracontii;
967 5268 1019 5313 et
1051 5259 1139 5312 lib.
1171 5274 1254 5319 ιιι,
1288 5274 1405 5327 cap.
1434 5261 1486 5321 5,
1520 5274 1638 5311 ctnn
1679 5274 1741 5311 ex

182 5344 441 5403 lldefonso
468 5357 735 5403 narrasset
757 5348 1025 5403 Dracontii
1067 5348 1429 5402 Hexaemeron
1459 5349 1525 5402 ab
1572 5348 1743 5417 Eugv—

182 5438 267 5492 nio
292 5451 585 5495 correctum
619 5440 799 5509 fuisse,
824 5450 878 5495 et
906 5442 1335 5509 recapitulatione
1362 5450 1519 5509 atque
1546 5457 1746 5508 appen-

180 5529 302 5586 dice
329 5533 537 5601 septimi
566 5532 668 5594 diei
709 5542 954 5596 auctum,
989 5533 1298 5601 subiunxit:
1336 5532 1445 5585 "ac
1475 5534 1545 5585 ita
1589 5551 1747 5586 cura-

184 5632 287 5674 tum
326 5640 449 5691 Opus
488 5625 703 5690 primunt
752 5625 941 5691 prodiit
988 5623 1202 5676 Parisiis
1243 5640 1306 5677 ex
1350 5625 1647 5677 bibliotheca
1688 5626 1745 5677 S.

195 5712 425 5764 Victoris.
453 5714 565 5781 Ipse
594 5714 876 5768 czirtlinalis
904 5713 1199 5781 Aguirrius,
1224 5716 1310 5779 qui
1339 5714 1625 5767 editionem
1665 5715 1748 5766 lli-

180 5801 460 5860 bliothccac
488 5806 676 5863 veteris
704 5805 937 5871 curavit,
966 5814 1145 5862 notam
1173 5805 1401 5875 margini
1433 5805 1521 5859 lib.
1552 5822 1602 5873 γ,
1633 5820 1749 5873 Cap.

1836 603 2010 657 lctano
2042 604 2320 671 epismlam
2371 602 2588 670 Engenii
2629 602 2693 653 ad
2741 614 2916 667 regem
2966 594 3403 667 (fleecesvintlmm

1834 695 2038 760 forsan,
2071 695 2269 761 inquit,
2301 704 2385 747 aut
2412 691 2909 760 Cltindasvintltum),
2946 690 3307 758 praefationem
3331 685 3405 744 ad
3462 708 3463 711 ‘

1835 784 1971 838 idem
2021 801 2154 854 opus
2202 788 2443 840 versibus
2488 787 2769 852 scriptam,
2813 793 2866 837 et
2910 781 3400 851 recapitulatioqem

1832 876 1898 927 ad
1933 879 2091 930 linem
2123 877 2241 931 libri
2274 878 2546 933 Dracontii
2590 890 2907 943 appensam,
2939 888 3044 943 quo
3070 871 3200 926 satis
3231 872 3401 927 innuit

1832 969 2049 1021 visama
2098 982 2155 1021 se
2187 969 2454 1023 Sirmondi
2502 968 2785 1021 editionem
2830 982 2932 1019 non
2985 965 3167 1029 fuisse,
3212 964 3397 1033 inqua

1834 1058 1947 1111 lucc
1977 1060 2153 1113 omnia
2201 1061 2561 1130 reperiuntur,
2590 1068 2641 1113 et
2671 1056 3067 1112 Cbindasvinthi
3119 1056 3259 1124 regis
3304 1072 3399 1108 lm-

1834 1166 1953 1204 men
1990 1151 2229 1219 epistola:
2276 1152 2631 1218 prtemittitur.
2672 1149 2822 1215 Quod
2863 1150 3054 1204 attinet
3082 1148 3296 1217 quidem
3328 1148 3394 1203 ad

1835 1251 2130 1308 temporum
2163 1245 2420 1298 rationem
2441 1284 2454 1304 ,
2489 1244 2696 1310 utrique
2726 1243 2836 1311 regi
2877 1240 3099 1309 epistola
3128 1240 3251 1297 data
3278 1254 3397 1293 esse

1834 1333 2033 1400 potuit;
2065 1333 2155 1387 sed
2198 1335 2262 1386 de
2308 1333 2709 1387 Chindasvinthi
2762 1333 2992 1393 nomine,
3024 1330 3163 1400 quod
3213 1347 3275 1384 ex
3310 1347 3397 1384 ve-

1833 1427 1934 1479 teri
1966 1428 2083 1481 cod.
2118 1428 2384 1483 Sirmondi
2413 1430 2635 1495 eruitur,
2666 1426 2881 1481 dubium
2914 1425 3115 1479 nullum
3154 1439 3271 1479 esse
3300 1425 3393 1477 de-

1832 1517 1955 1579 bet;
1987 1521 2086 1573 nisi
2132 1521 2269 1574 forte
2299 1520 2515 1575 dubium
2547 1520 2759 1589 aliquod
2790 1527 3037 1573 nascatur
3061 1534 3126 1572 an
3168 1533 3290 1573 vere
3330 1518 3393 1569 il-

1833 1608 1918 1660 lud
1952 1625 2141 1664 nomen
2173 1611 2222 1664 in
2244 1611 2423 1678 aliquo
2442 1611 2625 1664 codice
2645 1609 2877 1677 antiquis
2902 1608 3091 1664 litteris
3120 1619 3394 1663 exaratum

1833 1702 2056 1770 legatur.

1908 1797 1989 1849 15.
2029 1796 2205 1848 Dicam
2257 1796 2355 1851 hoc
2399 1795 2515 1848 loco
2544 1794 2610 1847 de
2651 1793 2933 1848 Sirmondo
2974 1793 3113 1861 quod
3148 1792 3213 1845 de
3242 1806 3307 1846 eo
3334 1805 3396 1846 ac

1831 1887 1898 1941 de
1941 1885 2121 1940 multis
2147 1884 2422 1938 aliisviris
2451 1884 2652 1939 criticis
2676 1884 2855 1938 saeculi
2888 1882 3110 1951 proximi
3151 1898 3211 1936 at
3242 1897 3397 1947 supe-

1830 1978 1987 2033 rioris
2025 1977 2228 2041 sentio;
2255 1977 2347 2030 sed
2387 1975 2558 2031 dicam
2612 1980 2706 2046 ιι
2739 1976 2885 2043 prius
2927 1989 3011 2028 me
3054 1973 3394 2028 Sirmondum

1833 2070 1962 2125 tanti
1990 2068 2167 2123 facere
2195 2076 2375 2135 quanti
2408 2082 2605 2133 paucos
2630 2068 2795 2130 alios;
2824 2065 2907 2120 cui
2942 2066 2990 2119 in
3018 2064 3200 2133 judicii
3227 2064 3395 2119 exacti

1832 2159 2154 2220 maturitate,
2178 2169 2234 2211 et
2263 2158 2360 2211 hac
2386 2172 2539 2212 sacra
2567 2156 2842 2211 ammniori
2866 2156 3105 2210 doctrina
3133 2155 3395 2211 neminem

1834 2249 2083 2314 praefero.
2120 2248 2475 2302 Vehementer
2495 2248 2654 2300 etiam
2688 2262 2772 2301 me
2799 2247 3027 2301 oblectat
3060 2246 3319 2314 placidum
3349 2255 3400 2298 et

1832 2341 2091 2412 aequabile
2127 2340 2336 2395 dicendi
2367 2354 2533 2408 genus
2576 2338 2734 2393 etiam
2783 2339 2833 2391 in
2863 2338 3313 2398 contentionibus,
3337 2353 3400 2391 ex

1832 2449 1957 2503 quo,
1983 2433 2027 2487 si
2059 2431 2274 2487 aliunde
2305 2431 2599 2495 nescirem,
2626 2430 2806 2484 animo
2848 2445 2968 2483 eum
3016 2428 3129 2483 miti
3167 2438 3220 2483 et
3262 2440 3401 2482 tran-

1832 2525 2002 2594 quillo
2049 2524 2211 2578 fuisse
2249 2520 2779 2587 comprehenderem.
2825 2519 2926 2575 Sed
2974 2534 3076 2575 non
3125 2529 3401 2587 propterea

1833 2618 1948 2670 sine
1976 2615 2218 2669 examine
2246 2614 2385 2667 illico
2416 2611 2779 2679 recipiendum
2820 2620 2905 2664 est
2944 2611 3195 2679 quidquid
3242 2611 3309 2663 ab
3340 2626 3401 2662 en

1836 2710 1907 2763 ita
1950 2708 2235 2776 profertur,
2277 2713 2332 2758 ut
2371 2720 2435 2757 ex
2467 2704 2645 2770 aliquo
2688 2703 2852 2757 veteri
2894 2718 2997 2758 ms.
3032 2703 3193 2756 videri
3242 2703 3400 2769 possit

1834 2799 2195 2868 desumptum.
2229 2797 2380 2853 Mitto
2411 2796 2751 2852 oscitationes
2780 2793 3034 2861 quasdam
3076 2793 3398 2858 tolerabiles,

1833 2908 1963 2961 quas
1989 2892 2204 2944 omnino
2233 2905 2420 2944 cavere
2450 2889 2674 2942 humana
2704 2897 2887 2941 natura
2918 2902 3023 2941 non
3051 2894 3244 2954 potest.
3266 2885 3400 2942 Illud

1836 2999 1940 3037 non
1984 2983 2169 3051 probo,
2203 2980 2342 3051 quod
2374 2994 2515 3047 ssrpc
2558 2978 2871 3033 Sirmondus
2901 2979 3095 3048 aliique
3137 2980 3185 3031 in
3233 2979 3400 3034 lucem

1838 3077 2030 3144 scripta
2064 3085 2243 3128 vetera
2297 3072 2663 3140 proferebant,
2694 3074 2817 3140 quin
2867 3072 3178 3140 explicatius
3226 3072 3401 3125 trade-

1839 3177 1955 3220 rent
1983 3166 2105 3231 quid
2131 3166 2180 3219 iu
2211 3164 2537 3219 membranis
2568 3171 2797 3218 ex'staret
2820 3208 2833 3230 ,
2861 3163 2986 3232 quid
3014 3163 3082 3218 ab
3112 3164 3237 3231 ipsis
3258 3163 3400 3216 addi.

1839 3270 1948 3315 tum
1982 3261 2200 3323 fuisset,
2229 3262 2343 3312 sive
2374 3270 2423 3333 ut
2456 3259 2814 3327 corrigerent,
2843 3259 2953 3312 sive
2984 3268 3038 3313 ut
3066 3259 3400 3327 supplereut,

1839 3354 1950 3405 sive
1979 3361 2036 3405 ut
2075 3351 2443 3412 declararent;
2472 3365 2534 3403 ac
2583 3362 2955 3419 nonnunquam
3003 3355 3174 3418 neque
3198 3348 3401 3411 indica.

1841 3452 1957 3497 rent
1987 3458 2092 3512 quo
2123 3443 2171 3495 iu
2222 3444 2335 3496 loco
2365 3442 2579 3495 codices
2608 3449 3032 3495 asservarentur.
3076 3441 3141 3496 Et
3179 3441 3253 3496 illi
3291 3443 3403 3511 qui~

1839 3535 1957 3589 dem
1994 3535 2166 3589 securi
2220 3535 2548 3601 posteritatis
2596 3532 2729 3586 bona
2784 3532 2884 3586 fide
2927 3532 3268 3601 agebant;at
3314 3549 3405 3588 nos

1840 3642 1981 3695 saepe
2020 3627 2070 3679 iu
2102 3642 2193 3680 eas
2232 3625 2570 3681 difﬁcultates
2619 3623 2923 3691 incidimus,
2953 3639 2981 3676 a
3012 3625 3201 3692 quibus
3243 3630 3405 3692 expe-

1838 3717 1938 3771 diri
1967 3732 2069 3771 non
2104 3730 2400 3784 possumus,
2431 3715 2551 3782 quia
2582 3714 2689 3775 illi,
2718 3728 2839 3767 cum
2866 3712 3107 3779 poss'ent,
3142 3713 3276 3766 viam
3304 3727 3405 3769 non

1828 3809 2208 3875 ,explauarunt.
2242 3806 2424 3873 Itaque
2453 3803 2709 3857 Ruinartii
2733 3801 3001 3869 diligentia
3025 3801 3282 3855 laudanda
3304 3810 3406 3867 est,

1844 3898 1931 3965 qui
1962 3913 2079 3951 cum
2114 3907 2298 3950 nactus
2341 3896 2521 3948 fuisset
2551 3894 2788 3948 codicem
2837 3906 2941 3947 ms.
2967 3906 3070 3960 quo
3099 3891 3406 3946 Sirmondus

1843 3991 1893 4042 iu
1927 3988 2135 4043 edenda
2175 3987 2370 4042 Notitia
2414 3987 2798 4055 provinciarum
2829 3994 2883 4039 et
2909 3985 3177 4038 civitatum
3222 3984 3408 4041 Africa!

1843 4095 1970 4135 usus
2014 4080 2215 4141 fuerat,
2252 4094 2356 4133 non
2398 4079 2567 4132 solum
2602 4079 2823 4133 .titulum
2868 4084 3100 4131 veterem
3149 4075 3409 4141 restituit,

1844 4155 2030 4226 verum
2073 4171 2231 4225 etiam
2279 4170 2594 4238 scripturam
2649 4168 2848 4223 codicis
2901 4166 3097 4222 alicubi
3143 4166 3412 4228 adhibuit,

1843 4262 2036 4315 omissa
2096 4260 2537 4329 interpretatione
2587 4274 2681 4314 seu
2735 4259 3065 4313 restitutione
3111 4256 3411 4319 Sirmondi,

1844 4352 2089 4419 quamvis
2119 4350 2405 4418 probabilis
2435 4350 2531 4418 ipsi
2558 4349 2849 4403 videretur.

1916 4446 2001 4498 M.
2038 4442 2286 4497 Nonnulli
2331 4451 2575 4496 asserunt
2620 4439 2960 4494 Sirmondum
3005 4452 3097 4491 eos
3126 4437 3411 4502 scriptores

1847 4535 2077 4589 edidisse
2104 4550 2166 4588 ex
2191 4534 2310 4587 cod.
2338 4548 2433 4586 ms.
2455 4532 2794 4587 bibliotheca:
2828 4530 3136 4583 Parisiensis
3160 4529 3218 4581 S.
3241 4527 3412 4580 Virto-

1848 4628 1941 4681 ris.
1978 4627 2088 4679 Hoc
2128 4626 2296 4689 ipsum
2346 4623 2567 4676 immere
2619 4622 2822 4674 videtur
2853 4619 2964 4673 Nic.
3002 4618 3259 4697 Antonius
3311 4617 3409 4671 loc.

1847 4718 1937 4770 cit.
1967 4715 2099 4768 Bibl.
2132 4723 2259 4774 vet.,
2294 4713 2371 4765 vel
2394 4714 2580 4765 saltem
2608 4726 2789 4764 ausam
2818 4709 3031 4763 errandi
3062 4708 3296 4776 prscbere
3319 4725 3412 4777 po-

1849 4817 1970 4863 test.
1988 4807 2226 4861 Andreas
2251 4804 2470 4857 Bi'viuus
2497 4804 2545 4855 in
2571 4818 2660 4854 sua
2688 4802 2947 4855 Dracontii
2973 4801 3206 4854 editione
3227 4799 3414 4853 dubius

1850 4898 2039 4953 ltmsit:
2072 4896 2394 4952 Sirmondus.
2424 4896 2525 4957 ait,
2560 4892 2979 4957 Ommatium...
3021 4892 3157 4943 haud
3186 4892 3333 4944 dubie
3358 4906 3416 4943 ea

1850 4989 2053 5057 Azagrii
2076 4988 2222 5040 istius
2252 4985 2530 5053 Hispanico
2554 4983 2852 5050 exemplari,
2881 4984 2976 5036 nisi
3005 4984 3233 5051 fortassis
3260 4982 3416 5050 ipsius

1861 5079 2211 5132 Vaticana...
2245 5076 2536 5145 publicauit.
2568 5074 2822 5137 Putabat,
2857 5083 2914 5127 ut
2957 5074 3163 5142 opinor,
3199 5072 3417 5127 Birinus

1857 5171 2194 5223 Dracontium
2225 5168 2366 5221 curis
2416 5167 2686 5220 Michaelis
2730 5164 2900 5219 Ruizii
2947 5165 3013 5219 de
3053 5165 3252 5231 Azagra
3283 5166 3419 5233 typis

1855 5260 2055 5315 editum
2090 5260 2271 5314 fuisse.
2302 5261 2374 5312 Ex
2406 5257 2691 5312 Sirmondo
2715 5258 2828 5326 ipso
2857 5257 2981 5311 nihil
3013 5256 3199 5310 borum
3223 5256 3420 5323 colligi-

1856 5360 1967 5415 tur;
1998 5365 2116 5403 uam
2162 5351 2213 5404 in
2261 5350 2431 5403 indice
2462 5362 2681 5417 operum
2726 5362 2843 5415 qum
2872 5349 3027 5400 simul
3069 5347 3255 5401 edebat
3286 5362 3423 5399 anno

1858 5444 2010 5507 l6l9,
2047 5453 2162 5513 poet
2206 5444 2419 5497 nomina
2462 5441 2679 5509 Eugenii
2703 5482 2717 5507 ,
2749 5440 3012 5493 Dracontii
3036 5480 3048 5501 ,
3082 5438 3286 5491 Martini
3325 5439 3423 5490 bu-

1854 5536 2074 5588 micnsis
2101 5544 2155 5586 et
2194 5532 2545 5596 Colutnbani,
2583 5544 2715 5597 quos
2757 5529 2891 5582 unde
2933 5538 3132 5597 promat
3181 5527 3426 5580 distincte

1857 5642 1886 5676 ιι
1915 5641 1959 5676 ~n
1988 5624 2270 5690 exprimit,
2295 5622 2463 5675 solum
2490 5620 2635 5675 addit
2662 5637 2671 5671 :
2700 5620 2927 5673 Severini
2952 5620 3171 5687 episc0pi
3199 5619 3428 5671 doctrina

1860 5732 1920 5768 ex
1959 5714 2255 5767 bibliotheca
2296 5715 2434 5784 regia
2464 5720 2510 5765 et
2543 5712 2830 5766 monasterii
2863 5710 3253 5781 Tlteologiensis.
3286 5709 3426 5763 Tiro~

1859 5810 1934 5863 nis
1967 5806 2207 5873 Prosperi
2237 5806 2475 5870 Aquitani
2520 5806 2763 5874 confessio
2802 5820 2864 5858 ea:
2897 5804 3165 5859 Vaticana.
3206 5802 3316 5858 Iloc
3348 5803 3428 5877 ip.

2586 5936 2747 5958 mh..-
