3942 6310
547 422 646 477 607

1922 412 2395 472 DRACONTIUS.

3687 414 3783 472 (ius

548 549 664 589 sum
697 535 765 588 ita
800 535 1052 605 repetitur
1082 536 1133 588 in
1171 537 1269 606 12
1299 532 1531 589 editione
1561 520 1844 587 Parisiensi
1873 532 2109 585 omnium
2140 534 2191 591 Α
2217 539 2500 587 mulceatur
2538 539 2735 600 doctus,
2768 541 2857 584 aut
2900 531 3137 585 doceatur
3164 536 3427 585 'maoctus.
3463 528 3613 596 Quod
3657 531 3791 599 judi-

548 640 769 695 Operum
793 626 1058 681 Sirmondi
1082 640 1205 680 cura
1226 624 1409 680 Jacobi
1431 624 1497 679 de
1524 625 1568 678 la
1595 624 1775 679 Baune
1796 638 1934 677 anno
1957 622 2113 683 1697,

498 701 515 725 θ
551 727 681 772 tom.
710 716 789 781 ll,
832 732 893 770 ac
938 716 1107 769 solum
1151 715 1324 770 editor
1365 715 1430 769 ad
1479 715 1696 769 verbum
1737 713 2119 782 Tlteologiensis

551 816 738 862 notat:
776 806 926 861 Nunc
954 806 1164 859 Tholeia
1184 847 1197 871 ,
1231 806 1508 859 coenobium
1538 804 1731 858 ordinis
1773 804 1835 859 S.
1863 803 2121 857 Benedicti

552 899 619 951 ad
650 898 863 953 Sarram
891 899 1101 967 ﬂuvium
1129 898 1181 950 in
1209 896 1395 965 ﬁnibus
1433 896 1798 966 Lotharingitr,
1823 906 1869 950 et
1896 896 2121 949 diaecesis

555 989 881 1043 Trevirensis.
914 988 1051 1042 Nihil
1079 988 1220 1042 aliud
1244 989 1505 1057 expiscari
1538 990 1683 1056 potui
1715 995 1805 1041 aut
1833 1003 1897 1042 ex
1930 986 2123 1040 Biblio-

555 1082 705 1135 theca
736 1081 949 1137 Patrum
980 1081 1317 1150 Lugdunensi
1346 1080 1469 1134 anni
1498 1079 1654 1146 1677,
1687 1080 1775 1134 ubi
1804 1094 1961 1145 opera
1987 1080 2122 1132 Dra-

554 1173 717 1226 contii
745 1189 810 1227 ex
847 1174 1083 1227 editione
1131 1172 1504 1227 Sirmondiana
1549 1170 1895 1233 recuduntur,
1928 1179 2015 1223 aut
2059 1184 2123 1222 ex

556 1262 758 1317 Veneta
812 1263 1045 1317 editione
1098 1262 1339 1316 omnium
1393 1276 1614 1331 operum
1666 1260 1935 1316 Sirmondi
1986 1276 2126 1315 anno

558 1353 695 1407 i728
726 1353 1001 1421 publicata.

628 1444 714 1498 15.
748 1446 804 1500 In
836 1444 1158 1499 bibliotheca
1204 1445 1486 1499 Parisiensi
1522 1445 1579 1499 S.
1612 1444 1842 1499 Victoris
1870 1443 2130 1497 Montt‘au-

555 1536 743 1592 οοιιίιιε
789 1547 1033 1591 recenset
1082 1536 1473 1599 Draconicium,
1518 1536 1609 1606 qui
1653 1544 1737 1591 est
1782 1545 1967 1589 noster
2002 1534 2131 1588 Dra-

556 1629 799 1694 contius;
834 1628 927 1683 sed
949 1644 1067 1683 cum
1091 1644 1155 1683 ex
1185 1644 1246 1683 ea
1276 1628 1592 1683 bibliotheca
1625 1627 1881 1697 prodierit
1904 1627 2133 1681 Dracon-

556 1720 662 1775 tius
702 1736 842 1774 anno
872 1718 1009 1775 i560
1038 1720 1274 1786 mutilus,
1305 1730 1358 1775 et
1402 1721 1517 1775 sine
1560 1719 1806 1789 epistola,
1832 1728 1885 1774 et
1915 1720 2133 1788 prologo

558 1812 801 1879 metrico,
830 1822 885 1866 et
920 1812 1360 1880 recapitulatione
1406 1812 1659 1881 Eugenii,
1696 1811 1839 1865 illum
1889 1810 2130 1864 codicem

2220 626 2360 679 cium
2396 624 2621 693 Eugenii
2653 638 2717 677 an
2745 624 2813 678 ab
2842 623 3089 679 omnibus
3122 623 3284 679 fuerit
3307 622 3611 693 probatum,
3638 624 3789 691 paulo

2222 723 2343 783 post
2371 714 2690 770 videbimus.
2738 714 2850 769 Non
2891 716 3170 784 ignorabat
3217 715 3356 784 ipse,
3408 715 3462 768 in
3500 714 3788 785 aliquorum

2224 809 2698 879 reprehensionem
2736 823 2895 877 posse
2927 809 3062 863 hanc
3095 808 3285 877 agendi
3316 806 3581 862 rationem
3624 809 3792 863 incur-

2223 916 2375 956 rere:
2403 901 2641 971 adeoque
2675 902 2727 957 in
2762 901 2992 955 secunda
3041 900 3374 969 praefatione,
3408 910 3468 954 ut
3496 915 3615 956 sese
3644 916 3795 955 excu-

2224 1000 2327 1057 set,
2360 994 2570 1060 satagit.
2606 993 2862 1047 Solebant
2889 993 3032 1047 enim
3059 1003 3268 1048 veteres
3300 993 3434 1047 duas
3466 992 3794 1061 praefationes

2226 1083 2378 1137 libris
2419 1084 2683 1138 interdum
2724 1098 3053 1153 praeponere,
3101 1084 3397 1152 praesertim
3452 1084 3795 1138 carminibus.

2228 1173 2284 1228 In
2316 1173 2545 1228 Martiali
2580 1174 2629 1228 id
2662 1189 2883 1229 cernere
2928 1175 3073 1239 licet,
3112 1192 3177 1230 ex
3208 1190 3314 1244 quo
3342 1175 3409 1230 ad
3459 1174 3792 1230 Prudentium

2230 1276 2350 1330 pag.
2382 1262 2487 1315 252
2515 1265 2716 1329 notavi,
2750 1263 3119 1333 praelationem
3150 1264 3456 1333 hujusmodi
3487 1266 3798 1334 simpliciter

2230 1355 2498 1421 epistolam
2534 1355 2814 1425 appellari.
2849 1354 2902 1408 Id
2933 1357 3277 1410 conﬁrmatur
3302 1371 3371 1410 ex
3410 1355 3602 1419 Statio.
3632 1356 3726 1409 lib.
3767 1371 3797 1407 ιι

2231 1444 2429 1499 Silvar.
2459 1446 2511 1498 in
2542 1445 2747 1513 praefat.
2773 1446 2917 1500 Inter
2940 1456 3123 1515 poetas
3138 1445 3473 1500 Christianos
3490 1446 3799 1500 Prudentius

2233 1536 2567 1605 Apotheosin
2594 1536 2800 1591 duobus
2840 1538 3075 1607 prologis
3098 1539 3341 1593 carmine
3375 1539 3699 1607 conscriptis
3723 1552 3799 1591 or-

2235 1630 2399 1685 navit.
2430 1630 2699 1685 iuvencns
2729 1644 2848 1684 cum
2877 1644 2983 1685 uno
3015 1639 3215 1684 tantum
3244 1633 3466 1700 prologo
3483 1631 3660 1685 editur
3680 1648 3693 1682 :
3715 1630 3799 1684 scd

2236 1722 2290 1776 in
2331 1722 2618 1777 veterrimo
2643 1721 2829 1776 codice
2858 1736 2959 1777 ms.
2994 1721 3250 1777 Vaticano
3278 1738 3391 1793 reg.
3426 1724 3615 1787 Suec.,
3665 1737 3799 1776 num.

2237 1812 2360 1875 535.
2392 1812 2524 1867 duas
2548 1812 2889 1882 prml'ationes
2920 1811 3242 1867 hexametris
3268 1812 3562 1876 confectas,
3581 1828 3645 1869 ac
3671 1814 3802 1869 clare

559 1901 929 1971 imperfectum
952 1904 1003 1958 in
1030 1918 1091 1958 ea
1123 1902 1442 1958 bibliotheca
1468 1902 1643 1957 adhuc
1672 1901 1875 1957 servari
1904 1901 2122 1956 creden-
2156 1896 2202 1957 Β
2230 1906 2505 1960 distinctas
2532 1905 2730 1958 inveni.
2762 1904 2899 1958 Ante
2932 1905 3152 1973 primam
3191 1904 3385 1975 legitur
3408 1904 3599 1975 Incipit
3627 1906 3803 1974 prela-

560 1994 684 2049 dutn
713 2003 821 2061 est,
850 2009 953 2049 non
986 1996 1143 2049 alium
1162 2037 1175 2059 ,
1208 1994 1274 2049 ad
1302 2010 1460 2063 quem
1491 1993 1810 2049 Sirmondus
1836 2008 1984 2047 suam
2016 1991 2125 2046 edi-

560 2087 759 2141 tionem
814 2087 1248 2141 coniormaverit.
1310 2086 1384 2141 De
1440 2086 1761 2142 bibliotheca
1817 2086 2129 2140 monasterii

560 2174 965 2245 Theologiensis
996 2176 1126 2231 nihil
1157 2176 1329 2230 habeo
1360 2176 1500 2245 quod
1532 2176 1583 2230 in
1614 2177 1845 2231 medium
1886 2176 2125 2232 aﬁ‘eram.

560 2266 729 2336 Magis
780 2268 1115 2336 exploratum
1162 2268 1290 2320 mihi
1321 2278 1403 2322 est
1447 2266 1789 2321 Sirmondutn
1840 2266 2127 2321 editionem

561 2372 710 2412 suam
744 2358 960 2427 Eugeuii
991 2371 1043 2413 et
1072 2359 1336 2412 Dracontii
1367 2359 1653 2413 adornasse
1701 2374 1766 2413 ex
1811 2358 1997 2415 codice
2045 2358 2129 2412 bi—

563 2448 845 2505 bliothecae
884 2452 1044 2519 regiae
1073 2450 1410 2515 Parisiensis,
1453 2466 1610 2519 quem
1656 2466 1802 2504 num.
1832 2452 1899 2505 46
1928 2450 2130 2504 descri-

562 2541 711 2607 bam;
743 2541 844 2596 hoc
873 2542 1013 2596 enim
1044 2541 1245 2607 innuit,
1277 2552 1367 2595 aut
1393 2540 1534 2595 clare
1576 2542 1735 2595 etiam
1774 2542 2005 2595 afﬁrmat
2032 2556 2127 2593 au-

561 2645 679 2690 ctor
716 2633 955 2703 Catalogi
1003 2633 1247 2688 codicum
1301 2647 1427 2687 mss.
1468 2634 1583 2702 ejus
1614 2632 1975 2686 bibliothecr.
2025 2631 2130 2687 Sed

563 2728 734 2784 adhuc
762 2728 1107 2799 quaerendum
1136 2742 1377 2798 superest
1422 2745 1486 2782 an
1530 2730 1695 2783 veteri
1742 2728 2048 2782 charactere
2079 2729 2131 2781 in

562 2836 629 2876 eo
656 2821 838 2875 codice
867 2823 1120 2889 scriptum
1154 2820 1338 2885 fuerit,
1370 2819 1587 2888 Eugenii
1620 2820 1837 2887 epistola
1867 2818 1934 2871 ad
1974 2818 2130 2872 Chia-

562 2912 887 2965 dasuinthum
924 2929 1119 2983 regem,
1153 2927 1216 2965 an
1248 2927 1316 2966 ex
1361 2911 1662 2980 conjectura
1709 2909 1776 2963 ab
1826 2911 2001 2977 aliquo
2051 2924 2133 2963 re-

564 3004 789 3058 centiori
839 3004 906 3057 ita
956 3005 1291 3073 appositum,
1343 3012 1433 3055 aut
1480 3000 1855 3055 declarationis
1904 3014 2064 3054 causa
2104 3014 2131 3052 a

564 3093 851 3149 Sirmondo
880 3094 1206 3163 adjunctum.
1248 3092 1452 3161 Quippe
1483 3090 2010 3144 animadvertendum
2053 3100 2134 3144 est

564 3188 760 3243 nullam
785 3190 837 3242 in
860 3197 968 3242 toto
998 3202 1159 3257 opere
1183 3185 1405 3240 inveniri
1436 3184 1703 3240 Sirmondi
1734 3183 2131 3237 adnotationem

2232 1997 2324 2059 tio,
2354 2009 2522 2064 eaque
2552 1994 2790 2049 absoluta
2830 1996 2947 2048 item
2977 1995 3234 2064 prwfatio.
3268 1994 3421 2050 Hunc
3448 1995 3693 2051 codicem
3732 2011 3801 2048 se.

2232 2101 2363 2156 quar
2393 2088 2446 2141 in
2489 2102 2548 2141 ea
2574 2100 2730 2154 quam
2772 2086 2970 2140 molior
2990 2085 3229 2140 editione
3256 2086 3480 2141 Juvenci
3511 2087 3577 2141 ad
3608 2096 3805 2142 veteres

2230 2179 2440 2233 codices
2469 2187 2625 2247 atque
2653 2176 2914 2233 editiones
2944 2178 3224 2247 recognhi,
3248 2179 3629 2248 perpetuisque
3654 2180 3788 2231 notis

2232 2272 2499 2327 illustrati.
2542 2274 2734 2326 Arator
2762 2271 2894 2325 duas
2940 2272 3135 2341 elegias
3179 2272 3399 2326 Actibus
3439 2272 3801 2340 apostolorum

2233 2364 2461 2434 prmﬁxit
2483 2380 2495 2415 :
2521 2363 2614 2417 sed
2643 2378 2763 2417 cum
2791 2364 2957 2417 altera
2990 2363 3110 2417 data
3138 2363 3207 2416 sit
3225 2362 3295 2416 'ad
3327 2362 3641 2417 Florianum
3659 2362 3809 2417 abba~

2234 2462 2361 2514 tem,
2393 2454 2558 2507 altera
2581 2452 2645 2506 ad
2669 2448 2915 2523 Vigilium
2949 2453 3274 2521 pontiﬁcem,
3296 2461 3348 2505 et
3370 2460 3602 2521 utraque
3633 2453 3703 2505 sit
3724 2466 3810 2519 pro

2233 2546 2454 2614 epistola
2477 2544 3091 2608 dedicatoria,existimo
3116 2544 3392 2599 Aratorem
3432 2559 3602 2598 unum
3637 2558 3809 2598 exem-

2234 2636 2350 2703 plar
2379 2635 2571 2704 Vigilio
2602 2650 2723 2688 eum
2764 2634 2988 2703 epistola
3037 2633 3101 2688 ad
3149 2648 3268 2688 eum
3309 2632 3548 2694 dedisse.
3587 2634 3810 2695 alterum

2236 2726 2487 2782 Floriauo
2521 2741 2643 2781 cum
2686 2726 2911 2797 epistola
2955 2726 3021 2780 ad
3066 2727 3261 2794 ipsum.
3306 2723 3456 2780 Nunc
3496 2736 3652 2781 certe
3691 2740 3810 2780 non‘

2237 2818 2365 2871 nulli
2389 2816 2595 2873 duabus
2614 2817 2857 2887 epistolis
2875 2817 3220 2872 dedicatoriis
3236 2831 3327 2870 sua
3353 2830 3519 2886 cpera
3545 2817 3810 2878 muniunt,

2236 2911 2319 2965 vel
2351 2926 2555 2965 morem
2587 2920 2827 2965 veterum
2857 2910 3046 2976 Secuti,
3077 2910 3163 2964 vel
3201 2908 3437 2979 qualibet
3463 2909 3571 2963 alia
3617 2909 3811 2963 ratione

2238 3004 2490 3070 pet-muti.
2542 3002 2762 3057 Sedulio
2800 3010 2908 3056 tres
2949 3001 3291 3071 praefationes
3328 3001 3494 3070 aliqui
3531 3001 3811 3071 imputant,

2246 3092 2348 3164 14
2380 3094 2601 3159 primam
2633 3094 2881 3149 oratione
2903 3094 3075 3148 soluta
3108 3094 3174 3147 ad
3208 3092 3559 3160 Bonifacium,
3595 3092 3810 3149 alteram

2244 3185 2490 3240 versibus
2517 3184 2785 3254 elegiacis,
2815 3185 3005 3254 quibus
3028 3184 3096 3239 de
3124 3198 3223 3239 suo
3246 3183 3419 3252 Opere
3450 3182 3704 3238 Paschali
3743 3184 3811 3237 lo-

563 3296 664 3349 qua
714 3280 835 3334 sciri
880 3280 1151 3350 possit'an
1191 3278 1403 3348 aliquod
1451 3277 1669 3351 verbum
1718 3275 2000 3330 obscurum
2045 3268 2207 3332 autC
2238 3278 2439 3345 quitur,
2476 3278 2709 3342 tertiam,
2753 3292 2870 3343 quce
2910 3276 3106 3330 dicitur
3151 3275 3422 3330 Dedicatio
3458 3274 3525 3328 ad
3571 3274 3810 3330 Theodo-

564 3382 872 3443 corruptum
897 3374 1178 3427 mutaverit
1208 3381 1297 3425 aut
1325 3370 1638 3426 correxerit.
1667 3369 1798 3435 Quis
1827 3379 2001 3423 autem
2034 3368 2133 3422 sibi

568 3464 884 3532 persuadeat
929 3465 1165 3518 codicem
1210 3463 1279 3516 ita
1321 3466 1539 3517 omnino
1581 3478 1699 3516 esse
1744 3463 2035 3531 scriptum,
2080 3472 2139 3516 ut

565 3568 594 3606 ο
631 3553 913 3608 Sirmondo
956 3552 1129 3607 editus
1172 3554 1290 3607 est?
1329 3553 1659 3607 Crediderim
1704 3552 1861 3607 facile
1892 3552 2135 3606 Sirmon-

567 3643 690 3698 dum
740 3641 869 3696 nihil
900 3659 1085 3697 au¢um
1118 3643 1216 3697 nisi
1260 3658 1321 3697 ex
1370 3644 1511 3712 justa
1556 3656 1715 3697 causa
1746 3633 2136 3711 aut'rprobabili

566 3734 889 3805 conjectura.
923 3732 1026 3789 Sed
1059 3743 1237 3789 nostra
1280 3735 1504 3789 interest
1549 3732 1686 3787 scire
1728 3732 1853 3801 quid
1894 3741 2041 3785 certo
2071 3747 2135 3785 ex

567 3828 672 3883 ﬁde
694 3842 820 3882 is.
841 3828 1123 3884 tenendum
1146 3829 1236 3895 sit,
1255 3827 1378 3898 quid
1399 3835 1756 3897 congruenter
1772 3826 2136 3895 recipiendum

567 3937 633 3977 ex
660 3923 979 3993 coniecturis
1023 3925 1305 3979 editorum.
1334 3925 1500 3990 Quam
1541 3924 1702 3978 multa
1734 3923 1927 3992 passim
1961 3922 2137 3991 profe-

567 4016 735 4071 rimus
778 4027 1023 4086 tanquam
1068 4018 1337 4086 explorata
1381 4018 1577 4073 veteris
1604 4016 1824 4085 alicujus
1863 4017 2137 4085 scriptoris

568 4108 759 4171 verba,
790 4122 907 4175 qua:
937 4107 1161 4162 fortasse
1192 4109 1308 4176 ejus
1345 4124 1449 4162 non
1480 4117 1630 4174 sunt,
1659 4107 1752 4161 sed
1786 4106 1940 4175 primi
1970 4106 2137 4160 edito-

569 4199 672 4265 ris,
714 4200 803 4269 qui
854 4199 1029 4253 locum
1082 4200 1358 4265 mutilum,
1410 4199 1713 4263 difﬁcilem,
1757 4200 1998 4252 vitiatum
2041 4212 2138 4251 suo

569 4296 739 4343 marte
789 4288 1086 4357 supplevit,
1115 4289 1437 4354 declaravit,
1467 4288 1812 4344 emendavit?
1841 4289 2022 4359 Neque
2055 4298 2134 4341 ta-

569 4396 691 4437 men
738 4382 975 4452 plerique
1019 4381 1383 4451 hujuscemodi
1428 4382 1660 4437 editores
1701 4396 1821 4435 cum
1853 4380 2136 4436 Sirmondo

569 4485 693 4530 sunt
708 4475 1068 4545 comparandi.
1086 4476 1212 4542 Quae
1236 4490 1261 4527 a
1281 4490 1367 4531 me
1384 4476 1452 4529 ita
1469 4485 1591 4529 sunt
1606 4476 1892 4544 disputata,
1918 4475 2017 4546 13
2033 4492 2134 4528 non

569 4576 626 4621 ut
652 4566 1054 4621 Chindasvintlli
1084 4582 1278 4622 nomen
1307 4565 1540 4635 rejiciam
1561 4606 1574 4629 ,
1604 4565 1695 4621 sed
1726 4575 1780 4619 ut
1806 4566 1931 4620 illud
1961 4573 2133 4629 caute,

570 4668 624 4714 et
651 4660 820 4716 donec
849 4661 987 4715 aliud
1013 4671 1215 4715 constet
1237 4701 1250 4723 .
1284 4659 1616 4727 retinendum
1641 4675 1759 4715 esse
1787 4658 2096 4713 concludam
2121 4676 2133 4711 :
2170 4646 2218 4706 D

572 4762 680 4807 tum
711 4764 768 4808 ut
805 4754 868 4807 ad
899 4753 1111 4809 codices
1150 4754 1421 4808 Dracontii
1470 4752 1773 4822 diligentius
1820 4749 2139 4821 quaerendos

571 4854 626 4899 et
653 4844 1029 4911 conferendos,
1061 4846 1105 4900 si
1134 4845 1222 4915 qui
1248 4844 1334 4899 alii
1383 4844 1555 4899 adhuc
1595 4845 1734 4911 sint,
1781 4844 2135 4899 Hisnanorum

572 4938 881 4994 industriam
910 4938 1157 4995 excitem.

642 5032 725 5087 16.
770 5033 843 5086 Ex
872 5033 1094 5102 epistola
1134 5032 1354 5101 Eugenii
1389 5040 1532 5100 patet
1570 5029 1696 5099 quid
1741 5029 1792 5083 in
1844 5025 2131 5081 Dracontio

571 5123 905 5179 emendando
936 5123 1001 5176 ab
1030 5124 1144 5191 ipso
1184 5124 1474 5192 prznstitum
1525 5120 1705 5175 fuerit.
1755 5119 1949 5173 Putant
1994 5118 2133 5174 enim

572 5215 809 5271 nonnulli
858 5214 988 5268 nihil
1026 5214 1165 5268 aliud
1204 5214 1375 5284 egisse
1416 5213 1732 5281 Eugenium,
1767 5210 1865 5263 nisi
1900 5222 1955 5263 ut
1994 5208 2139 5263 codi-

574 5320 710 5369 cem,
742 5313 1002 5360 vetustate
1030 5312 1085 5358 et
1130 5305 1466 5358 librariorum
1513 5300 1825 5372 negligentia
1875 5296 2136 5364 vitiatum,

571 5396 879 5466 corrigeret.
910 5396 1016 5452 Sed
1044 5395 1182 5450 aliud
1212 5395 1311 5448 sibi
1342 5394 1524 5447 volunt
1546 5408 1605 5447 ea
1633 5393 1792 5447 verba
1822 5410 1832 5443 :
1866 5390 2139 5458 Super/tua

573 5492 840 5555 demerent,
871 5489 1144 5557 semiplena
1191 5489 1495 5557 suppleret»,
1540 5487 1703 5555 fracte
1741 5483 2136 5545 constabilirem,

571 5595 616 5637 et
646 5584 818 5636 crebro
841 5584 1052 5653 repetita
1079 5592 1322 5635 mutarent
1348 5596 1366 5634 :
1394 5591 1499 5634 tum
1527 5580 1684 5633 etiam
1732 5576 1869 5644 quod
1904 5572 2048 5625 addit
2073 5571 2139 5624 de

571 5675 865 5743 versiculis,
896 5690 1028 5745 quos
1055 5675 1346 5739 subtraxit,
1379 5672 1500 5742 quia
1523 5681 1571 5724 et
1593 5687 1738 5724 sema
1759 5667 1937 5737 tepidi,
1971 5675 2015 5718 ct
2039 5680 2143 5717 vero

571 5765 642 5814 bis
671 5765 888 5831 illepidi,
928 5779 973 5819 et
1005 5765 1147 5817 nulla
1190 5765 1467 5834 probantur
1502 5764 1696 5815 ratione
1722 5759 1945 5823 subnixi,
1976 5772 2064 5808 nec
2089 5754 2139 5805 in

571 5853 640 5909 eis
667 5850 862 5921 aliquid
891 5856 1157 5923 reperitur,
1185 5870 1282 5925 quo
1306 5856 1503 5908 lectoris
1522 5856 1720 5908 animus
1749 5853 2025 5915 animetur,
2050 5857 2139 5904 aut

2241 3370 2377 3423 sium
2414 3369 2733 3436 Augustum.
2768 3369 2960 3423 Verum
2986 3368 3101 3422 haec
3122 3366 3393 3422 Dedicatio
3422 3366 3475 3419 in
3506 3366 3659 3421 nullo
3679 3366 3809 3421 codi-

2240 3477 2358 3519 cum
2404 3462 2803 3527 Vaticanorum,
2840 3463 2929 3531 qui
2974 3460 3174 3517 Sedulii
3215 3470 3270 3515 et
3315 3459 3383 3515 de
3437 3458 3663 3514 Sedulio
3712 3473 3807 3511 non

2242 3555 2394 3622 pauci
2440 3566 2585 3617 sunt,
2629 3569 2656 3606 a
2710 3570 2795 3609 me
2832 3563 3043 3623 reperta
3090 3561 3193 3617 est,
3238 3561 3292 3607 et
3332 3550 3583 3607 Sedulius
3612 3552 3805 3607 diversa

2240 3645 2446 3699 ratione
2472 3645 2630 3700 metri
2659 3646 2804 3713 leges
2830 3644 3167 3712 sequebatur.

2315 3736 2399 3790 t7.
2431 3736 2523 3792 His
2549 3746 2787 3793 veterum
2823 3751 3102 3807 poetarum
3135 3739 3391 3809 exemplis
3420 3738 3616 3794 ductus
3654 3738 3807 3807 Euge.

2240 3829 2361 3883 nius
2397 3830 2589 3898 prima:
2641 3830 2937 3898 praeiationi
2980 3829 3201 3883 alteram
3240 3829 3534 3898 subjunxit,
3557 3845 3666 3900 qua
3700 3842 3807 3884 sese

2240 3931 2460 3975 excusat
2504 3922 2642 3988 quod
2674 3922 2944 3987 Dracontii
2979 3936 3166 3989 poema
3197 3922 3583 3979 emendaverit.
3623 3923 3697 3977 Ea
3726 3936 3806 3975 au-

2244 4020 2347 4064 tem
2387 4012 2456 4065 ita
2500 4010 2660 4066 habet
2689 4012 2742 4065 in
2785 4022 3013 4081 utraque
3037 4011 3274 4067 editione
3320 4012 3721 4077 Sirmondiana,
3761 4021 3806 4064 et

2241 4101 2531 4157 Matritensi
2563 4103 2681 4159 sine
2707 4102 2807 4157 ulla
2835 4103 3216 4173 discrepantia,
3244 4114 3350 4159 uta
3380 4104 3533 4159 nobis
3575 4105 3677 4159 hoc
3701 4105 3804 4158 loco

2239 4204 2673 4263 repraesentatur.

2369 4281 2863 4362 Principisinsig'nem
2886 4291 3055 4362 faciem
3079 4294 3263 4362 visure,
3291 4292 3479 4352 libelle,

2363 4349 2508 4412 Cujus
2531 4349 2586 4397 ait
2612 4349 2864 4411 imperium
2887 4356 3108 4405 meruisti
3130 4349 3272 4407 Sorde
3295 4367 3466 4403 carere

2368 4411 2631 4478 Et’capere
2660 4413 2858 4478 nitidam
2881 4414 3024 4478 longe
3054 4424 3157 4477 post
3182 4424 3401 4477 tempore
3426 4415 3622 4478 pallam,

2364 4472 2581 4538 Cmperis
2604 4484 2654 4524 ut
2680 4475 2824 4538 limen
2850 4472 2971 4524 aulas
2995 4472 3175 4538 regalis
3197 4472 3349 4535 adire,
3427 4472 3439 4478 ’
3608 4472 3618 4526 Ῐ

2364 4533 2527 4598 Atque
2550 4548 2666 4583 auro
2691 4536 2835 4584 rutilo
2860 4533 3125 4587 radiantem
3149 4533 3361 4587 cernere
3384 4550 3573 4598 sedem,

2369 4596 2531 4661 incipe
2554 4610 2696 4659 quam
2721 4600 2926 4659 primum
2952 4599 3109 4660 largas
3132 4601 3413 4661 persolvere
3440 4596 3624 4660 grates,

2365 4656 2593 4719 Errarum
2620 4656 2743 4719 quod
2772 4662 2902 4707 nube
2926 4657 3100 4709 carens
3122 4656 3376 4710 correctus
3401 4656 3597 4709 hiberis
3628 4698 3638 4706 .

2366 4718 2491 4784 pein
2518 4718 2792 4784 prostratus
2814 4720 2944 4784 humi
2976 4724 3159 4770 veniam
3182 4723 3395 4780 deposce
3422 4726 3636 4784 precatu,

2365 4779 2651 4843 Lamrisque
2680 4783 2748 4830 tui
2775 4781 2928 4829 solers
2952 4790 3180 4843 patronus
3195 4784 3392 4843 adesto;

2369 4840 2591 4901 Ignoscat
2612 4842 2838 4903 plaCitltts,
2875 4840 3091 4903 ignoscat
3115 4852 3279 4892 mente
3306 4840 3559 4903 benignus,

2366 4904 2501 4959 Quod
2523 4911 2571 4950 te
2596 4904 2888 4952 sordidulam
2920 4906 3031 4952 dum
3056 4918 3200 4952 conor
3225 4908 3321 4953 rite
3347 4906 3526 4960 lavare,

2365 4965 2598 5025 Asperius
2622 4967 2851 5023 impressa
2874 4979 3042 5012 manus
3067 4966 3308 5013 tenuaudo
3342 4968 3525 5026 polivit.

2364 5026 2423 5088 At
2446 5028 2484 5073 si
2509 5026 2571 5072 de
2594 5025 2736 5085 plebe
2756 5029 3005 5086 quisquam
3030 5028 3178 5075 livore
3199 5025 3426 5088 perustus

2363 5087 2586 5135 DixerLt:
2614 5088 2669 5136 Et
2701 5090 2807 5146 quis
2832 5096 2922 5148 est,
2951 5094 3170 5137 veterum
3195 5087 3276 5148 Qui
3302 5090 3511 5137 carmina
3537 5088 3719 5143 mutat?

2367 5148 2545 5209 Scribit
2568 5151 2646 5209 qui
2677 5148 2862 5197 levibus
2885 5149 3231 5209 epigrammata
3259 5162 3375 5196 vana
3402 5149 3603 5199 libellis?

2366 5208 2567 5258 Noverit
2588 5208 2683 5257 'ttoc
2717 5211 2841 5267 ipse,
2868 5208 2993 5268 quod
3029 5224 3260 5270 nustiuaui
3285 5212 3422 5270 culpa
3451 5219 3662 5269 putatur,

2368 5272 2518 5327 Quam
2552 5284 2646 5318 non
2664 5270 2789 5320 velle
2817 5273 2963 5327 videt,
2988 5274 3074 5321 sed
3098 5273 3246 5327 maior
3267 5274 3419 5330 iusst”
3442 5276 3568 5330 ιὀὲξίῑ

2366 5332 2587 5393 Denique
2609 5334 2738 5390 jussa
2773 5332 2893 5380 bona
2917 5334 3026 5379 dum
3053 5333 3414 5393 promulgantur
3439 5336 3641 5394 agcnzla.

2366 5394 2456 5449 Qui
2479 5394 2701 5451 complet,
2725 5395 2934 5453 sapiens,
2954 5397 3036 5455 qui
3059 5397 3157 5443 vult
3176 5405 3511 5447 contemnere,
3531 5395 3743 5442 demens.

2369 5456 2502 5512 Quod
2523 5456 2561 5502 si
2590 5456 2842 5516 Virgilius,
2869 5463 2921 5504 et
2944 5463 3100 5505 vatum
3124 5468 3338 5504 summus
3364 5457 3595 5503 ilonwrus

2370 5518 2629 5578 Censuram
2654 5530 2883 5565 meruere.
2913 5530 3080 5566 novam
3107 5526 3208 5578 post
3229 5518 3321 5565 fata
3340 5518 3527 5573 subire,

2373 5577 2522 5636 Quam
2547 5579 2629 5626 dat
2648 5578 2969 5638 Aristarchus,
2990 5577 3169 5631 Tuccia.
3192 5579 3481 5638 Variusque,
3503 5578 3792 5635 l'rohusquc,

2368 5642 2461 5691 Cur
2486 5640 2798 5699 dediguetur,
2824 5641 2949 5696 quod
2971 5641 3133 5699 jussus
3158 5641 3374 5700 principe
3398 5652 3569 5699 magno

2371 5701 2571 5749 Parvula
2600 5702 2835 5763 praeparui
2860 5701 3083 5749 Dt‘aeonti
3105 5702 3311 5763 carmina
3334 5702 3443 5763 lihri

2368 5760 2865 5823 Parvulus'liugcnius
2884 5775 3118 5823 nugarum
3142 5760 3269 5809 mole
3297 5762 3458 5823 piari?

2315 5846 2401 5904 i8.
2435 5844 2533 5919 ιδ
2563 5843 2619 5900 ln
2650 5859 2806 5903 versu
2849 5845 2914 5905 17
2943 5844 3227 5931 obscurum
3258 5853 3338 5901 est
3364 5859 3513 5908 quant
3546 5854 3643 5896 non
3684 5836 3795 5893 ιιι-ιιι
