3942 6310
129 386 225 446 609

1463 392 1972 450 PROLEGOMENA
1984 435 1997 447 .

3269 362 3421 472 sio-

131 512 286 575 ridet;
321 518 375 563 et
421 508 643 561 fortasse
675 504 939 573 Eugenius
964 504 1178 573 scripsit
1207 505 1331 559 velle
1376 521 1563 572 meum,
1599 516 1691 563 aut
1720 513 1774 573 Α
1797 509 2109 577 praedicare,
2142 509 2193 561 in
2223 509 2358 565 libro
2386 527 2555 579 primo
2583 514 2814 572 hominis
2836 520 3182 591 creationem,
3210 536 3379 601 atque

129 603 250 657 velle
267 617 434 665 suum,
468 608 556 652 aut
584 598 709 651 velle
728 597 893 666 jubet.
922 596 1099 650 Poetm
1126 595 1416 651 Christiani
1450 599 1575 653 velle
1596 616 1695 668 pro

131 694 413 757 voluntate,
462 707 606 758 posse
644 704 740 760 pro
780 697 1040 755 potestate
1070 700 1348 757 usurpant.
1384 689 1519 744 Vide
1549 705 1689 745 vers.

131 790 229 843 ’567
260 788 348 840 lib.
378 800 393 839 ι
428 782 719 845 Dracontii,
757 780 898 835 Velle
926 798 1092 850 pares,
1125 790 1172 833 et
1201 781 1338 834 nolle
1381 797 1550 849 pares.
1578 779 1695 834 Cze-

134 891 239 934 tera
267 874 543 932 commode
581 874 892 944 procedunt,
938 873 1039 926 nisi
1083 874 1223 942 quod
1253 874 1449 941 saepius
1490 873 1696 927 ratione

132 971 293 1026 solius
315 981 534 1021 exesum
560 965 781 1019 brevem
813 961 1075 1032 producit.
1111 963 1329 1017 llivinus
1360 963 1411 1017 in
1443 963 1699 1018 emenda-

134 1062 221 1125 tis,
247 1059 427 1113 nescio
455 1072 549 1112 cur
579 1071 718 1110 vers.
762 1055 795 1107 5
833 1054 1129 1108 correxerit
1158 1052 1223 1104 Et
1257 1053 1475 1131 nitidum
1516 1069 1695 1122 capere

132 1158 295 1223 longo,
321 1164 415 1217 pro
444 1147 510 1200 Et
541 1162 718 1215 capere
744 1146 961 1197 nitidam
992 1144 1162 1211 longo.
1184 1143 1350 1211 Idem,
1388 1144 1519 1198 ibid.
1550 1160 1692 1198 vers.

132 1246 215 1312 ιι,
248 1260 340 1314 pro
368 1252 413 1296 et
440 1242 551 1312 quis
581 1252 651 1293 est
681 1240 860 1308 posuit
890 1248 936 1292 et
961 1240 1195 1307 quisnam
1222 1247 1329 1302 est;
1371 1240 1464 1292 sed
1496 1240 1547 1292 in
1591 1240 1696 1294 Eu-

131 1337 281 1407 genio
308 1335 501 1388 mirum
534 1330 703 1385 videri
732 1346 837 1383 non
869 1330 1025 1383 debet
1055 1332 1193 1398 quod
1234 1330 1540 1396 produxerit
1563 1332 1696 1399 quis,

130 1442 179 1485 et
208 1427 457 1498 frigidum
487 1434 568 1480 est
593 1425 825 1495 quianam
855 1432 925 1476 est
959 1423 1058 1476 hoc
1102 1424 1236 1477 loco.
1273 1422 1327 1475 ln
1362 1422 1549 1475 [livino
1576 1424 1699 1475 niti-

130 1522 249 1574 dum
274 1518 525 1574 mendum
555 1516 762 1570 videtur
793 1528 888 1583 pro
910 1515 1142 1567 nitidam.
1180 1514 1354 1567 Prima
1379 1514 1431 1568 in
1458 1514 1701 1569 Draconti

130 1609 458 1681 corripienda
505 1617 667 1671 esset,
697 1606 742 1660 si
783 1606 918 1661 ratio
964 1605 1191 1659 nominis
1223 1606 1569 1675 inspiciatnr:
1604 1606 1700 1660 sed

133 1716 297 1776 poeta:
334 1701 620 1758 Christiani
670 1700 720 1753 in
752 1698 1055 1781 nominibus
1086 1699 1316 1767 propriis
1352 1714 1593 1767 tnagnam
1631 1699 1698 1751 li-

129 1798 349 1853 centiam
374 1795 475 1850 sibi
506 1791 845 1862 arrogabant.
871 1789 1214 1845 Observanda
1243 1802 1323 1844 est
1353 1792 1512 1843 etiam
1544 1789 1703 1857 phra-

1803 615 1864 653 ea
1892 602 2067 654 omnia
2100 617 2218 671 quae
2243 613 2459 673 propter
2486 606 2727 664 homines
2748 625 2840 665 sex
2861 614 2965 669 illis
2988 618 3169 685 primis
3191 620 3383 681 diebus

1804 691 1944 745 Deus
1972 691 2116 758 fecit,
2150 693 2433 764 diligenter
2470 701 2738 767 exposuit,
2779 706 3028 772 quoniam
3066 724 3132 765 ex
3167 712 3383 780 opiﬁcio

1802 797 1895 836 sex
1942 782 2147 837 dierum
2186 797 2557 854 argumentum
2590 805 2743 845 suum
2782 795 3064 864 insigniter
3110 792 3383 862 illuStrare

1804 879 2039 936 poterat:
2068 885 2174 927 tum
2198 875 2403 930 duobus
2434 877 2649 947 reliquis
2684 880 2839 936 libris
2866 885 2966 940 alia
3000 888 3093 943 Dei
3124 905 3285 961 opera
3313 910 3378 951 ex

1806 960 1982 1016 Veteri
2022 963 2272 1033 Novoque
2307 967 2646 1035 Testamento
2679 973 2732 1026 in
2775 976 3015 1033 eamdem
3065 960 3382 1043 sententiam

1803 1060 2114 1117 persecutus
2134 1063 2234 1107 est.
2266 1055 2319 1108 ln
2350 1056 2466 1125 ipso
2488 1058 2622 1113 libro
2650 1062 2840 1129 primo,
2869 1074 3027 1137 atque
3049 1069 3100 1125 in
3130 1072 3241 1142 ipsa
3280 1076 3380 1131 hu-

1800 1140 1887 1206 jus
1924 1141 2039 1194 libri
2080 1152 2249 1211 parte,
2286 1162 2442 1214 quam
2474 1149 2739 1219 Eugenius
2769 1158 3055 1224 recensuit,
3096 1140 3231 1217 ultra
3262 1179 3382 1222 sex-

1804 1238 1912 1283 tum
1937 1231 2078 1285 diem
2113 1235 2429 1292 Dracontius
2461 1239 2616 1309 longe
2638 1258 2949 1313 progressus
2978 1251 3093 1308 fuit.
3124 1253 3383 1313 Describit

1804 1324 1944 1376 enim
1978 1324 2174 1391 primos
2197 1339 2443 1395 parentes
2467 1330 2516 1383 in
2548 1334 2790 1399 paradiso
2808 1336 2915 1404 jam
2946 1340 3255 1411 collocatos,
3289 1362 3382 1401 eo-

1805 1421 2046 1475 rumdem
2086 1433 2398 1491 peccatum,
2437 1430 2750 1484 sententiam
2792 1432 2883 1487 Dei
2927 1436 3285 1495 misericordia
3328 1452 3383 1498 et

1799 1514 2003 1581 justitia
2035 1524 2406 1585 temperatam,
2430 1535 2533 1588 qua
2560 1537 2591 1576 e
2635 1524 2880 1591 paradiso
2915 1538 3037 1583 sunt
3067 1530 3243 1598 ejecti,
3287 1535 3381 1588 sed

1804 1606 1963 1659 simul
2004 1605 2055 1659 in
2102 1623 2285 1662 eorum
2337 1625 2487 1665 nsntn
2539 1622 2727 1668 natura
2758 1610 2904 1683 iussa
2949 1628 3031 1673 est
3081 1635 3241 1687 Opera
3286 1639 3380 1679 sua

1806 1712 2061 1752 exercere
2091 1713 2184 1767 per
2211 1701 2373 1755 tniras
2412 1718 2475 1757 ac
2511 1706 2684 1759 varias
2724 1722 2899 1762 rerum
2942 1711 3372 1780 vicissitudines;

1806 1804 1907 1857 qua
1964 1792 2243 1847 occasione
2298 1795 2363 1849 de
2408 1800 2801 1855 resurrectione
2860 1806 3105 1873 corporis
3159 1806 3375 1864 humani

131 1894 202 1947 sis
243 1904 470 1945 summus
510 1896 700 1951 ratum,
744 1894 801 1938 ut
839 1883 979 1952 apud
1021 1883 1367 1937 Prudentium
1410 1881 1696 1951 Psychom.
1732 1881 1781 1941 B
1808 1883 2067 1950 exemplis
2097 1900 2126 1937 e
2157 1895 2342 1939 natura
2372 1889 2547 1955 petitis
2568 1890 2834 1947 edisserit.

130 1999 264 2037 vers.
298 1982 404 2037 530
430 1995 639 2048 magnus
664 1974 1053 2043 discipulorum,
1086 1977 1189 2037 vel,
1225 1984 1281 2028 ut
1315 1973 1469 2028 mulli
1496 1974 1700 2043 legunt,

128 2089 349 2127 summus
376 2070 762 2141 discipulorum.
798 2065 999 2141 Virgilii
1031 2065 1315 2121 {Eneidem
1351 2066 1602 2130 Tuccam,
1650 2075 1705 2120 et

134 2164 344 2219 V‘arium
370 2164 521 2233 jussu
547 2159 770 2228 Augusti
807 2158 992 2212 leviter
1018 2158 1337 2221 correxisse,
1366 2164 1523 2225 atque
1554 2156 1622 2209 ita
1649 2164 1705 2209 ut

131 2255 253 2309 nihil
294 2250 619 2314 addiderint,
654 2264 829 2316 neque
863 2262 1046 2302 versus
1091 2246 1431 2316 imperfectos
1462 2246 1702 2315 comple-

130 2348 324 2408 verint,
357 2344 410 2398 in
442 2341 646 2411 Virgilii
676 2341 814 2404 Vita,
845 2356 961 2410 qua:
991 2351 1206 2394 auctore
1234 2339 1437 2395 Donato
1468 2340 1701 2394 circnm-

130 2439 316 2503 lertur,
350 2434 599 2488 traditum
644 2443 743 2487 est.
791 2432 859 2486 Μ.
907 2430 1153 2485 Valerius
1203 2430 1408 2485 Probus
1455 2440 1607 2485 notas
1650 2432 1702 2485 in

132 2533 374 2587 Bucolica
404 2536 457 2583 et
490 2529 538 2581 in
567 2526 823 2594 Georgica
852 2524 1060 2595 Virgilii
1110 2524 1343 2592 scripsit.
1395 2524 1616 2577 Rivinns
1649 2525 1702 2578 in

129 2624 424 2681 emendatis
453 2637 548 2692 pro
572 2621 763 2684 Tucca,
806 2619 1110 2686 Variusque,
1142 2616 1439 2686 Probusque
1470 2617 1705 2672 correxit

137 2718 418 2786 Variusque
461 2724 508 2769 et
553 2714 723 2767 Tucca
764 2712 1046 2782 probrisque
1078 2728 1096 2765 :
1129 2710 1340 2765 videtur
1366 2710 1507 2764 enim
1540 2711 1698 2779 velle,

128 2812 309 2880 probus
342 2810 510 2878 accipi
540 2824 637 2879 pro
677 2804 959 2874 adjectivo,
996 2805 1135 2873 quod
1166 2819 1285 2857 cum
1331 2803 1501 2857 Tucca
1525 2806 1703 2858 cohae-

128 2912 251 2959 reat.
285 2906 364 2958 At
392 2902 518 2972 quid
549 2900 648 2954 sibi
680 2909 803 2953 tunc
834 2898 1030 2953 vellent
1059 2897 1174 2951 duas
1219 2897 1324 2950 illa:
1364 2898 1701 2965 conjunctio-

127 3011 214 3051 nes
234 3005 277 3050 et
318 2994 484 3048 Tucca
524 2990 1215 3063 probusque?‘Aristarchns
1243 2993 1313 3043 ita
1346 2990 1558 3045 Homeri
1587 3006 1703 3043 vcr-

127 3102 209 3142 sus
254 3087 601 3154 corrigebat,
652 3092 709 3137 ut
760 3083 971 3138 Homeri
1010 3097 1129 3137 esse
1181 3092 1397 3152 negaret
1425 3097 1558 3151 quos
1599 3097 1703 3135 non

131 3180 404 3250 probabat.
437 3176 686 3249 Apertius
712 3176 803 3229 alii
840 3190 1118 3230 censuram
1149 3176 1199 3230 in
1231 3177 1519 3230 Homerum
1549 3190 1703 3229 eser-

1876 1973 1965 2027 ‘20.
2039 1974 2551 2043 Rccapitulationem
2626 1983 2889 2039 Dracontii
2943 1990 3209 2055 Eugenius
3288 2008 3382 2049 sua

1806 2074 1999 2131 sponte
2021 2067 2433 2136 conscripserat,
2468 2072 2769 2141 priusquam
2804 2090 2895 2130 rex
2938 2079 3203 2148 negotium
3248 2082 3382 2137 Dra-

1806 2156 1971 2210 contii
2004 2158 2323 2211 emendandi
2353 2160 2429 2213 illi
2461 2160 2799 2230 injunxisset.
2840 2167 3148 2236 llnjusmodi
3179 2173 3381 2243 recapi-

1807 2245 2088 2301 tnlationes
2121 2259 2429 2316 poematum
2461 2262 2697 2308 veterum
2737 2256 2978 2325 plurima:
3016 2272 3252 2329 exstant,
3283 2266 3385 2320 sci-

1807 2336 1931 2393 licet
1956 2351 2267 2409 argnmenta
2293 2358 2467 2397 rerum
2501 2348 2682 2412 paucis
2714 2351 2954 2407 versibus
2979 2357 3384 2425 comprehensa.

1806 2428 1977 2483 Gra:ei
2008 2431 2305 2499 'periochas
2347 2443 2541 2488 vocant
2585 2438 2767 2505 quales
2808 2439 2860 2494 in
2908 2442 3118 2500 Homeri
3172 2447 3385 2506 Iliadem

1806 2520 2019 2589 scripsit
2078 2524 2366 2589 Ausonius,
2419 2526 2470 2579 in
2508 2526 2745 2584 Terentii
2786 2533 3074 2589 comoedias
3124 2538 3386 2610 Sulpicius

1806 2613 2147 2682 Apollinaris,
2180 2616 2231 2669 in
2264 2616 2464 2687 Virgilii
2499 2618 2759 2692 Georgica
2790 2634 2843 2679 et
2871 2624 3153 2684 Eneidem
3182 2631 3384 2702 plures,

1806 2712 1864 2757 ut
1890 2703 2057 2759 videri
2107 2716 2281 2775 potest
2326 2709 2378 2761 in
2419 2707 2638 2765 Collect.
2683 2712 2886 2769 Pisaur.
2924 2726 3027 2773 vet.
3059 2719 3228 2787 Poet.,
3256 2732 3383 2782 tom.

1808 2794 1896 2863 IV,
1917 2813 2033 2866 pag.
2059 2796 2162 2850 ΗΞ
2189 2813 2362 2867 seqq.,
2390 2809 2443 2853 et
2471 2801 2524 2854 in
2550 2801 2765 2856 Anthol.
2792 2804 3100 2862 Burmanni.
3131 2810 3184 2865 ln
3215 2817 3384 2881 poetis

1806 2886 2123 2941 Christianis
2164 2904 2267 2943 non
2320 2899 2444 2944 sunt
2474 2894 2544 2945 ita
2593 2891 2899 2962 frequentes
2941 2901 3223 2966 periocha}.
3269 2909 3371 2979 17

1808 2979 1862 3031 ln
1897 2980 2217 3035 bibliotheca
2252 2981 2502 3037 Vaticana
2532 2984 2699 3039 codex
2744 2986 3015 3045 Palatinus
3053 3009 3203 3051 num.
3247 2999 3383 3054 l7l7

1808 3070 1967 3125 habet
1995 3074 2231 3128 Aratoris
2261 3090 2441 3143 opera,
2466 3093 2583 3147 quae
2612 3094 2733 3135 cum
2762 3082 2882 3137 aliis
2909 3100 3037 3140 mss.
3072 3091 3295 3158 contuli,
3326 3094 3379 3149 in

1807 3178 1913 3231 quo
1943 3164 2187 3233 leguntur
2212 3165 2316 3221 dno
2344 3169 2585 3224 versiculi
2622 3172 2907 3243 rhythmici
2954 3177 3108 3232 initio
3139 3180 3381 3239 uniuscu-

130 3248 388 3328 cuerunt:
425 3248 523 3325 nec
548 3269 741 3324 desunt
787 3268 876 3337 qui
912 3276 987 3321 tot
1028 3268 1079 3321 in
1109 3283 1228 3322 eum
1266 3266 1491 3320 aliorum
1522 3281 1707 3321 emen-
1734 3248 1779 3311 C
1806 3255 2000 3325 jusque
2016 3259 2226 3326 capitis,
2251 3261 2441 3330 quibus
2456 3274 3147 3339 argumentumexponitur.
3179 3277 3382 3334 Aurora

124 3364 368 3419 dationes
398 3360 669 3417 coniectas
714 3368 919 3429 putent,
953 3368 1008 3412 nt
1033 3374 1167 3427 opus
1196 3359 1481 3412 multorum
1530 3359 1705 3427 potius

130 3471 279 3525 quam
312 3455 477 3510 unius
517 3455 751 3508 auctoris
789 3452 1113 3507 censendum
1160 3452 1249 3505 sit.
1308 3451 1361 3505 In
1410 3452 1706 3521 percelebri

131 3548 491 3604 controversia
521 3547 589 3601 de
621 3554 865 3600 veterum
910 3545 1060 3601 libris
1106 3543 1372 3613 corruptis
1413 3560 1516 3597 non
1574 3545 1706 3598 levis

132 3640 417 3695 difﬁcultas
439 3653 502 3691 ex
536 3638 634 3692 hac
662 3646 809 3705 parte
830 3637 1000 3690 creari
1031 3644 1223 3705 potest,
1254 3634 1393 3706 quod
1424 3636 1572 3689 multi
1604 3636 1703 3692 sibi

119 3730 284 3787 licere
318 3738 573 3801 putarent
609 3729 833 3783 aliorum
876 3743 1037 3797 opera
1071 3728 1121 3782 in
1154 3729 1430 3783 meliorem
1479 3728 1703 3783 fortnam

132 3823 393 3891 redigere,
429 3819 530 3875 hoc
560 3828 664 3885 est,
696 3820 739 3873 si
768 3819 909 3888 loqui
953 3820 1268 3897 simpliciter
1294 3819 1562 3886 volumus,
1588 3834 1706 3873 cor-

132 3927 394 3981 rumpere.
430 3909 609 3979 Neque
640 3924 767 3963 vero
793 3909 1116 3963 credendum
1149 3920 1249 3971 εει,
1280 3924 1467 3963 omnes
1494 3911 1580 3976 qui
1611 3925 1705 3963 an-

132 4004 391 4072 tiquorum
418 4002 611 4067 scripta
634 4000 989 4054 cmendabant
1015 4016 1077 4055 eo
1098 4002 1276 4055 animo
1296 4002 1524 4069 ingenuo
1544 4000 1703 4056 luisse

131 4109 228 4161 quo
256 4092 358 4146 fuit
386 4091 672 4159 Eugenius,
708 4105 803 4144 nec
833 4099 938 4159 tam
973 4092 1226 4159 probabili
1257 4091 1460 4146 ratione
1491 4108 1705 4161 permo-

133 4196 228 4251 tos,
261 4196 317 4240 ut
341 4199 534 4238 ausum
558 4200 709 4237 suum
740 4184 889 4236 lateri
927 4198 1027 4237 non
1072 4184 1471 4241 erubescerent.
1510 4188 1702 4243 Verum

132 4296 189 4335 ex
215 4280 312 4333 hac
339 4280 459 4347 ipsa
483 4276 789 4346 praelatione
817 4286 961 4331 recte
981 4279 1237 4347 arguitur,
1269 4280 1371 4351 ιθ
1397 4282 1553 4336 etiam
1580 4292 1703 4336 tunc

135 4374 255 4428 vitio
278 4371 466 4428 datum
500 4371 661 4425 fuisse
706 4380 942 4425 veterum
990 4373 1306 4441 seiiptorutn
1336 4376 1543 4431 codices
1587 4376 1703 4430 sine

133 4463 263 4533 justa
290 4458 455 4520 causa
486 4463 810 4532 interpolare
837 4482 847 4516 :

246 4580 311 4630 Et
347 4580 463 4644 quis
488 4586 565 4629 est
582 4587 803 4639 veterum
822 4594 904 4642 qui
928 4582 1133 4630 carmina
1150 4582 1335 4631 mutat?

136 4785 394 4843 tarentur,
426 4784 479 4829 ut
501 4776 667 4831 codex
696 4777 794 4831 sub
822 4778 1042 4845 alicujus
1067 4779 1197 4832 certi
1229 4779 1457 4833 auctoris
1486 4785 1702 4837 nomine

136 4870 483 4935 proferretur,
509 4869 634 4938 quin
663 4869 729 4923 de
745 4870 1077 4925 correctione
1102 4870 1168 4923 ab
1190 4871 1294 4925 alio
1318 4871 1550 4927 adhibita
1575 4889 1704 4928 con-

135 4970 317 5014 staret.

202 5075 288 5129 l9.
321 5073 596 5143 Eugenius
640 5089 743 5128 non
772 5073 945 5127 solum
980 5088 1166 5142 poema
1215 5074 1481 5129 Dracontii
1528 5093 1704 5132 einen-

134 5164 306 5233 davit,
347 5179 531 5219 verum
560 5166 719 5219 etiam
752 5167 1239 5234 recapitulationem
1280 5176 1332 5222 et
1362 5170 1707 5238 supplemen-

136 5268 240 5312 tum
262 5260 331 5314 de
351 5259 440 5313 die
467 5260 694 5328 septimo
722 5258 944 5323 addidit,
974 5262 1222 5331 quoniam
1252 5264 1367 5316 sine
1394 5266 1570 5333 aliqua
1601 5265 1703 5320 diei

133 5350 343 5420 septimi
370 5353 879 5405 commemoratione
908 5366 1039 5419 opus
1070 5369 1276 5417 semitm,
1310 5363 1367 5407 ut
1394 5354 1505 5423 ipse
1532 5355 1704 5425 loqui-

136 5453 238 5513 tnr,
267 5446 354 5500 vel
387 5446 730 5511 semiplenam,
766 5454 821 5497 ut
847 5445 920 5498 ait
947 5446 1235 5500 lldel‘onsns
1260 5446 1311 5500 in
1335 5447 1557 5515 Eugenii
1588 5452 1702 5529 clo-

133 5535 241 5605 gio,
266 5535 343 5590 illi
374 5536 669 5591 videbatur.
705 5536 908 5592 Revera
950 5538 1000 5592 in
1030 5538 1292 5593 Dracontii
1336 5550 1580 5608 poemate
1622 5543 1705 5594 in-

136 5634 306 5694 tegro,
335 5636 397 5681 ut
422 5642 451 5680 a
481 5642 566 5683 me
595 5627 790 5696 editur,
817 5628 959 5684 nulla
986 5630 1123 5682 ratio
1148 5630 1254 5683 diei
1278 5631 1488 5699 septimi
1521 5631 1705 5687 haberi

134 5717 348 5773 debuit:
378 5732 497 5773 cum
531 5721 672 5774 enim
705 5721 970 5776 Dracontii
1005 5736 1193 5790 scopns
1227 5734 1369 5778 esset
1411 5724 1704 5781 bonitatem

135 5810 224 5865 Dei
247 5825 378 5879 erga
398 5810 636 5868 homines
657 5812 1000 5883 etjnstitiani,
1020 5816 1109 5868 sed
1130 5814 1418 5871 bonitatem
1451 5816 1698 5884 maxime,

1810 3350 1969 3403 etiam
2029 3350 2171 3405 Petri
2229 3352 2471 3422 Rigensis
2520 3372 2642 3427 snas
2699 3359 2856 3415 habet
2921 3365 3382 3433 recapitulationes

1812 3441 2085 3510 utrinSqne
2113 3442 2461 3510 Testatnenti,
2491 3462 2621 3517 quas
2650 3465 2716 3504 ex
2757 3468 2884 3506 mss.
2928 3454 3090 3510 edidit
3125 3457 3383 3530 Leyserus

1810 3530 1998 3585 histor.
2036 3533 2183 3589 l’oet.
2212 3537 2349 3590 med.
2378 3539 2473 3591 aevi
2508 3554 2625 3609 pag.
2660 3542 2780 3598 705.
2814 3545 2860 3599 Is
2881 3556 2962 3600 est
2992 3548 3179 3605 Petrus
3207 3551 3295 3607 ille
3318 3552 3384 3609 de

1812 3623 1939 3692 lliga
1960 3625 2027 3679 ab
2053 3640 2213 3695 opere
2240 3629 2557 3686 Anrorarins
2579 3633 2771 3699 dictus,
2806 3640 2893 3708 qui
2917 3656 3104 3711 magna
3135 3658 3198 3698 ex
3234 3656 3387 3714 parte

1808 3717 1979 3773 adhuc
2011 3720 2245 3783 ineditus
2286 3732 2388 3789 est,
2422 3728 2662 3792 quamvis
2700 3730 2913 3798 plenam
2944 3735 3059 3802 ejus
3089 3736 3381 3796 editionem

1809 3810 1956 3863 multi
1997 3811 2100 3864 sint
2132 3812 2369 3878 polliciti.
2404 3814 2587 3870 Romae
2610 3833 2668 3871 ea
2693 3820 2904 3890 egregie
2930 3823 2995 3877 ad
3021 3825 3224 3880 exitum
3257 3842 3381 3896 per-

1808 3899 1927 3952 duci
1960 3910 2169 3968 posset;
2194 3913 2315 3957 sunt
2336 3905 2476 3959 enim
2507 3909 2657 3962 multi
2684 3911 2895 3985 codices
2919 3929 3046 3970 mss.
3077 3917 3193 3986 ejus
3208 3921 3384 3989 operis
3468 3914 3471 3915 ⁷

1809 4005 1913 4043 non
1946 3991 2118 4046 solum
2150 3994 2199 4046 in
2224 3994 2545 4051 bibliotheca
2578 3999 2849 4068 Vaticana,
2890 4006 2984 4059 sed
3016 4008 3175 4062 etiam
3222 4008 3274 4063 in
3308 4020 3384 4065 ta«

1808 4081 2019 4135 bulario
2049 4082 2283 4137 basilicae
2312 4084 2577 4141 Vaticanm
2609 4090 2663 4143 S.
2697 4091 2864 4146 Petri.
2895 4094 2949 4149 in
2977 4096 3201 4167 aliisque
3233 4099 3388 4157 Urbis

1807 4173 2168 4229 bibliothecis.
2202 4176 2279 4230 Ad
2322 4193 2466 4234 meas
2503 4195 2713 4248 manus,
2744 4184 2868 4239 dum
2899 4188 3045 4243 aliud
3072 4206 3273 4259 quaero,
3310 4211 3389 4249 ve-

1806 4263 1884 4316 nit
1912 4265 2079 4319 codex
2113 4266 2451 4325 bibliotheca:
2483 4271 2771 4339 Vaticante,
2804 4292 2962 4346 quem
2990 4280 3157 4335 multo
3186 4286 3388 4339 auctio-

1805 4372 1917 4411 rem
1945 4357 2271 4427 deprehendi
2301 4378 2458 4431 qnam
2481 4365 2588 4420 sint
2607 4367 2819 4423 codices
2840 4384 2870 4424 a
2899 4371 3141 4428 Fabricio
3164 4375 3215 4428 in
3245 4376 3385 4431 Bibl.

1806 4449 1922 4504 Lat.
1956 4451 2095 4506 med.
2125 4462 2178 4506 et
2214 4454 2310 4508 inf.
2342 4457 2447 4511 aevi
2484 4458 2703 4514 laudati.
2736 4461 2813 4515 Ex
2854 4477 2918 4516 eo
2953 4463 3096 4518 clare
3124 4466 3386 4535 colligitur

1805 4544 2041 4597 carmina
2076 4544 2129 4598 in
2158 4544 2365 4600 Novum
2396 4547 2796 4605 Testamentum
2820 4552 3059 4621 ejusdem
3088 4553 3227 4609 Petri
3246 4569 3380 4626 opus

1614 4705 1621 4706 ί
1658 4705 1663 4706 ί
1730 4626 1785 4688 D
1809 4649 1951 4701 esse,
1979 4637 2119 4706 quod
2142 4640 2293 4693 multi
2324 4641 2375 4694 in
2404 4640 2625 4697 dubium
2656 4654 3056 4700 revocaverant.

136 4683 530 4741 lntolerandum
561 4694 705 4739 certe
735 4694 899 4750 esset,
928 4687 970 4740 si
1003 4688 1069 4739 ita
1095 4698 1329 4741 veterum
1360 4688 1556 4756 scripta
1581 4705 1701 4743 mu-
1733 4683 1794 4742 Ἀ

1878 4727 1966 4781 21.
2014 4728 2176 4798 Igitur
2214 4732 2707 4800 recapitulationem
2749 4736 2974 4807 Eugenii
3008 4752 3128 4793 cum
3171 4739 3386 4809 supple-

1810 4826 1990 4872 mento
2017 4820 2084 4873 ad
2125 4821 2467 4877 Dracontium
2500 4841 2644 4882 nunc
2671 4828 2951 4896 adjiciam;
2983 4829 3201 4886 decrevi
3240 4832 3384 4887 enim

1808 4912 1985 4964 omnia
2030 4927 2149 4980 quae
2189 4913 2253 4967 de
2287 4915 2577 4985 Dracontio
2622 4918 2894 4989 Eugenius
2936 4904 3175 4991 scripsit,
3206 4922 3261 4977 in
3305 4922 3386 4977 his

1810 5004 2203 5074 prolegomenis
2256 5007 2571 5075 producere,
2619 5019 2673 5063 et
2712 5010 2797 5066 his
2839 5011 2986 5067 locus
3028 5028 3135 5069 non
3180 5013 3386 5069 videtur

1811 5106 1928 5147 esse
1953 5094 2178 5163 alienus,
2197 5109 2258 5149 ac
2282 5094 2505 5151 fortasse
2522 5096 2657 5152 alius
2686 5102 3035 5170 opportunior
3061 5118 3166 5158 non
3194 5118 3385 5158 occur-

1814 5196 1916 5242 ret.
1946 5188 2078 5243 Nam
2119 5191 2348 5247 diversa:
2384 5192 2644 5249 lectiones
2684 5210 2805 5265 quae
2835 5197 2887 5251 in
2929 5202 3091 5268 opere
3121 5197 3388 5254 Dracontii

1815 5280 1882 5335 ab
1924 5280 2162 5351 Eugenio
2191 5286 2499 5353 emendato,
2548 5297 2601 5341 et
2651 5287 2704 5343 in
2752 5290 3073 5345 membranis
3122 5291 3389 5347 Vaticanis

1811 5371 2185 5442 observantur,
2220 5376 2415 5433 melius
2456 5380 2557 5432 sub
2601 5380 2728 5449 ipsis
2760 5381 3002 5435 versibus
3031 5383 3385 5451 proferentur.

1939 5465 2129 5534 Primus
2156 5468 2207 5534 _in
2234 5467 2484 5534 orbedies
2506 5470 2630 5534 lucis
2646 5471 2911 5534 primordia
2932 5474 3155 5534 sumpsit,

1936 5526 2072 5593 alter
2097 5527 2398 5593 Splendilluis
2431 5532 2606 5580 caelum
2632 5526 2835 5581 Ii'rmavit
2861 5534 2907 5580 in
2932 5526 3055 5593 oris;

1937 5588 2135 5655 'l‘ertius
2159 5589 2713 5655 undivagumimaredat
2749 5606 2856 5642 cum
2886 5588 3112 5655 germine
3137 5603 3300 5654 terra,

1937 5652 2145 5720 Quartus
2168 5652 2315 5720 habet
2339 5652 2595 5720 Phwbum,
2622 5652 2901 5720 lunamque,
2923 5662 2975 5705 et
2994 5657 3156 5706 sidera
3188 5652 3326 5720 caeli;

1939 5712 2145 5778 Quintus
2166 5712 2461 5778 plumigeras
2484 5712 2721 5774 volucres,
2744 5712 3003 5778 piéceSque
3026 5725 3275 5778 natantes;

1940 5772 2119 5844 ξοκιιιε
2141 5772 2499 5844 quadrupedes.
2525 5772 3099 5844 reptans,'_h_omi_nesque
3122 5772 3352 5844 sagaces;

1943 5835 2191 5893 Septimus
2216 5841 2291 5886 est
2317 5835 2520 5896 Domino
2542 5835 2745 5899 requies
2768 5841 2845 5893 his
2869 5841 2965 5889 rite
2992 5835 3216 5902 peractis.
