3942 6310
471 417 576 476 ili

596 530 697 578 Non
715 529 826 591 quia
855 527 1193 591 Cunctjpotens
1216 523 1423 571 humano
1445 534 1579 591 inore
1601 522 1793 591 laboret

594 583 807 651 Actibus,
828 599 908 638 aut
931 583 1084 651 fessus
1106 594 1291 651 quaerat
1320 585 1637 651 requiescere
1661 583 1877 651 tandem,

592 653 680 710 Qui
706 644 901 710 semper
933 644 1184 709 requietus
1208 647 1324 710 agit,
1351 644 1883 710 faciensqueAquiescit.

589 704 688 774 S‘ed
711 704 838 774 quod
856 722 991 774 sacra
1009 704 1153 774 quies
1175 704 1344 774 typicis
1361 706 1592 774 adoperta
1614 704 1781 774 figuris

594 768 743 824 Multi
767 781 907 830 gerat
928 768 1081 830 signis
1105 778 1156 818 et
1178 768 1353 829 pandat
1375 770 1566 828 mystica
1591 768 1739 814 nobis.

596 835 733 885 Dicta
755 826 844 882 ﬁci
870 826 1084 891 requies,
1112 826 1237 891 quod
1272 826 1548 887 rebusjure
1572 826 1802 891 creandis

599 847 733 885 Utcta
756 847 844 882 uel
870 847 925 880 rc
961 847 1084 889 utes,
1112 847 1237 891 qtqu
1272 847 1420 876 renus
1441 847 1548 887 iure
1572 847 1802 875 creuuuts

599 899 702 979 18
723 896 827 955 ipsa
849 847 1017 941 modus
1041 894 1219 979 fuerat,
1241 891 1425 979 cunctis
1450 897 1501 938 et
1522 890 1726 979 magi-ma
1759 886 1864 979 linis
1889 900 1898 934 :

597 955 716 1020 δ’εῇ
733 981 856 1016 nova
876 973 1086 1026 qumque
1107 962 1243 1019 liunt,
1268 961 1362 1018 jam
1400 967 1513 1006 tunc
1525 958 1694 1026 ‘ordita
1730 955 2009 1026 probantur.

593 1017 732 1080 Dicta
759 1029 846 1078 Dei
870 1017 1085 1084 requies,
1110 1017 1237 1083 quod
1264 1017 1420 1084 nostra
1446 1019 1722 1084 redemptio
1745 1017 1964 1066 Christus

596 1093 818 1142 ln'carne
846 1080 1141 1144 veniens,et
1159 1084 1316 1129 carnis
1340 1081 1490 1129 vincla
1522 1080 1793 1144 resolvens,

593 1153 698 1203 Hoc
723 1152 965 1200 redeunte
985 1147 1088 1206 die,
1113 1145 1235 1206 t‘elici
1270 1149 1424 1190 morte
1450 1143 1653 1206 quievit.

597 1199 733 1264 ﬁicta
757 1213 847 1262 Dei
873 1199 1091 1269 requies,
1115 1205 1242 1267 quod
1266 1217 1352 1251 nos
1377 1199 1481 1269 post
1504 1200 1639 1249 mille
1665 1199 1864 1269 labores

597 1277 740 1325 Solus
759 1263 1282 1332 ubique'lovcns'inse
1310 1266 1635 1332 requiescere
1653 1263 1785 1332 cogit
1811 1274 1822 1305 :

596 1323 701 1386 Nec
719 1323 875 1385 datur'
886 1332 980 1378 ulla
997 1332 1143 1390 quies
1165 1328 1373 1386 miseris,
1388 1323 1490 1390 nisi
1512 1323 1712 1390 suscipit
1737 1324 1857 1390 ipse.

599 1382 935 1457 Dicta—quoquc
960 1382 1033 1438 esi
1052 1390 1266 1449 requies,
1282 1382 1517 1457 mundana
1539 1383 1663 1457 quod
1688 1384 2049 1457 actio-praesens

600 1443 826 1509 llos-ise):
857 1443 1032 1501 laetatos
1050 1443 1169 1512 quas
1194 1443 1398 1496 mundus
1422 1449 1470 1512 in
1489 1443 1660 1512 ordine
1677 1443 1850 1504 currit,

596 1524 706 1571 Otia
731 1517 1006 1582 percipiens
1028 1510 1214 1581 mterna
1237 1522 1352 1570 pace
1375 1510 1597 1582 quiescit.

607 1565 959 1640 b‘iertiiquoqne
981 1585 1051 1622 ρει
1075 1565 1294 1640 requies,
1326 1565 1451 1640 qua?
1469 1569 1606 1640 nobis
1633 1565 1796 1613 ultima
1819 1576 1924 1612 sors
1953 1569 2050 1612 est.

601 1629 718 1693 iiii.
741 1629 850 1692 vitae
875 1629 1046 1686 cursus
1071 1629 1321 1681 mundana)
1345 1629 1482 1693 molis
1507 1629 1561 1676 ad
1583 1632 1746 1676 instar.

601 1692 703 1754 Sex
727 1710 839 1751 sunt
864 1706 1035 1747 aetates
1054 1696 1258 1754 homini,
1281 1692 1597 1754 sed-septima
1624 1700 1752 1754 mors
1773 1695 1871 1735 est.

606 1749 927 1815 i’rimavtenet
949 1767 1106 1808 ortum
1127 1749 1326 1814 generis
1351 1749 1549 1815 infantia
1573 1749 1780 1815 simplex
1796 1789 1807 1807 ,

601 1813 766 1878 Altera
789 1821 967 1872 deinde
992 1821 1095 1869 loco
1123 1813 1329 1878 pueritia
1352 1813 1511 1878 mollis
1532 1814 1757 1878 habetur,

599 1871 766 1940 ‘t‘iiriii
786 1871 894 1948 dum
913 1871 1156 1948 sequitur,
1189 1880 1289 1938 ipsa
1314 1877 1550 1946 vocitatur
1574 1871 1756 1948 adulta,

611 1936 786 2010 Quarta
805 1936 948 2009 'gerit
973 1936 1173 2010 virtutis
1187 1936 1330 2010 opem
1350 1936 1804 2010 speciosajuventa,

602 1997 777 2073 Quinta
803 1997 1000 2073 senecta
1027 2005 1206 2073 gravis,
1224 1997 1364 2073 'et‘in.
1377 1997 1545 2073 ultima
1571 2004 1789 2073 tempora
1815 2002 2058 2051 vergens;

602 2058 752 2125 §exta
779 2069 912 2118 venit
933 2058 1142 2122 senium,
1169 2058 1295 2125 quod
1324 2061 1434 2109 vitae
1458 2058 1690 2125 terminat
1710 2067 1883 2125 :evpm.

608 2116 858 2186 iiEJéiibi.
879 2142 968 2177 rex
989 2116 1198 2182 summe,
1217 2123 1356 2182 jussu
1375 2116 1814 2186 compulsuslierili

607 2180 1113 2249 :S-ervulus'Eugenius
1130 2180 1306 2233 devota
1331 2190 1498 2230 mente
1522 2180 1710 2228 dicavit.

556 2300 644 2354 2'3.
694 2290 1008 2349 Sirmondns
1039 2290 1135 2340 hos
1157 2299 1341 2340 versus
1371 2267 1489 2352 pest
1511 2275 1786 2350 epistolam
1825 2278 2056 2330 Dracon-

489 2395 545 2450 tii
572 2389 762 2461 posuit,
794 2383 988 2452 quibus
1021 2383 1157 2431 hunc
1182 2375 1396 2430 titulum
1428 2373 1654 2444 praeﬁxit
1686 2388 1698 2426 :
1737 2369 2063 2424 Monosticha

490 2472 916 2552 recapitulationis
945 2471 1140 2540 septimi
1167 2469 1289 2533 diei,
1314 2484 1345 2519 α
1371 2466 1433 2519 Β.
1468 2466 1718 2536 Eugenio,
1748 2466 1799 2516 in
1823 2465 1925 2530 ﬁne
1951 2462 2063 2514 libri

492 2559 751 2628 Dracontii
780 2562 1089 2636 adjicienda.
1122 2560 1296 2613 Prima
1324 2557 1486 2612 verba
1519 2555 1840 2609 Monosticha
1871 2554 2066 2620 recapi-

491 2660 745 2718 tulationis
781 2654 982 2726 septimi
1010 2651 1108 2703 diei
1138 2666 1205 2705 ex
1229 2649 1416 2704 codice
1445 2659 1654 2716 sumpta
1696 2656 1836 2707 sunt,
1873 2653 1927 2697 ut
1958 2644 2067 2696 col-

492 2755 581 2824 ligi
627 2750 831 2804 videtur
861 2761 924 2800 ex
959 2742 1199 2811 catalogo
1234 2740 1480 2795 biblioth.
1525 2754 1636 2808 reg.
1673 2738 1843 2791 Paris.
1878 2737 1930 2788 ln
1977 2749 2067 2787 co-

493 2848 608 2903 dice
639 2841 921 2912 Azagrensi
955 2854 1047 2908 pro
1073 2837 1271 2905 septimi
1300 2834 1399 2887 diei
1429 2833 1624 2887 rectius
1657 2833 1847 2901 legitur
1880 2839 2065 2898 septem

494 2942 711 3000 dierum,
745 2934 845 2988 nisi
877 2933 1010 2986 forte
1049 2927 1328 2999 legendum
1359 2927 1428 2980 sit
1459 2925 1782 2979 Monouicha
1813 2923 2068 2992 recapitu-

496 3032 698 3086 lationis
727 3046 814 3083 ira:
834 3028 1049 3090 dierum,
1083 3032 1127 3075 et
1157 3021 1562 3089 supplementum
1587 3016 1786 3086 septimi
1813 3016 1933 3067 diei.
1965 3015 2070 3066 llu-

496 3125 721 3195 jnsmodi
747 3118 1121 3185 iu-sm-iptioiies
1147 3114 1413 3183 pleneque
1436 3110 1771 3162 librariorum
1797 3117 1938 3173 sunt,
1966 3120 2068 3158 non

496 3223 789 3269 aucturum.
822 3210 1082 3275 [Cingonius
1114 3207 1225 3271 ipse
1253 3205 1306 3257 itt
1331 3202 1557 3271 epistola
1580 3201 1645 3255 ad
1666 3216 1845 3269 regem
1866 3202 1933 3253 ita
1957 3201 2063 3251 ait:

499 3305 602 3359 Sex
646 3302 841 3353 dierum
872 3294 1336 3365 recupitulationem
1377 3292 1590 3362 singulis
1634 3288 1913 3350 versiculis,
1946 3305 2070 3357 quos

499 3395 615 3449 olim
655 3391 875 3451 condidi,
913 3388 1144 3441 denotari
1170 3430 1182 3451 ,
1223 3385 1286 3439 de
1320 3385 1400 3436 die
1430 3401 1544 3437 vero
1583 3385 1798 3453 septimo
1828 3400 1936 3452 qua:
1967 3384 2069 3435 "ira

500 3497 611 3540 sunt
641 3484 855 3535 dicenda
883 3479 1146 3532 subnexui.
1174 3475 1248 3530 Ex
1279 3474 1472 3545 quibus
1505 3476 1587 3529 hic
1622 3474 1805 3528 titulus
1836 3473 1948 3528 erui
1978 3488 2069 3542 po-

499 3587 672 3632 terat:
707 3571 1076 3642 Recapitulatio
1103 3585 1191 3621 sex
1231 3569 1447 3630 dierum,
1484 3577 1528 3618 et
1562 3565 2066 3635 appendixg'cptimi.

501 3667 608 3723 Etsi
635 3675 811 3719 autent
839 3661 1168 3724 Sirmondns,
1201 3658 1428 3712 fortasse
1460 3671 1612 3709 suum
1641 3655 1884 3708 codicem
1917 3669 2070 3708 secu-

500 3772 603 3825 tus,
634 3756 1119 3826 recapitulatiouem
1143 3751 1381 3818 epistolae
1412 3749 1512 3819 19
1536 3746 1803 3801 Dracontii
1831 3745 2071 3812 Sllhjt'i'C'

499 3856 585 3920 rit,
623 3865 797 3906 tamen
840 3850 980 3902 illius
1023 3847 1167 3900 locus
1207 3845 1274 3898 ab
1312 3841 1546 3910 Eugenio
1589 3843 1894 3908 designatus
1944 3839 2069 3892 mihi

499 3945 706 3998 videtur
731 3942 893 3994 fuisse
923 3949 1040 4006 post
1071 3937 1229 3990 linem
1262 3933 1609 3996 liexaemeri,
1636 3933 1748 3984 sive
1773 3933 1890 3984 libri
1918 3931 2071 3998 primi

499 4032 750 4087 carminis
779 4028 1042 4082 Draconlii
1077 4028 1140 4078 de
1169 4026 1278 4077 Deo
1309 4041 1321 4074 :
1353 4038 1471 4075 nam
1497 4022 1775 4085 epistolam
1808 4020 2069 4073 Dracontii

499 4139 615 4177 cum
649 4131 889 4189 poemate
922 4120 988 4172 dc
1019 4117 1230 4184 opiﬁcio
1268 4131 1361 4168 sex
1393 4114 1600 4167 dierum
1643 4129 1745 4165 non
1776 4123 1856 4165 est
1889 4114 2069 4165 dicen-

499 4215 597 4267 dus
628 4210 948 4273 conludiSse,
982 4207 1082 4260 nisi
1128 4207 1263 4259 forte
1295 4205 1345 4257 in
1376 4205 1604 4272 aliquem
1636 4203 1878 4256 codicem
1920 4203 2073 4255 valde

499 4310 803 4370 corruptum
835 4310 886 4353 et
906 4299 1246 4366 depravatum
1281 4294 1542 4347 inciderit.
1577 4294 1632 4345 In
1658 4293 1841 4346 codice
1874 4293 2064 4346 biblio-

499 4396 669 4448 theca:
697 4388 1029 4453 Parisiensis,
1063 4401 1220 4454 quem
1251 4400 1393 4437 nmn.
1428 4382 1496 4435 47
1528 4382 1835 4443 recensebo,
1873 4383 2073 4435 iudica-

499 4493 584 4538 tur
623 4482 794 4535 solum
840 4474 1224 4540 Hexaemeron,
1258 4475 1373 4527 sive
1413 4473 1546 4527 liber
1588 4474 1790 4540 primus
1833 4473 2073 4527 versibus

498 4571 757 4637 heroiCis,
809 4569 891 4623 cui
945 4565 1147 4620 accedit
1206 4563 1426 4632 Eugenii
1485 4563 1908 4630 supplementum
1958 4562 2072 4615 sine

1860 409 2307 468 DRACONTIUS.

2076 545 2126 602 Α
2155 523 2359 587 tonsus,
2391 531 2595 578 certum
2623 503 2831 579 videtur
2860 540 2964 580 non
2996 526 3165 581 solum
3199 528 3593 591 Hexaemeron,
3646 528 3750 583 sed

3633 419 3741 474 612

2153 617 2428 685 epistolam
2459 618 2622 673 etiam
2654 617 2921 673 Dracontii
2941 618 3105 674 fuisse
3133 619 3496 682 emendatam,
3523 633 3749 674 servata

2154 715 2330 760 tamen
2376 713 2695 776 opportuna,
2723 707 3065 762 distinctione
3111 708 3249 762 inter
3280 709 3659 763 Hexaemeron
3693 719 3753 762 et

2154 795 2411 868 Elegiam.
2443 798 2553 852 lmo
2581 798 2721 867 quod
2752 799 2826 852 ait
2847 798 3117 867 Eugenius
3141 799 3208 854 de
3237 799 3485 854 versibus
3515 801 3752 867 quibus-

2154 881 2276 944 dam
2318 889 2597 954 detractis,
2629 889 2797 956 magis
2827 890 2878 942 in
2900 889 3124 956 epistola
3146 904 3302 958 quam
3331 891 3382 942 in
3404 887 3753 943 liexaemero

2156 979 2329 1033 locum
2360 978 2539 1040 habet,
2570 988 2626 1031 ut
2654 978 2950 1032 conferenti
2983 978 3262 1032 constabit.

2225 1070 2316 1124 25.
2359 1067 2602 1123 Afﬁrmat
2649 1069 2914 1137 Eugenius
2960 1084 3016 1121 se
3053 1068 3178 1122 olim
3207 1070 3503 1122 versiculos
3542 1070 3756 1137 quibus

2157 1161 2522 1230 re'capitulatio
2555 1161 2856 1215 continetur
2897 1161 3299 1230 composuisse;
3333 1159 3424 1213 sed
3468 1174 3574 1212 non
3613 1173 3757 1212 con-

2157 1261 2263 1306 stat
2303 1268 2369 1305 an
2411 1266 2504 1306 eos
2550 1251 2615 1305 ad
2665 1262 3034 1321 argumentum
3074 1250 3343 1305 Dracontii
3392 1250 3790 1306 indicandum

2157 1342 2556 1410 conscripserit,
2581 1358 2648 1396 an
2675 1343 2846 1396 solum
2876 1343 2942 1395 ad
2973 1341 3152 1395 mundi
3182 1342 3507 1396 creationem
3534 1357 3606 1395 ex
3643 1341 3758 1395 Ge-

2159 1436 2270 1488 nesi
2302 1435 2480 1501 paucis
2506 1435 2747 1487 versibus
2771 1432 3350 1501 comprehendendam.
3380 1432 3490 1487 Hoc
3523 1441 3762 1499 postre-

2161 1539 2302 1580 mum
2336 1528 2502 1594 magis
2529 1526 2728 1580 arridet
2760 1545 2769 1576 :
2803 1541 2922 1579 nam
2966 1527 3106 1580 inter
3147 1535 3336 1580 caetera
3367 1525 3590 1595 Eugenii
3630 1539 3762 1579 car.

2161 1619 2301 1673 mina
2330 1619 2420 1672 lib.
2453 1635 2489 1684 I,
2524 1635 2667 1674 nunt.
2706 1619 2792 1683 l9,
2825 1627 2998 1672 exstat
3027 1617 3408 1687 Heptametr’um
3429 1619 3493 1670 de
3515 1618 3759 1687 primor-

2162 1711 2245 1764 dio
2275 1713 2472 1779 mundi,
2505 1711 2751 1766 videlicet
2779 1711 2932 1779 primi
2956 1721 3158 1778 septem
3189 1724 3372 1762 versus
3410 1709 3761 1777 recapitnl‘ao

2164 1804 2344 1859 tionis.
2380 1806 2432 1858 In
2477 1803 2662 1857 codice
2699 1802 2952 1856 Vaticano
2993 1801 3352 1858 Alexandrino
3391 1815 3542 1854 num.
3570 1801 3760 1864 2078;

2091 1895 2341 1978 Bsmculi
2395 1910 2477 1957 nx,
2532 1903 2651 1962 post
2696 1894 2798 1947 alia
2847 1908 3009 1962 opera
3060 1892 3432 1946 exscribuntnr
3479 1892 3764 1944 nonnulla

2162 1986 2396 2038 carmina
2447 1985 2663 2054 Eugenii
2715 1984 2815 2037 hoc
2865 1984 3017 2036 titulo
3049 1999 3063 2036 :
3099 1981 3298 2052 Incipit
3328 1983 3647 2046 opusculum
3691 1979 3760 2033 Β.

2165 2077 2386 2147 Eugenii
2408 2079 2647 2148 episcopi.
2679 2078 2895 2132 Sextum
2924 2091 3140 2131 carmen
3181 2083 3263 2131 est
3294 2076 3392 2128 hoc
3421 2075 3598 2142 ipsum
3637 2073 3762 2127 He-

2165 2182 2447 2242 ptametron
2502 2172 2563 2224 de
2612 2170 2890 2239 primordio
2935 2170 3133 2222 mundi.
3186 2168 3238 2221 In
3287 2169 3526 2236 catalogo
3579 2166 3761 2220 codd.

2169 2280 2296 2318 mss.
2331 2263 2665 2318 bibliothecae
2697 2261 3022 2315 Florentium
3048 2260 3154 2330 20
3182 2257 3570 2320 Laurentianze,
3610 2267 3761 2311 tom.

2170 2352 2232 2420 ll,
2256 2356 2360 2409 col.
2392 2353 2518 2418 752,
2557 2356 2696 2408 inter
2726 2354 3062 2407 miscellanea
3106 2352 3302 2404 sacculo
3333 2363 3363 2402 ι
3389 2359 3478 2402 aut
3508 2363 3585 2413 ιι,
3625 2363 3765 2416 per-

2169 2449 2362 2514 sirripta
2401 2445 2703 2498 indicantur
2727 2459 2754 2495 a
2785 2442 3043 2496 Bandinio
3091 2439 3278 2492 Versus
3299 2445 3486 2506 septem
3515 2438 3763 2500 dierum,

2169 2541 2270 2593 sive
2303 2539 2618 2592 Monoeticha
2664 2537 2726 2588 de
2765 2552 2835 2589 vlt
2865 2536 3038 2589 diebus
3067 2532 3416 2587 hebdomadis.
3456 2530 3675 2584 Diversi
3710 2531 3769 2584 hi

2171 2643 2295 2686 sunt
2323 2645 2352 2683 a
2384 2629 2624 2682 versibus
2661 2628 2904 2697 Eugenii,
2937 2637 2992 2678 ut
3023 2641 3086 2679 ex
3120 2625 3330 2678 illorum
3377 2623 3546 2691 primo
3572 2631 3768 2689 patet,

2177 2721 2351 2775 Prima
2394 2721 2500 2774 dies
2533 2719 2719 2773 Phoebo
2749 2727 2978 2771 sacratas
3019 2717 3224 2769 numine
3248 2715 3427 2785 fulget,
3459 2721 3515 2766 et
3548 2713 3772 2766 clarius

2174 2815 2285 2866 Itatc
2314 2811 2666 2880 discrepantia
2718 2809 3161 2863 animadvertitur
3190 2807 3240 2859 in
3272 2805 3453 2857 codice
3485 2802 3774 2858 Vaticano

2176 2905 2430 2959 Urbinate
2455 2903 2580 2964 584,
2605 2902 2727 2954 olim
2759 2900 2863 2954 828
2888 2939 2904 2964 ,
2936 2899 3020 2953 ubi
3055 2907 3171 2964 post
3194 2893 3537 2949 niultosalios
3556 2907 3779 2948 versus

2175 3000 2366 3052 inserta
2396 3004 2519 3049 mut
2546 2993 2780 3048 carmina
2813 2991 3146 3045 diversorum
3174 2989 3240 3041 de
3263 3002 3423 3048 anno,
3448 2985 3776 3051 mensibus,

2177 3087 2615 3150 hebdomadibus,
2649 3095 2778 3149 etc.,
2809 3095 2863 3138 et
2904 3085 3131 3150 primum
3156 3090 3236 3135 est
3265 3080 3338 3132 De
3365 3093 3431 3130 vn
3455 3075 3648 3128 diebus
3681 3078 3779 3129 he-

2178 3178 2464 3240 bdontadis,
2502 3187 2555 3230 et
2587 3177 2786 3244 primus
2829 3190 3012 3228 versus
3043 3175 3337 3226 correctior
3377 3183 3531 3239 quam
3576 3168 3641 3220 in
3675 3183 3780 3222 co-

2100 3289 2146 3352 ς
2177 3273 2291 3325 dice
2337 3269 2673 3332 Florentino,
2725 3266 2899 3319 Prima
2940 3265 3046 3318 dies
3089 3263 3265 3317 Phoebi
3309 3267 3502 3315 sacrato
3542 3261 3780 3312 nomine

2177 3369 2354 3438 fulget.
2389 3367 2574 3419 Scrnto
2600 3363 2740 3416 enim
2767 3372 2842 3415 εει
2889 3360 2953 3413 de
2987 3356 3335 3412 hebdomadis
3360 3352 3562 3416 diebus,
3602 3354 3712 3421 qui
3743 3368 3776 3406 ι

2174 3459 2449 3527 gentilium
2483 3459 2584 3510 diis
2614 3471 2805 3511 nomen
2835 3455 3087 3508 retinent.

2244 3552 2332 3605 24.
2390 3550 2440 3603 In
2475 3550 2717 3602 versibus
2758 3546 2974 3614 Eugenii
3021 3547 3132 3596 haec
3171 3538 3398 3595 notanda
3435 3547 3771 3592 occurrunt.

2175 3643 2330 3698 Vers.
2375 3645 2426 3701 6.
2470 3641 2784 3695 Sirmondns
2813 3637 2970 3692 edidit
3016 3637 3341 3701 hominesque
3377 3634 3606 3702 fugaces.
3655 3634 3778 3689 Sed

2176 3737 2496 3803 hominesque
2521 3746 2726 3800 sagaces
2759 3731 2870 3799 ipse
2895 3729 3134 3782 ediderat
3159 3727 3296 3779 inter
3319 3722 3549 3777 carmina
3575 3722 3780 3792 Euge-
3809 3710 3818 3719 ’

2176 3827 2250 3880 nii
2282 3827 2331 3878 in
2367 3826 2700 3891 heptametro
2737 3820 2802 3873 dc
2847 3834 2915 3872 vu
2963 3819 3152 3872 diebus
3190 3828 3241 3870 et
3287 3817 3338 3869 in
3371 3815 3553 3870 codice
3583 3814 3779 3868 Tole-

2178 3931 2320 3981 tano,
2355 3917 2405 3968 in
2438 3916 2711 3980 Vaticano,
2743 3922 2797 3966 et
2827 3931 2853 3965 a
2883 3910 3174 3965 llridelerto
3207 3908 3529 3963 Ramcsiensi
3557 3909 3636 3961 ad
3670 3909 3778 3962 Be-

2176 4012 2256 4063 da:
2287 4021 2412 4061 tom.
2439 4007 2497 4070 ll,
2527 4021 2643 4074 pag.
2670 4004 2756 4067 70,
2789 4002 2876 4056 ubi
2896 4013 3097 4070 septem
3119 4003 3319 4070 primos
3339 4013 3521 4053 versus
3545 3998 3778 4064 profert

2176 4102 2367 4168 legitur
2397 4098 2718 4162 hominesque
2760 4109 2986 4164 sagaces,
3028 4109 3148 4161 qua:
3180 4106 3299 4148 vera
3329 4100 3410 4145 est
3433 4089 3721 4156 scriptura
3761 4108 3776 4147 :

2179 4207 2297 4243 nam
2339 4203 2499 4257 sagax
2525 4201 2621 4254 pro
2645 4186 2863 4239 rationis
2896 4184 3148 4253 participe
3176 4194 3227 4237 et
3259 4181 3551 4250 perSpicaci
3578 4184 3768 4236 sumi-

2180 4292 2280 4334 tur.
2309 4278 2586 4353 Hclpidius
2610 4278 2659 4330 in
2689 4278 2925 4330 carmine
2954 4275 3020 4330 de
3047 4275 3170 4329 Jcsu
3200 4273 3394 4328 Christi
3423 4272 3612 4326 Benef.
3655 4292 3671 4325 :

2300 4399 2566 4446 Contentus
2589 4401 2900 4456 nostrumque
2930 4408 3088 4459 genus
3111 4395 3297 4442 ratione
3320 4392 3497 4455 sagaci,

2299 4461 2357 4510 Et
2380 4461 2490 4508 forti
2511 4460 2725 4508 munisse
2749 4472 2907 4505 manu.

2177 4565 2362 4618 Cicero
2404 4579 2438 4616 ιι
2473 4565 2538 4616 de
2583 4561 2780 4624 Fiuib.,
2821 4575 2936 4627 cap.
2975 4559 3058 4624 Η,
3096 4558 3340 4618 Homines
3369 4557 3467 4609 hoc
3510 4573 3541 4610 α
3581 4557 3766 4612 bestiis

502 4667 590 4720 illa
604 4664 840 4734 epistola:
859 4656 1402 4725 menti0iie.;Epistola
1426 4656 1559 4722 ipsa,
1581 4654 1790 4706 utcdita
1805 4662 1886 4707 est
1909 4670 1936 4707 a
1955 4653 2067 4708 Sir-
2100 4665 2152 4725 ι)
2177 4660 2455 4729 plurimum
2499 4655 2763 4722 (li/ferunt,
2795 4655 2928 4721 quod
2975 4653 3222 4705 rationem
3250 4650 3465 4704 habeant
3494 4667 3525 4702 a
3567 4661 3770 4704 tratum

454 4766 459 4772 '
497 4755 693 4812 mondo
719 4762 772 4808 et
796 4755 845 4806 in
877 4750 1203 4805 ColleCtionc
1235 4747 1448 4799 Patrum
1481 4747 1886 4806 'l‘ulelanorum,
1920 4746 1964 4800 si
1991 4756 2070 4800 at-

499 4857 641 4903 tente
675 4845 943 4914 inspicias,
1000 4853 1103 4894 non
1148 4841 1373 4893 obscure
1421 4838 1749 4890 demonstrat
1791 4827 1932 4889 nihil
1970 4838 2068 4905 ipsi

495 4953 616 4993 esse
647 4949 775 4990 cum
797 4935 1032 4988 carmine
1062 4931 1126 4984 de
1157 4945 1246 4983 sex
1279 4928 1482 4981 diebus.
1528 4925 1741 4980 Certum
1791 4923 1919 4978 illud
1968 4937 2068 4991 est,

496 5027 986 5098 recapitulationetn
1035 5024 1100 5075 ab
1135 5019 1369 5089 Eugenio
1397 5019 1654 5085 adjectum
1685 5017 1735 5068 in
1781 5018 1881 5084 ﬁne
1913 5016 2071 5069 libelli

497 5138 602 5191 quo
647 5120 960 5191 Dracontius
995 5115 1358 5167 llexaemeron
1401 5109 1709 5176 complexus
1738 5121 1837 5162 ρει.
1869 5111 1932 5162 Εῑ
1962 5109 2075 5162 11ωο

495 5223 577 5268 est
605 5212 739 5266 ratio
763 5225 856 5263 cur
882 5188 1234 5276 recapitulatio
1262 5203 1484 5257 dicatur.
1521 5202 1908 5273 Recapitulatio
1930 5205 2070 5257 enim

495 5306 547 5358 in
580 5302 744 5355 sacris
781 5297 992 5352 Litteris
1036 5296 1352 5363 appellatur,
1401 5308 1520 5345 cum
1554 5295 1815 5360 scriptura
1846 5293 1979 5346 redit
2008 5293 2073 5346 ad

497 5393 623 5448 illud
651 5392 802 5458 cujus
836 5387 1065 5442 narratio
1081 5385 1188 5453 jam
1220 5383 1522 5446 transierat,
1554 5394 1606 5434 ut
1643 5391 1760 5449 post
1790 5379 2068 5435 Ticonium

494 5492 550 5536 et
577 5482 922 5549 Augnsnnnm
952 5477 1182 5545 explicat
1212 5473 1442 5528 Isidorus
1485 5473 1575 5526 lib.
1607 5489 1619 5526 ι
1651 5473 1915 5536 Sentent.,
1943 5488 2062 5540 cap.

497 5575 622 5637 109,
665 5582 717 5626 et
766 5572 865 5623 hoc
911 5572 1018 5622 fere
1065 5580 1226 5620 sensu
1274 5565 1437 5618 verbo
1486 5564 1859 5630 recapitulandi
1903 5567 2067 5616 ntitnr

495 5663 848 5719 Tertullianus
901 5660 993 5714 lib.
1045 5673 1076 5712 v
1126 5657 1335 5712 advers.
1392 5657 1668 5722 Marciam,
1718 5672 1836 5727 cap.
1888 5660 1972 5723 l7,
2014 5668 2067 5712 et

496 5755 904 5810 Commodianus
927 5766 1094 5806 carm.
1124 5753 1211 5804 41.
1258 5751 1362 5804 Sed
1390 5765 1508 5803 cum
1542 5750 1811 5817 Eugenius
1840 5750 1980 5804 dicat
2007 5753 2067 5803 li-

497 5845 668 5900 bellos
697 5843 954 5893 Dracontii
987 5859 1010 5894 λ
1039 5854 1097 5895 se
1123 5850 1411 5904 correctos,
1443 5839 1599 5893 idene
1621 5841 1902 5896 conﬁrmet
1927 5842 2061 5896 lide-

2178 4752 2373 4813 datam,
2405 4758 2713 4814 mentemque
2739 4756 2784 4799 et
2813 4760 3003 4805 acrem,
3029 4753 3072 4796 et
3100 4745 3364 4813 vigentem,
3395 4743 3790 4812 celerrimeque-

2179 4843 2338 4894 multa
2361 4839 2660 4906 agitantem,
2691 4846 2761 4898 et,
2788 4846 2839 4887 ut
2864 4837 2934 4886 ita
2958 4835 3145 4900 dicam,
3177 4849 3432 4903 sagacem.
3466 4833 3613 4886 νοτε.
3643 4834 3681 4885 8
3711 4847 3770 4888 et

2178 4933 2231 4992 9,
2277 4927 2706 4996 distinguendum
2751 4936 2874 4994 puto
2923 4925 3136 4988 laboret,
3188 4925 3389 4975 Actibus
3434 4933 3520 4976 aut
3568 4924 3764 4990 fessus.

2179 5021 2304 5074 Post
2334 5035 2469 5072 vers.
2511 5019 2590 5082 l2,
2623 5017 2785 5069 Multa
2817 5026 2977 5086 gerat,
3004 5027 3110 5069 tres
3131 5015 3220 5082 qui
3242 5024 3535 5082 sequuntur
3560 5012 3767 5066 desunt

2182 5115 2231 5166 in
2263 5112 2569 5173 Sirmondo,
2613 5110 2705 5163 sed
2736 5125 2796 5162 ex
2831 5107 2947 5160 cod.
2997 5106 3164 5160 'l‘olct.
3200 5105 3364 5160 additi
3397 5115 3521 5158 sunt
3552 5106 3601 5157 in
3623 5127 3626 5129 λ
3650 5106 3766 5158 edi-

2180 5207 2320 5258 tione
2352 5204 2664 5256 lllatritensi.
2713 5201 2857 5252 ναι-π.
2891 5201 2979 5262 24,
3017 5200 3066 5251 in
3099 5199 3216 5252 cod.
3255 5199 3452 5261 Tolet.,
3483 5199 3589 5250 otia
3629 5213 3764 5266 pric-

2177 5298 2386 5360 cipicns.
2424 5293 2575 5346 Veis.
2611 5293 2698 5355 9.6,
2738 5291 2953 5344 llivinus
2982 5305 3045 5343 ex
3082 5290 3388 5355 conjectura
3420 5289 3540 5356 legit
3568 5331 3582 5354 ,
3619 5287 3760 5340 Nam

2177 5389 2286 5439 vita:
2320 5401 2470 5436 curm
2501 5383 2771 5435 mundana:
2803 5382 2950 5435 molis
2979 5381 3045 5433 ad
3073 5380 3252 5444 instar,
3288 5379 3395 5432 Sex
3417 5391 3534 5430 sunt
3561 5388 3755 5436 letales.

2172 5487 2273 5532 etc.
2305 5477 2408 5531 Sed
2442 5476 2597 5530 lectio
2625 5475 2865 5528 codicum
2891 5473 3164 5527 retinenda
3196 5482 3298 5525 est.
3329 5469 3480 5526 Vers.
3509 5467 3600 5535 27,
3633 5473 3755 5525 cod.

2171 5569 2372 5631 Tolet.,
2403 5575 2573 5620 letales
2600 5566 2886 5618 hominum.
2913 5563 3065 5618 Vers.
3091 5563 3179 5626 29,
3218 5563 3536 5619 Sirmondns
3563 5561 3751 5627 edidit,

2173 5661 2343 5712 Altera
2365 5657 2548 5711 deinde
2574 5657 2793 5725 pueritia
2827 5654 2997 5708 mollis
3024 5655 3256 5708 habetur.
3303 5654 3552 5723 Riviuus,
3579 5654 3754 5706 Altera

2171 5751 2351 5803 deinde
2379 5749 2593 5801 hominis
2621 5748 2835 5817 pueritia
2872 5745 3044 5800 mollis
3074 5746 3306 5811 habetur,
3343 5744 3436 5799 sed
3469 5745 3519 5797 in
3563 5743 3756 5799 erratis

2171 5843 2400 5896 correxit
2451 5842 2621 5895 Altera
2669 5839 2850 5892 deinde
2889 5845 3011 5893 tetas
3051 5837 3264 5904 pueritia
3304 5835 3466 5890 mollis
3509 5837 3746 5899 habetur,
