3942 6310
1808 302 1961 315 --ωνλνι

188 402 283 456 eis
907 357 910 361 ’
1546 388 2051 446 ΡιιοιιεροιιεΝΑ

3322 391 3422 449 611

187 515 319 585 quia,
349 522 404 565 ut
432 520 530 575 ait,
574 510 753 563 deerat
784 509 902 562 talis
925 509 1097 577 aliqua
1129 507 1334 561 vocula.
1364 507 1543 562 Codex
1570 506 1743 561 Tolet.
1774 509 1822 567 Α
1848 520 1972 560 mus
2002 506 2307 561 Loreuzana
2336 508 2602 575 opusculis
2637 506 2775 561 illius
2806 507 3116 577 praeposuit.
3148 502 3221 564 De
3248 510 3425 580 sepul-

188 605 335 659 habet
365 604 493 654 loco.
530 599 681 654 Vers.
712 598 799 663 51,
833 613 927 667 pro
952 614 1095 666 opem
1125 597 1373 651 libentius
1395 599 1567 667 legam
1596 610 1742 664 aptis.

188 694 489 749 Dracontius
516 693 607 744 lib.
642 708 700 754 ιι,
735 705 875 743 vers.
914 689 1036 753 114,
1074 686 1142 743 Ut
1172 692 1356 758 faceret
1398 691 1499 759 21
1547 688 1749 741 virtutis

184 802 322 853 aptis,
356 794 408 838 et
433 783 521 836 lib.
555 798 627 846 ιιι,
664 797 804 836 vers.
836 783 963 847 211,
996 778 1174 850 Exegit
1196 782 1393 833 virtutis
1420 797 1564 849 opus.
1596 779 1743 834 νει-ελ.

176 877 259 942 32,
293 877 627 939 Sirmondus,
657 877 823 945 gravis
840 877 907 927 ad
932 876 1147 939 ultima;
1177 876 1364 929 melius
1403 874 1519 928 cod.
1548 874 1746 941 'l‘olet.,

180 970 338 1039 gravis
370 978 412 1021 et
438 968 490 1019 in
524 968 701 1019 ultima
730 984 749 1019 :
783 976 959 1033 posset
985 966 1145 1019 etiam
1175 966 1342 1036 gravis
1370 975 1417 1017 et
1445 965 1513 1016 ad
1544 966 1743 1018 ultima.

188 1060 333 1114 Vcrs.
361 1060 451 1121 5'5,
484 1069 626 1111 recte
668 1058 932 1126 Eugenius
962 1059 1167 1109 senium
1198 1071 1226 1109 a
1265 1052 1537 1111 senectute
1559 1056 1747 1109 distin-

180 1156 309 1213 guit.
352 1151 585 1205 Isidorus
617 1150 708 1203 111).
754 1167 767 1201 ι
814 1147 1109 1215 DilI'erent.,
1155 1147 1397 1202 Senectus
1443 1158 1512 1201 est
1543 1149 1746 1217 gravior

178 1254 295 1296 mtas
329 1252 437 1310 post
458 1247 769 1311 juventutem
805 1242 1096 1293 succedens.
1131 1241 1342 1293 Senium
1367 1249 1535 1292 autem
1566 1241 1746 1291 uttinta

177 1344 292 1385 tetas
316 1342 427 1399 post
448 1335 741 1402 gravitatem
767 1332 980 1383 veniens.
1008 1329 1362 1383 Nihilominus
1386 1330 1617 1383 Isidorus
1648 1329 1741 1383 lib.

179 1441 223 1475 si
254 1423 483 1491 Origin.,
511 1438 629 1490 cap.
672 1422 727 1487 2,
759 1423 912 1475 aliter
937 1436 1027 1473 se:
1056 1430 1239 1474 anates
1276 1422 1503 1474 hominis
1528 1435 1745 1474 enume-

175 1526 291 1568 rat:
331 1530 449 1567 nam
499 1523 702 1568 sextam
749 1515 929 1565 statuit
961 1520 1311 1577 senectutem,
1352 1511 1504 1577 cujus
1553 1511 1739 1563 ultima

177 1621 294 1672 pars
322 1615 404 1659 est
425 1606 653 1658 senium.
683 1601 875 1657 Confer
894 1610 1069 1654 notam
1093 1603 1155 1653 ad
1182 1615 1323 1655 vers.
1348 1600 1454 1653 225
1471 1601 1605 1669 eleg.
1632 1600 1745 1653 Οι-

173 1706 342 1749 terum
395 1695 724 1764 comparatio
781 1708 871 1747 sex
928 1692 1133 1746 dierum
1189 1707 1307 1745 cum
1356 1706 1449 1745 ses
1501 1693 1744 1745 aatatibus

172 1788 352 1840 mundi
373 1787 657 1853 desumpta
683 1792 764 1838 est
790 1800 856 1838 ex
878 1785 932 1838 S.
962 1782 1256 1851 Augusuno
1286 1783 1378 1835 lib.
1410 1797 1425 1833 ι
1456 1782 1523 1835 de
1545 1782 1742 1837 Genesi

170 1887 351 1930 contra
376 1876 603 1930 Manich.
638 1875 805 1932 Versu
835 1872 1021 1927 ultimo
1050 1874 1257 1925 mallem
1283 1874 1464 1925 dicavi.

775 1985 1002 2041 CAPUT
1044 1986 1123 2039 111,

169 2083 223 2137 S.
253 2083 502 2151 lldcfonsi
534 2082 789 2150 judicium
817 2081 877 2133 de
910 2074 1184 2132 Dracontio
1226 2096 1378 2147 opera
1422 2080 1480 2133 S.
1525 2074 1742 2149 Engenii

234 2170 315 2206 em
328 2154 534 2207 endato.
564 2152 829 2205 Dracontii
859 2166 985 2219 apus
1015 2151 1067 2203 in
1098 2152 1341 2219 Catalogo
1369 2152 1614 2203 librorum
1646 2164 1743 2204 stv-

140 2262 143 2263 ν
232 2225 336 2276 culi
361 2240 386 2277 ι
418 2224 717 2297 indicatum.

230 2334 323 2386 25.
360 2332 438 2385 Ad
468 2332 526 2387 S.
554 2332 877 2386 Ildelonsum
906 2346 1046 2385 nunc
1076 2332 1409 2400 progredior,
1439 2333 1525 2401 qui
1553 2334 1744 2387 inele-

162 2425 247 2490 gio
279 2423 337 2478 S.
373 2422 593 2491 Eugenii
614 2423 1039 2477 emendationem
1076 2421 1340 2475 Dracontii
1368 2423 1437 2475 ab
1455 2438 1523 2476 eo
1552 2422 1741 2476 factum

165 2516 420 2568 laudavit.
474 2514 655 2583 Neque
716 2514 1061 2581 injucundum
1112 2515 1213 2567 erit
1282 2523 1446 2565 totum
1511 2514 1739 2581 eleg-ium

161 2608 371 2661 audire.
410 2607 480 2659 Ita
510 2621 637 2675 ergo
659 2606 817 2659 habet
844 2619 961 2671 cap.
996 2605 1063 2658 14
1093 2603 1161 2657 de
1190 2602 1313 2656 Vir.
1336 2603 1532 2657 illustr.
1565 2620 1579 2656 :
1613 2604 1742 2657 Item

162 2698 425 2768 Eugenius
471 2696 601 2749 alter
646 2707 757 2763 post
803 2692 1085 2763 Eugenium
1141 2695 1372 2763 pontifex
1419 2694 1737 2762 subrogatur.

162 2788 268 2842 llic
316 2806 429 2841 cum
475 2787 700 2841 ecclesia:
740 2789 890 2856 regite
928 2787 1141 2839 clericus
1170 2794 1297 2838 esset
1344 2787 1593 2855 egregius,
1638 2787 1740 2839 vita

158 2882 399 2934 monachi
420 2882 695 2933 delectatus
722 2888 816 2933 est.
855 2879 955 2944 Qui
985 2879 1152 2947 sagaci
1184 2879 1305 2948 fuga
1339 2877 1510 2930 urbem
1542 2878 1740 2932 Cesari-

158 2981 502 3041 augustunam
532 2981 701 3037 petens
727 3014 739 3036 ,
782 2971 890 3022 illic
919 2980 1201 3037 martyrum
1228 2970 1475 3038 sepulcris
1513 2970 1734 3036 inhaesit,

155 3064 329 3132 ibique
365 3062 533 3115 studia
560 3063 843 3128 sapientia,
876 3071 921 3113 et
951 3060 1262 3129 prepositum
1292 3060 1528 3112 monachi
1558 3061 1738 3114 decerv-

155 3165 233 3209 ter
264 3155 476 3207 incoluit
508 3172 527 3207 :
558 3154 690 3207 unde
727 3154 997 3221 principali
1022 3153 1260 3205 violentia
1290 3153 1551 3217 reductus,
1586 3163 1737 3222 atque

1850 601 1955 655 oris
1978 609 2265 667 martyrum
2309 599 2904 670 Cmsaraugustanorum
2937 600 3043 655 dixi
3076 602 3141 656 ad
3172 604 3424 673 hymnum

1852 692 2123 746 Prudentii
2158 692 2457 760 Peristeph.
2499 696 2549 755 4,
2585 694 2671 761 qui
2703 694 2875 747 estde
2903 693 3199 747 octodecim
3230 704 3427 764 marty-

1850 786 1996 838 ribUS
2036 783 2547 853 Cmsarauguslanis.
2580 784 2735 851 Quod
2784 784 2856 837 ait
2895 784 3192 838 lIdefonsus
3228 786 3424 853 princi-

1851 873 1955 941 pali
1994 874 2251 939 violentia,
2290 874 2534 942 intelligit
2559 874 2810 943 principis
2838 887 2928 927 seu
2954 874 3092 941 regis
3114 874 3422 943 imperiunm;

1854 964 2109 1017 decretum
2142 965 2305 1017 divale
2342 964 2480 1017 dixit
2528 963 2815 1035 Eugenius,
2846 973 2907 1018 et
2931 964 2982 1018 in
3012 965 3241 1019 concilio
3271 966 3425 1019 Tole-

1859 1064 1981 1107 tano
2011 1044 2102 1107 vni
2131 1054 2287 1107 verba
2320 1054 2448 1123 legis
2480 1054 2638 1108 edita:
2666 1069 2695 1107 a
2724 1054 3112 1109 Reccesvintho
3133 1064 3256 1109 sunt
3282 1073 3293 1105 :
3326 1056 3423 1109 Des

1850 1157 2049 1199 cretum
2068 1149 2249 1200 diralis
2277 1148 2606 1201 observantiae
2632 1150 3031 1217 promulgamus.
3068 1150 3153 1202 lla
3172 1150 3422 1220 principa-

1849 1236 1910 1289 lis
1956 1238 2220 1306 accipiuot
2252 1238 2506 1304 Velleius,
2539 1238 2775 1301 Tacitus,
2807 1238 3033 1303 Plinius,
3079 1238 3419 1303 Prudentius‘,

1849 1328 1956 1382 alii.
1987 1329 2239 1394 Quaedam
2269 1330 2412 1383 leves
2435 1329 2811 1397 discrepantia:
2836 1330 2888 1382 in
2920 1329 3155 1384 editione
3184 1329 3424 1385 Sirmon-

1849 1419 2002 1471 diana
2052 1422 2221 1473 notari
2258 1431 2514 1488 possunt,
2546 1430 2604 1475 ut
2638 1420 2749 1475 haec
2782 1422 2834 1474 in
2868 1420 2971 1475 line
2998 1430 3128 1474 tenet
3153 1420 3423 1474 habitatio-

1849 1524 1960 1561 nem
2002 1512 2241 1579 sepulcri.
2289 1509 2455 1565 Nicol.
2490 1510 2751 1567 Antonius
2795 1512 3098 1580 suspicatur
3138 1512 3418 1581 legendum

1848 1602 2057 1654 meliora
2085 1602 2396 1670 conﬁciendo
2421 1618 2517 1671 pro
2546 1604 2764 1656 meliora
2790 1585 3129 1673 cbnjiciendo.
3158 1602 3422 1657 Judicium

1852 1708 1978 1745 vero
2012 1694 2286 1762 Ildcfonsi,
2318 1694 2458 1763 quod
2501 1694 2664 1749 libelli
2706 1694 2973 1748 Dracontii
3024 1693 3331 1759 pulchriores
3363 1693 3421 1751 dt

1849 1786 2064 1852 arti/icio
2086 1788 2401 1856 corrigentis,
2430 1803 2583 1856 quam
2606 1789 2670 1841 dc
2709 1803 2861 1841 manu
2884 1789 3186 1856 processisse
3219 1787 3420 1839 videate-

1773 1863 1819 1921 Β
1848 1886 1927 1929 tur
1952 1880 2193 1942 auctoris,
2228 1879 2339 1933 Nic.
2388 1880 2620 1934 Antonio
2639 1894 2743 1934 non
2769 1880 2983 1947 placuit,
3008 1879 3094 1948 qui
3123 1888 3250 1931 tom.
3283 1879 3303 1932 l
3333 1878 3420 1930 lli-

1851 1968 2036 2020 blioth.
2068 1980 2199 2027 vet..
2235 1970 2327 2023 lib.
2360 1986 2411 2031 v,
2446 1984 2563 2039 cap.
2592 1973 2645 2034 5,
2670 1972 2737 2023 de
2762 1969 3026 2024 lldefonso
3057 1971 3299 2039 loquens,
3324 1969 3418 2022 Cu-

1837 2061 1927 2128 jus
1955 2060 2068 2123 viri,
2092 2060 2280 2129 inquit,
2305 2062 2609 2114 sanctissimi
2624 2062 2824 2130 judicio
2846 2063 2909 2115 de
2928 2071 3139 2129 utroque
3159 2072 3305 2130 poeta
3321 2077 3418 2116 non

1848 2164 2027 2217 parum
2060 2151 2279 2202 detrahit
2314 2152 2532 2221 αὐτοψία
2552 2154 2682 2220 ipsa,
2701 2162 2815 2217 qua:
2843 2154 2987 2205 docet
3015 2150 3233 2217 aﬂ'atim,
3261 2168 3418 2218 quan-

1848 2253 1953 2294 tum
1982 2246 2193 2296 valuerit
2222 2247 2560 2315 unusquisque
2581 2262 2753 2298 eorum
2776 2248 3011 2314 facultate
3032 2246 3284 2315 pangendi
3310 2261 3419 2298 cau-

1854 2337 2026 2396 minis,
2085 2337 2342 2405 letalisque
2373 2336 2599 2390 barbara!
2630 2341 2721 2390 sub
2743 2354 2845 2407 qua
2872 2347 3019 2390 natus
3048 2336 3303 2406 Eugenius
3326 2337 3419 2406 fuit

1846 2428 2201 2481 consideratio.
2236 2429 2356 2482 Haec
2387 2430 2573 2484 eadem
2607 2429 2826 2483 totidem
2860 2431 3036 2484 verbis
3066 2430 3157 2483 lib.
3192 2446 3267 2495 ιιι,
3298 2442 3416 2500 cap.

1848 2521 1897 2577 5,
1933 2522 2159 2586 dixerat,
2195 2522 2288 2576 sed
2308 2506 2549 2591 qumdatn
2580 2522 2802 2588 addidit,
2835 2523 3039 2577 scilicet
3061 2525 3340 2591 aetatisque,
3372 2530 3419 2576 et

1846 2614 2345 2685 convictusbarbarw
2367 2616 2528 2684 gentis
2554 2615 2643 2667 sub
2670 2630 2769 2682 qua
2800 2624 2968 2681 natus,
3016 2624 3119 2669 etc.
3156 2614 3285 2668 Nam
3317 2617 3419 2686 23

1848 2698 2161 2754 Dracontius
2210 2703 2533 2757 felicioribus
2562 2705 2890 2772 temporibus
2925 2721 2983 2757 su
3002 2706 3033 2758 b
3056 2705 3417 2761 Romanorum

1846 2790 2065 2858 iniperio
2093 2795 2139 2844 in
2160 2794 2339 2846 lucem
2379 2804 2618 2847 venerat.
2666 2793 2994 2847 Liberiorem
3026 2794 3251 2850 fortasse
3282 2797 3416 2853 banc

1844 2895 2121 2935 censuram
2151 2883 2342 2950 aliquis
2365 2884 2580 2949 dixerit,
2606 2898 2762 2939 nemo
2787 2885 2992 2939 falsam.
3028 2886 3274 2941 Barthius
3296 2890 3414 2958 qui-

1843 2971 1985 3037 dem,
2020 2973 2243 3027 Advers.
2267 2973 2357 3029 lib.
2394 2990 2474 3039 Lv,
2502 2990 2619 3045 cap.
2672 2977 2760 3040 11,
2804 2976 2870 3030 de
2911 2976 3129 3047 Eugenii
3162 2980 3413 3033 emenda-
3468 3012 3479 3019 -

1846 3062 2073 3116 tioneita
2106 3064 2262 3119 habet
2295 3081 2309 3117 ι
2348 3065 2552 3120 Utinam
2568 3083 2681 3119 vero
2705 3068 3249 3140 publicasselintegros
3264 3073 3413 3125 etiam

1842 3155 1974 3223 ipsos
2008 3154 2239 3223 (libellos
2269 3157 2562 3225 Dracontil)
2594 3155 2879 3227 Eugenius,
2906 3160 3265 3229 ut‘postrritati
3293 3176 3412 3214 con-

152 3248 206 3299 in
258 3246 611 3315 pontiﬁcatum
660 3245 867 3306 ascitus,
920 3245 1073 3296 vitam
1115 3245 1230 3312 plus
1272 3245 1510 3295 virtutum
1550 3245 1736 3297 meritis
1766 3232 1810 3294 C
1841 3258 1994 3300 staret
2036 3250 2186 3301 modo
2214 3252 2341 3303 ratio
2372 3252 2709 3303 mutationunt
2736 3252 2879 3320 ejus;
2919 3268 3033 3320 qua:
3058 3252 3185 3304 enim
3224 3254 3310 3305 ille
3339 3265 3412 3306 tes

151 3348 314 3407 quam
335 3337 526 3389 viribus
548 3336 668 3404 egit.
701 3332 824 3388 Fuit
849 3351 1066 3401 namque
1090 3351 1300 3402 corpore
1334 3336 1518 3399 tenuis,
1547 3351 1734 3404 parvus

150 3434 359 3496 robore,
393 3433 480 3485 sed
509 3430 674 3485 valide
696 3432 970 3499 fervescens
992 3429 1203 3497 spiritus
1223 3428 1733 3493 virtute,studiorum

150 3527 406 3577 bonorum
427 3525 524 3576 vim
552 3538 873 3591 persequens,
892 3531 1072 3574 cantus
1090 3520 1315 3589 pessimis
1335 3519 1507 3573 usibus
1533 3520 1731 3574 vitiatos

150 3617 393 3671 melodia:
414 3616 698 3685 mgnitione
718 3615 956 3675 correxit,
983 3614 1261 3681 oﬂiciorum
1289 3613 1501 3665 omissos
1532 3613 1734 3666 ordines

146 3725 436 3779 curamque
464 3710 715 3762 discrevit.
753 3707 969 3774 Scripsit
989 3706 1052 3759 de
1075 3706 1134 3759 S.
1162 3705 1413 3759 Trinitate
1435 3705 1662 3758 libellum
1683 3713 1732 3757 et

146 3803 360 3871 eloquio
378 3803 626 3866 nitidum,
659 3811 702 3854 et
731 3802 805 3853 rei
830 3800 1033 3853 veritate
1072 3801 1411 3870 perspicuum,
1444 3802 1528 3869 qui
1560 3800 1733 3870 Libya:

146 3906 193 3945 et
233 3892 458 3945 Orientis
486 3891 712 3961 partibus
742 3890 871 3942 mitti
899 3890 1201 3957 quantocius
1232 3898 1450 3957 poterat,
1478 3892 1575 3943 nisi
1606 3908 1729 3954 pro-

144 3986 296 4039 cellis
326 3985 626 4037 resultantia
664 3985 792 4052 {rcta
820 3983 1064 4034 incertum
1098 3983 1291 4049 pavidis
1326 3984 1421 4036 iter
1458 3983 1729 4035 viatoribus

144 4077 494 4127 distulissent.
528 4074 743 4142 Scripsit
767 4082 812 4125 ct
836 4072 965 4124 duos
992 4071 1205 4133 libellos,
1235 4088 1388 4124 unum
1417 4073 1599 4124 diversi
1625 4090 1729 4124 car-

145 4166 307 4217 minis
338 4174 512 4230 metro,
546 4165 703 4216 alium
734 4163 915 4215 diversi
946 4163 1109 4223 aperis
1136 4178 1286 4227 prosa
1317 4163 1424 4230 22
1446 4172 1723 4223 concretos,

142 4261 235 4325 qui
268 4259 332 4310 ad
364 4259 634 4310 multorum
648 4256 964 4308 industriam
990 4256 1100 4321 ejus
1125 4271 1187 4307 cm
1215 4254 1308 4306 hoc
1337 4256 1577 4307 tenaciter
1603 4272 1725 4307 san-

142 4358 285 4400 ctam
315 4347 577 4400 valuerunt
607 4347 956 4407 commendare
986 4345 1298 4397 memoriam.
1340 4344 1563 4397 Libellos
1598 4361 1725 4411 quo-

143 4456 247 4505 que
273 4436 531 4490 Dracontii
562 4437 625 4488 de
647 4437 910 4490 Creatione
936 4436 1110 4486 mundi
1133 4436 1457 4503 conscriptos,
1492 4451 1616 4502 quos
1639 4453 1729 4487 an-

143 4531 357 4597 tiquitas
386 4530 663 4595 protulerat
695 4528 914 4589 vitiatos,
949 4542 1003 4578 ea
1022 4541 1134 4592 quw
1163 4526 1561 4576 inconvenientia
1582 4539 1727 4589 repe-

1838 3340 1958 3407 pitla
1990 3348 2034 3391 et
2064 3340 2273 3409 illepida
2295 3385 2307 3406 ,
2342 3350 2388 3395 et
2420 3342 2559 3394 nulla
2598 3343 2798 3394 ratione
2832 3343 3048 3396 subnixa
3102 3345 3411 3398 conviciatur

1838 3430 1966 3497 forte
1998 3447 2127 3483 nunc
2169 3434 2309 3484 nobis
2339 3432 2551 3502 pulchra
2581 3442 2627 3485 et
2660 3448 2857 3485 amaana
2877 3475 2890 3496 ,
2919 3444 2962 3486 et
2994 3434 3142 3487 docta
3178 3436 3409 3489 viderent

1838 3530 1939 3585 tur,
1970 3521 2081 3575 licet
2122 3539 2220 3574 non
2248 3524 2473 3585 astricta,
2510 3524 2705 3582 vitiosa,
2755 3533 2799 3574 et
2829 3526 3124 3593 exsanguia,
3159 3528 3332 3590 anxia,
3367 3536 3411 3579 et

1838 3613 2042 3663 omnino
2066 3612 2194 3663 nihil
2215 3624 2397 3677 essent,
2428 3614 2527 3665 nisi
2550 3614 2687 3681 'quod
2715 3615 2919 3682 iniquus
2945 3610 3167 3667 omnium
3192 3619 3409 3669 azstima;

1836 3712 1914 3755 tor
1945 3704 2212 3769 planorum
2258 3713 2303 3755 et
2330 3705 2557 3771 facilium
2590 3706 2967 3773 irrecuperabili
3003 3716 3176 3759 nostro
3222 3708 3409 3759 damno

1837 3814 1941 3849 esse
1964 3798 2118 3849 voluit
2144 3806 2190 3849 et
2212 3799 2391 3866 coegit.
2425 3796 2571 3850 Facit
2599 3799 2758 3851 etiam
2791 3802 2973 3850 contra
3003 3797 3248 3852 Ildefonsi
3278 3800 3407 3866 judi-

1834 3888 1970 3939 cium
2003 3888 2141 3955 quod
2174 3888 2229 3941 S.
2268 3887 2499 3941 Isidorus
2528 3896 2772 3951 testatur,
2807 3888 3142 3941 Dracontium
3192 3889 3406 3944 Hexaeh

1836 3995 2017 4033 mcron
2050 3980 2302 4049 eleganter
2325 3979 2686 4047 composuiSSc
2712 3989 2765 4033 et
2786 3979 3077 4046 scripsisse.
3108 3978 3235 4045 Quis
3263 3981 3403 4035 enim

1835 4071 2018 4123 lsidori
2052 4073 2424 4125 auctoritatem
2445 4085 2684 4124 censurae
2716 4070 2961 4125 lldel'onsi
2988 4084 3093 4125 non
3120 4072 3405 4140 przefcrat?

1834 4163 1957 4214 Mihi
2005 4162 2222 4215 dubium
2267 4162 2482 4215 minime
2509 4172 2590 4216 est
2619 4162 2744 4230 quin
2798 4164 3111 4216 Dracontius
3156 4168 3307 4231 longe
3335 4165 3405 4218 sit

1835 4254 2071 4321 Eugenio
2099 4253 2495 4321 anteferendus,
2528 4254 2643 4307 sive
2672 4254 3035 4307 Hexaemeron
3060 4255 3403 4321 inspiciamus

1832 4346 1896 4393 ah
1922 4344 2156 4411 Eugenio
2186 4344 2585 4411 interpolatum,
2611 4341 2721 4396 sive
2746 4342 3008 4397 Dracontii
3037 4359 3244 4412 poema,
3271 4354 3325 4398 ut
3351 4346 3401 4400 in

1833 4451 1960 4489 mss.
2009 4436 2275 4489 Vaticanis
2315 4436 2537 4504 legitur,
2589 4435 2859 4503 multoque
2900 4437 3064 4503 magis
3101 4436 3402 4502 epistolam,

1832 4540 1949 4593 qua!
1982 4527 2159 4578 minus
2192 4536 2273 4578 est
2304 4524 2638 4578 librariorum
2663 4523 2977 4591 negligentia
3007 4526 3278 4593 corrupta,
3313 4542 3401 4579 se-

142 4626 213 4674 rit
245 4621 607 4683 subtrahendo,
642 4618 981 4679 immutando,
1014 4617 1088 4668 vel
1136 4617 1342 4669 meliora
1386 4616 1721 4684 conjicienda,
1756 4602 1808 4663 Ι)
1833 4615 1957 4668 dulo
1988 4615 2410 4668 consideremus.

144 4716 221 4765 ita
250 4716 301 4764 in
342 4712 731 4779 pulchritudinis
770 4711 988 4777 formam
1018 4709 1200 4776 coegit,
1232 4716 1284 4759 ut
1328 4708 1639 4773 pulchriores
1666 4712 1725 4760 de

144 4803 369 4870 artiﬁcio
400 4802 901 4873 corrigentis,quam
927 4804 988 4851 de
1012 4815 1170 4851 manu
1196 4799 1494 4865 processisse
1524 4799 1725 4850 vidcan-

145 4908 233 4947 tur
262 4895 504 4946 auctoris.
543 4892 607 4944 ls't
631 4893 751 4960 quia
793 4893 855 4943 de
895 4890 978 4942 die
1009 4890 1219 4954 septimo
1254 4889 1385 4939 idem
1421 4887 1723 4941 Dracontius

142 4985 357 5039 omnino
386 4983 638 5035 reticendo
664 4982 995 5047 semiplenam
1022 4996 1147 5045 Opus
1177 4980 1309 5030 visus
1338 4988 1409 5030 est
1437 4978 1720 5046 reliquisse,

144 5077 244 5128 iste
269 5082 321 5126 et
356 5088 443 5126 sex
492 5073 688 5124 dierum
735 5068 1197 5139 recapitulationem
1224 5066 1437 5137 singulis
1467 5069 1721 5122 versiculis

142 5164 414 5225 reuolui-it,
448 5174 494 5215 et
522 5165 584 5214 de
610 5162 691 5215 die
732 5161 967 5229 septimo,
997 5175 1107 5227 qua:
1138 5158 1212 5211 illi
1237 5160 1343 5211 visa
1368 5170 1480 5211 sunt
1521 5160 1722 5227 elegan-

147 5268 225 5308 ter
268 5256 403 5306 dicta
446 5254 730 5324 subjunxit.
791 5250 969 5305 Clarus
1026 5249 1224 5302 habitus
1273 5252 1371 5317 fuit
1418 5252 1720 5319 temporibus

149 5344 565 5406 (Jltindasvinthi,
598 5353 642 5395 et
677 5340 1017 5395 Iieccesvinthi
1048 5355 1244 5409 regum,
1277 5339 1379 5406 {ere
1428 5340 1714 5403 duodecim,

147 5437 301 5495 annis
350 5448 519 5488 tenens
570 5434 862 5502 dignitatem
891 5432 1040 5483 simul
1084 5441 1125 5482 et
1158 5428 1371 5496 gloriam
1418 5432 1717 5495 sacerdotis,

150 5526 322 5593 sicque
350 5536 457 5595 post
482 5526 609 5579 lucis
639 5523 913 5576 mundialis
941 5536 1171 5573 occasum
1199 5520 1249 5571 in
1275 5518 1479 5571 basilica
1501 5518 1562 5573 S.
1599 5519 1721 5573 Leo-

148 5617 316 5671 cadiaz
337 5626 468 5671 tenet
496 5616 802 5669 habitatione
829 5616 1135 5679 sepulcrum.

225 5710 316 5763 26.
360 5710 490 5763 Huic
536 5710 707 5777 elogio
757 5707 822 5759 ad
874 5706 1036 5759 vitam
1085 5703 1303 5771 Eugenii
1354 5701 1724 5757 illustrandum

154 5802 321 5858 multa
351 5802 471 5855 addi
516 5812 737 5864 pussnnt
766 5815 829 5854 cx
862 5798 974 5862 ejus
1007 5796 1139 5858 Vita,
1172 5812 1327 5862 quam
1368 5796 1725 5851 eminentissi-

1899 4705 1988 4757 27.
2022 4705 2227 4758 PostS.
2258 4703 2576 4758 lldel'onsum
2619 4704 2797 4758 nullus
2828 4713 3062 4759 veterum
3096 4705 3225 4758 mihi
3253 4710 3399 4763 venit

1832 4798 1881 4848 in
1934 4805 2164 4849 mentem
2209 4796 2295 4862 qui
2330 4794 2598 4847 Dracontii
2641 4796 2978 4857 meminerit,
3029 4811 3135 4849 uno
3176 4810 3400 4865 excepto

1832 4887 2065 4940 llonorio
2101 4887 2568 4957 Augustodunensi
2593 4928 2607 4951 ,
2650 4888 2737 4955 qui
2777 4902 2840 4941 ex
2882 4888 3115 4952 Isidoro,
3146 4901 3204 4944 ut
3233 4894 3397 4957 solet,

1829 4992 1944 5045 cap.
1979 4978 2068 5039 ‘28,
2097 4978 2184 5030 lib.
2220 4994 2286 5039 ιι,
2320 4977 2369 5031 id
2397 4978 2678 5046 descripsit
2710 4996 2722 5031 :
2770 4977 3076 5033 Dracontius
3117 4987 3401 5051 composuit

1831 5070 2045 5122 heroicis
2084 5070 2303 5122 versibus
2344 5068 2693 5123 Hexaemeron
2732 5071 2997 5125 creationis
3044 5075 3239 5127 mundi.
3288 5075 3401 5129 Huc

1832 5170 2010 5213 tamen
2041 5160 2288 5228 pertinet,
2313 5159 2451 5227 quod
2482 5160 2619 5228 apttd
2656 5160 2998 5214 Muratorium
3033 5172 3160 5215 tom.
3199 5163 3263 5216 111
3294 5165 3401 5217 Διι-

1830 5252 2003 5321 tiqult.
2045 5250 2207 5304 Italic.
2254 5252 2395 5305 med.
2428 5252 2557 5318 aevi,
2598 5267 2715 5321 pag.
2742 5253 2845 5306 8l8
2868 5294 2881 5314 ,
2912 5264 3085 5307 exstat
3128 5255 3398 5322 catalogus

1828 5344 2068 5399 codicum
2110 5356 2238 5395 mss.
2282 5344 2373 5412 qui
2417 5344 2468 5396 in
2510 5343 2836 5399 monasterio
2870 5344 3117 5399 Bobiensi
3160 5360 3403 5400 assert‘au

1830 5434 2044 5499 bantur,
2074 5433 2268 5487 seculo
2307 5450 2362 5496 ι,
2394 5443 2451 5487 ιιι
2480 5434 2710 5500 videtur,
2738 5433 3055 5501 descriptus.
3088 5434 3144 5489 In
3188 5434 3289 5490 hoc
3310 5451 3399 5491 ca-

1836 5526 2011 5594 talogo
2043 5532 2387 5580 recensentur
2425 5524 2545 5579 libri
2580 5539 2719 5593 quos
2750 5524 3016 5592 Dungalus
3044 5525 3241 5593 aliique
3279 5528 3401 5581 bea-

1835 5619 2038 5672 tissimo
2059 5615 2411 5680 Columbano,
2432 5616 2533 5670 hoc
2558 5626 2638 5669 est
2663 5616 2991 5670 monasterio
3012 5615 3111 5683 ipsi
3131 5616 3398 5681 Bobiensi,

1836 5725 1863 5760 a
1898 5708 1955 5762 S.
1986 5705 2313 5761 Columbano
2359 5706 2595 5773 fundato,
2626 5706 2973 5761 donaverant.
3012 5706 3119 5762 Sed
3148 5717 3275 5763 ante
3310 5709 3407 5766 hos

1836 5800 1924 5853 alii
1950 5800 2157 5854 codices
2189 5810 2571 5863 memorantur,
2602 5800 2690 5869 qui
2727 5798 2791 5853 ad
2821 5798 3175 5869 antiquiorem
3215 5813 3401 5854 mons-
