3942 6310
535 421 642 478 615

1955 409 2398 467 DllACONTIUS.

3693 404 3810 474 Gl?)

533 537 683 594 sterii
711 534 1107 596 bibliothecam,
1141 540 1195 586 et
1234 531 1461 587 fortasse
1499 527 1734 597 plerique
1767 527 1833 582 ab
1874 541 1938 581 eo
1976 536 2111 582 tem—
2135 533 2190 593 Α
2216 527 2360 581 nium
2390 525 2789 582 demonstratur
2809 537 2872 578 ex
2903 523 2960 578 S.
2986 521 3212 588 Isidoro,
3244 522 3334 592 qui
3363 523 3459 578 lib.
3493 537 3568 578 xtl
3596 524 3811 596 Etym.,

535 644 664 701 pore
707 643 814 696 quo
851 625 1124 681 fundatum
1154 632 1270 688 est,
1307 620 1554 675 videntur
1599 620 1937 689 pertinuisse.
1973 620 2112 674 Inter

537 723 634 776 hos
673 717 992 774 vetustiores
1037 715 1200 769 libros
1229 711 1499 781 catalogus
1548 709 1732 775 refert,
1763 709 1977 763 Librum
2006 710 2111 763 Lu-

533 815 676 868 cretii
707 810 767 875 1;
809 809 1017 862 Librum
1059 805 1324 859 Dracontii
1355 803 1419 867 1;
1465 802 1672 855 Librum
1717 801 1943 856 Ennodii
1974 801 2027 868 Ι,
2061 803 2112 854 in

533 923 632 976 quo
674 915 721 959 et
762 903 866 956 alia
902 901 1222 954 continentur
1257 896 1530 964 apuscula;
1560 894 1736 947 Libros
1773 891 1957 946 Donati
1990 903 2111 959 tres,

533 1005 634 1051 etc.
672 993 834 1048 Liber
865 1004 1000 1046 unus
1030 987 1318 1053 Dracontii,
1369 989 1506 1040 sicut
1537 984 1672 1040 liber
1699 999 1831 1038 unus
1859 983 2109 1049 Lucretii,

533 1097 614 1142 est
658 1100 796 1141 unus
832 1083 1029 1148 codex,
1060 1081 1172 1136 sive
1203 1080 1443 1134 carmina
1487 1077 1538 1131 in
1583 1076 1758 1146 plures
1797 1077 1906 1128 sint
1952 1075 2116 1129 libros

535 1180 737 1242 divisa,
781 1178 895 1231 sive
934 1190 1039 1229 uno
1082 1171 1627 1241 comprehendantur.
1669 1169 1757 1223 Sic
1802 1171 1962 1223 etiam
2010 1165 2117 1238 25

539 1285 648 1330 tres
697 1273 814 1326 libri
871 1269 1057 1324 Donati
1102 1275 1226 1321 sunt
1275 1275 1384 1319 tres
1429 1265 1642 1318 codices
1687 1263 1864 1331 operis
1906 1261 2112 1313 Donati.

538 1363 902 1423 Animadverti
922 1362 1032 1431 jam
1057 1375 1204 1414 num.
1222 1359 1274 1424 8,
1294 1358 1349 1411 S.
1366 1355 1753 1410 Columbanum
1776 1369 1806 1408 a
1834 1351 2118 1408 Dracontio

538 1461 718 1531 plures
750 1471 940 1512 versus
981 1455 1145 1508 fuisse
1176 1461 1498 1513 mutuatum,
1529 1464 1592 1503 ac
1633 1448 1788 1518 paulo
1818 1457 1940 1517 post
1966 1461 2116 1501 num.

537 1567 649 1622 seq.
686 1551 934 1614 referam,
967 1546 1165 1601 saeculo
1195 1560 1263 1599 xv
1303 1553 1553 1606 exeunte,
1605 1541 1873 1596 Dracontii
1901 1555 2034 1608 opus
2067 1539 2118 1593 in

538 1643 865 1700 monasterio
899 1627 1147 1694 Bobiertsi
1175 1639 1336 1691 luisse
1376 1644 1665 1705 repertum.
1701 1633 1830 1687 Mire
1863 1632 1976 1686 haec
1998 1646 2119 1686 cum

537 1736 755 1804 antiquo
798 1732 984 1788 codice
1029 1727 1368 1784 bibliotheca:
1407 1727 1521 1794 eius
1567 1724 1876 1778 monasterii
1925 1738 2121 1777 conve-

540 1829 711 1883 niunt.
743 1825 877 1892 Quid
906 1824 975 1879 de
1015 1820 1301 1876 Dracontio
1333 1820 1382 1872 in
1421 1817 1626 1879 Dextri,
1656 1815 1868 1869 Maximi
1899 1824 1951 1868 et
1979 1814 2121 1867 Hau-

2213 631 2329 686 cap.
2380 617 2446 681 2,
2486 629 2648 669 unum
2678 629 2741 669 ex
2782 611 2863 668 his
2902 615 2953 668 in
2990 614 3223 668 editione
3254 613 3546 670 Parisiensi
3594 615 3816 672 Μονοεῆ

2216 706 2433 760 omissis
2468 703 2666 759 laudat.
2697 703 2964 769 Quaeritur
2990 713 3168 758 autem
3198 719 3264 758 an
3307 719 3496 774 poema
3529 691 3596 760 de
3635 708 3815 776 Opere

2213 815 2304 854 sex
2327 798 2556 863 dierum,
2580 795 2798 851 Parisiis
2820 811 2849 849 a
2874 795 3091 850 Morch‘o
3119 796 3345 864 editum,
3365 797 3436 850 sit
3466 797 3600 850 illud
3635 799 3813 866 ipsum

2215 890 2356 961 quod
2396 888 2775 958 interpolatum
2804 899 2887 942 est
2925 888 2991 941 ab
3027 888 3285 956 Eugenio,
3311 905 3378 942 an
3415 891 3594 958 potius
3626 893 3816 960 primi-

2215 981 2431 1052 genium
2463 993 2596 1049 opus
2622 979 2783 1048 quale
2806 994 2834 1031 a
2862 979 3148 1033 Dracontio
3175 979 3394 1048 prodiit,
3417 996 3538 1036 cum
3570 984 3711 1037 solis
3736 985 3818 1039 his

2217 1072 2490 1128 erroribus
2517 1070 2656 1140 quia
2683 1069 3026 1124 librariorum
3055 1069 3256 1123 incuria
3285 1081 3658 1127 accesserunt.
3690 1072 3822 1128 Gol-

2218 1166 2402 1220 dastus
2456 1165 2507 1217 in
2559 1161 2782 1230 epistola
2824 1159 2891 1213 ad
2935 1159 3221 1215 Weitzium
3270 1161 3655 1217 Hexaemeron
3720 1166 3820 1219 hoc

2219 1256 2448 1322 Morelii,
2473 1253 2613 1324 quod
2645 1253 2757 1322 ipse
2786 1252 3045 1307 Weitzius
3071 1253 3311 1306 editurus
3339 1262 3475 1314 erat,
3513 1264 3673 1323 putat
3698 1272 3820 1312 esse

2225 1352 2399 1420 ipsum
2422 1349 2747 1424 Ἀρχέτυπον
2779 1345 3066 1399 Dracontii.
3102 1344 3211 1398 Hac
3241 1345 3329 1400 ille
3361 1345 3573 1401 ratione
3599 1363 3824 1416 permu-

2223 1449 2396 1504 vetur,
2420 1439 2559 1508 quod
2576 1438 2638 1490 ~in
2655 1451 2718 1490 eo
2738 1435 3066 1490 Hexaetnero
3081 1434 3147 1488 de
3164 1450 3256 1488 sex
3279 1436 3487 1492 dierum
3502 1441 3825 1508 anacepha-

2229 1534 2377 1589 lzeosi
2409 1541 2464 1587 et
2487 1531 2700 1602 septimi
2731 1530 2836 1584 diei
2857 1529 3230 1598 supplemento
3255 1544 3351 1582 nec
3372 1530 3490 1584 vola
3525 1545 3629 1584 nec
3660 1536 3826 1586 vesti~

2223 1629 2368 1697 gium
2395 1635 2497 1680 est.
2538 1623 2736 1678 Censet
2782 1621 2896 1676 haec
2937 1621 3228 1675 desiderari
3265 1629 3390 1676 ante
3436 1637 3660 1677 versum
3696 1624 3821 1689 44⁸),

2231 1721 2446 1774 Vomere
2477 1735 2576 1773 non
2600 1717 2769 1780 tellus,
2789 1717 2877 1770 ubi
2902 1718 3086 1785 incipit
3115 1716 3252 1771 horti
3283 1717 3452 1772 Edeni
3483 1717 3826 1791 descriptio:

2227 1831 2346 1870 nam
2369 1814 2550 1870 caeteri
2577 1823 2748 1883 pectre
2773 1812 3113 1878 llexaemeri,
3137 1813 3432 1884 Cyprianus
3456 1818 3647 1885 (quem
3681 1830 3826 1868 nunc

541 1917 676 1975 berti
700 1918 990 1984 chronicis,
1013 1923 1068 1972 et
1091 1917 1144 1970 in
1171 1912 1505 1969 Adversariis
1526 1909 1719 1966 Iuliani
1747 1908 2120 1977 archipresby-
2152 1898 2200 1956 B
2227 1907 2317 1961 alii
2349 1906 2536 1960 volunt
2583 1903 2947 1974 iuvencum),
2991 1904 3223 1959 Hilarius
3245 1947 3259 1970 ,
3303 1905 3506 1970 Victor,
3542 1907 3822 1970 Alcimus,

541 2012 639 2065 teri
681 2012 940 2078 scriptum
981 2009 1069 2074 sit,
1107 2006 1264 2075 hujus
1297 2005 1398 2059 loci
1431 2018 1535 2057 non
1567 2011 1650 2058 est
1679 2015 1930 2055 enarrare
1957 2014 1972 2051 :
1999 2014 2120 2052 nam

541 2101 642 2157 etsi
676 2101 890 2155 nomina
922 2099 1028 2153 sint
1059 2098 1299 2167 antiqua,
1330 2104 1578 2150 auctores
1613 2102 1791 2148 tamen
1829 2091 1918 2161 qui
1959 2104 2120 2160 opera

542 2194 913 2246 confinxerunt
939 2200 1063 2244 sunt
1098 2199 1364 2252 recentes,
1390 2201 1450 2239 ac
1475 2185 1694 2254 proinde
1724 2183 1789 2238 ad
1817 2189 1976 2252 caput
2003 2195 2118 2250 seq.

545 2282 836 2352 pertinent.

1159 2348 1385 2404 CAPUT
1426 2347 1513 2401 IV.

545 2467 810 2523 Dracontii
837 2467 1082 2518 memoria
1123 2464 1260 2532 apud
1291 2470 1510 2516 recentes
1545 2461 1814 2528 scriptores
1860 2466 2116 2523 renovata,

916 2545 963 2588 et
991 2535 1201 2587 diversa:
1231 2534 1293 2586 de
1322 2549 1380 2586 eo
1412 2532 1698 2597 opiniones.

620 2630 704 2685 28.
739 2627 946 2684 Saecula
984 2642 1052 2680 xv
1079 2667 1093 2692 ,
1139 2641 1259 2679 cum
1313 2625 1499 2678 littera:
1549 2620 1756 2676 restitui
1800 2622 2119 2691 ccepissent,

545 2724 775 2792 undique
801 2720 917 2774 libri
942 2727 1152 2774 veteres
1179 2716 1659 2786 conquirebantur;
1695 2721 1852 2782 atque
1873 2714 1938 2766 ad
1967 2712 2122 2780 hujus

544 2813 725 2869 saeculi
756 2813 916 2866 finem
942 2818 1146 2880 spectat
1174 2808 1223 2862 id
1252 2806 1391 2878 quod
1431 2821 1598 2875 nuper
1630 2805 1858 2858 indicati
1887 2803 1954 2858 de
1985 2803 2121 2857 Dra-

544 2906 745 2969 contio,
773 2912 826 2959 et
868 2901 1032 2956 refert
1074 2899 1312 2968 llaphael
1345 2897 1725 2952 Volaterranus
1757 2895 1850 2950 lib.
1886 2910 1935 2948 tv
1967 2894 2124 2949 Com-

543 3005 795 3063 mentar.,
843 2994 929 3048 ubi
976 2993 1042 3047 dc
1089 2991 1332 3045 Bobiensi
1383 2988 1728 3052 monasterio,
1759 2987 1824 3040 ad
1858 2983 2121 3056 Apennini

543 3092 664 3160 juga
696 3089 822 3152 sito,
846 3101 876 3139 a
906 3082 1269 3139 Theodelinda
1305 3081 1483 3151 regina
1528 3077 2004 3148 Longobardorum
2032 3092 2124 3130 ex-

546 3189 766 3242 structo,
800 3177 904 3231 ait:
942 3175 1044 3230 llic
1073 3191 1208 3228 anno
1242 3171 1380 3228 1494
1413 3170 1763 3243 hujuscemodi
1795 3170 1908 3222 libri
1938 3168 2124 3236 reperti

2225 1997 2514 2066 Gregorius
2537 1996 2775 2065 Magnus,
2804 1994 3116 2050 Ambrosius
3142 1995 3352 2060 Junior,
3378 1996 3612 2063 Pisides,
3644 1998 3827 2052 Theo-

2226 2088 2404 2142 dulfus
2447 2087 2876 2151 Aurelianensis,
2911 2086 3238 2156 Nicephorus
3284 2087 3575 2151 Callistus,
3627 2086 3828 2144 Petrus

2227 2179 2503 2250 Rigonsis,
2536 2179 2625 2234 alii
2669 2177 2735 2232 de
2788 2178 3017 2246 septimo
3063 2178 3149 2232 die
3203 2178 3270 2232 ad
3324 2179 3568 2234 eamdem
3626 2182 3831 2236 faciem

2225 2282 2612 2342 exsequuntur.
2646 2271 2868 2340 (Confer
2891 2281 3070 2324 notam
3095 2269 3160 2323 ad
3187 2284 3327 2324 vers.
3359 2270 3461 2340 Il_6
3483 2271 3577 2324 lib.
3608 2271 3672 2340 ι).
3705 2273 3833 2326 Dis-

2224 2364 2389 2417 sentit
2415 2361 2663 2417 Barthius
2691 2361 2917 2415 Advers.
2952 2360 3045 2414 lib.
3076 2376 3169 2424 vn,
3193 2374 3312 2429 cap.
3337 2361 3427 2425 20,
3456 2362 3548 2430 qui
3579 2379 3646 2415 ex
3682 2364 3833 2433 style

2226 2455 2460 2510 universi
2481 2455 2640 2522 hujus
2669 2453 2836 2509 libelli
2870 2437 3276 2508 duos‘auctorcs
3297 2453 3489 2522 arguit.
3522 2453 3694 2518 Certe,
3723 2456 3831 2516 ait.

2226 2549 2528 2621 ταυτὸλογον
2571 2549 2665 2600 hoc
2705 2546 3042 2617 apusculum,
3099 2556 3145 2600 et
3193 2547 3399 2599 minime
3436 2549 3831 2601 narrationibus

2226 2640 2518 2694 detexendis
2545 2639 2640 2693 sibi
2669 2647 2926 2702 constans,
2954 2637 3177 2690 extendit
3201 2639 3316 2705 jam
3344 2639 3435 2705 ﬁni
3455 2639 3740 2709 proximas,
3777 2649 3835 2692 et

2226 2732 2455 2800 abruptis
2493 2732 2612 2784 aliis
2658 2731 2787 2783 alias
2820 2746 2920 2783 non
2951 2730 3058 2784 suis
3092 2730 3216 2782 locis
3247 2732 3437 2783 inserit.
3465 2730 3656 2786 Verum
3691 2731 3830 2788 btet:

2225 2823 2402 2877 aiebat
2422 2821 2696 2890 Barthius,
2713 2822 2802 2890 qui
2820 2816 3089 2876 Dracontii
3111 2821 3320 2876 libellos
3340 2822 3467 2876 olirn
3489 2823 3555 2876 ab
3573 2823 3828 2892 Eugenio

2227 2913 2544 2967 relormatos
2575 2921 2815 2966 noverat.
2852 2911 3056 2966 Vellem
3089 2913 3226 2968 scire
3265 2913 3392 2981 quid
3422 2913 3558 2967 alius
3587 2916 3825 2970 sentiret

2226 3007 2292 3058 ab
2327 3007 2422 3060 hac
2463 3005 2803 3075 praeiudicata
2847 3003 3102 3073 Opinione
3140 3005 3360 3058 omnino
3391 3004 3548 3068 liber,
3579 3014 3631 3059 et
3667 3006 3824 3074 igno-

2227 3113 2351 3152 rans
2393 3097 2518 3167 quid
2575 3097 2769 3152 factum
2805 3097 3012 3151 fuisset.
3048 3094 3247 3150 Barthii
3295 3097 3600 3164 opinionem
3647 3097 3820 3152 tenuit

2227 3193 2383 3245 etiam
2406 3191 2522 3244 Nic.
2543 3191 2804 3245 Antonius
2834 3189 2967 3244 Bibl.
2986 3198 3090 3245 vet.
3117 3189 3210 3243 lib.
3231 3204 3280 3253 v,
3308 3204 3427 3258 cap.
3447 3189 3500 3254 5,
3522 3199 3575 3244 et
3595 3189 3818 3245 Gallam

547 3282 689 3338 sunt,
739 3269 1054 3323 Rutilius....
1099 3263 1362 3319 Dracontii
1409 3264 1602 3354 varium
1650 3277 1796 3354 opus.
1843 3258 2116 3354 Prudentii
2144 3265 2192 3328 (ι
2223 3283 2341 3339 dius
2369 3295 2498 3337 mm.
2527 3284 2593 3337 Ιχ
2624 3283 2758 3337 Bibl.
2779 3283 2846 3338 υι
2871 3285 2977 3354 26
3004 3283 3116 3337 hac
3136 3283 3502 3337 conlmversia
3531 3282 3820 3339 deﬁniam.

546 3362 742 3432 hymni,
785 3368 909 3423 etc.,
958 3372 1173 3428 quorum
1204 3356 1332 3408 bona
1381 3371 1496 3423 pars
1533 3353 1609 3405 his
1641 3351 1788 3404 annis
1817 3349 2062 3420 proximis
2087 3366 2120 3402 a

547 3470 655 3507 meo
695 3451 947 3517 municipc
989 3449 1184 3502 'I'homa
1217 3446 1438 3500 Phwdro
1481 3442 1836 3516 (lngbirami)
1879 3443 2122 3496 bonarum

548 3547 734 3600 artium
775 3543 1059 3615 proftssore
1098 3551 1167 3595 est
1218 3541 1427 3595 advecta
1480 3541 1533 3592 in
1577 3538 1779 3592 Urbem.
1824 3537 2121 3608 Optandum

548 3639 779 3694 maxime
803 3644 946 3692 esset
971 3647 1026 3688 ut
1052 3636 1152 3689 hoc
1177 3633 1447 3688 Dracontii
1477 3633 1678 3687 varium
1702 3646 1856 3702 opus,
1881 3632 1925 3685 si
1947 3632 2124 3685 adhuc

548 3729 743 3785 alicubi
780 3728 906 3783 latet
937 3727 1049 3780 sive
1076 3725 1378 3789 Mediolani,
1413 3724 1526 3778 sive
1558 3722 1762 3785 Romai,
1782 3722 1832 3774 in
1862 3721 2125 3788 publicam

549 3824 725 3880 lucem
760 3821 969 3878 veniret
1000 3836 1013 3885 ;
1052 3835 1171 3875 nam
1205 3819 1288 3874 hic
1332 3819 1539 3872 videtur
1567 3830 1687 3871 esse
1725 3815 2126 3885 antiquissimus

550 3917 637 3970 ille
664 3914 833 3970 codex
873 3913 1024 3982 cujus
1057 3913 1114 3966 tit
1151 3910 1350 3966 mentio
1388 3909 1442 3963 in
1485 3907 1723 3976 catalogo
1767 3906 1948 3962 saeculi
1975 3923 2007 3960 x
2050 3907 2128 3961 bi-

551 4006 833 4060 bliothecte
882 4003 1190 4058 monasterii
1242 4000 1536 4067 Bobiensis,
1569 4011 1622 4054 et
1665 3999 1893 4054 fortasse
1926 4006 2008 4052 est
2038 3997 2129 4054 ille

551 4098 666 4165 ipse
693 4111 798 4164 quo
829 4109 956 4148 usus
986 4102 1068 4146 est
1095 4095 1151 4148 S.
1183 4091 1561 4146 Columbanus.
1588 4090 1794 4145 Titulus
1820 4091 1997 4144 innuit
2023 4104 2128 4144 non

553 4202 670 4241 esse
691 4187 864 4240 solum
889 4187 1255 4239 Hexaemeron
1278 4184 1344 4236 ab
1367 4183 1603 4252 Eugenio
1631 4184 2008 4252 interpolatum
2032 4201 2044 4248 ;
2073 4192 2128 4238 et

553 4281 690 4334 inter
720 4291 904 4331 versus
935 4291 1068 4346 quos
1095 4292 1159 4330 ex
1192 4275 1477 4329 Dracontio
1509 4275 1868 4329 Colutnbanus
1897 4277 2128 4344 sumpsit

554 4371 794 4428 nonnulli
816 4378 941 4424 sunt
961 4369 1049 4438 qui
1073 4369 1124 4423 in
1153 4369 1340 4423 codice
1365 4367 1627 4423 Toletano
1651 4367 2044 4432 desiderantur,
2077 4375 2131 4421 et

555 4481 583 4520 a
609 4465 757 4521 nobis
784 4479 815 4518 θ
842 4461 1168 4518 membranis
1196 4460 1465 4516 Vaticanis
1491 4460 1845 4530 proferentur.

623 4559 714 4614 9.9.
744 4557 1054 4614 Gu‘ilielmus
1087 4555 1356 4621 lllorelius,
1390 4554 1479 4624 qui
1512 4555 1713 4623 primus
1758 4554 2130 4610 Ilexaemeron

2227 3381 2364 3434 inter
2392 3391 2449 3432 se
2479 3376 2708 3430 conferri
2740 3375 2936 3430 debent
2963 3378 3232 3430 variantes
3259 3376 3518 3430 lectiones
3559 3377 3823 3431 editionis

2226 3468 2555 3533 Morelianm,
2590 3467 3002 3531 Sirmondianac,
3035 3478 3087 3522 et
3119 3476 3314 3522 nostra:
3355 3483 3425 3522 ex
3455 3467 3635 3522 codice
3666 3469 3822 3522 Vati-

2224 3577 2378 3617 cano.
2407 3561 2531 3616 Mihi
2562 3576 2694 3617 sane
2720 3563 2961 3617 codicem
2995 3561 3334 3624 Vaticanum,
3383 3569 3438 3614 et
3467 3561 3636 3615 omnia
3671 3559 3821 3613 Dra-

2226 3655 2389 3711 contii
2420 3668 2583 3723 opera
2632 3653 2999 3708 consideranti
3029 3653 3268 3707 Goldasti
3299 3652 3564 3707 sententia
3593 3651 3774 3720 placet
3803 3669 3820 3716 ;

2226 3747 2319 3802 sed
2364 3747 2558 3801 mirum
2595 3747 2754 3801 simul
2792 3746 2984 3802 accidit
3021 3746 3159 3816 quod
3199 3756 3306 3801 tam
3352 3758 3535 3815 paucae
3569 3758 3633 3799 ac
3668 3745 3826 3800 leves

2230 3840 2556 3895 mutationes
2597 3840 2736 3895 inter
2776 3855 2909 3908 opus
2943 3839 3256 3894 Hexaemeri
3299 3837 3648 3908 archetypum
3685 3839 3824 3893 Dra-

2229 3935 2416 3998 contii,
2445 3943 2500 3988 et
2535 3932 2675 3987 idem
2706 3947 2840 4000 opus
2877 3933 2942 3986 ab
2972 3933 3208 4001 Eugenio
3239 3932 3619 4001 interpolatum
3651 3947 3825 4000 appa-

2231 4034 2400 4080 reant.
2436 4024 2617 4094 Itaque
2663 4038 2860 4080 censeo
2907 4039 3014 4078 non
3054 4025 3227 4078 solum
3275 4023 3647 4079 Hexaemeron
3677 4065 3692 4089 ,
3727 4026 3823 4080 sed

2231 4118 2391 4172 etiam
2422 4117 2659 4185 Elegiatn
2707 4115 2980 4170 Dracontii
3013 4115 3177 4170 fuisse
3205 4115 3273 4170 ab
3301 4116 3539 4186 Eugenio
3569 4118 3824 4186 recogni-

2236 4221 2364 4275 tam,
2394 4209 2445 4262 in
2474 4224 2573 4278 qua
2609 4222 2796 4261 versus
2824 4208 2987 4277 aliqui
3018 4207 3185 4262 additi
3213 4208 3429 4262 luerunt
3456 4209 3524 4262 ab
3547 4208 3821 4277 Eugenio,

2235 4304 2416 4371 plures
2455 4301 2715 4365 detracti,
2751 4309 2808 4354 ut
2831 4316 2896 4356 ex
2929 4301 3163 4357 editione
3205 4303 3386 4356 noStra
3424 4303 3647 4370 patebit.
3685 4301 3822 4356 Gol-

2234 4394 2446 4458 dastus,
2479 4394 2566 4462 qui
2616 4392 2978 4462 praefationem
3021 4394 3239 4464 Eugenii
3271 4410 3375 4449 non
3417 4393 3658 4457 viderat,
3689 4408 3824 4462 sup-

2237 4484 2558 4551 plementum
2611 4483 2718 4538 diei
2771 4485 2982 4553 septimi
3039 4495 3164 4540 ante
3218 4485 3448 4554 paradisi
3498 4483 3823 4551 descriptio~

2241 4589 2360 4628 nem
2411 4572 2703 4628 desiderari
2759 4574 2953 4630 aiebat.
3013 4575 3113 4629 Sed
3165 4589 3285 4629 cum
3335 4575 3605 4643 Engenius
3637 4573 3705 4627 ad
3749 4573 3820 4626 li-

557 4650 823 4705 Dracontii
865 4648 1054 4712 edidit,
1089 4648 1140 4701 in
1174 4647 1397 4716 epistola
1427 4645 1750 4700 dedicatoria
1781 4646 1896 4700 haec
1925 4655 2126 4701 tantum
2158 4634 2210 4694 D
2238 4665 2360 4718 belli
2407 4664 2565 4718 quem
2604 4665 3095 4733 recapimlauonem
3127 4675 3181 4719 οι
3213 4634 3644 4734 ειιρριριῖιεηιυηι
3679 4665 3822 4732 adii-

554 4741 743 4797 habet:
781 4741 908 4805 Quae
930 4741 1035 4812 25
1069 4737 1284 4806 Hilarii,
1314 4738 1578 4808 Cypriani,
1601 4746 1647 4790 et
1674 4735 1942 4792 Dracontii
1967 4738 2132 4792 subse-

553 4842 798 4902 quuntur,
830 4849 888 4885 ea
917 4833 1059 4884 nobis
1093 4829 1150 4885 S.
1191 4829 1406 4882 Victoris
1431 4827 1739 4882 Parisiensis
1767 4829 1976 4882 libraria
2007 4845 2130 4900 sup-

553 4929 857 4998 peditavit...
884 4925 1159 4994 Exemplar
1179 4942 1278 4995 quo
1307 4923 1384 4978 usi
1407 4939 1580 4977 sumus
1607 4923 1787 4987 unico,
1811 4925 1984 4977 multis
2027 4925 2132 4977 suis

556 5023 784 5090 partibus
832 5020 1177 5090 perturbatum
1222 5029 1370 5084 atque
1411 5021 1678 5088 confusum
1715 5029 1864 5084 erat,
1911 5029 1962 5073 ut
1991 5021 2128 5074 haud

554 5118 736 5167 ntirum
761 5115 917 5166 videri
943 5121 1114 5181 queat,
1148 5113 1191 5164 si
1229 5115 1313 5180 qui
1349 5113 1445 5164 loci
1484 5113 1594 5164 labe
1633 5128 1734 5166 non
1765 5124 1997 5179 careant;
2028 5132 2128 5186 quo

553 5217 779 5272 carerent
803 5215 998 5269 autem,
1044 5220 1262 5268 omnem,
1313 5220 1465 5268 quant
1496 5207 1656 5273 potui,
1690 5207 2002 5275 diligentiam
2030 5211 2130 5263 ad-

554 5297 724 5350 hibui:
756 5296 914 5348 malui
937 5304 1102 5346 tamen
1133 5293 1265 5345 locos
1297 5294 1517 5362 integros
1549 5305 1593 5347 et
1624 5300 1797 5362 quales
1828 5298 1953 5352 liber
1981 5299 2133 5352 habe-

555 5389 669 5456 bat,
700 5391 819 5443 aliis
864 5386 1225 5458 dijudicandos
1249 5425 1263 5450 ,
1307 5400 1460 5453 quam
1502 5403 1613 5440 mea
1647 5388 1996 5442 emendatione
2027 5391 2133 5443 ulla

557 5485 926 5538 contaminatos
969 5481 1220 5534 exhibere.
1268 5477 1544 5546 Inscripsit
1588 5489 1765 5534 autem
1821 5480 2071 5535 Morelius
2116 5499 2128 5534 :

560 5576 818 5629 Dracontii
843 5575 904 5627 de
930 5590 1079 5644 apere
1101 5589 1188 5626 sex
1217 5572 1430 5625 dierum.
1467 5571 1688 5637 Deerat,
1721 5582 1778 5626 ut
1813 5572 2044 5639 videtur,
2078 5575 2129 5630 in

557 5663 662 5718 hoc
685 5664 868 5718 codice
896 5663 1078 5717 charta
1109 5664 1286 5732 aliqua
1310 5679 1323 5714 :
1364 5676 1486 5715 nam
1515 5662 1886 5718 desiderantur
1912 5665 2128 5721 omnino

559 5753 628 5806 58
645 5768 849 5817 versus,
873 5754 1064 5824 quibus
1084 5755 1404 5808 describitur
1429 5762 1700 5820 peccatum
1724 5755 2013 5822 primorum
2035 5771 2127 5826 pa-

561 5849 792 5897 rentum.
839 5844 1120 5898 Exstitisse
1159 5854 1332 5898 autem
1376 5845 1472 5898 hos
1505 5859 1690 5898 versus
1718 5859 1839 5902 ante
1868 5849 1922 5901 S.
1959 5848 2126 5919 Euge-

2233 4772 2353 4812 cere
2387 4757 2640 4821 voluerit,
2683 4757 2818 4810 ratio
2861 4755 3095 4811 Goldasti
3144 4757 3214 4808 ita
3261 4757 3448 4825 refingi
3480 4756 3720 4809 debebit.
3758 4757 3817 4809 In

2237 4849 2339 4903 line
2391 4847 2714 4917 exemplaris
2755 4847 3027 4901 Moreliani
3074 4847 3217 4901 nulla
3271 4857 3352 4901 est
3405 4847 3818 4915 recapitulatio,

2239 4942 2442 4996 nullum
2473 4940 2899 5011 supplementum
2935 4938 3154 5008 Eugenii
3180 4955 3195 5002 ;
3226 4939 3503 5009 exemplar
3531 4938 3693 5009 igitur
3721 4939 3821 4993 hoc

2241 5033 2611 5102 primigenium
2652 5031 2913 5087 Dracontii
2945 5044 3078 5100 Opus
3105 5029 3518 5085 exiStimandum
3547 5040 3648 5084 est.

2309 5125 2398 5180 50.
2425 5123 2725 5178 Editionem
2754 5122 2958 5179 Morelii
2982 5130 3197 5178 secutus
3217 5133 3298 5176 est
3318 5122 3593 5176 Fabricius
3621 5123 3677 5176 in
3707 5123 3816 5177 Col-

2241 5217 2470 5272 lectione
2493 5224 2768 5285 poetarum
2785 5214 3234 5281 Christianorum,
3251 5215 3339 5284 qui
3358 5214 3458 5268 etsi
3476 5215 3610 5268 alios
3632 5227 3819 5282 poetas

2237 5323 2356 5362 cum
2398 5308 2546 5362 libris
2576 5307 2846 5362 veteribus
2890 5309 3090 5362 soleret
3127 5306 3404 5372 conferre,
3453 5317 3632 5362 tamen
3671 5309 3724 5361 id
3769 5311 3816 5362 in

2241 5397 2543 5465 Dracontio,
2575 5398 2850 5454 codicibus
2880 5414 3008 5453 mss.
3050 5399 3356 5462 destitutus,
3400 5415 3507 5454 non
3548 5403 3813 5467 pnestitit.

2240 5486 2566 5559 Dracontius,
2600 5492 2770 5561 inquit
2799 5491 2851 5544 in
2881 5490 3181 5547 Comment.
3216 5507 3334 5561 pag.
3365 5491 3455 5555 45,
3486 5503 3636 5560 poeta
3669 5492 3814 5546 Chri-

2236 5581 2447 5648 stianus,
2477 5600 2579 5652 qua
2608 5594 2751 5654 gente
2773 5593 2857 5636 aut
2886 5585 3052 5651 patria
3080 5587 3250 5652 fuerit,
3275 5585 3526 5653 ignotum.
3547 5582 3680 5654 Ejus
3707 5601 3816 5637 car-

2234 5688 2346 5725 men
2397 5672 2779 5742 Hexaemeron,
2832 5676 2885 5728 id
2931 5685 3035 5742 est,
3085 5674 3144 5727 de
3198 5675 3363 5742 Opere
3407 5677 3683 5730 creationis
3731 5693 3816 5728 se:

2233 5765 2449 5831 dierum,
2465 5767 2720 5820 eruditum
2739 5779 2887 5836 atque
2908 5770 3104 5837 insigne
3123 5780 3194 5822 est
3211 5784 3226 5820 :
3241 5771 3376 5837 quod
3389 5768 3607 5822 Parisiis
3621 5772 3687 5821 ed
3693 5771 3814 5821 item

2231 5871 2255 5906 ο
2289 5855 2583 5909 bibliotheca
2623 5857 2687 5911 D.
2722 5858 2938 5913 Victoris
2969 5861 3083 5912 huic
3134 5860 3272 5927 operi
3319 5861 3616 5932 adjecimus,
3655 5864 3813 5913 tribas
