3942 6310
151 334 259 391 617

146 554 308 602 serat.
335 546 540 602 Revera
570 546 637 601 de
659 546 828 615 patria
858 554 912 601 et
932 554 1093 615 gente
1116 546 1385 600 Dracontii
1412 546 1578 599 altum
1603 544 1743 614 apud

148 649 365 697 veteres
412 640 706 695 silentium.
734 639 971 694 Joannes
1004 639 1221 693 Vasteus
1266 639 1317 692 in
1364 638 1636 695 Chronico
1676 636 1744 691 ad

144 747 245 787 an.
276 731 398 797 651,
432 732 522 786 ubi
552 732 619 787 de
649 732 706 787 S.
739 731 981 800 Eugenio
1010 744 1316 785 sermonem
1350 730 1538 799 injicit,
1572 728 1743 785 videri

143 827 225 881 ait
254 824 598 880 Dracontium
632 824 797 878 fuisse
830 822 1146 889 Hispanum,
1175 830 1431 892 quantum
1463 836 1530 876 ex
1559 820 1617 876 8.
1652 820 1745 874 lsi-

144 921 285 975 doro
316 917 496 988 colligi
524 926 717 988 potest,
744 926 797 973 et
820 916 1065 971 ﬂoruisse
1093 914 1426 985 temporibus
1456 913 1745 969 Justiniani

145 1012 495 1081 imperatoris
535 1020 588 1066 et
626 1010 967 1079 Athanagildi
1001 1012 1144 1078 regis
1173 1009 1493 1064 Gothorum.
1526 1008 1633 1063 Sed
1679 1023 1747 1062 ex

146 1104 343 1160 lsidori
373 1103 577 1169 verbis,
601 1118 720 1173 quae
754 1111 900 1157 num.
930 1104 961 1156 7
991 1101 1180 1166 habes,
1214 1102 1398 1156 nescio
1425 1099 1516 1171 qui
1567 1098 1745 1169 colligi

144 1194 347 1264 possit,
367 1194 712 1248 Dracontium
737 1191 905 1248 fuisse
931 1192 1246 1261 llispanum,
1264 1198 1356 1245 aut
1383 1190 1631 1244 ﬂoruisse
1652 1204 1747 1243 sae-

146 1286 277 1342 culo
313 1303 384 1341 vt.
428 1286 491 1341 Et
520 1300 641 1341 cum
682 1285 798 1356 ipse
840 1284 1061 1340 Vasaeus
1095 1283 1411 1347 confirmet.
1446 1282 1742 1352 Eugenium

148 1378 529 1433 Hexaemeron
561 1376 830 1431 Dracontii
858 1377 973 1444 jam
1002 1382 1250 1430 vetustate
1278 1375 1509 1428 vitiatum
1540 1388 1639 1427 suo
1667 1373 1748 1427 ni-

146 1471 258 1527 tori
287 1471 607 1536 restituisse,
640 1480 935 1539 oporteret,
963 1479 1020 1524 ut
1062 1470 1446 1540 aliquantulum
1477 1471 1745 1540 antiquio-

146 1574 269 1614 rem
290 1560 540 1616 crederet
568 1561 911 1615 Dracontium
940 1577 953 1613 :
978 1576 1099 1614 nam
1132 1560 1400 1629 Eugenius
1430 1562 1627 1615 schulo
1648 1576 1744 1627 vn,

147 1667 299 1706 anno
340 1652 557 1708 circiter
603 1651 708 1708 645
735 1694 749 1718 ,
802 1652 1148 1707 Dracontium
1194 1653 1536 1707 emendabat.
1572 1651 1745 1706 Vaszei

147 1743 466 1813 opinionem
490 1744 638 1799 multi
666 1745 757 1799 alii
780 1745 1014 1815 amplexi
1043 1755 1192 1809 sunt,
1217 1746 1376 1800 etiam
1392 1747 1495 1817 27
1512 1745 1747 1801 Joannes

1555 336 2079 394 PROLEGOMENA.

146 463 434 523 quatuorve
453 452 738 510 emendatis
756 452 1035 519 erroribus,
1051 467 1176 523 quos
1197 451 1549 523 typographus
1573 452 1744 505 admi-
1772 457 1826 517 Α

3331 340 3438 397 Bis

1926 453 2015 508 5‘2.
2050 452 2335 510 Videamus
2364 468 2503 509 nunc
2529 454 2670 524 quod
2700 454 2773 509 ait
2796 452 2915 510 Nic.
2948 454 3230 521 Antonius,
3260 464 3443 511 aucto-

1853 547 2000 602 ribus
2023 546 2267 602 confictis
2287 548 2577 603 nonnullos
2600 546 2896 603 credidisse
2914 547 3260 604 Dracontium
3285 549 3448 604 fuisse

1850 648 2009 710 gente
2075 640 2388 708 llispanum.
2458 639 2744 695 Famosum
2802 639 3063 709 imprimis
3120 650 3203 695 est
3257 640 3447 711 Dextri

1852 730 2173 786 Chronicon.
2210 732 2266 786 ln
2295 731 2435 787 notis
2466 732 2531 785 ad
2565 732 2988 787 recentissimam
3016 732 3307 788 editionem
3339 734 3448 790 Ma-

1855 825 2133 877 tritensem
2175 822 2522 879 Bibliotheca:
2552 824 2751 880 veteris
2782 822 3031 894 Hispanae
3070 823 3186 879 Nic.
3225 824 3447 880 Antonii

1853 918 1949 972 lib.
1978 932 2057 981 nt,
2088 932 2208 987 cap.
2234 919 2287 982 5,
2315 916 2659 974 doctissimus
2681 918 2856 971 editor
2883 916 3182 973 mirandum
3213 917 3291 971 ait
3316 917 3449 973 nihil

1853 1011 1921 1065 de
1953 1010 2242 1066 Dracontio
2290 1010 2428 1079 apud
2472 1010 2959 1079 pseudo-Dextrum
3002 1010 3103 1080 legi
3135 1024 3241 1065 non
3273 1012 3447 1066 solum

1852 1103 1907 1158 in
1934 1103 2186 1158 Chronici
2214 1103 2533 1174 fragmento,
2563 1104 2703 1174 quod
2739 1114 2859 1169 post
2888 1104 3023 1158 Bibl.
3054 1112 3161 1160 vet.
3193 1104 3307 1159 Nic.
3339 1104 3451 1159 An-

1855 1196 2033 1250 tonius
2061 1194 2299 1265 prmulit,
2327 1194 2419 1250 sed
2445 1209 2622 1265 neque
2651 1194 2702 1249 in
2733 1194 2965 1261 pleniori
2994 1196 3242 1265 exemplo
3267 1195 3449 1267 Regia:

1851 1286 2213 1345 bibliothecae.
2260 1287 2331 1342 At
2380 1288 2599 1343 minime
2638 1288 2855 1343 dubium
2897 1295 2981 1343 est
3014 1289 3142 1358 quin
3171 1289 3221 1342 in
3262 1289 3449 1345 Dextri

1850 1380 2122 1436 Chronico
2142 1396 2265 1436 cum
2288 1382 2696 1437 Commentariis
2724 1381 2916 1436 Bivarii
2939 1382 3079 1451 typis
3103 1382 3247 1436 edito
3269 1382 3449 1452 aliqua

1852 1474 2056 1528 mentio
2085 1473 2356 1527 Dracontii
2383 1483 2629 1528 occurrat
2666 1492 2678 1526 :
2718 1488 2783 1529 ex
2817 1488 2919 1541 qua
2944 1482 3123 1527 tamen
3156 1473 3449 1543 Hispanum

1855 1565 2019 1621 fuisse
2046 1566 2390 1620 Dracontium
2425 1580 2757 1634 nequaquam
2786 1565 3070 1635 colligitur,
3095 1564 3203 1619 imo
3232 1573 3450 1620 contra-

1852 1658 1989 1713 rium
2036 1659 2254 1728 collegit
2301 1666 2691 1712 commentator
2739 1657 2998 1711 Divarius.
3045 1657 3175 1711 Cum
3208 1656 3351 1711 enim
3380 1657 3451 1712 ad

1853 1765 2053 1804 annum
2108 1748 2214 1805 382
2266 1757 2512 1804 narretur
2559 1749 2609 1802 in
2654 1747 2963 1815 Chronico,
3013 1748 3356 1802 Dracontium
3396 1758 3453 1806 et

152 1835 401 1892 Grialius
430 1838 481 1891 in
510 1837 746 1893 editione
776 1837 1070 1893 Matritensi
1096 1838 1152 1893 8.
1182 1838 1370 1893 lsidori
1402 1839 1541 1894 1599
1566 1840 1631 1893 ad
1657 1840 1751 1895 lib.
1786 1842 1835 1902 Β
1865 1840 2161 1911 Adclpbum
2204 1842 2484 1909 episcopos
2514 1841 2565 1893 in
2598 1839 2852 1909 llispania
2882 1839 3177 1904 exsulasse,
3210 1839 3453 1895 Bivarius

150 1945 239 1985 xu
267 1931 444 2001 Etym.
468 1946 588 2000 cap.
610 1930 665 1997 2,
692 1930 781 1985 ubi
807 1932 1009 1986 diserte
1037 1931 1113 1985 ait
1138 1947 1152 1984 :
1182 1930 1493 1985 Dracontius
1517 1948 1645 2000 opus
1666 1948 1755 1985 sea:

148 2021 373 2075 Dierum
394 2023 616 2075 carmine
638 2023 940 2093 composuit,
961 2023 1305 2095 Athanagildo
1331 2036 1594 2093 regnante,
1618 2024 1757 2094 quod

149 2131 340 2185 poema
366 2115 622 2185 Eugenius
646 2114 740 2168 Ill
777 2115 939 2170 Tolet.
987 2118 1199 2170 antistes
1235 2117 1323 2170 sub
1352 2116 1757 2170 C/tindasuintlro

148 2218 205 2262 et
237 2207 624 2273 Reccesuintlto,
660 2218 707 2260 et
736 2209 1046 2275 emendavit,
1086 2219 1134 2262 et
1159 2208 1361 2276 septimi
1395 2210 1498 2261 diei
1528 2209 1752 2263 versibus

149 2303 330 2355 auxit.
362 2300 515 2369 Quod
549 2315 676 2355 vero
713 2300 777 2353 ad
825 2310 1036 2369 tempus
1065 2301 1254 2354 attinet
1290 2316 1396 2368 quo
1432 2300 1757 2354 Dracontius

148 2393 317 2457 vixit,
336 2391 556 2461 insignis
582 2399 666 2445 est
689 2405 840 2445 error
868 2390 1090 2445 Gerardi
1113 2391 1336 2446 Joannis
1367 2391 1538 2445 Vnssii
1567 2406 1689 2460 cap.
1721 2391 1756 2446 9

150 2484 288 2540 libri
324 2485 391 2539 de
421 2483 570 2537 Poet.
612 2483 753 2547 Lat.,
787 2482 874 2537 ubi
918 2484 1059 2537 inter
1097 2491 1281 2553 poetas
1319 2483 1540 2538 incerta:
1584 2482 1758 2537 aztatis

155 2576 512 2632 Dracontium
563 2584 844 2642 recenset,
882 2583 937 2628 et
969 2584 1090 2645 post
1117 2575 1366 2630 Carolum
1407 2574 1652 2645 Magnum
1688 2576 1754 2629 ad

152 2682 361 2722 annum
389 2665 493 2721 800
517 2664 755 2734 relegat:
789 2666 876 2734 qui
907 2680 1010 2719 non
1039 2668 1209 2719 solum
1242 2667 1495 2740 operibus
1526 2667 1759 2721 Dracon-

152 2760 244 2822 tii,
271 2773 457 2813 verum
488 2757 647 2811 etiam
678 2756 865 2810 lsidori
896 2754 1255 2826 lldefonsique
1285 2758 1607 2813 testimoniis
1638 2758 1754 2813 evi-

152 2853 358 2907 denter
380 2850 660 2904 refellitur.
679 2849 911 2903 Funcius
931 2850 998 2903 de
1013 2849 1200 2917 \‘eget.
1228 2849 1342 2904 Lat.
1364 2851 1492 2919 ling.
1516 2852 1755 2918 Seuect.,

154 2959 287 3014 cap.
315 2944 368 3007 5,
404 2941 431 3012 §
466 2942 555 3007 97,
592 2942 784 2995 merito
818 2941 991 3010 rejicit
1030 2942 1303 2996 Mattliiam
1335 2943 1557 3009 Kmnig,
1587 2946 1674 3014 qui
1707 2946 1758 2999 in

160 3036 309 3093 Bibl.
336 3044 442 3089 vet.
468 3043 521 3088 et
548 3047 676 3087 nov.
700 3034 1040 3087 Dracontium
1068 3034 1167 3089 sub
1188 3034 1489 3089 Justiniano
1513 3037 1761 3092 ﬂoruisse

157 3130 285 3193 ait;
342 3129 433 3183 sed
467 3127 618 3182 nullo
648 3128 761 3197 ipse
799 3124 1139 3181 fundamento
1179 3137 1384 3182 certum
1424 3144 1622 3182 annum
1654 3130 1761 3185 150

1862 1931 2004 1987 hunc
2022 1933 2253 1986 aflirmat
2275 1946 2395 1986 esse
2420 1932 2761 1986 Dracontium
2791 1940 3024 1999 poetam,
3051 1945 3150 1985 nec
3179 1930 3452 1986 diversum

1862 2028 2091 2083 credita
2124 2026 2413 2081 Dracuntio
2462 2025 2545 2080 vel
2595 2024 2883 2079 Dracontio
2909 2066 2923 2089 ,
2973 2024 3038 2077 ad
3081 2038 3239 2094 quem
3280 2030 3454 2079 exstat

1862 2125 2085 2194 cpistola
2132 2122 2433 2177 Athanasii.
2485 2119 2591 2175 Nec
2638 2119 2810 2174 fuerat
2851 2134 3009 2174 nemo
3055 2119 3139 2173 cui
3178 2120 3289 2172 haec
3336 2119 3454 2186 ipsa

1860 2217 2044 2285 opinio
2094 2224 2248 2269 antea
2294 2214 2350 2268 in
2401 2222 2635 2267 mentem
2680 2212 2956 2275 venisset,
2988 2218 3047 2265 ut
3074 2226 3138 2264 ex
3169 2208 3252 2263 his
3278 2210 3459 2263 verbis

1864 2308 2104 2363 Goldasti
2136 2310 2187 2361 in
2216 2305 2439 2375 epistola
2469 2305 2534 2358 ad
2567 2304 2851 2358 Weitzium
2880 2303 3143 2371 intelliges
3172 2319 3187 2356 :
3222 2303 3300 2354 Ad
3325 2302 3458 2355 Imnc

1866 2402 2353 2470 Dracontium,qua:
2365 2415 2425 2452 ea:
2436 2397 2660 2451 Baronio
2679 2406 2915 2467 suggesta
2936 2406 3053 2451 sunt
3069 2395 3197 2448 nihil
3218 2395 3457 2447 attinent.

1863 2492 1965 2546 Ille
1993 2493 2125 2545 enim
2162 2490 2469 2552 Orientalis,
2508 2488 2588 2542 hic
2630 2488 3010 2551 Occidentalis;
3052 2486 3141 2540 ille
3177 2486 3457 2548 Asiaticus,
3524 2526 3531 2533 .

1863 2589 1945 2641 hic
1977 2587 2280 2654 Europeus;
2322 2584 2410 2639 ille
2444 2582 2674 2650 Graecus,
2709 2583 2791 2636 hic
2828 2581 3125 2650 Hispanus;
3154 2580 3240 2633 ille
3268 2580 3461 2648 episco-

1864 2698 1958 2749 pus
1980 2724 1993 2745 ,
2025 2681 2107 2733 hic
2136 2678 2425 2750 palatinas;
2466 2676 2555 2729 ille
2579 2675 2911 2729 Constantino
2943 2672 3155 2744 Magno,
3180 2670 3261 2724 hic
3292 2671 3459 2725 Justi-

1864 2774 2018 2826 niano
2060 2770 2254 2839 Magno
2289 2768 2716 2836 imperatoribus;
2763 2766 2850 2820 ille
2883 2782 2915 2818 a
2951 2764 3149 2818 Christo
3184 2772 3305 2815 nato
3332 2764 3461 2827 550,

1863 2864 1947 2917 hic
1978 2863 2082 2917 510
2111 2863 2329 2932 viguere.
2364 2860 2523 2914 Errat
2549 2873 2669 2913 cum
2705 2857 2892 2911 Vasaco
2923 2858 2972 2908 in
3004 2862 3161 2908 aetate
3186 2852 3461 2921 Dracontii

1864 2954 2182 3017 Goldastus;
2207 2950 2299 3005 scd
2324 2952 2503 3003 mirari
2524 2948 2668 3003 subit
2691 2946 2832 3002 unde
2854 2945 3145 3014 sumpserit
3169 2944 3460 3012 palatinum

1866 3044 2031 3098 fuisse
2072 3041 2416 3097 Dracontium
2447 3082 2461 3104 ,
2510 3053 2631 3092 nam
2681 3037 2919 3106 plerique
2966 3035 3053 3088 alii
3086 3034 3462 3105 presbyterum

1867 3147 2076 3193 vocant.
2124 3135 2363 3189 Goldasti
2410 3133 2671 3189 veriorem
2698 3147 2821 3187 esse
2842 3128 3162 3185 sententiam
3195 3144 3260 3184 ex
3292 3145 3462 3184 mens-

162 3222 440 3292 designat,
468 3235 573 3289 quo
595 3220 911 3274 Dracontius
948 3220 1109 3273 rebus
1148 3220 1394 3274 humanis
1425 3221 1761 3275 Valedixeril-
1790 3218 1838 3282 C
1871 3232 2051 3286 Inanis
2082 3229 2373 3290 Vaticanis,
2409 3243 2555 3280 nunt.
2591 3226 2696 3279 129.
2717 3269 2729 3291 ,
2763 3223 3162 3278 demonstrabo.
3193 3222 3270 3276 Ex
3298 3221 3461 3277 Baro-

236 3314 330 3367 5|.
365 3313 633 3367 Dracontii
679 3314 847 3382 patria
896 3328 1001 3366 non
1034 3323 1233 3366 tantum
1267 3311 1329 3366 ϐ.
1364 3311 1631 3377 Fabricio,
1665 3328 1759 3367 vc-

150 3420 284 3463 rum
318 3404 480 3460 etiam
507 3406 618 3460 Nic.
654 3406 888 3460 Antonio
915 3406 1115 3459 incerta
1143 3412 1278 3468 erat,
1302 3405 1389 3474 qui
1415 3412 1544 3457 tom.
1577 3403 1591 3455 I
1620 3403 1757 3458 Bibl.

152 3507 277 3553 vet.
305 3538 320 3562 ,
346 3496 439 3550 lib.
471 3513 537 3563 v,
565 3490 692 3566 'cap.
722 3497 786 3561 5,
819 3497 888 3549 ita
919 3496 1224 3566 pronuntiat
1262 3513 1273 3547 :
1321 3494 1658 3549 Dracontium
1690 3506 1761 3547 tc-

154 3604 307 3643 mere
326 3590 471 3642 aiunt
488 3597 631 3661 gente
654 3586 946 3657 Hispanum
969 3584 1205 3639 nonnulli
1222 3585 1511 3639 auctoribus
1533 3584 1763 3653 conﬁctis

156 3682 448 3751 gredentes.
487 3686 658 3749 Atque
689 3678 778 3732 ille
809 3677 1024 3748 quidem
1058 3677 1249 3745 partim
1279 3676 1493 3729 silentio
1522 3684 1763 3729 veterum

155 3783 444 3847 permotus
474 3775 542 3828 ita
566 3772 869 3842 judicabat,
904 3772 1095 3841 partim
1127 3770 1250 3825 odio
1277 3770 1509 3840 quodam
1540 3784 1637 3823 suo
1668 3770 1763 3823 ad-

154 3881 359 3922 versus
388 3874 631 3919 auctores
675 3864 928 3917 falsorum
960 3861 1336 3918 chronicorum
1378 3861 1628 3915 incensus
1653 3904 1668 3929 ,
1700 3876 1766 3914 ex

157 3978 279 4033 quo
305 3941 531 4015 fortasse
563 3961 616 4014 in
658 3958 992 4013 contrariam
1032 3966 1239 4027 partem
1280 3970 1656 4024 nonnunquam
1691 3955 1771 4009 ni-

155 4056 340 4113 mium
378 4069 438 4109 se
478 4054 647 4124 abripi
687 4067 877 4124 passus
915 4061 1017 4107 est.
1061 4050 1303 4105 Vidimus
1337 4051 1477 4105 enim
1504 4050 1627 4119 quid
1663 4049 1766 4103 Va-

159 4158 337 4212 satus,
374 4144 461 4212 qui
487 4159 628 4197 anno
656 4144 870 4197 circiter
902 4140 1041 4197 15Θῖ
1065 4141 1317 4205 decessit,
1350 4153 1403 4196 et
1433 4156 1588 4210 quem
1618 4140 1769 4196 multi

159 4236 341 4291 secuti
387 4242 534 4297 sunt,
575 4234 732 4303 longe
775 4241 900 4286 ante
946 4231 1201 4286 chronica
1245 4231 1471 4286 conficta
1519 4232 1768 4298 senserit,

160 4343 402 4399 quorum
429 4327 665 4384 inventio
692 4328 759 4381 ad
781 4342 979 4382 annum
1014 4326 1151 4383 1594
1178 4327 1428 4393 refertur,
1464 4327 1630 4397 prima
1660 4325 1773 4381 edi-

164 4425 249 4477 tio
280 4438 422 4478 anno
452 4422 589 4478 1619
620 4432 832 4491 peracta
873 4430 974 4477 est.
1022 4420 1218 4476 Eadem
1251 4422 1433 4491 opinio
1461 4424 1620 4477 etiam
1653 4429 1774 4490 post

163 4518 373 4574 editam
422 4516 797 4571 Bibliothecam
842 4513 954 4569 Nic.
998 4514 1220 4568 Antonii
1246 4514 1425 4569 'valuit
1475 4514 1585 4569 fere
1631 4511 1771 4581 apud

1869 3324 1958 3378 nio
1988 3337 2116 3378 vero
2145 3322 2259 3377 haec
2279 3361 2292 3384 ,
2324 3319 2537 3388 opinor,
2574 3316 2802 3371 Weitzio
2830 3324 3075 3385 suggesta
3101 3324 3287 3382 erant,
3320 3314 3463 3384 quod

1869 3422 1933 3475 ad
1961 3433 2157 3473 annum
2188 3417 2314 3480 528,
2346 3430 2494 3469 num.
2525 3412 2615 3477 9.5,
2647 3409 2951 3466 meminerit
2980 3408 3249 3463 Dracontii
3279 3423 3465 3462 mona-

1869 3513 1953 3567 chi
1975 3553 1991 3577 ,
2031 3525 2189 3580 quem
2227 3506 2553 3563 Athanasius
2586 3520 2680 3574 per
2711 3503 2988 3572 epistolam
3028 3503 3270 3557 hortatus
3301 3510 3384 3556 est
3411 3512 3467 3557 ut

1870 3607 2237 3675 episcopatum
2261 3619 2367 3659 non
2398 3610 2693 3667 recusaret,
2721 3610 2775 3656 et
2801 3615 2988 3655 rursus
3015 3599 3081 3653 ad
3112 3615 3310 3653 annum
3338 3601 3465 3661 556.

1873 3714 2021 3753 num.
2054 3698 2147 3761 47,
2176 3698 2267 3759 48,
2300 3695 2391 3760 5‘2,
2433 3693 2777 3749 Dracontium
2810 3693 3119 3763 episcopum
3149 3694 3199 3746 in
3234 3692 3467 3762 Egypto

1872 3791 2111 3846 exsulem
2140 3805 2209 3843 ex
2250 3790 2304 3841 S.
2340 3786 2633 3842 Athanasio
2663 3786 2729 3840 de
2759 3785 2901 3853 Fuga
2930 3798 3025 3839 sua
3053 3793 3107 3839 et
3130 3784 3196 3837 ad
3221 3783 3464 3844 Solitar..

1872 3895 1923 3937 et
1951 3897 2018 3937 ex
2063 3880 2183 3935 Vita
2227 3880 2285 3935 S.
2311 3879 2599 3934 Hilarionis
2641 3894 2671 3933 a
2713 3878 2769 3933 8.
2798 3877 3123 3949 llieronymo
3164 3876 3465 3947 conscripta

1873 3966 2394 4036 commemoraveri't,
2417 3985 2574 4037 quem
2602 3984 2767 4024 unum
2790 3968 3147 4039 eumdemque
3172 3982 3290 4023 esse
3320 3978 3469 4036 putat

1874 4085 1937 4124 ac
1960 4068 2304 4123 Dracontium
2336 4066 2678 4136 monachum,
2700 4064 2767 4119 ad
2798 4079 2958 4133 quem
2978 4062 3303 4118 Athanasius
3333 4062 3469 4118 litteo

1876 4178 1963 4217 ras
1990 4163 2100 4234 29
2127 4160 2293 4216 dedit.
2327 4159 2400 4213 De
2424 4158 2656 4213 diversis
2684 4158 2985 4212 Dracontiis
3010 4166 3164 4211 antea
3189 4172 3335 4210 num.
3361 4157 3392 4210 5
3416 4166 3470 4211 et

1876 4256 1909 4310 6
1934 4270 1961 4307 a
1986 4254 2138 4309 nobis
2163 4252 2488 4320 disputatum
2510 4247 2746 4305 est.Non
2768 4247 3061 4303 omittenda
3082 4256 3207 4301 sunt
3229 4246 3470 4302 Goldasti

1876 4348 2038 4402 verba
2072 4347 2264 4416 quibus
2294 4342 2672 4403 Dracontium,
2697 4340 2924 4394 aliorum
2958 4338 3300 4409 opinionibus
3328 4337 3471 4405 reje-

1876 4438 1976 4492 etis
2002 4479 2017 4502 ,
2066 4436 2331 4504 Hispaniae
2376 4431 2706 4502 adiudicavit
2755 4451 2768 4487 :
2817 4431 2881 4484 In
2924 4440 3178 4498 comperto
3215 4438 3289 4483 est
3324 4438 3472 4498 gente

1880 4530 2037 4595 fuisse
2063 4529 2351 4581 litterarum
2376 4524 2609 4591 alumna,
2642 4523 2928 4577 studiomm
2956 4521 3172 4587 nutrice,
3204 4517 3472 4571 Musarum

164 4627 402 4675 omnes,
433 4612 674 4682 quamvis
722 4625 879 4665 nemo
915 4610 1024 4679 jam
1071 4611 1451 4665 commentitiis
1501 4608 1759 4666 chronicis

1877 4621 2079 4683 colona,
2103 4628 2149 4673 et
2180 4618 2340 4685 ipsius
2364 4615 2616 4668 Parnassi
2635 4624 2786 4681 atque
2813 4611 3079 4665 Heliconis
3105 4608 3293 4663 wntula
3309 4649 3323 4674 ,
3348 4626 3471 4681 gen-

164 4704 336 4761 ﬁdetn
383 4714 640 4772 prmstet;
682 4704 795 4758 sive
822 4704 1082 4757 rationem
1126 4701 1303 4756 Vasazi
1333 4702 1456 4757 inde
1488 4705 1763 4770 roborent,

168 4796 319 4867 quod
344 4795 404 4852 S.
427 4796 861 4867 Eugeniusjnssu
884 4796 1024 4866 regis
1049 4796 1099 4849 in
1129 4796 1396 4851 Dracontii
1428 4798 1764 4853 emendatio-

170 4905 302 4945 nem
340 4889 672 4952 incubuerit,
711 4888 850 4958 quod
885 4888 1027 4941 hunc
1059 4898 1327 4942 auctorem
1363 4888 1654 4957 llispanum
1689 4890 1768 4945 in-

169 4986 361 5039 dicare
388 4994 593 5053 potest,
621 4986 733 5039 sive
755 5026 768 5051 ,
803 4993 859 5038 ut
888 4999 988 5055 ego
1017 4984 1184 5052 magis
1213 4982 1462 5047 arbitror,
1494 4999 1558 5037 ex
1589 4985 1766 5054 aliqua

168 5076 465 5132 traditione
504 5086 595 5131 aut
622 5093 723 5131 ms.
754 5077 940 5132 codice
965 5086 1138 5131 ortum
1164 5077 1279 5130 hinc
1307 5078 1570 5131 sententia
1600 5078 1767 5133 duxe-

169 5171 273 5235 rit,
301 5185 419 5239 qua:
440 5169 636 5225 deinde
660 5172 727 5225 ad
752 5170 983 5239 reliquos
1005 5169 1415 5239 permanaverit.
1443 5168 1770 5235 Gallandius,

170 5264 268 5333 qui
318 5277 385 5317 ex
424 5256 658 5318 editione
706 5262 1077 5319 Sirmondiana
1129 5262 1469 5318 Dracontium
1522 5272 1653 5319 tum.
1704 5264 1773 5319 IX

169 5371 295 5411 sua:
315 5354 566 5410 Biblioth.
594 5357 841 5417 inseruit,
866 5355 1001 5411 hanc
1020 5355 1283 5409 rationem
1304 5355 1596 5423 probabilis
1619 5356 1777 5425 hujus

170 5439 776 5518 sentcntiaeraadjungit,
807 5448 949 5519 quod
990 5447 1270 5501 illustrium
1304 5447 1526 5500 virorum
1576 5450 1661 5517 qui
1699 5464 1777 5502 res

169 5554 355 5595 sacras
384 5542 607 5596 carmine
635 5542 952 5607 cecinerunt,
984 5541 1229 5607 Juvenci,
1270 5539 1564 5603 Prudentii,
1608 5538 1781 5592 Mero-

172 5631 404 5698 baudis,
458 5635 569 5705 28
623 5632 844 5687 aliorum
910 5634 1057 5704 ferax
1116 5645 1266 5685 antea
1330 5633 1589 5687 exstiterat
1641 5634 1783 5687 natio

173 5725 449 5793 Hispana,
474 5736 527 5779 ut
548 5735 819 5797 propterea
837 5742 921 5780 eos
942 5725 1211 5781 wmulatus
1246 5742 1393 5781 suum
1431 5724 1779 5783 flexamteron

179 5818 424 5889 panxerit
440 5834 638 5889 quoque
664 5818 988 5873 Dracontius.

471 5913 740 5973 PA'rnoL.
794 5913 899 5974 LX

1876 4714 2088 4782 tilcsque
2117 4711 2348 4764 habuisse
2368 4726 2430 4763 ea:
2451 4708 2628 4778 priscis
2651 4708 2753 4760 illis
2777 4706 3089 4759 ethnicorum
3112 4704 3268 4771 poetis
3293 4703 3471 4759 Sexti-

1878 4805 2005 4857 lium
2036 4802 2331 4864 IIeminam,
2365 4800 2631 4861 Senecam,
2677 4796 2965 4861 Lucanum,
3010 4796 3320 4847 Victorinum
3351 4796 3471 4849 Sta-

1878 4897 2089 4958 torium,
2112 4890 2466 4957 Columellam,
2498 4889 2689 4945 Silium
2713 4888 2975 4953 Italicum,
3007 4887 3309 4954 Decimium,
3337 4886 3473 4939 Lici-

1877 4989 2086 5043 nianum
2109 5026 2125 5052 ,
2166 4985 2440 5039 Caninium
2489 4982 2680 5052 Rufum
2706 5022 2721 5047 ,
2770 4979 3107 5047 Martialem,
3141 4980 3469 5033 Hadrianum

1874 5081 2261 5149 imperatorem,
2308 5075 2520 5130 Festum
2574 5076 2842 5137 Avienum,
2884 5073 3144 5143 Aquilium
3185 5073 3471 5137 Severum;

1880 5182 1946 5238 et,
1978 5188 2041 5226 ea:
2066 5172 2468 5226 Christianorum
2490 5184 2660 5240 grege,
2688 5168 3087 5231 Maronianum,
3115 5166 3465 5232 Tiberianam,

1880 5265 2162 5319 Iuvencum
2183 5304 2196 5327 ,
2236 5262 2577 5316 Prudentium
2610 5271 2781 5327 tuum,
2815 5260 3122 5324 Damasum,
3160 5259 3470 5324 Leandrum,

1887 5356 2241 5426 Fulgentium,
2262 5352 2546 5417 Isidorum,
2568 5362 2613 5407 ct
2631 5368 2773 5422 quem
2796 5354 2957 5419 nuper
2979 5350 3164 5404 nobilis
3183 5358 3230 5404 et
3254 5350 3472 5419 eleganti

1886 5449 2087 5519 ingenio
2110 5447 2403 5500 adolescens
2434 5445 2741 5499 Laurentius
2770 5444 3078 5497 Itamiresius
3104 5442 3335 5511 princeps
3364 5441 3476 5494 vul-

1894 5544 2045 5617 gavit,
2081 5540 2368 5595 Orontium.

1967 5635 2053 5690 55.
2092 5632 2300 5688 Profert
2330 5631 2445 5687 Nic.
2477 5631 2741 5689 Antonius
2765 5630 2925 5687 verba
2957 5629 3306 5685 commentitii
3337 5626 3478 5682 Hau-

1891 5726 2030 5782 berti
2073 5725 2405 5795 liispalensis
2441 5741 2507 5781 ex
2544 5726 2798 5781 ehronieo
2832 5724 2898 5779 ad
2932 5740 3128 5779 annum
3172 5723 3297 5789 455,
3330 5738 3476 5777 num.

1891 5820 1957 5873 24
1984 5861 1997 5886 ,
2037 5821 2258 5875 Sanctus
2293 5820 2369 5874 vir
2401 5818 2705 5874 Dracontius
2748 5819 2890 5875 Osca:
2925 5817 3291 5876 Celtiberorum
3334 5818 3476 5881 obiit,

3096 5914 3173 5974 ΞΟ
