3942 6310
631 362 730 423 619

2030 356 2197 413 DRAC

2309 353 2477 416 TIUS.
2589 304 2629 307 ﬂ
3744 367 3812 425 uo

630 480 715 535 ubi
746 484 851 531 erat
877 474 1154 549 presbyter.
1205 474 1312 531 Sed
1356 479 1713 545 preterquam
1745 469 1888 540 quod
1917 467 2221 545 Haubertus
2248 470 2302 532 Α
2328 468 2539 525 dosium
2582 467 2856 524 leniorem
2876 512 2889 537 ,
2925 465 3271 523 Dracontium
3303 483 3443 523 anno
3475 472 3570 526 412
3591 482 3635 527 ct
3657 474 3733 530 450
3752 479 3813 531 llu-

628 576 730 630 iste
771 572 968 629 saculo
1013 586 1121 625 xm
1164 568 1411 625 elabente
1456 566 1717 624 confictas
1766 564 1866 620 fuit
1891 606 1905 630 ,
1948 564 2219 619 neminem

628 668 776 737 leges
803 665 894 736 qui
925 660 1268 719 Dracontium
1303 659 1677 731 presbyterum
1706 656 1999 713 Oscensem
2033 654 2215 718 faciat,

628 777 693 817 ex
725 760 788 815 iis
832 757 1021 815 saltem
1062 756 1150 827 qui
1182 756 1323 812 inter
1362 756 1506 811 viros
1546 753 1761 809 criticos
1805 751 1987 821 aliquo
2014 749 2068 803 in
2100 748 2217 803 loco

627 852 943 907 habeantur.
973 847 1137 905 Multo
1162 862 1292 904 vero
1315 854 1440 903 ante
1469 848 1609 901 hunc
1638 845 1967 899 Haubertum
2000 842 2217 911 reperio

623 946 712 1015 qui
755 942 1097 999 Dracontium
1138 948 1352 1012 poetam
1391 939 1561 993 divum
1599 936 1893 992 vocaverit.
1937 934 1993 988 ln
2033 932 2216 987 lndice

623 1038 743 1093 libr.
776 1049 998 1105 expurg.
1024 1048 1121 1105 per
1140 1031 1398 1088 Joannem
1425 1029 1491 1085 Μ.
1517 1026 2019 1090 Brasicbellensem,
2049 1023 2213 1087 1607,

622 1144 743 1199 pag.
775 1129 866 1194 85,
885 1122 1104 1197 jubetur
1129 1125 1341 1180 titulum
1367 1124 1479 1179 divi
1510 1120 1776 1177 Dracontii
1805 1120 1855 1174 in
1882 1116 2215 1174 Bibliotheca

624 1222 838 1275 Patrum
871 1234 967 1290 per
994 1216 1349 1288 Margarinum
1377 1214 1445 1270 de
1469 1214 1517 1268 la
1551 1214 1733 1282 Bigue,
1762 1210 1891 1265 edit.
1928 1210 2084 1274 l589,
2112 1208 2212 1265 de-

623 1314 743 1379 leri,
776 1312 851 1367 uti
876 1310 1037 1367 etiam
1076 1323 1197 1380 pag.
1228 1306 1340 1363 256
1366 1308 1572 1361 titulum
1600 1305 1712 1359 divi
1748 1301 1988 1357 Belisarii
2017 1308 2209 1370 poetic,

622 1405 731 1460 divi
769 1403 965 1459 Liberii
1008 1411 1181 1473 poeta:
1208 1441 1223 1466 ,
1267 1400 1328 1453 D.
1368 1396 1616 1453 Venantii
1642 1437 1655 1460 ,
1704 1396 1765 1449 D.
1812 1394 2102 1456 Dracontii,
2145 1392 2208 1446 ι).

621 1496 958 1567 Theodulpbi
979 1535 994 1562 ,
1025 1504 1078 1550 et
1108 1493 1231 1549 alibi
1275 1491 1382 1547 divi
1427 1489 1719 1545 Prudentii.
1776 1486 1909 1542 Vide
1938 1501 2085 1540 num.
2119 1484 2209 1541 55.

623 1594 805 1664 ltigius
829 1634 843 1658 ,
881 1605 1001 1661 cap.
1036 1589 1073 1644 5
1095 1587 1162 1643 de
1192 1585 1446 1642 Biblioth.
1476 1626 1489 1649 ,
1535 1583 1765 1638 aflirmat
1790 1580 2063 1636 rarissima
2093 1592 2214 1633 esse

620 1684 945 1756 exemplaria
978 1682 1135 1752 hujus
1164 1679 1359 1736 Indicis
1379 1720 1394 1744 ,
1432 1692 1593 1749 quem
1633 1689 1809 1746 neque
1840 1674 1954 1745 ipse
1980 1672 2209 1734 viderat,

619 1782 739 1851 quia
764 1779 970 1835 scilicet
998 1778 1235 1832 Romana
1264 1773 1434 1829 editio
1462 1784 1749 1842 suppressa
1778 1769 1973 1833 fuerat,
2000 1775 2052 1822 et
2075 1779 2211 1820 nova

619 1844 739 1947 quae
767 1876 818 1930 in
850 1873 1033 1944 Belgio
1061 1872 1348 1943 parabatur
1384 1867 1662 1925 suil‘ocata.
1704 1865 1858 1933 Quod
1896 1864 1971 1919 ait
2007 1862 2075 1919 de
2107 1861 2213 1916 Ro-
2244 1844 2294 1905 Β

620 1983 793 2024 mante
822 1965 1075 2022 editionis
1103 1962 1505 2035 suppressione,
1528 1961 1719 2015 falsum
1749 1966 1902 2028 puto,
1928 1955 2029 2009 nisi
2056 1955 2213 2009 intel-
2264 1980 2265 1983 η

618 2064 746 2133 ligat
768 2061 995 2117 alterum
1018 2068 1221 2114 tomum
1244 2058 1333 2129 qui
1357 2056 1644 2126 parabatur
1667 2068 1772 2108 non
1797 2052 1961 2106 fuisse
1984 2049 2205 2106 editum.

617 2151 1168 2211 Animadvertendum
1200 2156 1284 2206 est
1314 2150 1364 2203 in
1396 2164 1463 2204 eo
1492 2146 1676 2203 Indice
1706 2146 1866 2201 etiam
1902 2144 1966 2199 iis
1995 2144 2085 2215 qui
2112 2158 2212 2213 pro

615 2253 814 2307 sanctis
843 2250 1129 2314 habentur,
1160 2262 1344 2302 vocem
1373 2245 1481 2299 divi
1512 2243 1766 2314 denegari
1795 2256 1859 2295 ex
1892 2255 2075 2295 eorum
2106 2237 2211 2293 scl-

616 2345 742 2399 licet
763 2343 1029 2399 sententia
1048 2342 1138 2411 qui
1163 2341 1264 2395 hoc
1283 2338 1548 2393 vocabulo
1564 2335 1897 2392 divinitatem
1922 2334 2208 2404 significari

586 2437 937 2507 ’opinantur;
982 2448 1154 2503 neque
1182 2432 1324 2487 enim
1354 2444 1542 2485 omnes
1571 2429 1645 2483 ita
1674 2436 1934 2493 censent,
1969 2436 2059 2480 aut
2090 2428 2208 2480 usui

510 2532 515 2535 ’
615 2529 884 2585 contrario
932 2525 1142 2596 piorum
1175 2532 1228 2579 et
1266 2523 1547 2577 doctorum
1579 2520 1855 2574 hominum
1899 2531 2207 2586 repugnan-

614 2622 740 2675 dum
768 2619 876 2691 30
894 2615 1223 2674 existimant.
1252 2611 1521 2667 Dracontii
1545 2624 1671 2665 vero
1692 2608 1954 2664 memoria
1984 2609 2035 2661 in
2059 2606 2210 2660 nullo

585 2704 1000 2783 'martyrologio
1029 2713 1204 2762 exstat
1236 2723 1247 2757 :
1282 2706 1390 2758 imo
1418 2701 1623 2757 nullum
1651 2701 1813 2755 alium
1842 2706 2088 2755 sanctum
2116 2699 2207 2766 qui

613 2806 715 2859 hoc
765 2802 980 2858 nomine
1024 2798 1322 2869 appellatus
1373 2796 1571 2859 fuerit,
1622 2795 1672 2848 in
1723 2793 1907 2863 primis
1958 2806 2049 2847 sex
2080 2791 2205 2843 anni

613 2897 890 2953 mensibus
920 2893 1062 2964 apud
1094 2890 1474 2957 Bollandianos
1504 2890 1704 2945 inveni.

683 2988 774 3043 54.
802 2986 1071 3042 Czeterum
1093 2983 1211 3038 Nic.
1239 2981 1525 3046 Antonius,
1558 2979 1657 3035 etsi
1682 2979 1785 3033 loc.
1812 2979 1905 3034 cit.
1935 2976 2071 3031 Bibl.
2096 2985 2203 3030 vet.

612 3083 739 3137 dum
770 3081 837 3136 de
858 3080 918 3135 S.
948 3077 1188 3147 Eugenio
1221 3074 1463 3139 disserit,
1499 3072 1841 3126 Dracontium
1873 3084 1902 3124 a
1935 3070 2207 3125 nonnullis

612 3176 903 3247 Hispanum
932 3181 1137 3228 temere
1161 3167 1267 3224 dici
1298 3166 1643 3222 afﬁrmaverit
1663 3206 1677 3229 ,
1709 3173 1887 3218 tamen
1920 3166 2092 3217 locum
2124 3164 2206 3217 in-

609 3280 695 3326 ter
728 3268 1020 3337 scriptores
1057 3262 1325 3333 Ilispanos
1350 3259 1525 3315 eidem
1553 3256 1701 3313 dedit
1736 3264 1867 3311 tom.
1904 3255 1959 3321 Ι,
1989 3255 2082 3310 lib.
2117 3271 2198 3321 ιιι,

608 3379 728 3433 cap.
751 3361 805 3425 5,
831 3359 917 3415 ubi
944 3356 1153 3413 cautius
1178 3352 1431 3424 loquitur.
1458 3350 1549 3406 Ait
1575 3349 1719 3404 enim
1740 3362 1800 3404 se
1825 3346 2035 3403 nescire
2060 3345 2199 3401 unde

607 3454 739 3509 moti
769 3451 980 3507 Mirzeus
1008 3449 1061 3504 in
1097 3447 1236 3501 notis
1266 3444 1331 3499 ad
1363 3441 1625 3499 lsidorum
1654 3482 1668 3505 ,
1702 3439 1949 3495 Labbeus
1977 3438 2193 3493 dissert.

606 3546 673 3601 ad
703 3543 953 3600 Bellarm.
985 3539 1052 3595 de
1082 3538 1280 3607 Script.
1312 3537 1540 3601 eccles.,
1590 3534 1820 3604 Bigneus
1857 3532 1909 3587 in
1941 3531 2191 3586 Biblioth.

604 3642 821 3696 Patrum
850 3681 863 3705 ,
906 3631 1254 3689 Dracontium
1295 3628 1586 3697 Hispanum
1634 3634 1819 3697 aperte
1862 3623 2192 3679 vocaverint.

604 3734 715 3804 Qua
741 3729 815 3785 illi
854 3729 1066 3784 ratione
1110 3722 1337 3796 permoti
1383 3719 1578 3776 fuerint
1605 3717 1775 3773 videri
1820 3726 1996 3785 potest
2033 3730 2193 3782 supra

602 3839 753 3880 num.
800 3821 886 3879 51.
934 3818 1163 3889 Bigneus
1202 3829 1330 3869 vero
1380 3827 1485 3867 non
1536 3810 1651 3879 ipse
1697 3809 1987 3877 Hispanum
2040 3816 2195 3861 vocat

602 3914 943 3972 Dracontium
968 3951 983 3977 ,
1028 3908 1124 3964 sed
1169 3908 1223 3961 in
1263 3905 1439 3975 aliqua
1470 3901 1752 3973 posteriori
1784 3900 2019 3956 editione
2050 3896 2188 3951 Bibl.

602 4008 817 4063 Patrum
839 4048 852 4071 ,
884 4011 942 4058 ut
969 4003 1023 4056 in
1051 3999 1286 4055 editione
1317 3995 1657 4066 Lugdunensi
1691 3993 1827 4049 1677
1858 3990 2191 4047 conformata

585 4100 666 4153 ad
694 4112 810 4154 eam
838 4109 998 4166 quam
1030 4093 1154 4147 fecit
1198 4091 1537 4156 Sirmondus,
1573 4090 1639 4144 ab
1672 4090 1879 4145 editore
1910 4086 2192 4156 presbyter

601 4190 866 4258 Hispanus
888 4194 1108 4240 vocatus
1129 4192 1213 4238 est
1235 4183 1573 4237 Dracontius.
1599 4180 1762 4235 Addit
1784 4181 1900 4235 Nic.
1927 4179 2189 4233 Antonius

601 4290 783 4337 notum
825 4277 924 4333 sibi
975 4290 1095 4331 esse
1119 4276 1185 4330 ad
1233 4283 1413 4343 partes
1462 4275 1580 4343 quis
1625 4273 1848 4327 traxerit
1894 4271 2184 4333 Bivarium,

600 4388 793 4444 nempe
837 4369 1323 4441 pseudo-Maximus
1369 4367 1436 4422 ad
1473 4381 1671 4421 annum
1702 4364 1837 4432 450,
1878 4365 2187 4418 Dracontius

600 4468 858 4543 presbyter
898 4465 1114 4519 moritur
1153 4462 1334 4527 Oscae;
1369 4470 1423 4517 et
1462 4461 1527 4515 ad
1556 4475 1680 4514 ann.
1720 4460 1847 4524 412,
1879 4458 2188 4513 Dracontius

600 4564 728 4616 alter
760 4568 907 4630 poeta
944 4557 1205 4629 Hispanus
1239 4555 1395 4608 mirus
1426 4552 1638 4608 habetur
1663 4568 1681 4606 :
1709 4551 1802 4621 qui
1830 4565 1893 4605 au
1926 4551 2032 4605 duo
2055 4552 2183 4617 sint,

600 4653 853 4710 hariolari
883 4667 987 4707 nou
1018 4651 1177 4707 audet
1218 4649 1478 4705 Bivarius.
1518 4648 1592 4703 De
1624 4646 1821 4702 Bivarii
1852 4645 2101 4715 opinione
2130 4646 2183 4699 in

600 4754 887 4802 comment.
920 4743 986 4799 ad
1028 4742 1522 4815 pseudo-Dextrum
1554 4740 1663 4796 dixi
1712 4756 1860 4796 num.
1894 4738 1981 4794 52.
2036 4738 2184 4794 Nunc

600 4841 766 4905 addo,
801 4839 855 4893 in
888 4836 1331 4908 pseudo-Maximi
1360 4835 1649 4903 chronico,
1682 4834 1825 4903 quod
1856 4831 1969 4889 Nic.
2010 4838 2177 4886 Auto-

600 4934 719 4987 nius
748 4933 802 4985 in
833 4930 936 4985 line
966 4929 1214 4983 Biblioth.
1248 4938 1356 4982 vet.
1391 4925 1619 4996 adjecit,
1648 4925 1809 4980 alium
1841 4923 2184 4979 Dracontium

599 5024 867 5082 recenseri
897 5022 963 5077 ad
1000 5036 1198 5076 annum
1240 5020 1369 5083 600,
1406 5019 1711 5074 Dracontius
1750 5025 1898 5087 poeta
1942 5014 2187 5082 Complu-

601 5120 752 5174 trnsis
777 5119 958 5188 ﬂoret;
990 5121 1045 5168 et
1070 5112 1137 5167 ad
1158 5127 1284 5167 ann.
1318 5112 1446 5178 605,
1480 5111 1963 5179 Dracontius‘poeta
1986 5105 2184 5162 Camar-

600 5218 827 5282 augusta:
847 5206 1081 5261 moritur.
1105 5206 1205 5271 Qui
1222 5204 1324 5260 hoc
1339 5204 1632 5259 ehronicon
1653 5202 1939 5267 conﬁnxit,
1958 5201 2183 5255 fortasse

604 5317 711 5371 prae
731 5300 902 5357 oculis
922 5297 1239 5354 sententiam
1271 5295 1483 5350 illorum
1512 5294 1695 5351 habuit
1718 5296 1805 5365 qui
1839 5294 2178 5349 Dracontium

602 5390 957 5462 Athanagildo
1002 5385 1494 5460 regnante'vixisse
1533 5386 1894 5454 tradiderant;
1946 5401 2068 5441 nam
2111 5402 2178 5441 ex

603 5483 940 5554 Athanagildi
974 5492 1215 5552 tempore
1244 5480 1390 5535 illius
1418 5487 1546 5535 tetas
1575 5479 1642 5534 ad
1670 5493 1867 5535 annum
1896 5479 2001 5535 605
2029 5480 2182 5535 facile

608 5580 778 5650 potuit
801 5579 1095 5649 prorogari.
1136 5575 1217 5631 llli
1254 5588 1383 5631 vero
1419 5575 1507 5645 qui
1549 5574 1745 5631 deinde
1776 5574 1993 5631 Maximi
2028 5572 2186 5628 chro-

604 5674 763 5724 nicon
794 5688 855 5725 ex
889 5669 1103 5740 ingenio
1129 5677 1414 5733 auxerunt,
1448 5669 1522 5722 uti
1554 5669 1715 5723 etiam
1743 5677 1930 5725 auctor
1957 5668 2185 5739 pseudo-

610 5763 895 5826 Hauberti,
932 5778 1052 5816 cum
1102 5761 1491 5817 intellexissent
1532 5763 1583 5816 in
1623 5762 1891 5817 Dracontii
1930 5764 2181 5832 Operibus

610 5863 765 5919 prout
784 5869 812 5904 a
835 5854 1117 5907 Sirmondo
1136 5854 1273 5906 edita
1297 5864 1439 5921 sunt,
1458 5856 1642 5908 referri
1667 5856 1887 5924 elegiam
1918 5860 1979 5914 ad
2005 5860 2180 5917 Theo-

2230 3210 2279 3273 Β

2328 561 2523 627 ruisse,
2542 575 2683 615 anno
2699 560 2805 616 155
2820 558 3140 626 decessisse,
3156 561 3506 632 scripserunt.
3527 564 3591 618 Ex
3612 566 3813 622 Sinnmdo

2325 656 2486 709 etiam
2512 695 2527 719 ,
2558 654 2649 725 qui
2691 668 2832 710 anno
2866 653 3004 708 16H
3033 654 3331 710 editionem
3368 656 3485 711 libri
3512 657 3751 714 Bellarmini
3775 667 3814 718 ita

2327 742 2521 817 Script.
2548 746 2744 803 coclea.
2770 747 2997 813 curavit,
3023 756 3204 802 ortum
3233 748 3412 817 duxit,
3443 761 3493 804 ut
3520 753 3692 821 opinor,
3712 766 3813 823 caput

2324 845 2440 912 ejus
2466 844 2587 899 libri
2618 844 2684 899 de
2706 844 3017 912 Dracontio,
3039 845 3184 912 quod
3210 846 3262 900 in
3298 848 3466 916 prima
3487 848 3685 904 editione
3701 851 3813 913 deest,

2324 948 2377 993 et
2409 939 2460 993 in
2489 954 2595 1009 quo
2620 948 2750 996 aetas
2782 939 3049 994 Dracontii
3074 954 3222 994 anno
3254 940 3361 995 Mil
3386 940 3695 1012 adjudiratur.

2394 1032 2497 1103 31
2529 1033 2618 1089 55.
2664 1032 2741 1087 Ex
2772 1032 2854 1087 his
2880 1032 3133 1103 colligere
3165 1032 3315 1099 licet,
3351 1033 3403 1087 in
3435 1036 3706 1104 assignanda
3732 1036 3813 1088 Dn.

2323 1125 2484 1179 contii
2506 1124 2674 1195 patria
2703 1133 2757 1178 et
2786 1134 2943 1180 aetate
2992 1140 3096 1181 non
3144 1126 3285 1181 alios
3312 1124 3565 1181 chronicis
3589 1126 3718 1194 falsis,
3755 1132 3813 1181 sed

2322 1229 2569 1274 auctores
2608 1215 2917 1288 hujusmodi
2956 1217 3343 1277 chronicorum
3391 1219 3688 1287 cpinionibus
3724 1220 3813 1272 al;o-

2323 1327 2440 1367 rum
2468 1312 2557 1382 qui
2600 1320 3010 1381 praecesserant,
3038 1309 3360 1377 adhaesisse,
3398 1318 3705 1381 utpmpterea
3720 1328 3811 1381 sap:

2324 1403 2679 1465 variaverint;
2712 1417 2887 1473 neque
2923 1401 3019 1457 has
3061 1403 3353 1458 varietates
3383 1403 3659 1458 defensores
3692 1419 3813 1457 conc-

2322 1495 2451 1549 lia‘re
2486 1503 2751 1564 poterant,
2794 1494 2897 1551 nisi
2942 1496 3124 1566 plures
3172 1496 3483 1551 Dracontios
3531 1496 3811 1551 comminisce-

2320 1599 2527 1645 rentur.
2586 1589 2768 1659 Neque
2814 1590 2944 1645 mihi
2975 1589 3160 1646 videre
3194 1591 3453 1647 hactenus
3499 1590 3628 1646 licuit
3664 1589 3809 1658 quinam

2268 1713 2284 1731 .
2324 1682 2664 1737 Dracontium
2696 1681 3072 1754 presbyterum
3094 1684 3414 1749 Oscensem,
3446 1692 3531 1739 aut
3554 1682 3809 1752 Compluteu-

2319 1789 2455 1841 sem,
2510 1784 2601 1829 aut
2651 1773 3216 1847 Ctesaraugustanum,
3272 1785 3363 1831 aut
3393 1776 3625 1831 vicarium
3662 1775 3807 1834 Africa.

2319 1868 2462 1933 quod
2507 1868 2723 1923 volebat
2771 1867 3277 1938 pseudo-Julianus,
3334 1870 3627 1932 nominent,
3674 1881 3808 1921 cuma

2320 1961 2503 2015 multis
2533 1961 2816 2032 presbyter
2845 1961 3159 2029 Toletanus,
3193 1963 3339 2033 quo’d
3369 1966 3417 2016 in
3448 1960 3580 2016 falsis
3621 1960 3809 2014 chronicis

2318 2071 2423 2110 non
2452 2055 2740 2125 reperitur,
2776 2064 3015 2111 vocetur.
3048 2056 3123 2111 Ita
3170 2057 3421 2111 nimirum
3456 2051 3809 2117 Dracontiumap-

2318 2148 2522 2217 pellant
2565 2146 2757 2203 Joann.
2793 2147 3125 2203 Gottefridus
3161 2147 3405 2204 Olearius
3436 2149 3483 2201 in
3513 2148 3626 2201 Bibl.
3652 2146 3809 2202 eccles.,

2316 2248 2503 2294 auctor
2533 2239 2723 2294 indicis
2754 2256 2884 2295 mss.
2923 2239 3271 2296 bibliothecas
3298 2241 3453 2311 regias
3482 2236 3755 2301 Parisiensis,
3781 2246 3811 2286 (ιι

2316 2336 2429 2390 alii.
2461 2335 2737 2401 Nonnulli,
2773 2353 2878 2392 non
2913 2351 3174 2408 expresso
3205 2336 3494 2409 presbyteri
3534 2332 3725 2393 nomine,
3744 2330 3811 2382 Tu.

2318 2428 2549 2483 letanum
2604 2429 2877 2499 appellant
2905 2428 3279 2496 Dracontium,
3334 2440 3387 2482 ut
3414 2424 3637 2480 Weitzius
3672 2426 3709 2476 in
3732 2420 3810 2488 ejus

2317 2521 2577 2589 editione,
2603 2521 2827 2577 Rivinus
2858 2522 3058 2592 pariter
3089 2522 3140 2577 in
3184 2523 3306 2592 ejus
3346 2520 3580 2582 editione,
3610 2515 3810 2571 Fabricius

2315 2613 2371 2667 in
2397 2612 2534 2668 Bibl.
2571 2612 2685 2668 Lat.
2712 2617 2854 2669 med.
2884 2616 3001 2669 :evi.
3032 2614 3183 2671 Multi
3216 2614 3569 2685 presbyterum
3595 2609 3808 2677 Hispanum

2320 2706 2567 2760 eumdem
2603 2705 2945 2760 Dracontium
2976 2706 3417 2776 numinant,quin
3434 2702 3652 2773 oppidum
3669 2696 3809 2757 natali.

2314 2810 2405 2855 aut
2438 2801 2489 2854 in
2519 2817 2626 2871 quo
2652 2811 3014 2856 commoratus
3043 2802 3230 2869 fuerit,
3273 2802 3554 2870 designent,
3593 2806 3636 2849 ut
3673 2794 3808 2862 Syllus

2315 2894 2575 2950 Senensis
2605 2896 2657 2949 in
2687 2895 3013 2950 Bibliotheca
3036 2907 3228 2951 sancta
3251 2896 3386 2950 edita
3415 2909 3542 2946 anno
3564 2889 3697 2946 l575;
3721 2886 3805 2937 l'ns-

2316 2989 2534 3042 sevinus
2564 2988 2615 3041 in
2651 2989 2921 3057 Apparatu
2973 3004 3128 3043 sacro
3158 2999 3294 3043 tom.
3354 2989 3392 3053 1,
3422 2984 3504 3055 qui
3547 2980 3691 3036 steculi
3734 2990 3803 3028 xui

2316 3081 2469 3135 initio
2495 3081 2800 3146 scribebat;
2859 3082 3067 3135 Mirieus
3123 3082 3174 3136 in
3234 3088 3346 3135 not.
3401 3078 3463 3132 ad
3500 3072 3801 3132 S.lsidormu;

2316 3174 2559 3231 Labbeus
2590 3175 2641 3228 in
2675 3175 2895 3229 dissert.
2943 3174 3008 3227 ad
3053 3174 3305 3228 Bcllarm.
3340 3172 3405 3227 de
3435 3169 3608 3234 Script.
3632 3158 3801 3217 ecclesz

2310 3266 2484 3321 editor
2512 3265 2763 3320 Biblioth.
2800 3264 3014 3319 Patrum
3038 3265 3208 3335 Lugd.
3246 3263 3412 3325 1677;
3442 3255 3671 3325 Remigius
3700 3246 3799 3301 Guil-

2307 3356 2493 3413 lierius
2525 3367 2654 3412 tom.
2689 3356 2781 3410 XV
2813 3356 2879 3412 de
2909 3356 3105 3426 Script.
3149 3356 3374 3418 eccles.,
3400 3367 3509 3421 cap.
3533 3350 3621 3410 29;
3659 3341 3796 3396 Joattn.

2305 3453 2555 3508 Nicolaus
2580 3452 2813 3507 Funcius
2842 3452 2911 3507 de
2935 3451 3121 3522 Vegct.
3156 3451 3275 3505 Lat.
3304 3450 3427 3516 ling.
3455 3450 3626 3499 senect.
3652 3450 3738 3502 cap-
3758 3430 3795 3493 3.

2306 3564 2456 3602 num.
2490 3546 2593 3611 97;
2625 3556 2813 3600 auctor
2841 3545 3070 3615 catalogi
3100 3542 3440 3599 bibliotheca:
3466 3530 3792 3591 Casanatensis;

2303 3639 2508 3695 Natalis
2537 3637 2843 3695 Alexander
2887 3638 3021 3691 llist.
3076 3636 3225 3692 Eccl.
3260 3635 3447 3691 saeculo
3472 3644 3517 3682 v.
3550 3626 3701 3679 Verum
3722 3628 3792 3685 ii“0

2301 3734 2420 3789 loco
2452 3744 2609 3788 natus
2635 3742 2725 3787 aut
2754 3732 2915 3785 vitam
2935 3730 3105 3800 eg‘erit
3131 3727 3467 3791 Dr'acoutius,
3491 3731 3565 3775 aut
3586 3712 3695 3786 quod
3717 3723 3793 3761 mu-

2302 3841 2402 3880 nus
2430 3825 2644 3893 abierit,
2677 3824 2828 3879 nullo
2857 3822 3016 3879 modo
3045 3838 3109 3879 ex
3141 3821 3406 3877 veteribus
3434 3809 3631 3874 constat,
3667 3818 3713 3857 ac
3734 3813 3790 3853 so-

2300 3918 2408 3973 lum
2437 3916 2781 3985 probabiliter
2801 3932 2867 3973 cx
2890 3916 2998 3970 illis
3015 3914 3166 3985 argui
3190 3919 3366 3984 potest
3390 3909 3538 3964 fuisse
3557 3901 3790 3966 Hispanum,

2298 4024 2356 4067 ut
2382 4013 2494 4068 dixi
2526 4027 2675 4068 num.
2704 4011 2794 4065 51.

2369 4106 2457 4161 56.
2491 4104 2782 4173 Postquam
2809 4101 3129 4159 Sirmondus
3182 4096 3512 4157 Dracontium
3562 4083 3713 4173 edidit,
3742 4075 3787 4128 de

2296 4209 2454 4253 amale
2480 4214 2583 4267 qua
2615 4170 2659 4252 is
2681 4197 2823 4255 .vixit
2852 4196 3051 4253 certius
3086 4196 3290 4266 aliquid
3317 4190 3567 4257 deﬁnitum
3587 4179 3675 4235 fuit.
3696 4170 3784 4267 Post

2295 4306 2513 4347 carmen
2544 4290 2610 4345 de
2641 4290 2855 4361 opiﬁcio
2878 4303 2973 4345 sex
3001 4258 3209 4345 dierum
3234 4285 3408 4344 addita
3435 4288 3508 4336 cst
3526 4292 3552 4329 a
3576 4258 3784 4327 Sirmondo

2294 4383 2477 4455 Elegia
2509 4383 2752 4454 ejusdem
2799 4383 3071 4439 Dracontii
3117 4383 3185 4439 ad
3218 4376 3555 4440 Theodosium
3581 4362 3779 4455 Juniuretn

2293 4479 2634 4547 Augustum:
2693 4477 2762 4528 ita
2791 4475 2935 4529 enim
2990 4475 3323 4541 inscribitur,
3365 4478 3414 4527 et
3460 4467 3506 4520 in
3550 4453 3780 4544 argumento

2295 4583 2481 4623 rursus
2518 4569 2719 4623 mentio
2749 4566 3035 4622 Theodosii
3078 4566 3315 4622 Junioris
3365 4554 3560 4630 Augusti
3593 4544 3775 4602 occurri!-

2291 4662 2378 4717 Sic
2424 4662 2567 4717 enim
2614 4669 2990 4731 argumentum
3038 4660 3225 4732 elegiae
3273 4656 3578 4726 explicatur:
3612 4639 3696 4732 H0“
3728 4644 3778 4682 εί·

2291 4753 2462 4823 quenti
2490 4752 2660 4806 libello
2682 4728 2902 4806 auctoris
2922 4728 3208 4823 satisfactio
3233 4751 3518 4806 continetur,
3538 4751 3619 4808 qua
3638 4728 3684 4781 ab
3702 4737 3776 4823 σιξ·

2294 4846 2549 4912 nipotente
2579 4842 2687 4898 Deo
2714 4845 2911 4899 veniam
2942 4814 3064 4915 petii
3091 4862 3150 4899 ne
3189 4837 3477 4915 prazcedeuti
3503 4826 3677 4887 carmine
3708 4814 3775 4915 ait

2290 4936 2415 5006 quid
2444 4938 2677 4990 incautus
2722 4946 2955 4991 errasset.
2997 4935 3133 4990 Dein
3189 4908 3459 4991 Theodosio
3502 4915 3664 4979 laniari
3699 4908 3773 5006 titt-

2293 5041 2439 5100 gusto
2502 5047 2703 5101 precem
2760 5030 2923 5100 defert
2981 5046 3073 5083 cur
3114 5030 3177 5084 de
3232 5023 3485 5097 triumphis
3513 5016 3627 5070 illius
3650 5000 3772 5101 cadit”

2298 5141 2446 5192 apere
2473 5124 2730 5178 tacuisset.
2763 5123 2886 5178 Haec
2910 5122 3127 5178 totidem
3157 5123 3329 5179 verbis
3352 5122 3398 5174 in
3425 5112 3622 5170 editione
3644 5096 3771 5192 Mali"

2299 5217 2431 5270 tensi
2468 5216 2681 5270 Patrum
2724 5216 2829 5289 32
2856 5215 3235 5271 Toletanorum
3267 5214 3558 5269 referuntur,
3582 5189 3684 5289 etin
3710 5180 3767 5233 lib

2297 5308 2604 5362 Bellarmini
2639 5308 2707 5364 de
2733 5285 2930 5379 Sc—ript.
2969 5308 3163 5363 eccles.
3216 5285 3627 5363 indicantur,sed.
3652 5287 3690 5380 tt‘

2295 5402 2483 5467 bitror,
2516 5412 2570 5457 et
2599 5402 2709 5457 dixi
2739 5362 2887 5461 num‘.
2924 5402 3015 5471 54,
3043 5418 3106 5458 ex
3140 5401 3321 5456 codice
3349 5410 3441 5452 ms.
3464 5371 3696 5444 Sirmondi-
3720 5362 3767 5471 Al“

2293 5496 2503 5552 videtur
2528 5496 2743 5568 quidem
2793 5496 3071 5566 inscriptio
3118 5511 3183 5551 ex
3220 5493 3394 5551 codice
3418 5487 3520 5555 ἱρεο
3543 5468 3761 5568 “ww:

2290 5604 2412 5644 cum
2443 5590 2605 5644 verba
2633 5552 3000 5659 antiquitatem
3043 5588 3344 5651 redoleant;
3371 5578 3453 5637 sed
3496 5569 3611 5627 scire
3631 5552 3763 5659 vellet“

2290 5697 2357 5736 an
2385 5682 2573 5738 eadem
2601 5682 2768 5737 veteri
2821 5698 2982 5736 manu
3022 5697 3123 5751 qua
3155 5692 3337 5735 versus
3388 5668 3474 5741 ipsi
3501 5662 3595 5751 1"?“

2292 5774 2401 5841 ptio
2422 5782 2637 5827 exarata
2670 5774 2756 5826 sit.
2801 5771 2928 5826 Nam
2954 5739 3070 5827 eam
3106 5772 3287 5827 falsam
3317 5778 3427 5823 esse
3453 5767 3498 5815 et
3524 5739 3759 5841 διεϐίω

2290 5861 2576 5918 mnvcuire
2616 5878 2677 5917 ex
2724 5863 3047 5918 membranis
3081 5864 3307 5922 antiquis
3339 5841 3564 5909 Vaticanis
3605 5842 3646 5885 εί
3684 5828 3758 5888 Ψέ*³
