3942 6310
77 410 186 467 621

1461 407 1977 466 PROLEGOMENA
1995 450 2006 465 .

3264 426 3393 497 sas,

76 525 259 596 elegia
290 525 628 593 postmodum
678 522 977 579 ostendam.
1009 523 1214 579 Itit‘erea
1262 521 1392 577 illud
1420 524 1672 588 monebo,
1703 524 1757 584 Α
1782 524 1892 577 nali
1920 535 2144 595 peccato,
2179 527 2241 581 de
2266 528 2532 585 Sententia
2572 529 2689 589 Dei.
2740 530 3008 589 Ensrou
3060 533 3372 591 Ducam“,

74 624 285 677 mirum
315 636 435 676 esse
459 620 601 691 quod
635 619 751 675 haec
780 620 1078 688 inscriptio,
1110 618 1375 688 siquidem
1406 619 1459 673 in
1492 620 1680 673 codice

74 717 381 787 Azagrensi
430 723 626 780 exstat,
680 731 706 766 a
746 714 949 769 Grialio
1002 729 1106 768 non
1159 713 1319 769 fuerit
1362 716 1677 770 observata:

76 824 213 862 nam
242 806 475 862 Grialius
496 806 550 861 in
573 815 685 860 not.
719 806 784 858 ad
818 806 910 860 lib.
945 819 999 859 vr
1032 805 1205 874 Etym.
1236 805 1292 859 S.
1326 805 1537 870 lsidOri,
1560 820 1680 870 cap.

75 906 139 964 υ,
175 902 315 956 duos
343 901 460 970 ejus
492 914 681 956 versus
710 898 916 968 profert
960 899 1011 952 in
1063 899 1248 953 codice
1278 898 1568 968 Asagrensi
1602 914 1684 952 re-

77 1002 298 1062 pertos,
328 1002 383 1048 et
410 993 465 1045 in
494 1000 606 1045 not.
639 990 706 1045 ad
740 991 832 1045 lib.
860 1006 953 1053 xu,
980 1005 1096 1056 cap.
1125 990 1180 1051 2,
1210 991 1451 1059 ejusdem
1483 989 1685 1044 codicis

76 1087 358 1150 meminit,
387 1099 449 1140 ac
479 1084 639 1139 simul
668 1083 903 1138 afﬁrmat
926 1084 1265 1138 Dracontium
1290 1098 1425 1151 opus
1455 1098 1547 1137 sex
1571 1083 1687 1137 die-

78 1194 210 1233 rum
265 1177 626 1249 Athanagildo
652 1188 913 1247 regnante
965 1178 1353 1245 composuisse.
1407 1177 1567 1246 Igitur
1594 1186 1685 1231 aut

79 1272 373 1341 inscriptio
404 1270 600 1340 Elegia:
631 1269 695 1323 ad
728 1268 1087 1324 Theodosium
1139 1277 1265 1323 tunc
1311 1268 1363 1321 in
1407 1283 1474 1322 eo
1499 1268 1687 1323 codice

80 1378 200 1417 non
230 1372 367 1426 erat,
392 1372 485 1416 aut
508 1358 765 1425 Grialins,
792 1376 912 1414 cum
941 1360 1057 1413 haec
1085 1360 1320 1427 scripsit,
1353 1361 1587 1413 animum
1620 1361 1686 1415 ad

77 1469 214 1509 eam
269 1468 375 1507 non
430 1452 679 1508 advertit.
736 1451 917 1520 Neque
961 1466 1088 1504 vero
1137 1466 1334 1521 negare
1363 1461 1448 1505 est
1477 1452 1688 1507 animus

82 1544 443 1599 Dracontium
463 1542 768 1599 Theodosio
794 1543 1014 1597 Juniorc
1038 1543 1365 1611 imperatore
1395 1543 1685 1608 claruisse;

82 1639 188 1693 sed
220 1640 272 1693 id
304 1638 421 1692 aliis
466 1636 761 1693 rationibus
787 1637 1122 1707 probandum
1154 1651 1275 1691 esse
1305 1635 1595 1701 contendo,
1627 1650 1690 1690 ac

83 1732 314 1785 demum
350 1727 606 1795 probabo,
646 1736 928 1797 postquam
977 1727 1045 1782 de
1092 1727 1365 1782 codicibus
1398 1741 1527 1782 mss.
1563 1728 1690 1781 Dra-

85 1819 260 1876 contii
301 1830 352 1875 et
387 1819 452 1873 de
472 1818 798 1874 editionibns
821 1818 1079 1873 hactenus
1111 1818 1261 1872 factis
1294 1819 1455 1873 verba
1486 1818 1686 1874 fecero.

722 1951 947 2009 CAPUT
996 1952 1059 2006 ν.

554 2065 765 2121 Codices
794 2082 915 2120 mss.
946 2064 1233 2122 Dracontii.

162 2184 257 2239 37.
298 2182 373 2235 De
424 2179 609 2234 codice
658 2178 926 2233 Dracontii
981 2193 1139 2247 quem
1167 2178 1367 2232 saeculo
1412 2196 1443 2232 x
1475 2179 1690 2233 circiter

85 2276 420 2331 bibliotheca
449 2269 757 2328 monasterii
809 2269 1090 2325 Bobiensis
1140 2271 1469 2334 asservabat,
1521 2270 1695 2339 deque

84 2372 198 2427 alio
228 2369 442 2433 codice,
466 2374 559 2419 aut
584 2365 809 2420 fortasse
840 2363 1051 2427 eodem,
1075 2364 1165 2433 qui
1195 2364 1245 2417 in
1272 2362 1485 2416 laudato
1512 2378 1696 2417 mona-

84 2461 260 2515 smrio
290 2456 485 2511 smculo
510 2471 575 2509 xv
603 2464 832 2510 exeunte
866 2464 1112 2524 repertus
1154 2463 1257 2517 est,
1297 2453 1405 2507 dixi
1450 2468 1595 2507 num.
1624 2453 1691 2506 27

86 2567 137 2608 et
180 2554 277 2608 28.

162 2647 257 2700 58.
298 2643 530 2712 Exposui
560 2642 718 2696 etiam
765 2657 915 2695 num.
942 2640 1010 2694 29
1037 2654 1145 2710 quo
1174 2639 1355 2693 codice
1380 2655 1506 2694 usus
1535 2639 1695 2695 fuerit

88 2737 354 2793 Morelius
386 2736 436 2789 in
476 2733 712 2788 editione
742 2734 911 2803 prima
941 2729 1230 2787 Parisiensi
1262 2730 1531 2786 Dracontii
1568 2748 1696 2787 con-

88 2832 350 2885 licienda.
384 2826 811 2882 Montl‘auconius
835 2825 885 2878 in
928 2824 1065 2877 Bibl.
1100 2822 1347 2878 biblioth.
1383 2840 1537 2891 mss.,
1571 2840 1691 2893 pag.

89 2923 258 2989 1570,
298 2921 435 2974 inter
462 2918 630 2973 libros
652 2916 995 2971 bibliothecae
1018 2916 1074 2970 S.
1098 2914 1324 2970 Victoris
1350 2912 1691 2986 Parisiensis,

89 3016 196 3069 col.
226 3014 290 3077 2,
320 3012 398 3064 sic
438 3009 602 3064 refert
628 3024 642 3062 :
686 3007 1046 3069 Draconicius,
1077 3007 1140 3060 de
1164 3006 1325 3076 Upere
1352 3023 1441 3060 sea:
1472 3007 1688 3060 dierum.

90 3106 189 3160 llic
222 3113 310 3159 est
342 3101 675 3165 Dracontius,
707 3109 760 3153 et
792 3098 896 3163 hic,
931 3098 1141 3167 Opinor,
1176 3107 1259 3153 est
1287 3097 1455 3153 codex
1492 3113 1555 3152 ex
1588 3113 1693 3167 quo

92 3199 333 3269 primum
383 3192 576 3264 prodiit
607 3192 943 3247 Dracontius.

1784 614 1931 669 Liber
1949 616 2299 681 Quaestionum
2320 621 2373 674 in
2397 622 2610 678 δεηθείη
2632 639 2694 677 ea:
2716 626 3016 695 Augustino,
3042 625 3377 697 Hieronyme,

1786 707 2071 771 Ambrosio,
2106 710 2335 780 Hilario,
2368 712 2593 780 Isidoro,
2628 716 2901 772 Eucherio.
2941 718 3147 774 Dicitur
3172 719 3261 775 hic
3287 736 3377 776 co-

1786 802 1886 853 dex
1912 815 2031 856 esse
2054 805 2480 872 antiquissimus.
2510 805 2805 875 Epistulam
2832 808 3101 864 Dracontii
3127 812 3379 866 existimo

1787 905 1907 943 csse
1936 891 2175 960 Elegiam
2214 893 2277 947 ad
2308 892 2658 951 Guntharium
2708 913 2913 968 regem,
2942 900 3010 956 de
3036 916 3141 971 qua
3169 913 3374 970 postea.

1788 980 1929 1035 Nihil
1963 984 2107 1037 aliud
2138 984 2190 1037 in
2214 983 2607 1041 Montl‘auconio
2637 990 2847 1057 reperio
2876 992 3019 1061 quod
3046 991 3112 1046 ad
3148 992 3377 1049 Dracon~

1791 1075 1920 1127 tiutn
1955 1083 2195 1129 nostrum
2222 1078 2493 1144 pertinere
2518 1079 2702 1146 possit.

1860 1165 1948 1220 41.
1988 1166 2062 1222 De
2078 1168 2431 1223 celeberrimo
2446 1172 2633 1225 codice
2657 1172 2931 1229 Michaelis
2960 1174 3129 1230 Ruizii
3160 1177 3382 1247 Azagrae

1790 1257 2052 1327 agendum
2078 1275 2220 1315 nunc
2249 1269 2347 1315 e-t.
2399 1260 2630 1317 Primam
2664 1265 2777 1332 ejus
2809 1266 3135 1322 mentionem
3166 1267 3382 1322 invenio

1791 1349 1931 1418 apud
1960 1352 2304 1406 Ambrosium
2340 1354 2566 1418 Mor-ales
2624 1356 2712 1410 lib.
2768 1373 2840 1421 xt,
2886 1374 3007 1425 cap.
3063 1359 3156 1423 34,
3189 1359 3384 1415 deinde

1791 1444 1929 1509 apud
1959 1443 2205 1499 eumdem
2260 1446 2517 1511 Azagram
2565 1448 2614 1499 in
2670 1447 2905 1503 editione
2934 1448 3151 1520 Corippi
3178 1491 3193 1518 ,
3237 1468 3380 1521 qum,

1794 1537 2044 1603 quoniam
2068 1552 2186 1590 rara
2220 1549 2322 1602 est,
2350 1541 2451 1593 hoc
2474 1540 2592 1593 loco
2619 1540 2975 1596 describetur.
3011 1541 3221 1612 Corippi
3246 1544 3383 1614 Afri-

1793 1628 2249 1697 ranigrammatici
2278 1630 2352 1683 De
2381 1630 2616 1685 laudibus
2668 1632 2861 1687 Justini
2912 1634 3127 1705 Augusti
3173 1635 3384 1692 minoris

1797 1718 1999 1771 heroico
2030 1722 2254 1774 carmine
2275 1722 2390 1775 libri
2416 1722 2523 1786 IV,
2569 1740 2704 1777 nunc
2731 1725 2955 1793 primum
3008 1742 3033 1779 e
3080 1727 3294 1782 tenebris
3334 1730 3385 1782 in

1798 1810 1961 1865 lucem
1992 1816 2215 1867 asserti:
2261 1815 2465 1869 scholiis
2504 1818 2651 1871 etiam
2699 1828 2746 1871 et
2787 1819 3219 1875 observationibus
3265 1823 3385 1876 illu-

1716 1886 1766 1951 Β
1794 1910 1942 1961 strati
1973 1924 2062 1977 per
2089 1907 2393 1962 llichaelem
2426 1909 2670 1964 Ruizium
2698 1913 2971 1982 Asagrium
2992 1912 3297 1968 Celtiberum
3318 1915 3388 1969 ad

1798 2000 2060 2054 Albertum
2104 2002 2417 2054 cardinalem
2461 2002 2785 2055 at'c/tiducem
2832 2002 2943 2074 34
2985 2004 3226 2061 Austriar.
3282 2007 3388 2060 An-

1800 2093 2009 2159 tnerpia:
2031 2108 2093 2144 ea:
2120 2092 2330 2160 ofﬁcina
2370 2090 2724 2159 Christonhori
2757 2093 2985 2147 Plautini
3042 2096 3201 2162 1581,
3248 2097 3385 2152 in-8.

1802 2182 2039 2249 Epistula
2069 2182 2397 2237 dedicatoria
2441 2184 2560 2237 data
2611 2194 2725 2239 erat
2768 2184 2961 2239 Matriti
3010 2185 3171 2253 1579,
3204 2188 3255 2242 in
3286 2204 3388 2257 qua

1804 2275 2006 2345 Azagra
2038 2292 2097 2330 se
2126 2276 2253 2329 olim
2305 2277 2525 2331 servitio
2580 2279 2901 2334 Ferdinandi
2952 2281 3292 2350 imperatoris
3336 2292 3391 2339 ct

1804 2368 2145 2422 Maximiliani
2178 2368 2425 2435 Caesaris,
2458 2380 2581 2425 tunc
2610 2371 2815 2426 Rudoll‘t
2846 2372 3092 2438 Cazsaris,
3121 2373 3388 2431 addictum

1802 2472 2209 2527 commemorat.
2242 2460 2372 2516 Post
2413 2465 2652 2517 carmina
2705 2466 2918 2535 Corippi
2950 2466 3166 2523 additur
3215 2472 3391 2525 votiva

1802 2554 2087 2621 gratulatio
2115 2555 2329 2608 heroico
2355 2556 2595 2609 carmine
2626 2571 2717 2624 per
2749 2557 2997 2611 eumdem
3037 2560 3296 2629 Azagram
3323 2561 3390 2615 ad

1806 2644 2226 2699 Maximilianum
2267 2645 2307 2698 ll
2337 2645 2678 2714 designatum
2705 2649 3079 2715 imperatorem
3110 2650 3390 2708 FranclOr-

1803 2736 1906 2789 diae
1935 2736 2001 2790 ad
2032 2736 2260 2790 anum
2288 2748 2497 2792 cantata
2527 2754 2664 2791 anno
2706 2740 2860 2793 1562.
2905 2740 2962 2793 la
3005 2740 3390 2797 observationi-

1805 2827 1903 2881 bus
1935 2829 2094 2897 igitur
2122 2830 2186 2880 ad
2218 2828 2538 2897 Corippum,
2572 2832 2727 2897 patth
2759 2842 2876 2899 post
2910 2833 3116 2886 initium
3148 2849 3269 2905 pag.
3299 2836 3389 2902 74,

1807 2918 1918 2970 haec
1952 2917 2109 2972 habet
2156 2919 2393 2985 Azagra:
2446 2917 2509 2970 In
2562 2930 2732 2973 nostro
2779 2922 3075 2987 exemplari,
3130 2926 3289 2992 quod,
3331 2937 3387 2980 ut

1803 3008 1929 3061 alibi
1958 3010 2027 3061 ad
2048 3026 2173 3078 opus
2209 3010 2471 3063 Dracontii
2499 3020 2657 3076 portat
2705 3012 2766 3065 de
2792 3010 3011 3067 Fabrica
3040 3017 3218 3069 mundi
3251 3017 3391 3071 elati

1806 3103 2038 3155 carmina
2073 3104 2223 3155 simul
2273 3102 2339 3155 D.
2390 3100 2604 3173 Eugenii
2651 3106 2871 3174 episcopi
2919 3105 3149 3161 Toletani
3203 3109 3390 3176 di/I'use

1804 3196 2007 3263 prtefati
2032 3212 2226 3260 sumus,
2259 3212 2357 3247 non
2390 3211 2451 3248 ea:
2496 3199 2819 3267 conjecluris,
2850 3199 2937 3249 sed
2980 3199 3083 3265 ﬁde
3110 3202 3258 3265 plane
3284 3218 3391 3267 cer.

159 3289 255 3345 59.
294 3261 440 3341 Μαίη
467 3283 891 3339 Μοηῑῖὸυοοηῖυδ
938 3297 1059 3351 WB-
1109 3282 1212 3337 ίδδ
1242 3278 1447 3350 Profert
1480 3283 1686 3336 catalou
1712 3261 1761 3330 Ο
1799 3261 2019 3355 lissima,
2048 3297 2241 3343 constat
2269 3298 2386 3342 ante
2410 3261 2748 3361 septingentos
2779 3300 2822 3342 et
2862 3307 2918 3343 eo
2963 3261 3181 3357 amplius
3230 3261 3404 3348 annos.

92 3398 218 3453 gum
247 3388 522 3449 repertum
555 3379 605 3429 in
634 3390 762 3432 mss.
791 3375 853 3428 D.
893 3374 1097 3430 Claudii
1127 3373 1399 3443 Etiennot,
1433 3374 1547 3431 sive
1578 3376 1697 3431 Ste-

94 3470 367 3545 phanotii,
394 3486 498 3539 quo
516 3470 620 3543 33
647 3471 856 3524 diversa
885 3484 1044 3537 Opera
1078 3477 1426 3523 recensentur
1445 3477 1696 3539 tanquam

95 3572 146 3622 in
178 3564 517 3623 bibliotheca
551 3562 803 3617 Vaticana
834 3561 1142 3629 existentia,
1177 3572 1229 3616 et
1254 3562 1305 3617 in
1331 3562 1433 3617 hoc
1458 3565 1700 3633 catalogo

96 3668 434 3717 memoratur
474 3654 743 3711 Dracontii
794 3654 1168 3711 Hexaemeron.
1222 3655 1326 3712 Sed
1381 3658 1698 3727 quibusdam

96 3756 359 3827 operibus
403 3751 617 3807 additur
660 3764 916 3806 numerus
956 3750 1054 3804 sub
1086 3766 1191 3818 quo
1239 3752 1525 3820 quaerenda
1553 3762 1700 3819 sunt,

97 3845 425 3919 quibusdam
460 3860 562 3897 non
594 3842 839 3897 additur:
882 3849 937 3897 et
966 3839 1193 3896 fortasse
1236 3843 1304 3895 ab
1350 3841 1703 3912 Stephanotio

98 3941 362 3995 adnotata
412 3937 465 3991 in
511 3948 610 3990 suo
638 3934 887 4003 catalogo
940 3942 1115 3999 erant,
1165 3942 1222 3987 ut
1273 3948 1333 3988 ea
1388 3935 1700 4005 inquireret.

100 4029 401 4086 Dracontio
422 4027 475 4083 in
503 4043 569 4083 eo
589 4026 835 4097 catalogo
866 4025 1042 4079 nullus
1072 4035 1253 4081 certus
1279 4042 1538 4083 numerus
1564 4030 1703 4083 assi-

100 4131 301 4193 gnatur
325 4138 337 4174 :
369 4134 542 4189 neque
567 4117 682 4188 ejus
706 4116 1074 4172 Hexaemeron
1108 4117 1160 4171 in
1188 4118 1507 4175 bibliotheca
1537 4120 1706 4176 veteri

106 4214 365 4268 Vaticana
397 4212 684 4265 invenitur.
718 4209 772 4265 In
802 4209 1017 4265 schedis
1052 4224 1185 4266 mss.
1212 4210 1483 4267 Laurentii
1512 4213 1705 4269 Zacca-

104 4309 235 4377 gnii,
267 4303 605 4361 bibliothecae
629 4303 898 4359 Vaticana:
926 4304 1055 4358 olim
1086 4303 1342 4374 praefecti,
1377 4306 1517 4363 inter
1542 4322 1705 4379 opera

104 4400 333 4463 inedita,
368 4413 489 4467 qua:
510 4396 626 4465 ipse
652 4395 869 4467 vulgare
890 4395 1180 4465 cogitabat,
1212 4396 1480 4452 Dracontii
1509 4415 1707 4455 nomen

107 4493 358 4547 similiter
387 4499 582 4555 exstat,
612 4504 716 4543 non
758 4489 993 4543 indicato
1014 4488 1217 4543 codicis
1262 4505 1508 4548 numero.
1554 4492 1707 4558 Quod

108 4584 281 4656 magis
313 4581 588 4652 magisque
618 4581 901 4635 confirmat
925 4579 1284 4649 suspicionem
1334 4597 1509 4637 meam
1540 4583 1707 4640 latere

109 4678 160 4730 in
188 4674 515 4731 bibliotheca
562 4672 811 4727 Vaticana
861 4671 1092 4743 aliquem
1144 4671 1383 4727 codicem
1433 4673 1706 4732 Dracontii

110 4771 194 4837 qui
242 4783 310 4823 ex
346 4765 672 4821 monasterio
702 4763 951 4819 Bobiensi
983 4779 1011 4818 a
1039 4763 1242 4818 Thoma
1274 4763 1501 4819 thedro
1526 4766 1705 4835 lnghi-

112 4862 291 4914 ramio
314 4858 473 4914 fuerit
500 4858 710 4925 allatus,
744 4872 917 4927 neque
954 4856 1199 4910 diversus
1224 4856 1295 4909 sit
1341 4857 1411 4912 ab
1452 4856 1542 4912 illo
1591 4860 1707 4929 ipso

110 4967 216 5019 quo
239 4951 299 5005 S.
326 4948 691 5004 Columbanus
721 4947 991 5003 utebatur.
1028 4946 1081 5001 ln
1125 4946 1302 5003 indice
1330 4948 1708 5007 Montl‘auconii

111 5044 198 5099 hic
228 5044 550 5097 Dracontius
579 5051 796 5095 vocatur
821 5042 1203 5095 Stratoniczeus
1229 5057 1241 5105 ;
1274 5056 1460 5096 verum
1490 5044 1589 5098 hoc
1619 5060 1708 5100 co-

111 5153 345 5207 gnomen
369 5135 643 5205 proprium
660 5141 744 5188 est
772 5133 1053 5188 Dracontis
1074 5131 1433 5200 Stratonicaei,
1454 5136 1605 5205 cujus
1626 5152 1708 5192 εει

113 5232 285 5287 codex
314 5231 532 5286 Graecus
578 5226 651 5284 De
694 5228 866 5281 metris
912 5227 1118 5296 poeticis
1165 5227 1217 5280 in
1264 5226 1506 5281 biblioth.
1564 5231 1705 5299 regia

115 5325 407 5380 Parisiensi
458 5322 596 5393 apud
629 5322 878 5378 eumdem
912 5318 1390 5388 Montlauconium,
1426 5337 1546 5391 pag.
1576 5322 1700 5391 9-16,

115 5428 169 5473 et
198 5432 323 5473 cum
355 5416 506 5471 titulo
530 5414 604 5468 De
634 5429 876 5468 mensura
907 5412 1189 5465 carminum
1217 5409 1391 5466 Gra'ce
1428 5415 1479 5465 in
1511 5429 1705 5483 papyro

117 5511 261 5564 inter
314 5508 479 5563 libros
533 5506 775 5577 praesidis
800 5505 868 5559 de
911 5503 1093 5559 Mesne
1121 5547 1136 5571 ,
1160 5502 1297 5559 ibid.
1329 5545 1344 5571 ,
1393 5520 1509 5575 pag.
1544 5505 1701 5571 1526,

116 5604 225 5656 col.
272 5604 325 5656 2.

185 5696 277 5751 10.
311 5697 363 5749 In
387 5692 705 5750 bibliotheca
733 5691 1057 5747 cathedralis
1084 5688 1453 5746 Laudunensis
1478 5705 1505 5742 a
1530 5689 1701 5744 Mont-

120 5789 387 5855 lauconio,
441 5803 557 5858 pag.
610 5785 742 5841 1297
794 5783 1024 5840 refertur
1075 5785 1157 5839 hic
1186 5784 1354 5838 codex
1386 5800 1531 5837 num.
1576 5782 1699 5837 276.

122 5878 343 5931 Murum
374 5878 430 5933 S.
466 5877 650 5932 Hilarii
682 5873 1033 5931 I’lrtsriensis.
1063 5876 1246 5931 Alcimi
1278 5878 1407 5930 Aviti
1435 5878 1494 5929 de
1529 5874 1703 5946 Origi-

1802 3382 1961 3446 fuisse
1990 3381 2314 3450 descriptum,
2340 3382 2552 3450 ‘semper
2605 3397 2825 3436 TOTIENS
2877 3392 2923 3438 et
2978 3399 3267 3445 onustus.
3298 3426 3311 3439 .
3338 3425 3349 3439 .
3372 3425 3386 3439 .

1803 3470 2059 3541 leguntur.
2099 3472 2407 3538 Descriptus
2435 3486 2562 3541 ergo
2592 3472 2763 3526 fuerat
2793 3473 2961 3528 codex
2992 3477 3189 3531 sacculo
3230 3493 3278 3531 tx
3303 3488 3395 3534 aut

1804 3574 1951 3621 ante.
1979 3565 2090 3619 Hoc
2117 3566 2324 3631 codice,
2359 3566 2517 3621 simul
2556 3582 2694 3621 cmm
2738 3567 3025 3622 Di'atontio
3054 3579 3106 3623 et
3134 3572 3392 3641 Eugenio,

1806 3658 2222 3712 continebantur
2248 3657 2485 3712 carmina
2515 3657 2724 3727 Corippi
2777 3662 2981 3725 mutila,
3014 3662 3300 3732 multisque
3338 3666 3392 3719 in

1809 3752 1942 3806 locis
1972 3763 2386 3821 corrupta,qu:e
2417 3761 2473 3805 ttt
2500 3766 2599 3807 suo
2624 3754 2783 3806 nitori
2814 3754 3243 3818 resu’tuerentur,
3276 3766 3394 3824 post

1812 3845 2068 3912 Azagram
2090 3842 2239 3897 multi
2264 3841 2367 3895 viri
2389 3842 2561 3897 critici
2586 3856 2801 3911 Operam
2827 3843 3168 3897 contulerunt
3197 3859 3345 3899 suam
3374 3862 3387 3899 :

1811 3936 1987 3989 nullus
2015 3936 2157 3989 enim
2184 3934 2317 3990 alius
2346 3923 2529 3990 adhuc,
2545 3944 2789 4003 repertus
2836 3944 2918 3988 est
2973 3935 3143 3990 codex
3197 3938 3393 3991 carmi-

1812 4044 1938 4083 num
1969 4027 2205 4097 Corippi,
2241 4027 2343 4082 nisi
2375 4028 2514 4095 quod
2565 4029 2704 4083 idem
2738 4028 2938 4100 Azagra
2970 4045 3087 4100 pag.
3121 4030 3188 4086 89
3222 4040 3393 4099 notat,

1811 4122 1991 4190 plures
2025 4120 2291 4176 variantes
2316 4120 2594 4183 lectiones.
2634 4120 2698 4174 ad
2731 4120 3023 4193 marginem
3066 4122 3160 4176 lib.
3195 4138 3247 4177 lll
3276 4139 3396 4177 ver-

1811 4229 1903 4268 sus
1930 4214 2086 4268 tinem
2130 4214 2425 4284 appositas,
2454 4229 2520 4268 ex
2549 4214 2921 4283 antiquissimo
2966 4215 3236 4272 volumine
3261 4217 3396 4273 0ve~

1813 4308 1979 4362 tensis
2029 4306 2285 4362 Ecclesiae
2324 4322 2444 4363 esse
2488 4306 2765 4371 collectas,
2819 4307 2905 4363 ubi
2958 4310 3076 4363 dua;
3124 4311 3399 4366 orationes

1814 4400 1972 4469 legati
2017 4398 2157 4468 regis
2204 4401 2438 4453 Avarum
2468 4406 2522 4452 et
2557 4397 2753 4453 Justini
2802 4397 3140 4465 imperatoris
3176 4414 3241 4454 ex
3294 4400 3396 4451 CO-

1814 4493 1968 4562 rippo
1989 4492 2287 4559 desumpta:
2309 4506 2429 4546 cum
2452 4490 2567 4544 aliis
2588 4490 2749 4545 variis
2768 4491 3017 4558 Operibus
3044 4489 3357 4560 legebantur
3378 4506 3395 4547 :

1814 4583 2005 4650 quibus
2057 4582 2193 4638 adde
2238 4582 2304 4636 18
2336 4595 2524 4635 versus
2561 4580 2821 4635 orationis
2849 4581 3108 4645 Avarum,
3139 4583 3227 4651 qui
3259 4584 3396 4637 inter

1813 4675 2016 4731 Sidonii
2042 4675 2379 4742 aliorumque
2400 4673 2636 4727 carmina
2665 4688 2759 4741 pro
2781 4672 3088 4729 Sidonianis
3119 4673 3247 4727 editi
3272 4686 3397 4732 sunt

1811 4770 1879 4824 ab
1908 4769 2017 4824 Elia
2054 4769 2242 4822 Vineto
2271 4783 2410 4821 anno
2440 4765 2577 4820 1552
2601 4780 2663 4819 ex
2696 4766 2878 4820 codice
2903 4766 3244 4822 Santonensi.
3277 4769 3395 4835 Quo

1814 4862 2045 4931 majores
2076 4864 2293 4929 Azagrte
2324 4857 2578 4912 habenda:
2601 4866 2726 4911 sunt
2756 4857 2963 4925 gratiae,
2990 4859 3081 4927 qui
3113 4873 3233 4913 eum
3263 4863 3391 4915 scri«

1814 4963 2020 5024 plorem
2054 4968 2080 5005 a
2113 4951 2347 5007 tenebris
2395 4949 2681 5003 vindicavit
2711 4967 2725 5005 :
2762 4965 2860 5004 nec
2888 4949 3070 5005 decuit
3110 4960 3257 5007 certe
3290 4953 3395 5007 Pe-

1817 5056 1954 5101 trum
1991 5044 2333 5100 Franciscum
2360 5043 2696 5113 Fogginium,
2724 5044 2812 5114 qui
2845 5057 2964 5097 cum
2990 5044 3129 5100 notis
3152 5047 3392 5114 Azagrte,

1815 5138 2040 5191 aliorum
2072 5152 2134 5191 ac
2162 5138 2293 5199 suis,
2324 5136 2405 5191 bis
2432 5134 2600 5189 edidit
2639 5134 2955 5204 Corippum,
3004 5150 3182 5191 acrem
3235 5138 3392 5196 hanc.

1816 5241 1914 5281 nec
1954 5241 2155 5287 veram,
2212 5226 2279 5279 de
2329 5231 2530 5292 Azagra
2565 5225 2703 5280 ferre
2754 5240 3038 5280 censuram
3084 5226 3135 5281 in
3184 5236 3297 5281 not.
3331 5228 3397 5283 ad

1816 5332 2029 5370 carmen
2063 5330 2317 5386 panegyr.
2348 5315 2401 5367 in
2436 5314 2643 5369 laudem
2675 5313 2949 5370 Athanasii
2979 5333 2989 5367 :
3023 5313 3249 5370 Parcant
3273 5318 3396 5371 mini

1815 5408 1924 5476 ejus
1957 5424 2126 5460 manes
2151 5424 2167 5460 :
2198 5408 2323 5460 satis
2360 5407 2475 5459 hinc
2502 5413 2633 5475 patet
2676 5408 2850 5477 quanti
2881 5408 3063 5461 valeret
3089 5409 3142 5461 in
3171 5409 3397 5478 legendis

1816 5511 1860 5553 et
1888 5499 2201 5571 corrigendis
2230 5515 2349 5552 mss.
2402 5495 2594 5569 Magno
2620 5516 2743 5552 sane
2769 5501 2958 5570 ingenii
2985 5502 3221 5555 acumine
3271 5519 3398 5571 cpus

1818 5608 1916 5644 non
1946 5602 2074 5654 erat,
2106 5602 2156 5644 ut
2185 5592 2367 5662 legeret
2416 5606 2648 5646 TBOPICIS
2703 5591 2722 5664 |'
2749 5593 2798 5644 in
2830 5593 3033 5662 trepicis
3054 5590 3074 5663 ]
3094 5634 3109 5659 ,
3140 5592 3400 5662 suppleret

1816 5701 2084 5740 vensmus.
2116 5687 2175 5740 At
2204 5686 2403 5753 Azagra
2436 5685 2683 5741 mendum
2729 5685 2946 5755 agnovit
2973 5689 3023 5741 in
3050 5688 3276 5756 trepicis,
3306 5688 3401 5742 sed

1817 5794 1921 5832 non
1950 5776 2174 5832 tentavit
2198 5777 2467 5844 corrigere
2498 5778 2739 5839 verbum.
2773 5777 2912 5847 quod
2940 5793 3037 5834 nec
3057 5777 3274 5848 Corippi
3298 5790 3397 5833 est.

1819 5872 1923 5926 Nec
1958 5870 2195 5941 angiuii
2228 5871 2585 5937 conjecturam
2612 5874 2859 5929 omnibus
2888 5875 3202 5944 placituram
3229 5888 3356 5943 puto
3382 5892 3397 5942 ί
