3942 6310
557 360 662 418 625

1987 353 2440 414 DBACONTIUS.

3733 351 3836 410 62‘

554 476 697 549 quod
723 474 766 531 si
797 481 1030 536 vacaret,
1054 473 1415 536 ostenderem,
1457 472 1563 545 35
1603 471 1914 542 Foggiuium
1945 472 2140 541 saepius
2167 475 2215 532 A
2247 473 2498 527 Bibliotb.
2529 480 2644 545 vel.
2669 471 2748 526 his
2774 483 2872 527 nec
2895 468 3254 546 perfunctorie
3280 467 3348 525 de
3373 468 3671 546 Dracontio
3703 457 3852 523 loco;

553 555 753 642 judicio
777 568 1069 638 etingenio
1094 567 1285 622 editori
1337 566 1509 635 primo
1555 564 1770 635 Corippi
1821 565 2034 632 cedere,
2080 573 2140 620 ut

556 679 676 720 cum
702 663 796 718 lib.
829 677 902 726 tv,
935 674 1075 714 vers.
1107 657 1234 726 9.66,
1269 657 1572 728 Imperium,
1626 657 1927 726 Christoque
1957 673 2138 711 vovens

552 775 647 812 sua
678 763 793 810 vota
822 755 1039 816 dicarat,
1073 752 1305 806 restituit
1327 750 1498 805 volens
1526 761 1635 805 tum
1667 752 1820 804 metri
1844 765 2027 816 causa,
2082 757 2140 803 ut

550 851 643 913 ait,
680 859 788 903 tum
813 848 933 916 quia
963 852 1120 916 poeta
1147 847 1448 914 exprimere
1479 843 1808 906 intendebat,
1853 841 2141 910 imperato-

551 958 662 995 rem
693 938 938 994 consulto
967 937 1201 991 voluisse
1229 935 1444 1004 Sophia:
1494 935 1712 988 nomine
1741 933 2010 988 Christum
2060 932 2142 986 in-

553 1033 734 1102 tclligi.
771 1030 876 1085 Sed
919 1040 977 1083 ut
1014 1029 1248 1084 secunda
1283 1029 1418 1082 ratio
1446 1028 1676 1082 invalida
1709 1037 1810 1090 cst,
1844 1027 1912 1080 ita
1956 1033 2142 1096 aperte

551 1126 680 1180 falsa
713 1133 795 1179 est
826 1123 1015 1192 prima.
1046 1119 1246 1175 Confer
1277 1120 1437 1174 verba
1472 1119 1672 1172 Barthii
1704 1134 1850 1171 num.
1879 1132 1993 1186 seq.

625 1218 714 1272 62.
758 1216 1030 1272 Laudatus
1059 1229 1270 1284 quoque
1300 1223 1379 1267 est
1413 1213 1582 1268 codex
1621 1217 1840 1278 Azagrze
1876 1225 1905 1263 a
1935 1209 2140 1265 doctis-

552 1311 688 1365 simo
719 1309 834 1362 viro
874 1306 1079 1360 Joanne
1123 1305 1362 1369 Baptista
1414 1302 1598 1367 Perez,
1655 1303 1806 1369 cujus
1837 1310 1960 1354 sunt
2001 1311 2142 1354 notas

551 1401 617 1455 ad
645 1400 732 1454 lib.
765 1400 820 1455 S.
857 1397 1044 1452 lsidori
1077 1406 1127 1450 el
1159 1395 1215 1450 S.
1269 1393 1521 1448 lldel'onsi
1574 1393 1640 1446 de
1691 1391 1804 1447 Vir.
1867 1391 2140 1456 illustrib.,

551 1493 639 1564 qui
669 1493 951 1564 episcopus
979 1487 1385 1559 Segobricensis
1411 1487 1542 1541 obiit
1571 1501 1698 1540 ann.
1735 1485 1890 1540 l597.
1933 1485 1987 1538 In
2026 1494 2138 1540 not.

552 1585 615 1638 ad
649 1600 765 1654 cap.
803 1582 867 1635 14
895 1582 953 1637 S.
981 1580 1234 1636 lldefonsi
1260 1581 1329 1633 ita
1358 1580 1432 1632 ait
1459 1578 1710 1632 Pcrezius
1735 1593 1748 1630 :
1783 1575 1935 1629 Hanc
1968 1575 2141 1645 Euge-

553 1679 624 1732 nii
649 1677 1047 1731 emendationem
1079 1675 1178 1728 vidi
1209 1675 1260 1726 in
1292 1674 1382 1727 illo
1411 1683 1600 1727 vetusto
1621 1671 1794 1726 codice
1818 1670 1988 1724 Ruizii
2010 1671 2144 1722 Aza-

553 1772 668 1840 grii,
703 1771 848 1839 cujus
877 1785 1032 1839 supra
1060 1768 1363 1821 mentionem
1403 1766 1521 1834 feci.
1573 1763 1825 1832 lntelligit
1866 1771 2045 1817 notam
2077 1761 2144 1816 ad

2243 581 2327 630 lus
2353 575 2434 619 est
2486 573 2628 619 etut
2659 563 2709 618 in
2758 579 2922 634 opere
2973 563 3282 634 posthumo,
3334 577 3514 633 neque
3556 561 3625 616 ad
3662 562 3836 616 limam

2241 666 2510 722 revocato,
2565 656 2831 710 interdum
2883 656 3072 710 eadem
3125 657 3312 721 verba,
3375 653 3600 709 easdem
3657 654 3839 722 repetit

2242 752 2498 819 rationes,
2530 765 2910 820 nonnunquam
2939 751 3041 804 sibi
3083 751 3185 820 ipsi
3233 747 3546 804 contrarius
3590 758 3696 802 est
3732 746 3838 800 Sir-

2242 842 2479 906 mondus,
2523 842 2693 912 inquit
2721 843 2814 896 lib.
2850 857 2934 907 tu,
2967 856 3085 910 cap.
3117 841 3171 908 5,
3212 840 3443 894 collectis
3475 839 3706 893 versibus
3748 839 3840 891 Es-

2243 936 2377 1006 gcnii
2430 936 2764 990 Dracontium
2807 937 3033 990 cum’iis
3081 936 3261 1000 edidit,
3341 935 3623 987 Dracontii
3678 949 3842 1000 nempe

2244 1037 2510 1094 utrumque
2533 1028 2738 1092 librum,
2773 1044 2889 1082 cum
2929 1029 3231 1091 scentulum,
3262 1043 3353 1082 seu
3386 1012 3731 1093 posteriorem
3756 1027 3841 1094 pri-

2245 1136 2356 1174 mus
2386 1119 2607 1173 Michael
2629 1121 2829 1191 Azagra
2861 1120 3210 1187 publicaverit,
3236 1129 3290 1173 ut
3319 1121 3432 1189 ipse
3480 1120 3535 1171 in
3567 1119 3757 1171 natalis
3784 1117 3842 1168 ad

2246 1211 2519 1284 Corippum
2539 1215 2632 1268 ait.
2665 1212 2805 1267 Idem
2840 1212 2954 1266 Nic.
2979 1213 3242 1266 Antonius
3273 1211 3367 1265 lib.
3415 1225 3472 1275 ν,
3507 1225 3633 1279 cap.
3666 1210 3720 1276 5,
3755 1223 3842 1261 ve-

2247 1307 2357 1360 rius
2385 1304 2596 1374 scripsit
2628 1321 2640 1356 :
2677 1304 2902 1358 Michael
2937 1305 3070 1360 Ruiz
3107 1305 3311 1374 Azagra
3333 1320 3398 1357 ea:
3424 1303 3611 1355 codice
3637 1299 3842 1354 Gothico

2247 1409 2362 1452 ante
2403 1400 2744 1470 septingentos
2771 1416 2952 1464 annos,
2995 1408 3048 1452 ut
3079 1403 3188 1470 ipse
3208 1399 3469 1462 credebat,
3494 1401 3696 1463 scripto
3736 1413 3837 1449 cer.

2249 1494 2386 1546 mina
2412 1492 2628 1563 ltfugcnii
2655 1502 2701 1547 et
2730 1491 2996 1546 Dracontii
3021 1493 3167 1546 edere
3189 1493 3426 1562 parabat.
3461 1493 3594 1555 Qua:
3617 1490 3841 1543 carmina

2251 1585 2320 1638 ita
2345 1584 2564 1639 editioni
2597 1593 2780 1652 parata
2809 1600 2934 1639 cum
2963 1583 3191 1652 epistola
3239 1587 3465 1654 Azagraa
3493 1584 3561 1636 ad
3592 1583 3840 1637 decanurn

2250 1684 2305 1730 et
2341 1675 2633 1743 capitulum
2682 1675 2960 1730 Toletana'.
3015 1675 3272 1731 Ecclesiae
3319 1676 3426 1729 cal.
3455 1675 3672 1744 Aprilis
3719 1674 3841 1730 l577

2251 1765 2370 1820 data
2399 1767 2533 1821 vidit
2574 1766 2689 1836 ipse
2728 1765 2845 1820 Nic.
2903 1767 3172 1821 Antonius
3219 1767 3272 1821 in
3326 1781 3460 1820 mss.
3515 1766 3843 1821 bibliothecae

552 1873 707 1930 caput
746 1863 775 1914 7
825 1859 1010 1913 lsidori
1049 1859 1115 1912 dc
1146 1858 1258 1912 Vir.
1306 1857 1498 1912 illustr.
1531 1855 1598 1910 de
1629 1855 1944 1910 Verecundo
1976 1872 1987 1907 :
2031 1853 2145 1907 Vidi
2176 1849 2223 1910 B
2257 1858 2740 1912 Vill-Umbrosanze
2765 1899 2780 1924 ,
2838 1868 2968 1912 tom.
3002 1859 3090 1914 VII
3133 1859 3630 1915 Miseellaneorum.
3661 1858 3842 1928 Ioseph

552 1969 706 2020 porro
736 1951 890 2022 hujus
921 1949 1210 2004 Verecundi
1239 1953 1426 2020 ,ipsum
1463 1947 1690 2002 libellum
1739 1947 1803 2000 de
1839 1945 2140 2000 Paenitentia

553 2047 859 2099 hexametris
887 2045 1158 2116 scriptum,
1188 2045 1336 2114 cujus
1361 2044 1455 2095 hoc
1498 2051 1568 2096 est
1594 2041 1796 2094 initium
1822 2056 1840 2094 :
1871 2039 1995 2106 Quis
2016 2039 2141 2092 mihi

557 2148 732 2192 mmsta
764 2137 905 2190 dabit
937 2137 1233 2206 lacrymosis
1263 2135 1505 2188 imbribus
1529 2135 1660 2187 ora?
1690 2131 1746 2186 Is
1786 2132 1930 2196 liber,
1961 2129 2142 2185 Gothi-

553 2229 624 2282 cis
679 2229 860 2282 litteris
905 2228 1209 2297 descriptus,
1265 2227 1362 2295 fuit
1396 2226 1519 2277 olim
1570 2223 1810 2276 Ecclesitc
1852 2223 2141 2288 Ovetensis,

555 2331 726 2391 postea
757 2322 896 2390 apud
949 2319 1250 2373 Michaelent
1305 2319 1540 2372 Ruizium
1587 2318 1864 2387 Azagrium
1919 2320 2144 2370 amicum

553 2428 739 2465 meum.
778 2411 1018 2466 Meminit
1069 2417 1231 2465 etiam
1277 2412 1330 2466 in
1379 2418 1499 2462 nota
1551 2407 1615 2460 ad
1645 2418 1806 2478 caput
1833 2408 1900 2460 47
1929 2407 2049 2461 libri
2083 2409 2140 2464 S.

553 2505 738 2562 lsidori
770 2507 836 2560 de
869 2505 978 2558 Vir.
1029 2505 1248 2572 illustr.,
1302 2519 1406 2573 quo
1462 2503 1690 2558 refertur
1738 2504 2052 2572 prmnotatio
2084 2503 2144 2557 li-

553 2605 770 2661 brorum
802 2603 860 2657 S.
894 2601 1078 2656 lsidori
1123 2618 1150 2653 τι
1199 2600 1486 2654 Braulione
1523 2599 2000 2669 Caesaraugustam
2031 2600 2144 2668 cpi-

555 2715 724 2767 sc0po
750 2698 970 2768 scripta.
1004 2697 1079 2751 lbi
1109 2696 1360 2750 Pcrczius
1399 2695 1476 2768 ad,
1513 2707 1695 2747 voct-m
1748 2695 1980 2747 liesrma
2026 2694 2100 2746 ait
2129 2710 2164 2746 ευ

561 2764 735 2847 Utitur
753 2808 813 2845 ea
840 2764 956 2844 voce
988 2788 1266 2860 Corippus,
1299 2797 1444 2858 poeta
1467 2764 1616 2854 lAfer,
1648 2785 1778 2838 libro
1799 2786 1860 2837 de
1887 2784 2146 2840 Laudibus

555 2885 748 2940 Justini
774 2882 1007 2937 Junioris
1037 2899 1201 2951 nuper
1239 2882 1375 2934 edito
1405 2896 1435 2930 a
1472 2878 1768 2931 doctissimo
1798 2867 1982 2930 Iiuiiio
2015 2879 2148 2930 Aza-

554 2982 690 3050 grio.
723 2977 814 3031 llis
846 2976 984 3030 inter
1013 2990 1071 3028 se
1123 2972 1331 3025 collatis
1379 2970 1576 3040 liquido
1625 2979 1771 3053 patet
1803 2969 1961 3023 verba
2015 2972 2150 3022 Aza-

561 3087 671 3142 grte
695 3070 759 3124 ad
787 3069 1089 3137 Corripum,
1123 3066 1188 3120 Ut
1217 3066 1338 3118 alibi
1366 3067 1432 3117 ad
1455 3080 1581 3134 Opus
1629 3062 1980 3116 Dracontii...
2005 3077 2144 3132 prat-

555 3165 651 3233 fati
679 3179 872 3225 smnus,
906 3175 1009 3214 non
1045 3174 1166 3214 esse
1192 3159 1262 3211 ita
1293 3155 1659 3225 intelligenda,
1691 3165 1748 3208 ut
1793 3155 2136 3208 Dracontium

556 3232 697 3326 typis
733 3253 1050 3330 rutgaverit,
1085 3243 1176 3304 sed
1218 3251 1389 3304 solum
1439 3249 1726 3302 editionem
1775 3257 2009 3317 paratam
2057 3249 2148 3301 ha-
2176 3232 2223 3296 C

555 3349 754 3404 Interit.
791 3346 1034 3401 Barthius
1061 3344 1152 3397 lib.
1203 3359 1264 3395 LV
1299 3341 1544 3401 Advers.,
1576 3357 1693 3409 Cap.
1732 3339 1816 3404 11,
1854 3339 1990 3394 banc
2031 3341 2147 3395 edi.

556 3441 751 3494 tionem
785 3437 966 3491 videre
1007 3448 1350 3503 summopere
1379 3431 1665 3500 expetebat
1698 3450 1708 3484 :
1746 3429 1894 3484 Illud
1947 3448 2152 3486 monere

556 3531 706 3584 etiam
733 3531 904 3582 doctos
931 3529 1252 3581 volumus....
1296 3527 1447 3578 etiam
1489 3534 1604 3578 ante
1641 3521 1889 3576 Jacobum
1916 3523 2151 3576 Sirmon-

556 3623 699 3688 dum,
726 3637 870 3691 quem
894 3629 995 3673 tam
1021 3619 1176 3692 hujus
1206 3633 1361 3688 quam
1393 3617 1615 3688 plurium
1637 3617 1854 3668 aliorum
1882 3625 2150 3669 auctorum

554 3713 883 3769 restitutionis
929 3712 1095 3782 gratia
1137 3710 1315 3763 merito
1355 3724 1552 3776 semper
1583 3708 1871 3770 laudamus,
1922 3706 2151 3759 Dracon-

554 3812 683 3864 tium
715 3809 846 3862 hunc
867 3807 928 3860 ab
957 3804 1190 3876 Eugenio
1216 3813 1534 3856 contractum
1559 3813 1603 3856 et
1626 3799 2005 3869 interpolatum,
2036 3800 2149 3853 edi-

553 3905 689 3958 disse
715 3905 768 3956 in
797 3899 1056 3968 Hispania
1101 3895 1406 3952 Michaeleut
1442 3895 1676 3947 Iluisium
1709 3893 2026 3964 Assagrium,
2060 3908 2151 3944 cu-

554 4004 639 4072 jus
669 3996 911 4065 bene/icio
939 3992 1220 4062 Corippum
1251 3989 1492 4042 habemus
1525 4004 1541 4041 :
1579 4005 1669 4040 nos
1703 4004 1814 4040 tero
1841 4001 2149 4056 ntagncpere

554 4090 818 4158 qumsitam
859 4102 971 4138 eam
998 4085 1270 4136 editionem
1313 4081 1548 4149 indipisci
1588 4079 1729 4131 nulla
1767 4079 2033 4147 diligen'ia
2059 4093 2147 4130 ra-

555 4180 742 4242 luisse;
772 4191 949 4246 rogare
971 4181 1156 4240 autem,
1186 4173 1228 4223 si
1257 4171 1343 4239 qui
1372 4171 1435 4222 sit
1465 4170 1552 4237 qui
1585 4187 1728 4221 usum
1760 4173 1868 4236 ejus
1901 4169 2042 4221 nobis
2065 4173 2147 4236 fa-

555 4283 666 4321 cere
691 4266 870 4337 passil,
913 4279 1097 4334 magno
1127 4277 1219 4315 nos
1250 4261 1408 4330 o/[icio
1437 4261 1818 4311 demeriturum.
1849 4259 1996 4312 Adeo
2023 4259 2150 4312 Bar-

557 4361 700 4415 thius
732 4364 948 4428 Azagra:
985 4371 1202 4425 operam
1233 4364 1287 4408 et
1317 4353 1553 4406 studium
1585 4367 1688 4405 non
1720 4353 2097 4406 centcmuebat
2132 4370 2146 4407 :

555 4453 645 4524 qui
675 4452 767 4506 lib.
800 4465 917 4516 ut,
949 4463 1068 4518 cap.
1095 4448 1152 4513 2,
1182 4445 1432 4501 disertius
1459 4443 1524 4496 dc
1555 4446 1670 4503 eius
1701 4443 1838 4497 notis
1877 4444 1928 4497 in
1962 4443 2147 4513 Corip-

555 4561 680 4618 pum
711 4545 782 4598 ait
817 4561 830 4598 :
863 4543 1104 4611 Assagrio
1145 4541 1253 4610 36
1290 4554 1388 4591 non
1419 4553 1688 4606 possumus
1719 4553 1820 4590 non
1851 4537 1976 4590 dare
2005 4539 2147 4590 testi-

2249 1948 2548 2018 Rodriguez
2571 1949 2638 2004 de
2666 1949 2878 2015 Castro,
2908 1953 2999 2020 qui
3033 1951 3316 2020 lliSpanicc
3334 1952 3645 2020 scriptores
3670 1951 3844 2021 Hispa-

2248 2057 2346 2095 nos
2374 2056 2655 2097 recensere
2679 2043 2864 2112 cmpit,
2894 2043 2988 2098 sed
3020 2053 3191 2099 morte
3225 2043 3561 2111 interceptus
3586 2059 3727 2114 opus
3749 2060 3843 2098 non

2246 2134 2495 2200 absolvit,
2525 2134 2752 2189 fortasse
2778 2135 3012 2205 primum
3039 2137 3217 2191 locmn
3239 2137 3442 2192 Nicolai
3465 2137 3725 2200 Antonii,
3751 2154 3844 2192 non

2247 2227 2539 2281 secundum
2570 2229 2714 2295 legit,
2745 2243 2867 2282 cum
2899 2230 3135 2299 scripsit,
3169 2229 3545 2286 Hexaemeron
3581 2231 3846 2286 Dracontii

2246 2318 2314 2371 ab
2346 2318 2576 2386 Eugenio
2607 2329 2912 2373 corrcctmu
2952 2333 3166 2375 exstare
3197 2331 3325 2375 tom.
3353 2322 3440 2389 ,ΙΧ
3499 2322 3846 2377 Bibliotheca:

2250 2409 2462 2464 Patrum
2501 2410 2743 2480 Lugduni
2777 2411 2912 2465 1677
2944 2427 3007 2466 ex
3038 2412 3223 2468 codice
3253 2412 3397 2466 Petri
3434 2413 3571 2466 Buiz
3617 2419 3687 2478 de
3716 2415 3846 2468 Aza-

2248 2520 2363 2573 gra,
2387 2504 2477 2574 qtti
2508 2505 2559 2558 in
2587 2505 2728 2559 notis
2749 2505 2813 2558 ad
2836 2503 3126 2575 Corippum
3158 2521 3217 2562 se
3235 2506 3468 2576 primum
3502 2507 3848 2563 Dracontium

2249 2597 2480 2652 edidisse
2511 2598 2740 2653 affirmat
2779 2616 2792 2652 :
2821 2615 2942 2668 quae
2981 2599 3168 2663 editio,
3215 2600 3385 2668 addit,
3419 2602 3704 2670 antiquior
3730 2616 3847 2656 ceno

2249 2692 2354 2746 scri
2400 2692 2558 2746 debet
2604 2692 2930 2748 editionibus
2977 2693 3190 2748 Weitzii
3248 2703 3302 2749 et
3350 2694 3636 2748 Sirmoudi
3670 2695 3848 2750 eodem

2251 2802 2392 2841 anno
2425 2787 2561 2842 16H)
2596 2789 2770 2844 factis.

2320 2880 2409 2933 41.
2444 2880 2713 2938 Prmtereo
2763 2896 2904 2936 nunc
2940 2881 3206 2937 editiones
3237 2882 3515 2937 Sirmondi
3555 2892 3619 2938 et
3647 2882 3847 2940 Weitzii

2253 2988 2355 3026 non
2381 2973 2570 3028 eodem
2601 2989 2743 3028 anno
2777 2973 2942 3030 fuisse
2987 2973 3180 3039 factas,
3219 2985 3277 3028 ut
3318 2991 3446 3029 mox
3470 2979 3772 3030 constabit.
3803 2976 3847 3031 lu

2255 3068 2576 3122 Bibliotheca
2615 3066 2830 3120 Patrum
2861 3067 3205 3138 Lugdunensi
3229 3069 3356 3120 anni
3392 3068 3558 3133 1677,
3591 3078 3729 3123 tom.
3767 3067 3846 3128 IX.

2253 3170 2436 3228 aperte
2469 3175 2781 3228 cttpressum
2817 3170 2900 3214 est
2947 3160 3216 3214 Dracontii
3249 3160 3352 3230 37
3379 3159 3631 3214 carmina
3677 3177 3708 3215 c
3748 3161 3846 3216 Sir-

2256 3253 2541 3307 tnondiana
2593 3251 2830 3307 editione
2877 3252 3138 3321 depromi.
3194 3252 3260 3305 Et
3303 3267 3424 3305 cum
3458 3252 3846 3323 Rodriguezins

2255 3347 2425 3401 solum
2460 3347 2618 3400 verba
2669 3350 2887 3416 Azagrm
2937 3347 2987 3400 in
3019 3347 3159 3400 notis
3205 3346 3268 3401 ad
3303 3346 3606 3416 Corippum
3643 3350 3842 3419 alleget,

2254 3453 2371 3506 num
2396 3437 2463 3491 de
2491 3437 2730 3493 editione
2770 3449 2975 3508 parata,
3011 3454 3116 3493 non
3157 3439 3220 3492 ad
3251 3440 3452 3493 exitum
3486 3443 3746 3510 perducta
3776 3444 3844 3497 in-

2257 3530 2582 3598 tclliguntur,
2633 3530 2748 3599 eius
2796 3532 3157 3585 testimonium
3190 3532 3322 3585 nihil
3360 3549 3457 3586 nos
3509 3549 3732 3591 morere
3759 3536 3844 3589 de-

2253 3621 2366 3680 bet.
2390 3621 2538 3688 Quod
2570 3632 2749 3676 autem
2775 3623 3082 3677 Micltaeiem
3129 3638 3374 3678 nostrum
3423 3636 3583 3680 vocat
3618 3627 3841 3691 Petrum,

2255 3729 2358 3765 nt-u
2393 3714 2639 3782 proprius
2685 3715 2800 3785 ejus
2849 3730 3000 3768 error
3051 3727 3161 3782 est,
3221 3715 3317 3769 sed
3369 3719 3684 3772 communis
3734 3735 3843 3771 cum

2253 3807 2483 3879 aliiszln
2529 3806 2706 3860 Indice
2755 3807 3014 3862 librorum
3047 3808 3521 3878 expurgandorum
3567 3827 3671 3879 per
3699 3812 3843 3867 Joan-

2255 3876 2465 3950 nem'il.
2498 3898 3001 3953 Brassicbellcnsetn
3033 3915 3174 3953 anno
3201 3876 3355 3963 liiO'l,
3399 3915 3518 3970 pag.
3545 3876 3681 3971 969,
3713 3919 3843 3972 qum.

2253 3989 2371 4042 dan:
2403 3991 2468 4044 tle
2497 3991 2781 4044 Dracontio
2811 4002 3172 4060 exponuntur,
3209 4003 3263 4046 ut
3300 3992 3351 4045 in
3386 3992 3727 4049 Bibliotheca
3761 3995 3843 4047 Pa-

2254 4094 2390 4137 trum
2422 4083 2808 4153 adjungantur;
2844 4084 2929 4137 ubi
2949 4083 3015 4137 de
3045 4085 3423 4138 emendatione
3455 4103 3480 4135 a
3514 4085 3575 4140 S.
3611 4087 3840 4156 Eugenio

2253 4179 2389 4232 facta
2419 4179 2531 4230 lucc
2557 4177 2804 4246 leguntur
2830 4198 2840 4230 :
2874 4177 3039 4243 Quum
3061 4178 3468 4232 emendationem
3503 4180 3698 4234 cidisse
3725 4198 3773 4232 se
3793 4183 3838 4232 iu

2252 4283 2534 4343 pervetusto
2558 4290 2652 4326 ms.
2676 4272 2846 4326 codice
2889 4271 3029 4325 Petri
3075 4272 3242 4325 Iiuizii
3285 4274 3505 4343 Azagra:
3551 4276 3838 4328 scholiastes

2253 4366 2314 4419 S.
2348 4364 2594 4434 lldefonsi
2616 4366 2854 4433 aiﬁrmat.
2881 4364 3073 4418 Sermo
3103 4374 3186 4418 est
3212 4364 3278 4418 tle
3302 4365 3551 4434 Perelio,
3585 4369 3678 4437 qui
3717 4370 3838 4422 libro

2253 4455 2311 4512 S.
2349 4456 2595 4510 lltlt.'ltlll5l
2645 4457 2711 4509 de
2737 4457 2934 4523 Script.
2975 4457 3170 4510 ecclcs.
3206 4466 3359 4509 notas
3392 4457 3618 4525 adjecit.
3653 4461 3835 4514 Verum

2255 4549 2505 4603 l’erczius
2531 4548 2594 4601 ad
2619 4563 2736 4617 cap.
2757 4548 2821 4602 14
2843 4546 2902 4601 S.
2925 4547 3177 4602 lldefonsi
3210 4564 3404 4604 nomen
3431 4549 3606 4606 Ruizii
3630 4530 3835 4621 Azigra:

558 4609 785 4692 ;nonium
820 4636 936 4689 1)οηὶ
956 4633 1164 4706 judicii,
1199 4631 1336 4702 quod
1365 4639 1497 4683 certe
1526 4646 1552 4682 e
1581 4629 1796 4696 singulis
1824 4631 2025 4700 paginis
2055 4648 2146 4696 αν-
2175 4609 2224 4672 D
2257 4642 2442 4704 tacuit,
2485 4641 2548 4694 ad
2580 4650 2737 4709 caput
2761 4639 2792 4692 7
2825 4639 3011 4695 lsidori
3038 4641 3103 4694 de
3129 4640 3240 4694 Vir.
3275 4643 3470 4696 illustr.
3507 4645 3654 4699 clare
3682 4609 3834 4698 novitii-

555 4740 723 4800 paret.
759 4727 966 4783 Utinam
1012 4725 1318 4779 Dracontius
1362 4739 1559 4791 quoque
1588 4724 1719 4791 ejus,
1765 4733 1809 4775 et
1865 4722 2148 4793 Eugenitts,

554 4826 640 4894 qui
672 4821 935 4875 Dracontii
959 4820 1210 4890 epitomen
1258 4817 1396 4888 fecit,
1445 4818 1499 4870 in
1545 4834 1725 4870 manus
1763 4827 1964 4870 nostras
1996 4819 2151 4872 venis-

556 4923 687 4969 sent.
715 4913 852 4983 Quid
877 4912 945 4967 ad
979 4913 1093 4965 haec
1117 4919 1403 4979 reponeret
1429 4907 1716 4979 Foggiuius
1742 4912 1765 4959 't

630 5007 720 5063 45.
764 5005 871 5060 Sed
917 5017 1076 5074 quam
1111 5003 1332 5071 putabat
1387 5001 1655 5063 Barthius,
1708 5001 1847 5056 nulla
1909 5004 2044 5072 typis
2082 5003 2150 5057 ab

467 5105 470 5114 ’
557 5103 764 5170 Azagra
796 5099 927 5152 facta
957 5095 1129 5149 fuerat
1156 5092 1425 5148 Dracontii
1452 5101 1508 5146 et
1536 5093 1757 5162 Eugenii
1788 5093 1973 5148 editio.
2021 5095 2147 5149 Bar-

555 5194 702 5250 thius
732 5193 894 5258 enim,
955 5187 1132 5244 verbis
1184 5187 1405 5256 Azagrac
1452 5202 1570 5254 quae
1621 5203 1790 5256 nuper
1843 5188 1998 5242 retuli
2047 5189 2144 5242 de-

463 5289 472 5298 ’
554 5296 762 5357 ceptus,
799 5283 852 5339 id
883 5281 1168 5338 afﬁrmavit
1199 5279 1341 5349 quod
1364 5279 1448 5333 alii
1480 5289 1660 5348 postea
1679 5281 1996 5336 auctoritate
2019 5284 2147 5336 Bar-

557 5378 652 5433 tbii
684 5377 1072 5431 confirmarunt
1106 5389 1116 5423 :
1146 5385 1317 5440 eaque
1345 5369 1524 5440 Opinio
1567 5371 1673 5426 late
1719 5386 2002 5443 pervagata
2035 5382 2137 5442 est,

555 5484 711 5538 quam
742 5467 1017 5522 Fabricius
1048 5463 1186 5519 Bibl.
1210 5471 1317 5517 vet.
1351 5463 1466 5517 Lat.
1494 5464 1787 5534 adoptavit,
1811 5467 1905 5522 sed
1936 5467 1986 5520 in
2003 5466 2137 5521 Bibl.

555 5561 714 5616 medii
745 5559 843 5612 (ml
874 5559 1082 5611 ClUllUS
1117 5556 1323 5609 locutus
1349 5554 1444 5619 ait,
1494 5553 1870 5624 interpolatum
1905 5556 2138 5610 Dracon-

556 5653 684 5704 tium
716 5650 784 5701 ab
822 5649 1058 5717 Eugenio
1086 5647 1345 5701 Toletano
1370 5645 1531 5701 edere
1564 5646 1860 5702 instituisse
1901 5648 2135 5704 Michaeo

556 5741 658 5793 lem
691 5739 823 5791 Ruiz
859 5740 924 5792 de
977 5738 1198 5805 Azagra,
1231 5739 1325 5792 sed
1374 5739 1509 5792 hanc
1552 5739 1839 5794 editionem
1873 5754 1970 5794 nec
2002 5741 2131 5795 Bar-

558 5829 723 5887 thium
774 5843 869 5881 nec
917 5830 1028 5904 Nic.
1065 5830 1347 5884 AntOuium
1377 5830 1593 5888 vidisse.
1640 5833 1750 5887 Nic.
1788 5835 2047 5900 Antonius
2078 5835 2128 5892 in

2258 4743 2346 4787 nat
2379 4733 2704 4786 Michaelem.
2749 4733 2948 4785 Auctor
2979 4732 3118 4785 illius
3143 4743 3284 4786 notae
3315 4733 3380 4786 ad
3418 4735 3759 4790 Dracontiutn
3792 4741 3833 4790 in

2258 4825 2582 4878 Bibliotheca
2614 4824 2826 4878 Patrum
2860 4823 3118 4878 addenda:
3153 4824 3249 4878 fuit
3273 4825 3668 4882 eruditissimus
3697 4831 3832 4883 Tho-

2257 4933 2371 4972 mas
2397 4915 2691 4982 Malvenda,
2723 4927 2778 4969 ut
2800 4930 2866 4970 ex
2901 4915 2981 4969 his
3003 4916 3179 4984 colligi
3208 4927 3385 4985 potest
3412 4935 3531 4988 qua:
3562 4919 3632 4974 de
3659 4936 3727 4975 co
3760 4920 3832 4972 ln-

2255 5007 2373 5062 dice
2416 5007 2525 5060 dixi
2559 5007 2608 5060 in
2655 5007 2948 5076 prolegom.
2993 5006 3058 5059 ad
3108 5005 3484 5076 Ptudentium,
3539 5027 3659 5081 pag.
3719 5011 3827 5066 159.

2254 5099 2423 5155 Verba
2465 5100 2553 5154 illa
2589 5099 2781 5154 lndicis
2840 5100 2893 5154 in
2952 5101 3281 5156 Bibliotheca
3342 5103 3560 5158 Patrum
3609 5107 3828 5160 Colonia:

2251 5191 2555 5260 Agrippinae
2587 5191 2747 5256 1618,
2774 5203 2902 5245 tom.
2935 5190 3024 5257 Vl,
3055 5201 3108 5246 et
3138 5192 3380 5262 Lugduni
3414 5196 3578 5262 1677,
3609 5198 3825 5267 ascripta

2249 5269 2405 5349 sunt;
2435 5300 2498 5338 ex
2534 5300 2639 5354 quo
2690 5283 2831 5338 Petri
2873 5299 3065 5339 nomen
3096 5285 3337 5340 Micbacli
3379 5297 3568 5343 nostro
3603 5291 3825 5343 alliciunt

2246 5379 2384 5447 apud
2415 5377 2550 5432 alios
2612 5378 2900 5446 scriptores
2953 5379 3167 5448 legitur,
3196 5391 3252 5434 ut
3296 5381 3437 5448 apud
3493 5381 3738 5436 Riviuum
3779 5385 3822 5435 in

2246 5469 2479 5525 editione
2510 5471 2801 5536 Dracontii,
2846 5473 2984 5542 apud
3017 5473 3308 5543 Leyserum
3341 5475 3392 5528 in
3448 5475 3653 5531 llistor.
3692 5488 3820 5544 poet.

2249 5563 2390 5618 med.
2425 5565 2544 5618 sevi.
2593 5563 2794 5619 Nomen
2819 5565 2992 5620 'etiam
3027 5565 3246 5622 Joannis
3293 5583 3324 5621 a
3367 5568 3486 5626 Nic.
3516 5574 3747 5626 Antonio
3774 5574 3819 5624 in

2245 5654 2380 5708 Bibl.
2415 5669 2538 5708 nov.
2573 5656 2746 5711 eidem
2774 5657 3018 5713 Michaeli
3047 5658 3224 5713 datum
3240 5659 3411 5715 fuerat
3432 5681 3445 5726 ;
3466 5665 3561 5716 sed
3582 5664 3632 5717 in
3654 5679 3820 5718 emcn-

2243 5744 2381 5800 datis
2409 5746 2622 5816 agnovit
2648 5747 2957 5804 Michael‘cm
3005 5764 3124 5804 esse
3165 5752 3565 5820 appellandum,
3597 5770 3715 5810 cum
3748 5755 3817 5809 bis

2241 5837 2485 5894 eumdem
2519 5840 2788 5899 hominem
2817 5842 3196 5908 recensuisset,
3228 5842 3452 5911 primum
3481 5844 3703 5901 Joannis
3731 5861 3816 5900 ηας
