3964 6296
163 318 293 387 Ιυθν

160 526 337 582 divino
372 529 555 585 cultui
603 532 960 589 convenirent
1004 537 1218 594 sibimet
1259 546 1538 612 lyrannico
1572 548 1759 615 Spiritu

160 620 431 677 vindicare
458 623 771 692 contendit,
800 636 865 681 ut
907 631 1093 700 pagani
1133 632 1481 702 imperatores
1512 637 1671 692 iidem
1709 649 1762 694 et

158 714 375 769 maximi
428 716 718 786 pontiﬁces
761 719 1092 779 dicerentur.
1145 725 1253 781 Sed
1299 743 1419 783 cum
1464 731 1530 785 ad
1571 747 1759 787 verum

159 815 374 861 ventum
403 815 490 862 est
516 810 769 866 eumdem
810 828 991 883 regem
1030 826 1191 886 atque
1225 822 1537 887 pontificem
1566 865 1582 890 ,
1622 826 1758 879 ultra

158 895 260 948 sibi
290 909 392 951 nec
426 897 724 967 imperator
763 905 1028 970 pontiﬁcis
1071 922 1266 965 nomen
1315 910 1609 981 imposuit,
1658 931 1756 972 nec

160 986 402 1053 pontifex
446 990 627 1059 regale
668 990 935 1064 fastigium
965 998 1272 1054 vindicavit.
1328 1004 1584 1068 Quamvis
1615 1008 1756 1062 enim

160 1078 404 1134 membra
442 1081 643 1149 ipsius,
688 1083 743 1137 id
775 1092 855 1139 est
879 1127 893 1152 ,
932 1091 1043 1143 veri
1088 1092 1226 1160 regis
1267 1102 1426 1163 atque
1457 1097 1754 1168 pontiﬁcis,

159 1169 460 1224 secundum
500 1173 962 1245 participationem
993 1189 1196 1239 naturae
1237 1184 1515 1252 magniﬁce
1554 1196 1758 1243 utrum-

160 1277 263 1330 que
306 1263 367 1317 in
411 1278 565 1319 sacra
608 1268 971 1336 generositate
1017 1277 1309 1345 sumpsisse
1357 1276 1602 1335 dicantur
1634 1321 1650 1347 ,
1700 1290 1757 1338 ut

159 1354 321 1410 simul
353 1359 531 1427 regale
559 1374 727 1429 genus
758 1372 807 1417 et
841 1365 1174 1422 sacerdotale
1204 1369 1498 1426 subsistant
1528 1391 1540 1425 :
1575 1375 1590 1405 ⁸
1622 1382 1756 1430 atta-

157 1463 288 1503 men
318 1446 570 1505 Christus
603 1466 806 1508 memor
828 1453 1131 1524 fragilitatis
1160 1460 1423 1529 humanas,
1457 1466 1597 1534 quod
1628 1481 1753 1521 suo-

155 1554 277 1594 rum
306 1542 471 1596 saluti
504 1553 824 1614 congrueret
850 1546 1243 1619 dispensatione
1282 1556 1557 1626 magniﬁca
1576 1560 1599 1589 ‘
1623 1568 1753 1614 tem-

156 1647 401 1700 perans,
441 1634 519 1689 sic
548 1637 843 1693 actionibus
884 1643 1115 1710 pr0priis
1152 1644 1602 1720 dignitatibusque
1641 1650 1753 1708 dis?

157 1725 353 1781 tinctis
396 1726 573 1782 ofﬁcia
622 1733 900 1798 potestatis
950 1735 1225 1805 utriusque
1282 1738 1572 1809 discrevit,
1618 1759 1751 1799 suos

153 1819 361 1873 volens
401 1820 703 1876 medicinali
748 1824 1045 1881 humilitate
1088 1830 1321 1896 salvari,
1372 1848 1474 1888 non
1521 1833 1751 1891 humana
1784 1828 1831 1888 B

152 1910 420 1981 superbia
452 1928 638 1968 rursus
664 1914 944 1985 intercipi;
991 1928 1046 1972 ut
1075 1928 1127 1973 et
1152 1918 1441 1978 Christiani
1468 1923 1758 1995 imperato-

152 2014 245 2060 res
280 2020 387 2074 pro
411 2015 607 2060 aeterna
638 2008 744 2061 vita
774 2009 1108 2076 pontificibus
1139 2011 1467 2082 indigerent,
1500 2026 1553 2072 et
1583 2020 1754 2087 ponti-

154 2096 451 2175 ﬁces’pro
501 2099 871 2169 temporalium
935 2116 1093 2156 cursu
1153 2119 1329 2160 rerum
1394 2107 1756 2177 imperialibus

156 2168 619 2255 dispositionibus
646 2201 947 2258 uterentur.
982 2206 1244 2265 quatenus
1273 2201 1530 2269 spiritalis
1559 2207 1697 2262 actio
1724 2223 1754 2263 a

158 2282 475 2336 carnalibus
504 2283 723 2340 distaret
764 2285 1064 2342 incursibus
1097 2306 1110 2343 :
1143 2298 1195 2344 et
1220 2291 1341 2347 ideo
1367 2295 1592 2351 militans
1624 2297 1753 2366 Deo,

158 2376 380 2428 minime
425 2392 479 2429 se
522 2379 733 2449 negotiis
784 2383 1108 2437 saecularibus
1158 2386 1440 2455 implicaret
1488 2389 1588 2464 (II
1623 2393 1754 2449 Tim.

159 2469 281 2535 tt);
345 2481 406 2522 ac
452 2468 687 2523 vicissim
742 2484 847 2526 non
888 2473 977 2529 ille
1013 2476 1172 2532 rebus
1226 2477 1421 2537 divinis
1472 2487 1756 2553 praesidere

158 2558 466 2623 videretur,
504 2562 592 2630 qui
622 2571 765 2618 esset
791 2567 1016 2633 negotiis
1058 2569 1404 2627 saecularibus
1433 2575 1753 2646 implicatus,

157 2664 218 2707 ut
248 2665 308 2708 et
341 2652 595 2709 modestia
626 2657 901 2727 utriusque
930 2661 1131 2718 ordinis
1161 2675 1458 2735 curaretur,
1494 2684 1559 2725 ne
1586 2672 1757 2727 extol-

156 2746 376 2801 leretur
403 2756 628 2818 utroque
681 2748 923 2805 suﬁ‘ultus
949 2794 964 2817 ,
993 2761 1050 2808 et
1075 2765 1386 2823 competens
1414 2760 1755 2828 qualitatibus

154 2841 439 2895 actionum
462 2842 765 2910 specialiter
792 2842 1052 2913 professio
1081 2857 1373 2918 aptaretur.
1408 2850 1609 2918 Quibus
1636 2870 1754 2911 om-

156 2936 330 2989 nibus
376 2934 482 2990 rite
536 2918 818 3006 collectis,
866 2940 996 2996 satis
1052 2942 1327 3001 evidenter
1379 2950 1677 3006 ostenditur
1724 2969 1754 3009 a

157 3027 409 3082 saeculari
440 3036 702 3097 potestate
747 3046 847 3087 nec
881 3032 1029 3103 ligari
1060 3051 1278 3105 prorsus
1311 3055 1408 3095 nec
1436 3042 1568 3097 SOlli
1602 3059 1757 3113 posse

157 3123 627 3193 pontiﬁcem..Quo
650 3125 976 3184 manifestius
997 3130 1321 3201 approbatur
1341 3134 1755 3194 Alexandrinum

1408 335 1750 391 ΗἾὲΤοΙῶ
1791 338 1873 393 ΕΤ
1918 339 2249 404 DECRETA.

163 448 367 505 quoque
386 434 633 492 diabolus
671 437 909 497 imitatus
932 452 1031 510 est,
1060 452 1117 499 ut
1140 452 1260 515 pote
1287 451 1373 518 qui
1398 466 1607 521 semper
1640 470 1755 523 qua:
1788 459 1839 515 A
1868 460 1934 514 rit
1964 472 2155 529 praeter
2182 465 2433 522 Ecclesia:
2478 472 2740 529 tramitem
2782 490 2996 545 prorsus
3036 483 3236 541 absolvi
3267 489 3288 543 ?
3335 493 3366 545 S

3343 377 3441 433 fit)

3335 497 3438 549 Set!

1865 551 2071 605 dicatur
2102 552 2319 611 forsitan
2356 576 2366 610 :
2398 554 2509 614 Non
2543 562 2828 633 imperator
2853 570 3096 641 absolvit,
3126 578 3217 632 scd
3247 595 3274 633 a
3309 598 3441 651 pon-

1865 642 2089 699 tiﬁcibus
2127 652 2369 716 p0poscit
2404 652 2629 710 absolvi.
2670 658 2840 715 Tanto
2873 666 3039 733 magis
3072 642 3436 738 poscenti-im-

1860 740 2093 805 pcratori
2123 754 2153 793 a
2182 743 2517 809 pontiﬁcibus
2541 749 2705 806 fuerat
2727 761 3133 831 suggerendae),
3159 776 3213 821 ut
3243 770 3283 822 si
3315 785 3438 827 eum

1860 828 2095 899 legitime
2137 835 2300 891 vellet
2336 838 2540 893 absolvi
2562 883 2576 907 ,
2609 844 2837 914 legitima
2868 852 3211 913 ecclesiastici
3241 865 3439 919 tenoris

1860 918 2123 977 absolutio
2174 930 2514 1000 proveniret,
2556 944 2610 989 et
2656 937 2767 993 haec
2806 945 2983 999 omnia
3028 963 3144 1018 quae
3188 957 3437 1023 superius

1861 1012 1998 1069 dicta
2030 1008 2168 1073 'sunt
2207 1025 2499 1081 secundum
2543 1028 2796 1089 Ecclesiae
2843 1028 3105 1098 tramitem
3155 1062 3436 1105 servaren-

1861 1114 1947 1160 tur
1978 1124 1991 1161 :
2020 1114 2283 1183 praecipue
2324 1132 2443 1173 cum
2475 1120 2541 1174 de
2581 1127 2827 1183 secunda:
2855 1132 2999 1189 sedis
3024 1149 3270 1205 ageretur
3300 1144 3434 1196 auti-

1859 1198 2002 1265 stite,
2031 1216 2129 1257 nec
2154 1204 2219 1259 ab
2248 1206 2499 1268 inferiore
2521 1218 2771 1287 qualibet,
2794 1222 2887 1277 sed
2916 1240 2945 1279 a
2966 1198 3142 1295 prit’na
3164 1231 3292 1286 sede
3312 1234 3434 1301 jure

1858 1292 2027 1358 possit
2072 1295 2297 1355 absolvi.
2345 1301 2566 1362 inferior
2611 1311 2805 1382 quippe
2853 1292 3111 1384 potiorem
3156 1292 3433 1380 absolvero

1858 1397 1961 1437 non
1988 1397 2159 1454 potest
2191 1408 2203 1443 :
2235 1394 2346 1448 sola
2378 1412 2505 1468 ergo
2528 1403 2701 1469 potior
2728 1406 3032 1465 inferiorem
3058 1417 3433 1474 convenienter

1858 1474 2105 1532 absolvit.
2140 1480 2366 1541 Proinde
2395 1488 2659 1550 inferioris
2690 1496 2790 1554 loci
2817 1504 3115 1573 pontiﬁces,
3146 1508 3235 1577 qui
3265 1512 3407 1564 nulla

1858 1577 2011 1623 tenus
2058 1587 2117 1626 se
2166 1590 2424 1635 noverant
2474 1588 2733 1653 potiorem
2782 1594 2883 1649 sibi
2926 1599 3044 1654 sine
3088 1601 3263 1671 prima
3307 1606 3434 1663 sede

1856 1679 2013 1734 posse
2041 1672 2327 1744 resolvere,
2362 1682 2625 1751 praecipue
2657 1702 2810 1755 quem
2841 1693 2958 1759 ejus
2983 1698 3242 1751 sententia
3275 1716 3432 1757 nove-

1857 1772 1975 1816 rant
1996 1764 2306 1838 obligatum,
2332 1778 2752 1839 prtevaricatoria
2774 1784 3107 1845 absolutione
3134 1795 3306 1860 potius
3329 1814 3431 1856 non

1859 1852 2005 1907 illum
2040 1859 2248 1925 penitus
2280 1877 2562 1933 exuerunt,
2584 1871 2677 1925 sed
2708 1882 3223 1955 se’prrevaricatione
3257 1888 3430 1954 potius

1860 1958 2176 2005 nexuerunt.
2230 1952 2302 2008 Ita
2334 1955 2474 2012 Petri
2506 1952 2771 2019 absolutio
2803 1984 2877 2029 ex.
2916 1981 3139 2044 utroque
3177 1995 3281 2031 non
3307 1996 3405 2035 con

1858 2044 2001 2103 stat,
2048 2041 2168 2108 quia
2211 2059 2310 2099 nec
2352 2053 2783 2116 praevaricatoris
2815 2060 3146 2122 absolutione
3176 2071 3251 2125 rei
3282 2088 3429 2127 reum

1857 2128 2135 2187 absolvere
2168 2145 2469 2205 potuerunt,
2498 2154 2547 2197 et
2574 2145 2805 2216 depulsis
2835 2156 3065 2226 undique
3090 2163 3431 2228 pontiﬁcibus

1857 2223 2153 2295 catholicis,
2183 2228 2554 2303 hazreticisque
2580 2244 2886 2313 suppositis,
2918 2250 2997 2303 vel
3032 2251 3112 2305 bis
3142 2256 3229 2324 qui
3264 2256 3432 2314 luere-

1860 2316 2080 2371 ticorum
2113 2328 2427 2381 tenebantur
2445 2336 2818 2391 communione
2845 2340 3046 2413 polluti,
3078 2347 3237 2403 etiam
3264 2365 3433 2407 sacra:

1857 2404 2133 2480 religionis
2159 2416 2518 2477 insinceritate
2547 2426 2770 2495 polluti,
2806 2404 3114 2504 participem
3141 2454 3294 2497 suum
3326 2454 3431 2502 tam

1858 2500 2134 2559 absolvere
2151 2509 2527 2587 nequiverunt,
2550 2530 2708 2585 quam
2732 2519 2828 2589 ipsi
2858 2538 2963 2579 non
2986 2500 3142 2584 erant
3167 2532 3392 2590 absoluti
3416 2553 3432 2601 ;

1858 2605 1919 2645 ac
1949 2594 2167 2661 proinde
2198 2608 2303 2677 tam
2343 2604 2719 2663 ecclesiasticae
2748 2615 2947 2682 regulas
2975 2623 3433 2697 praevaricatores,

1857 2697 2015 2751 quam
2056 2700 2408 2748 sacrosancta,-
2448 2701 2837 2757 communionis
2868 2706 3222 2778 integritatem
3254 2733 3420 2773 maca

1857 2773 2028 2829 tantes
2065 2782 2333 2836 consortio
2362 2784 2721 2855 perﬁdorum,
2762 2796 2901 2860 quod
2938 2773 3006 2851 de
3047 2817 3136 2856 reo
3160 2805 3428 2863 simillium.

1858 2882 2145 2937 patuerunt
2176 2873 2314 2929 ferre
2344 2877 2635 2944 judicium?
2673 2883 2746 2939 De
2773 2888 3048 2946 catholicis
3079 2896 3220 2949 enim
3252 2903 3427 2966 ponti-

1859 2959 2164 3029 ﬁcihusper
2190 2972 2358 3019 totum
2389 2967 2659 3025 Orientem
2705 2986 2795 3028 aut
2840 2980 3140 3050 quicunque
3178 2959 3427 3056 perstitit,

1858 3062 1940 3108 est
1964 3054 2165 3123 eiectus
2197 3073 2211 3113 :
2241 3068 2331 3113 aut
2359 3060 2448 3116 ille
2478 3065 2689 3133 restitit,
2720 3070 2810 3139 qui
2834 3078 3109 3130 consensit
3138 3054 3302 3135 errori
3332 3125 3344 3147 ,
3376 3054 3429 3139 ct

1859 3158 1917 3199 se
1947 3147 2013 3199 ab
2040 3150 2330 3205 errantium
2352 3156 2725 3225 contagionon
2754 3166 2992 3219 retraxit.

160 3215 385 3271 Petrum
414 3232 507 3285 per
532 3216 859 3287 imperialem
884 3226 1244 3279 tantummodo
1273 3232 1587 3287 sententiam
1612 3234 1757 3289 nullo
1782 3206 1828 3271 δ
1927 3238 2076 3306 Quod
2103 3241 2262 3311 igitur
2283 3259 2466 3303 eorum
2490 3253 2657 3319 potuit
2682 3256 2750 3310 de
2775 3260 3083 3333 cujusquam
3110 3282 3289 3325 errore
3310 3286 3428 3328 esse

160 3308 325 3333 ...ΑᾸΑ
356 3310 591 3333 κίκι-,ερυι
614 3325 829 3333 ..-Α-----
858 3313 1051 3333 -ὶ--1μι
1116 3332 1123 3333 ,
1151 3316 1163 3333 ι
1188 3318 1198 3329 -
1234 3317 1271 3333 ,0
1412 3321 1478 3333 ,on
1862 3328 1872 3333 -
1934 3331 1963 3333 η

159 3308 327 3363 modo
356 3310 592 3377 potuisse
614 3325 832 3379 prorsus
856 3313 1082 3381 absolvi;
1113 3316 1200 3371 ubi
1227 3317 1274 3372 si
1300 3321 1602 3389 pontificum
1628 3340 1760 3395 quo-
1853 3308 2131 3399 judicium,

161 3415 269 3470 que
288 3401 523 3455 sociatur
534 3416 807 3469 assensus,
825 3407 1106 3474 quaerimus
1133 3419 1306 3467 utrum
1324 3419 1674 3483 praecesserit,
1690 3432 1756 3475 an

164 3493 328 3547 fuerit
349 3488 685 3548 subsecutus.
720 3495 775 3551 Si
800 3497 1111 3555 subsecutus
1136 3513 1238 3571 est,
1271 3504 1292 3536 ³
1320 3506 1664 3564 nihilominus
1689 3511 1754 3567 ad

164 3585 218 3639 id
250 3586 482 3653 reditur,
518 3596 576 3641 ut
603 3587 869 3645 absolutio
910 3594 1147 3649 saeculari
1189 3605 1451 3665 potestate
1494 3614 1756 3674 praecepta

165 3687 219 3734 et
250 3678 616 3748 principaliter
655 3681 896 3737 inchoata
941 3684 1119 3741 valere
1148 3703 1253 3743 non
1297 3692 1500 3760 possit,
1541 3698 1756 3765 pontiﬁ-

166 3788 397 3841 cumque
437 3782 652 3828 secutus
692 3789 945 3831 assensus
988 3778 1308 3837 adulationis
1361 3787 1536 3855 potius
1572 3790 1752 3860 fuerit,

177 3878 325 3933 quam
354 3866 607 3934 legitimae
638 3868 947 3923 sanctionis.
997 3870 1051 3926 Si
1102 3878 1409 3944 praecessit,
1443 3879 1695 3938 doceatur
1720 3899 1753 3941 a

178 3954 362 4023 quibus
403 3966 457 4010 et
490 3956 575 4010 ubi
610 3957 697 4012 ille
734 3959 802 4013 sit
838 3971 1047 4030 gestus,
1084 3966 1129 4019 si
1166 3970 1457 4025 secundum
1498 3972 1752 4033 Ecclesia:

174 4046 404 4115 regulam
435 4048 767 4114 celebratus,
809 4052 851 4105 si
894 4063 1107 4120 paterna
1150 4058 1432 4117 traditione
1463 4064 1748 4136 profectus,

175 4138 215 4191 si
245 4138 507 4208 majorum
543 4153 689 4195 more
718 4142 949 4208 prolatus
974 4186 989 4211 ,
1037 4146 1080 4200 si
1126 4156 1448 4220 competenti
1481 4158 1751 4213 examina-

172 4229 309 4284 tione
330 4230 702 4301 depromptus.
739 4230 835 4288 Ubi
856 4236 1040 4303 procul
1070 4237 1229 4295 dubio
1263 4245 1635 4313 requirendum
1668 4261 1749 4307 cst

168 4320 207 4373 si
235 4321 481 4390 synodali
514 4324 923 4394 congregatione
971 4328 1269 4389 celebratus
1294 4376 1307 4398 ,
1339 4338 1476 4405 quod
1509 4338 1560 4394 in
1594 4356 1745 4399 rece-

172 4412 347 4480 ptione
379 4411 654 4480 damnati,
685 4426 738 4470 et
775 4416 1083 4485 depulsione
1112 4424 1382 4494 catholici,
1412 4433 1533 4501 quia
1565 4431 1587 4463 ⁸
1613 4448 1745 4489 nova

171 4512 247 4556 est
272 4518 434 4559 causa
455 4547 470 4571 ,
496 4502 619 4559 ﬁeri
646 4506 895 4562 debuisse
921 4512 1277 4569 certissimum
1306 4528 1388 4573 est
1412 4536 1426 4585 ;
1468 4523 1508 4575 si
1536 4522 1601 4576 ad
1634 4524 1745 4593 pri-

172 4604 303 4647 mam
324 4593 521 4651 sedem
546 4637 559 4660 ,
592 4596 744 4668 Cujus
793 4600 1045 4657 intererat
1082 4609 1358 4663 sententize
1384 4651 1399 4677 ,
1431 4626 1529 4680 qua
1563 4612 1748 4670 Petrus

175 4682 448 4739 tenebatur
475 4684 761 4743 Obstrictos
783 4731 796 4755 ,
838 4695 1127 4748 secundum
1157 4696 1406 4754 Ecclesiae
1433 4705 1640 4772 regulas
1668 4716 1749 4763 cst

176 4773 388 4830 relatum
419 4792 434 4842 ;
465 4776 512 4831 si
538 4776 724 4833 eadem
752 4794 869 4850 quae
897 4781 1075 4853 ligavit
1104 4785 1330 4843 absolvit
1358 4806 1372 4856 ;
1402 4792 1445 4845 si
1477 4792 1565 4848 illa
1588 4794 1607 4826 ⁸
1630 4810 1748 4866 qua:

178 4864 419 4936 ﬁgaverat
446 4883 565 4925 non
596 4873 932 4941 resolvente,
967 4877 1073 4933 imo
1109 4881 1269 4935 etiam
1314 4886 1614 4952 nesciente,
1645 4864 1745 4957 po-

176 4960 355 5015 luisset
396 4960 641 5018 dissolvi.
688 4963 745 5019 Si
793 4965 907 5022 haec
946 4976 1089 5037 ges‘ta
1120 4984 1224 5026 non
1260 4983 1400 5043 sunt,
1440 4992 1546 5046 quo
1576 4994 1745 5049 more,

176 5064 280 5124 quo
310 5058 408 5111 ritu
436 5058 831 5117 Alexandrinus
860 5059 1048 5119 Petrus
1071 5068 1420 5135 praetenditur
1449 5072 1740 5147 absolutus,

172 5156 292 5201 cum
324 5160 416 5205 nec
441 5164 471 5205 a
500 5146 841 5221 pontiﬁcibus
870 5153 1097 5223 legitime
1125 5166 1180 5213 et
1207 5160 1578 5233 ecclesiasticis
1608 5167 1738 5239 legi-

172 5238 447 5298 institerit
462 5242 752 5313 expeditus
771 5286 785 5311 ,
802 5256 916 5302 nec
942 5260 970 5301 a
988 5248 1240 5306 saeculari
1269 5262 1528 5322 potestate
1554 5238 1743 5329 potue-

239 5440 255 5515 ξ
398 5443 541 5515 cod.,
569 5440 817 5515 quodiam

220 5510 254 5587 ξ
395 5514 541 5581 cod.,
566 5510 887 5587 temperavit.

230 5581 252 5612 ⁸
272 5583 355 5637 ιιι.
528 5587 629 5667 ,φὲ
648 5581 949 5645 subsecutus
972 5600 1049 5646 est
1064 5632 1078 5655 ,
1096 5603 1153 5647 ‘et
1176 5594 1432 5664 imperiali
1463 5603 1730 5674 sententia,

167 5670 193 5709 ε
214 5671 308 5755 qua
330 5670 696 5739 nihilominus.

283 5724 353 5795 Id.
381 5729 538 5795 cod.,
568 5738 787 5784 naviter.

214 5796 247 5827 ³
279 5794 355 5853 td.
386 5794 542 5865 cod.,
565 5814 684 5867 qua:
708 5816 813 5854 non
840 5799 1079 5873 ligaverat
1112 5807 1402 5888 remittente.

2156 3337 2244 3405 qui
2277 3354 2534 3409 nusquam
2567 3360 2672 3401 non
2700 3362 2910 3408 errasse
2939 3368 3323 3427 monstrantur,
3355 3375 3426 3428 ct,

1858 3420 2227 3481 haereticorum
2253 3430 2407 3485 simul
2438 3434 2923 3511 catholicorumque
2951 3449 3282 3506 confessione
3304 3469 3427 3521 pct-

1856 3515 2053 3584 mixta,
2083 3518 2347 3577 6cunctas
2384 3526 2654 3597 religionis
2695 3546 2835 3587 verm
2872 3545 2925 3590 et
2962 3540 3187 3597 sincera:
3225 3546 3243 3575 ⁷
3270 3547 3427 3600 sedes

1856 3607 2127 3678 turbasse,
2173 3612 2595 3687 catholicamque
2630 3626 3080 3698 apostolicamque
3126 3634 3426 3691 confudissc

1855 3704 2177 3772 puritatem?
2219 3708 2359 3765 Ecce
2384 3713 2475 3781 qui
2504 3729 2651 3769 reum
2682 3718 2962 3775 absolvere
2992 3733 3303 3791 potuerunt,
3338 3734 3423 3797 qui

1853 3800 1930 3854 rei
1972 3817 2077 3867 prta
2106 3804 2352 3858 omnibus
2386 3807 2712 3862 docebantur
2753 3811 2944 3866 cﬁ'ccti.
2990 3813 3127 3871 Ecce
3156 3833 3273 3872 cum
3306 3823 3424 3890 qui-

1851 3892 1950 3947 bus
1986 3894 2052 3949 de
2092 3895 2416 3953 absolvendo
2456 3915 2549 3954 reo
2588 3903 2822 3972 synodus
2865 3904 3035 3963 fuerat
3070 3909 3316 3967 ineunda.
3368 3917 3423 3970 Si

1853 3984 1983 4039 ﬁdes
2010 3996 2064 4040 et
2092 3988 2398 4044 communio
2434 3992 2690 4048 catholica
2728 3996 3084 4067 retinebatur,
3124 4018 3219 4057 cur
3245 4008 3423 4061 catho-

1851 4077 1936 4131 lici
1968 4078 2303 4147 pellebantur
2343 4075 2657 4139 antistites?
2690 4087 2756 4143 Si
2794 4089 3048 4146 catholici
3093 4095 3423 4161 pellebantur

1851 4170 2137 4239 antistites,
2167 4175 2431 4243 quomodo
2455 4192 2558 4233 non
2587 4183 2952 4237 tantummodo
2977 4184 3210 4241 haeretici
3240 4203 3422 4244 serva-

1848 4262 2076 4317 bantur?
2101 4266 2124 4297 ⁸

2347 4338 2679 4398 GELASIUS
2719 4343 2895 4399 PAPA
2936 4346 2955 4400 l

1850 4444 2112 4485 ADVERSUS
2136 4448 2518 4490 ΑΝυκοκΑοιιωι
2540 4452 2845 4493 88ΝΑΤοΒΕΜ
2877 4456 3225 4505 CETEROSQUF.
3258 4462 3421 4500 ΒΟΜΛ-

1920 4516 2012 4553 Νο8
2040 4517 2126 4565 QUI
2162 4519 2482 4560 LUPERCALIA
2513 4521 2784 4562 SECUNDUM
2820 4525 2997 4565 MOREM
3029 4528 3301 4569 I‘RISTINUM
3333 4532 3423 4571 C0-

1773 4581 1827 4643 ι)
1921 4586 2091 4626 ιΕΝυΑ
2122 4587 2575 4630 CONSTITUEBANT.

1854 4660 2077 4718 Damnat
2109 4664 2466 4740 Lupercalia":
2494 4673 2890 4740 superstitiosam
2919 4675 3302 4733 celebrationem
3332 4698 3349 4735 :
3377 4695 3424 4736 ct

1922 4750 2022 4813 τίθη
2052 4752 2114 4790 ea:
2142 4736 2497 4813 bupercalium
2525 4736 2926 4813 intermissione,
2944 4749 3043 4801 sed
3068 4763 3129 4803 ea:
3158 4752 3423 4806 sceleribus

1925 4805 2104 4861 Romae
2134 4809 2273 4861 mala
2295 4812 2562 4880 contigisse
2590 4814 2785 4881 probat.

1920 4896 2120 4952 Sedont
2156 4900 2370 4967 quidam
2402 4900 2454 4954 iu
2485 4903 2728 4959 domibus
2752 4905 2869 4960 suis
2913 4909 3212 4965 nescientes
3244 4926 3423 4981 tneque

1852 5004 1970 5059 quae
1999 4990 2282 5061 loquantur
2305 5032 2319 5059 ,
2360 5007 2531 5063 neque
2558 4995 2625 5051 de
2648 4997 2849 5065 quibus
2873 4998 3178 5066 affirmant,
3203 5000 3293 5061 de.
3310 5004 3424 5061 aliis

1849 5082 2088 5151 judicare
2118 5083 2367 5148 nitentes,
2394 5099 2512 5139 cum
2545 5099 2604 5139 se
2635 5086 2863 5155 ipsinon
2890 5087 3149 5157 judicent,
3182 5102 3236 5147 et
3265 5094 3425 5151 velint

1850 5175 1997 5245 prius
2022 5189 2460 5244 accusaretquam
2488 5190 2664 5241 nosse,
2688 5192 2761 5233 ac
2788 5179 2982 5235 dooere
3005 5196 3163 5251 quam
3194 5184 3422 5253 discere,

1848 5276 1903 5325 et
1930 5268 2242 5326 indiscussis
2270 5268 2468 5338 rebus,
2503 5284 2601 5326 nec
2627 5270 2954 5343 investigatis
2982 5279 3177 5346 causis,
3208 5290 3306 5337 nec
3326 5298 3423 5336 tre“

1918 5470 1939 5502 ⁸
1977 5471 2053 5525 Id.
2082 5471 2227 5536 cod.,
2258 5471 2454 5524 Cuncta

1916 5542 1935 5571 ⁷
1980 5542 2052 5611 ld.
2083 5541 2306 5611 cod..se
2334 5545 2579 5611 turbasse,

1914 5611 1937 5642 ⁸
1968 5610 2028 5664 In
2059 5611 2177 5690 cod.
2214 5610 2442 5690 lf‘risiug.
2477 5610 2745 5690 γρηψίςῇ
2787 5613 3005 5690 _in__ﬁne
3044 5618 3198 5686 hujus
3240 5620 3422 5690 scripti

1840 5679 2032 5755 legitur
2062 5698 2075 5733 :
2104 5679 2333 5755 'Erplicit
2373 5680 2561 5755 Tantus
2602 5680 2663 5737 'S.
2692 5678 2893 5755 Βριαδῆ
2932 5700 3078 5755 papa:
3114 5678 3292 5745 contra
3336 5678 3421 5749 eos

1841 5752 1926 5820 qui
1948 5751 2122 5806 dicunt
2157 5753 2394 5806 Amcium
2417 5753 2605 5821 injuste
2636 5754 2789 5822 fuisse
2816 5751 3137 5817 damnatum.

2617 5969 2657 5979 ρ
