3942 6310
119 413 227 481 025

1533 413 2054 475 PilULEGOMENA.

3301 418 3402 474 6‘26

121 542 271 597 mine
294 542 361 595 ab
391 539 719 610 Hieronymo
748 532 990 594 Romano
1017 537 1080 593 de
1104 538 1149 592 la
1171 537 1396 606 lliguera
1425 538 1680 607 deceptus
1701 577 1716 602 ,
1747 541 1801 598 Α
1828 542 2022 613 fecisse.
2053 539 2191 608 quod
2230 555 2374 592 suam
2405 540 2545 594 nobis
2587 548 2776 608 septem
2823 539 3132 607 integrorum
3177 553 3408 611 versuum

121 630 322 686 deinde
347 629 618 684 Michaelis
637 644 768 685 vero
799 629 1081 684 vocabulo.
1113 629 1168 683 ln
1198 629 1568 683 recentissima
1599 628 1717 683 edi-

121 727 272 778 tione
300 722 592 778 Matritensi
612 722 958 777 Bibliothecze
976 725 1178 792 Azagra
1204 721 1304 776 sub
1333 721 1449 776 solo
1481 721 1716 775 Michae-

121 817 197 870 lis
225 815 443 869 nomine
479 813 758 877 laudatnr;
795 815 888 868 si'd
923 816 974 868 in
1007 813 1184 868 Indice
1215 823 1495 882 utrumque
1527 827 1719 866 nomen

123 909 280 977 quasi
323 907 550 961 duorum
588 907 909 975 scriptorum
946 905 1160 962 mansit.
1190 904 1246 960 ιιι
1280 904 1518 960 Censura
1547 905 1725 958 Histo-

124 1001 333 1054 riarum
363 998 621 1067 fabulos.,
650 1015 808 1068 quam
840 998 940 1052 hoc
967 998 1168 1051 saeculo
1196 997 1483 1066 publicavit
1510 995 1724 1067 Mayan-

124 1092 266 1153 sius,
311 1105 550 1145 errorem
601 1105 704 1158 quo
747 1088 981 1143 Joannes
1025 1089 1242 1142 lluizios
1271 1088 1474 1158 Azagra
1507 1097 1726 1142 vocatus

126 1195 232 1247 est,
271 1184 386 1238 Nic.
424 1184 685 1238 Antonius
727 1199 831 1236 non
877 1183 1174 1246 deleverat,
1205 1180 1298 1235 sed
1343 1181 1488 1234 illum
1522 1184 1574 1234 in
1607 1179 1725 1233 V’ita

125 1278 249 1332 Nic.
280 1281 386 1333 Ant
409 1279 493 1332 .nii
527 1279 779 1333 Censura:
807 1276 1081 1346 ρινιυιιιίδειι
1109 1274 1483 1328 animadvertit
1509 1259 1729 1344 lllayan-

127 1373 271 1426 sius.
318 1369 475 1425 Aliud
520 1386 715 1424 nomen
745 1384 1151 1438 eognomenque
1181 1369 1404 1436 Azagrae
1435 1365 1647 1435 reperio
1677 1365 1726 1417 in

127 1464 280 1518 notis
319 1461 515 1517 Grialis
555 1462 620 1516 ad
649 1477 767 1530 cap.
801 1461 835 1514 2
862 1463 951 1517 lib.
987 1479 1059 1516 xn
1092 1463 1266 1533 Etyni.
1303 1460 1359 1515 S.
1395 1459 1604 1527 lsidori,
1638 1456 1728 1512 ubi

130 1558 204 1612 de
235 1555 428 1612 codice
459 1557 750 1625 Azagrensi
783 1556 857 1609 ait
888 1573 900 1608 :
933 1554 1087 1609 Ilunc
1115 1556 1298 1608 librant
1341 1552 1569 1606 (.‘othicis
1609 1551 1718 1604 cha-

127 1649 418 1703 racteribus
445 1649 688 1718 scriptum
714 1647 1030 1701 'bibliotheca
1073 1646 1289 1700 Martini
1322 1646 1559 1701 Itoderici
1591 1645 1727 1698 Aza-

127 1758 243 1811 gra:
273 1757 412 1794 nunc
451 1748 638 1794 servat.
673 1739 878 1805 Quibus
925 1741 984 1794 in‘
1028 1739 1200 1795 verbis
1232 1739 1456 1792 Rivinus
1486 1737 1551 1791 ad
1595 1737 1730 1791 Dra-

127 1835 380 1888 continm
427 1833 534 1903 38
559 1833 807 1887 eumdem
841 1833 1082 1902 agnoscit
1125 1833 1415 1902 Azagram,
1457 1847 1614 1900 quem
1643 1830 1733 1884 alii

1822 633 2180 687 correctionem
2202 631 2436 702 obtrusit,
2452 632 2604 686 veteri
2624 630 2835 685 lectione
2858 621 3064 690 radicis,
3086 646 3232 698 quem
3251 647 3410 684 unum

1825 725 2088 794 solumque
2114 731 2314 776 exstare
2341 722 2584 776 hactenus
2614 739 2714 776 non
2744 723 3031 794 ignorabat,
3066 722 3406 786 dissimulata,

1824 832 1940 870 cum
1985 832 2039 868 se
2081 833 2163 870 eos
2207 815 2612 884 corruptissimos
2659 815 2901 869 invenisse
2949 802 3188 882 fateatur.
3235 813 3414 870 Adisis

1829 924 1973 963 num.
2012 906 2099 961 i5.

1898 1003 1989 1058 46.
2030 1001 2145 1056 .lam
2179 1015 2308 1056 vero
2337 1016 2442 1070 quo
2466 1000 2651 1057 codice
2682 1002 2733 1054 in
2762 1016 2857 1056 sua
2888 1000 3120 1056 editione
3144 1015 3269 1056 usus
3298 1000 3415 1056 lue-

1829 1095 1899 1150 rit
1925 1093 2260 1156 Sirmondus,
2290 1092 2517 1146 dubitari
2550 1103 2748 1161 posset,
2783 1107 2845 1146 ac
2883 1108 3068 1147 revera
3101 1093 3153 1146 in
3184 1110 3248 1144 co
3279 1093 3415 1147 assi-

1831 1186 2043 1256 gnando
2074 1183 2313 1239 nonnulli
2349 1185 2487 1237 inter
2516 1198 2634 1237 sese
2661 1182 3006 1249 dissentiunt,
3042 1193 3098 1237 ut
3127 1183 3233 1237 dixi
3265 1199 3412 1237 num.

1834 1277 1922 1332 14.
1954 1277 2058 1332 Sed
2089 1292 2300 1331 onmem
2329 1274 2718 1330 dubitationem
2768 1277 2925 1344 plane
2959 1274 3101 1328 tollit
3129 1275 3302 1328 editor
3329 1290 3416 1329 ca-

1831 1371 1989 1441 talogi
2024 1371 2282 1426 librorum
2324 1386 2457 1425 mss.
2505 1369 2839 1423 bibliotheca:
2886 1369 3047 1436 regi-.13
3081 1364 3414 1433 l’arisiensis,

1832 1465 1923 1537 qui
1949 1466 2187 1520 codicem
2210 1464 2353 1519 2832
2382 1463 2870 1527 membranaconni,
2894 1464 3022 1517 olim
3053 1461 3415 1531 Bigotianum,

1833 1558 2031 1614 saculo
2063 1574 2113 1611 ix
2143 1556 2358 1612 circiter
2388 1565 2659 1610 exaratum
2683 1598 2698 1622 ,
2737 1555 2806 1609 ita
2836 1564 3079 1608 recenset
3107 1571 3117 1605 :
3152 1554 3203 1607 l"
3247 1549 3416 1620 Enae-

1835 1653 1906 1707 nii
1932 1652 2167 1706 Toletani
2193 1650 2446 1721 poematia
2473 1652 2562 1712 51,
2587 1648 2764 1702 eadem
2790 1664 2903 1714 qua:
2923 1665 2954 1701 a
2981 1646 3256 1700 Sirntondo
3282 1646 3418 1697 edita

1835 1745 2091 1814 fuerunt;
2135 1744 2192 1796 2°
2238 1741 2503 1795 Dracontii
2553 1741 2828 1810 presbyteri
2867 1756 3069 1793 carmen
3103 1723 3164 1791 de
3199 1733 3420 1789 Fabrica

1837 1840 2033 1907 mundi,
2057 1839 2157 1892 sive
2178 1837 2505 1891 Hexameron
2530 1852 2547 1890 :
2573 1836 2900 1906 praemittitur
2928 1833 3147 1903 Eugcnii
3176 1833 3244 1884 ad
3267 1830 3420 1885 Chiu-

127 1924 357 1980 Petrum
382 1924 647 1994 Ruizium,
667 1924 756 1979 alii
779 1923 1086 1980 Michaelem
1107 1925 1352 1980 Ruizium
1376 1924 1730 1994 appellarunt.

1843 1919 2170 1989 dasuinthum
2199 1948 2364 2001 regem
2393 1929 2609 2000 epistola
2629 1972 2642 1994 ,
2683 1947 2782 1998 qua
2823 1927 3072 1982 nonnulla
3102 1928 3153 1980 in
3191 1943 3252 1980 eo
3285 1924 3421 1978 Dra-

125 2017 245 2072 Sed
271 2017 495 2073 fortasse
523 2017 758 2072 Grialius
780 2017 1048 2074 hominem
1075 2019 1236 2074 alium
1271 2019 1464 2085 innuit,
1487 2018 1552 2072 ad
1569 2033 1728 2090 quem

126 2108 462 2164 b'bliothcca
495 2108 770 2164 Michaelis
793 2109 964 2164 Ruizii
991 2112 1233 2182 Azagrzc,
1265 2111 1597 2167 lncrcditatis
1611 2112 1734 2181 jure

127 2210 228 2254 aut
260 2201 365 2254 alia
399 2201 628 2269 ratione,
654 2203 1018 2273 pervenisset.

208 2293 303 2348 45.
349 2294 415 2350 At
439 2310 566 2350 vero
595 2297 709 2350 sive
723 2296 954 2351 Grialius
973 2297 1284 2353 Michaelem
1311 2299 1596 2368 intelligat,
1621 2300 1738 2354 sive

129 2385 307 2440 alium
345 2401 372 2438 a
423 2385 676 2441 Michaele
706 2386 999 2450 diversum,
1037 2389 1085 2441 in
1118 2404 1175 2442 re
1208 2391 1318 2458 ipsa
1354 2390 1567 2444 videtur
1599 2383 1762 2446 fallif

129 2477 263 2547 lpse
291 2476 431 2533 enim
456 2493 617 2548 opera
645 2478 699 2533 S.
732 2479 919 2534 Isidori
953 2480 1144 2535 edebat
1170 2497 1310 2536 anno
1343 2483 1503 2549 1599,
1537 2494 1592 2538 ct
1616 2468 1739 2538 ante

129 2569 196 2625 id
224 2578 434 2640 tempus
460 2570 700 2625 codicem
733 2570 1093 2640 Azagrensem
1125 2573 1174 2625 in
1207 2573 1530 2629 bibliotheca
1563 2574 1742 2630 eccle-

131 2663 236 2719 sizc
261 2663 532 2720 Toletante
556 2675 888 2720 asservatum
923 2665 1086 2720 fuisse
1110 2675 1337 2720 testatur
1360 2670 1427 2722 cl.
1461 2669 1738 2738 Bayerius,

131 2757 232 2827 qui
263 2756 318 2811 in
361 2757 502 2812 notis
525 2757 591 2812 ad
622 2773 741 2826 cap.
773 2759 805 2813 5
834 2759 926 2811 lib.
972 2774 1026 2812 ιιι
1059 2758 1313 2814 Biblioth.
1344 2769 1450 2814 vet.
1484 2760 1598 2815 Nic.
1631 2763 1741 2816 An-

131 2848 278 2904 tonii
315 2848 556 2903 codicem
587 2853 945 2918 Azagrensem
976 2860 1188 2904 exsmie
1231 2849 1305 2904 ait
1344 2848 1396 2904 in
1416 2850 1738 2906 bibliotheca

131 2938 404 2995 Toletana
437 2939 626 2996 Pluteo
654 2939 740 3006 15,
776 2957 921 2995 num.
954 2942 1040 3010 15,
1073 2941 1316 3010 bene/icio
1345 2941 1412 2996 cl.
1455 2943 1550 2996 viri
1579 2941 1739 2997 Joan-

132 3035 228 3088 nis
264 3031 514 3104 Baptistae
567 3033 862 3091 Perezii....
905 3036 1128 3104 episc0pi
1174 3035 1573 3106 Segobricensis.
1606 3037 1738 3091 Cum

131 3140 275 3195 ergo
306 3126 553 3180 Perezius
577 3126 770 3180 obicrit
798 3142 940 3180 anno
971 3127 1130 3192 1597,
1164 3136 1254 3180 aut
1277 3127 1597 3182 bibliotheca
1627 3127 1735 3181 To-

130 3216 322 3272 letam
369 3233 473 3272 non
513 3219 771 3274 beneﬁcio
801 3219 916 3288 ejus
944 3220 1135 3274 librum
1169 3220 1427 3289 possidet,
1474 3229 1566 3274 aut
1593 3235 1735 3275 anno

129 3310 286 3367 1599
332 3310 654 3367 bibliotheca
704 3285 920 3382 Magia:
963 3327 1084 3366 eum
1117 3285 1222 3366 non
1267 3312 1535 3367 servabat.
1585 3312 1736 3367 Nunc
1763 3285 1812 3347 (ἶ

129 3416 296 3460 certe
325 3411 496 3459 exstat
531 3404 616 3459 hic
647 3405 814 3460 codex
845 3406 894 3459 in
928 3404 1251 3459 bibliotheca
1270 3404 1548 3468 Toletana,
1577 3417 1738 3474 atque

129 3499 215 3553 ita
240 3495 568 3552 describitur
596 3498 649 3552 in
685 3496 920 3552 editione
949 3497 1245 3552 Matritensi
1274 3497 1490 3551 Patrum
1519 3498 1736 3553 'l‘oleta-

129 3605 340 3647 norum
373 3599 492 3659 post
516 3589 880 3660 prarl'ationem
910 3589 1064 3659 primi
1090 3589 1220 3644 tomi
1249 3605 1263 3642 :
1295 3587 1469 3642 Codex
1494 3587 1740 3643 Gothicns

129 3683 314 3737 dictus
355 3682 420 3736 de
462 3683 682 3753 Azagra,
717 3683 980 3737 continens
1020 3691 1202 3753 praeter
1229 3683 1334 3735 alia
1366 3683 1582 3735 aliorum
1612 3696 1738 3752 cpu-

129 3775 314 3841 scula,
348 3791 449 3828 non
483 3775 644 3829 solum
676 3776 1049 3849 epigrammata
1072 3785 1223 3828 antea
1251 3775 1386 3828 edita
1417 3773 1477 3829 S.
1524 3773 1742 3845 Eugenii

129 3865 172 3920 Ι
182 3865 211 3919 1
221 3864 269 3934 Ι,
289 3883 390 3920 una
411 3884 524 3920 cum
539 3868 889 3922 emendatione
906 3866 1172 3922 Dracontii
1189 3878 1234 3922 et
1255 3868 1467 3939 epistola
1490 3870 1556 3922 ad
1574 3885 1742 3938 regem

132 3958 438 4031 Ervigium,
475 3962 566 4014 sed
604 3965 758 4014 etiam
806 3962 914 4016 alia
944 3962 1323 4033 quamplurima
1349 3963 1577 4017 carmina
1607 3965 1742 4030 ejus-

130 4054 287 4116 dem,
317 4067 426 4121 qua:
451 4068 481 4104 α
522 4053 663 4106 nobis
693 4069 827 4106 nunc
849 4053 1069 4124 primum
1109 4054 1407 4107 emittuntur
1455 4055 1506 4107 in
1554 4054 1740 4107 lucem.

132 4146 547 4214 Antiquissimus
572 4157 642 4201 est
683 4147 860 4212 codex,
893 4157 1138 4213 quantum
1170 4165 1235 4202 ea:
1270 4149 1534 4219 scriptura:
1561 4148 1744 4202 chara-

132 4246 279 4291 ctere
302 4238 580 4308 colligitur,
606 4239 793 4293 sarculo
822 4255 853 4292 ι
874 4239 1012 4292 haud
1037 4240 1330 4310 posteriori.
1364 4242 1668 4294 Asservatur
1688 4241 1743 4295 in

135 4332 451 4386 bibliotheca
491 4333 736 4388 Totetana
762 4333 945 4388 Pluteo
970 4335 1060 4404 51,
1093 4351 1236 4389 num.
1279 4335 1367 4390 18.
1399 4333 1578 4392 Facile
1609 4337 1742 4392 mihi

135 4416 534 4495 persuaserim,
562 4425 702 4481 hunc
732 4426 972 4481 codicem
996 4434 1123 4481 ante
1154 4427 1458 4482 Maurorum
1483 4427 1538 4482 in
1561 4428 1743 4498 lliSpa-

137 4518 294 4572 niam
344 4517 693 4588 irruptionem
732 4521 892 4574 fuisse
917 4519 1268 4589 descriptum,
1297 4520 1386 4590 qui
1417 4536 1446 4574 e
1474 4524 1742 4577 communi

135 4608 233 4663 illa
266 4607 535 4677 Hispania:
559 4609 863 4665 calamitate
889 4626 1009 4665 cum
1040 4613 1220 4680 paucis
1241 4611 1359 4666 aliis
1381 4623 1600 4683 ereptus
1625 4614 1740 4669 fne-

1837 2027 1990 2081 contii
2018 2040 2167 2094 opere
2199 2039 2472 2094 suppressa
2492 2062 2506 2085 ,
2555 2021 2805 2076 nonnulla
2835 2030 2986 2073 aucta
3027 2035 3057 2072 a
3085 2034 3138 2072 se
3165 2027 3213 2071 et
3241 2032 3421 2087 perpo-

1838 2119 1931 2171 lita
1954 2127 2204 2183 testatur;
2235 2116 2292 2170 5°
2321 2116 2547 2187 ejusdem
2563 2117 2631 2167 ad
2657 2114 3001 2168 Theodosium
3025 2109 3291 2187 Iuniorem
3313 2109 3423 2161 Au-

1839 2220 2041 2281 gustum
2081 2225 2284 2262 carmen
2321 2207 2622 2277 elegiacum,
2673 2208 2822 2274 cujus
2853 2205 2932 2257 hic
2957 2213 3032 2256 est
3073 2185 3289 2256 litnlus:
3326 2201 3424 2255 Sa-

1842 2301 2087 2369 tisfactio,
2113 2317 2260 2368 quau
2284 2298 2390 2352 Deo
2412 2298 2743 2367 omnipotenti
2762 2297 2958 2349 veniam
2979 2296 3121 2365 petit,
3149 2311 3208 2347 ne
3238 2306 3425 2360 prlece-

1842 2395 1982 2446 denti
2003 2393 2227 2445 carmine
2255 2390 2454 2461 aliquid
2479 2391 2717 2441 incautus
2751 2395 2966 2440 errasset
2997 2401 3013 2448 ;
3045 2386 3164 2438 dein
3193 2383 3426 2438 Theodo-

1842 2486 1918 2538 sio
1940 2482 2147 2536 Juniori
2176 2485 2404 2550 Augusto
2446 2497 2640 2549 precem
2675 2479 2868 2548 defert,
2915 2493 3008 2530 cur
3050 2476 3113 2530 de
3158 2475 3426 2546 triumphis

1842 2578 1986 2631 illius
2033 2578 2087 2630 in
2125 2576 2300 2630 eodem
2343 2590 2492 2644 apere
2542 2575 2824 2634 tacuisset;
2861 2573 2918 2624 4"
2953 2569 3168 2641 Eugenii
3196 2568 3426 2623 Toletani

1844 2669 2157 2725 monosticha
2203 2667 2643 2736 recapitulationis
2684 2665 2885 2734 septimi
2932 2664 3070 2727 diei;
3116 2664 3171 2716 5°
3217 2663 3276 2717 S.
3332 2663 3425 2731 Cy.

1844 2764 2011 2832 priani
2058 2778 2231 2815 versus
2265 2761 2334 2812 ad
2366 2758 2637 2827 quemdam
2663 2766 2971 2818 senatorem,
3019 2764 3122 2808 etc.
3156 2755 3207 2806 ln
3241 2753 3425 2833 codice

1846 2853 2187 2909 Dracontium
2239 2850 2419 2905 vocari
2465 2850 2836 2920 presbyterum
2877 2862 2981 2901 non
3017 2846 3205 2910 credo,
3245 2845 3337 2899 sed
3373 2845 3423 2899 id

1841 2945 2221 3016 explicationis
2247 2944 2416 3014 gratia
2447 2958 2512 2997 ex
2539 2940 2887 3012 praeiudicata
2915 2940 3171 3009 opinione
3202 2938 3267 2993 ab
3312 2938 3424 2992 edi-

1844 3046 1959 3093 tore
2001 3036 2239 3091 additum
2270 3034 2540 3090 existimo.
2581 3035 2660 3089 Ex
2697 3028 2882 3088 codice
2928 3034 3042 3102 ipso
3078 3031 3291 3086 videtur
3333 3031 3425 3086 de-

1841 3141 2084 3200 prompta
2108 3129 2386 3199 inscriptio
2412 3129 2599 3199 elegia:
2629 3127 2898 3182 Dracontii
2944 3126 3264 3196 Satisfat‘tio,
3293 3135 3420 3192 etc.,

1842 3223 1908 3279 de
1936 3239 2038 3294 qua
2083 3223 2204 3278 vide
2235 3238 2383 3279 nom.
2411 3222 2498 3286 36,
2536 3229 2591 3276 et
2623 3221 2844 3276 dicenda
2888 3235 3034 3276 num.
3061 3220 3131 3276 92
3161 3235 3274 3289 seq.
3307 3216 3423 3273 Non

1843 3319 2196 3375 omittendum
2241 3319 2292 3372 in
2347 3319 2448 3373 hoc
2491 3316 2676 3371 codice
2715 3315 2854 3370 inter
2880 3315 2982 3370 alia
3014 3328 3175 3383 opera
3207 3315 3328 3368 loco
3353 3310 3426 3367 22

1842 3410 2030 3480 reponi
2064 3407 2283 3479 Eugenii
2308 3407 2532 3478 episcopi
2556 3406 2799 3475 hymnum
2819 3406 2880 3458 de
2909 3403 2971 3460 S.
3007 3404 3272 3474 Dionysio.
3307 3402 3425 3460 Sir-

1844 3503 2071 3558 mondus
2091 3503 2231 3556 hunc
2257 3500 2512 3572 hymnum
2534 3509 2625 3553 aut
2650 3515 2754 3554 non
2782 3499 2933 3563 vidit,
2968 3508 3057 3562 aut
3077 3498 3142 3553 ad
3167 3499 3223 3553 S.
3253 3497 3428 3568 Enge4

1845 3595 1991 3650 nium
2015 3593 2334 3648 Toletanum
2358 3608 2463 3647 non
2488 3593 2758 3662 pertinere
2774 3590 3056 3660 judicavit.
3082 3590 3183 3644 Alii
3200 3591 3427 3659 scripto-1

1843 3701 1931 3742 res
1977 3684 2114 3739 Galli
2157 3685 2418 3738 acerrime
2470 3698 2566 3752 pro
2599 3681 2700 3736 hoc
2740 3683 2940 3752 hymno
2971 3691 3226 3751 pugnant,
3268 3695 3426 3749 quem

1846 3777 2083 3848 Eugenio
2114 3775 2373 3830 Toletano
2403 3771 3188 3842 adjudicandumcontendunt.
3225 3769 3300 3824 De
3323 3787 3424 3841 qna

1844 3869 2209 3929 controversia
2248 3867 2414 3924 videri
2454 3878 2676 3938 possunt
2706 3866 2990 3922 Menardus
3019 3867 3073 3921 in
3108 3865 3324 3920 dissert.
3357 3864 3427 3920 de

1846 3966 2005 4022 unico
2037 3964 2311 4036 Dionysio,
2343 3962 2542 4016 Natalis
2574 3960 2874 4015 Alexander
2905 3960 3117 4014 disst-rt.
3151 3957 3216 4013 16
3244 3957 3430 4013 εωειιῑί

1846 4075 1883 4125 ι,
1912 4069 1966 4113 et
1991 4100 2006 4123 ,
2035 4057 2122 4127 qui
2154 4056 2236 4110 his
2278 4053 2507 4118 resistit,
2537 4052 2858 4108 Franciscus
2887 4051 3085 4120 Pagius
3113 4049 3330 4104 dissert.
3363 4049 3431 4105 do

1846 4149 1904 4206 S.
1952 4149 2202 4220 Dionysio
2241 4147 2411 4200 Paris.
2455 4145 2728 4214 episcopo.
2782 4143 2908 4198 Mihi
2950 4143 3283 4212 exploratum
3325 4149 3430 4207 est,

1848 4255 2063 4304 versus,
2095 4241 2186 4310 qui
2216 4247 2364 4294 certo
2392 4246 2518 4292 sunt
2546 4236 2771 4305 Eugenii
2803 4234 3084 4299 Toletani,
3136 4233 3246 4306 40
3275 4227 3439 4304 plano

1848 4331 2136 4388 dissimiles
2173 4345 2292 4385 esse
2333 4327 2576 4384 iambicis
2605 4327 2846 4382 dimetris
2890 4327 3046 4396 hujus
3089 4320 3295 4397 hymni,
3343 4327 3434 4396 qui

1847 4428 2067 4483 omnino
2105 4426 2391 4479 abnormes
2420 4431 2546 4478 sunt
2584 4431 2639 4476 et
2678 4421 2916 4490 exleges.
2953 4420 3226 4490 Praicipuc
3254 4431 3432 4474 autem

1849 4520 1902 4575 in
1935 4519 2178 4576 iambicis
2206 4527 2262 4574 et
2294 4515 2578 4572 trochaicis
2610 4515 2798 4585 peritia
2824 4524 2876 4569 et
2905 4513 3170 4583 elegantia
3209 4511 3432 4582 Eugenii

1847 4612 2271 4668 commendatur.

137 4701 238 4766 rit,
272 4709 327 4754 et
355 4701 406 4753 in
433 4701 668 4755 Ecclesia
695 4670 1332 4758 Ovetensiconserratus.
1365 4670 1618 4759 Sed'cum
1647 4720 1740 4762 co-
1766 4670 1819 4732 ι)
1920 4706 2009 4760 4³1.
2071 4705 2127 4758 In
2173 4702 2363 4757 eodem
2411 4699 2656 4768 catalogo
2698 4697 3038 4752 bibliotheczc
3079 4696 3237 4767 regizc
3286 4695 3433 4752 Pari-

139 4794 324 4848 dicein
358 4808 461 4848 non
495 4793 741 4858 viderim,
786 4794 920 4848 nihil
951 4796 1085 4850 certi
1115 4795 1288 4850 audeo
1319 4795 1566 4860 delinire,
1603 4812 1741 4866 prae—

138 4887 336 4943 sertim
363 4887 712 4942 dissentiente
743 4888 989 4959 Bayerio,
1023 4890 1110 4958 qui
1140 4889 1204 4942 ad
1245 4889 1500 4944 saeculum
1532 4905 1579 4942 ιιι
1613 4901 1741 4944 mta-

142 4993 258 5035 tcm
315 4981 454 5034 illius
505 4980 704 5046 dill‘ert,
758 4983 856 5035 nisi
906 4997 1059 5036 error
1101 4993 1183 5037 est
1230 4982 1282 5036 in
1311 4984 1570 5038 numeris.
1601 4983 1740 5039 Sane

140 5073 574 5142 pretiosissimus
601 5084 682 5128 est
730 5090 834 5128 non
880 5075 1053 5128 solum
1103 5075 1173 5128 oh
1217 5076 1613 5146 antiquitatem,
1644 5077 1738 5131 sed

143 5169 315 5221 etiam
357 5166 477 5235 quia
513 5167 565 5220 in
595 5183 659 5222 eo
691 5167 805 5221 solo
845 5168 1091 5238 quredam
1118 5167 1296 5223 adhuc
1327 5169 1490 5223 latent
1528 5185 1644 5240 quae
1672 5170 1748 5223 ln-

141 5276 267 5315 cem
305 5260 567 5326 publicam
622 5276 916 5328 merentur,
968 5271 1021 5313 ut
1078 5260 1288 5315 libellus
1338 5260 1635 5316 Verecundi
1677 5247 1784 5316 de,

143 5352 499 5416 Pmnitentia,
525 5353 718 5421 dequo
751 5368 898 5406 nunt.
934 5353 1020 5406 12.
1058 5352 1307 5407 Carmina
1338 5353 1496 5407 etiam
1523 5353 1741 5422 Corippi

142 5437 463 5513 diligentius
485 5459 604 5498 cum
630 5443 730 5498 hoc
761 5445 918 5499 unico
947 5445 1135 5500 codice
1164 5454 1347 5500 essent
1377 5444 1739 5500 conferenda:

145 5553 279 5592 nam
323 5537 529 5607 Augra
572 5554 951 5607 noiinunquam
985 5538 1122 5592 hanc
1149 5538 1420 5594 licentiam
1460 5537 1560 5593 sibi
1587 5553 1740 5592 arro-

144 5629 335 5700 gavit,
362 5639 419 5683 ut
439 5647 624 5685 versus
651 5643 930 5700 corruptos
957 5647 1022 5686 ex
1048 5631 1260 5701 ingenio
1289 5645 1387 5685 suo
1415 5629 1740 5694 restitueret,

144 5722 285 5793 quin
317 5724 479 5777 verba
513 5723 711 5777 codicis
761 5725 879 5778 aliis
930 5723 1156 5778 videnda
1211 5721 1542 5779 ostenderet.
1598 5719 1741 5774 Illud

145 5814 260 5884 39
287 5824 451 5867 tamen
492 5815 769 5868 notandum
794 5824 890 5883 est,
923 5815 996 5869 ait
1029 5815 1275 5870 Barthius
1302 5831 1422 5884 cap.
1453 5816 1477 5868 1
1522 5813 1617 5870 lib.
1650 5830 1741 5867 vm

149 5906 411 5970 Advers.,
447 5903 742 5961 Michaelcm
777 5908 922 5962 illum
964 5908 1256 5976 Assagrittm
1286 5907 1745 5974 impiuletttt'nsrttle

1849 4798 2045 4854 siensis
2085 4796 2252 4850 codex
2287 4795 2428 4848 8095
2473 4792 2940 4853 memliranaceus,
2996 4789 3186 4857 partim
3236 4791 3434 4868 sa'culo

1852 4907 1922 4955 Ix,
1949 4891 2140 4959 partim
2168 4905 2217 4948 κ,
2247 4887 2436 4955 partim
2466 4900 2571 4947 xiv,
2603 4884 2854 4953 scriptus,
2888 4883 2976 4951 qni
3008 4883 3136 4936 olim
3163 4881 3432 4938 Colberti-

1850 4998 1950 5039 nus
1984 4983 2111 5046 fuit,
2143 4981 2282 5036 inter
2314 4979 2413 5032 alia
2443 4978 2681 5034 continet
2707 4977 2762 5032 5⁸
2805 4977 2917 5030 loco
2953 4977 3166 5046 Eugenii
3206 4961 3435 5032 Toletani

1852 5073 2081 5126 carmina
2115 5087 2131 5134 ;
2162 5069 2218 5124 6°
2249 5071 2358 5122 loco
2387 5068 2654 5120 Dracontil
2679 5053 2912 5120 Toletani
2953 5066 3280 5122 Hexameron
3311 5063 3434 5122 liber

1852 5165 2043 5233 primus
2066 5161 2284 5216 versibus
2315 5159 2574 5212 heroicis:
2606 5157 2800 5212 accedit
2836 5158 3055 5229 Eugenii
3078 5157 3175 5212 III
3203 5159 3453 5214 Toletani

1851 5254 2089 5307 antistitis
2149 5253 2556 5323 supplementum
2599 5251 2666 5301 ad
2717 5249 3045 5304 llexameron
3109 5251 3372 5306 Dracontii
3418 5265 3458 5317 ;'

1851 5348 1906 5401 'i'
1938 5346 2044 5400 loco
2077 5344 2288 5399 Martini
2322 5345 2614 5397 Dumiensis
2641 5343 2885 5396 carmina.
2924 5344 3080 5397 Deest
3115 5343 3165 5398 in
3209 5345 3308 5401 hoc
3347 5364 3436 5400 co-

1849 5439 1970 5495 dice
1997 5437 2176 5507 Elegia
2220 5437 2513 5501 Dracontii,
2550 5451 2668 5505 qua:
2696 5434 2760 5488 ad
2810 5426 3175 5492 Hexaemeron
3217 5435 3432 5507 quidem

1852 5529 2069 5584 minime
2098 5527 2349 5599 pertinet.
2367 5527 2807 5596 Supplementum
2830 5527 3073 5596 Eugenii,
3100 5530 3199 5585 etsi
3225 5517 3330 5585 non
3355 5543 3436 5586 est
3462 5518 3465 5520 ’

1853 5625 2243 5692 necessarium,
2279 5635 2457 5679 tamen
2484 5623 2660 5677 minus
2687 5623 2862 5677 alieno
2893 5623 3009 5678 loco
3041 5605 3274 5692 ponitur.
3306 5625 3435 5679 Nam

1856 5726 1976 5788 post
2001 5717 2236 5786 Elegiam
2259 5755 2273 5779 ,
2306 5715 2358 5768 in
2387 5730 2486 5782 qua
2521 5712 2650 5766 nihil
2681 5713 2747 5766 de
2779 5713 2973 5770 fabrica
3002 5716 3184 5770 mundi
3217 5717 3439 5772 disseri-

1843 5821 1962 5874 ‘tnr,
1997 5813 2114 5881 quis
2140 5813 2286 5865 locus
2311 5825 2429 5863 esse
2453 5814 2628 5877 potest
2654 5807 3026 5874 supplemento
3056 5810 3266 5878 septimi
3292 5809 3438 5864 diei?

1856 5906 1989 5962 Vide
2017 5922 2163 5960 lltltll.
2192 5905 2282 5960 22.
2311 5902 2650 5970 Sirmondus,
2676 5899 2766 5972 qui
2794 5901 2949 5958 simul
2976 5919 3094 5961 cum
3127 5903 3364 5976 Eugenio
3385 5910 3438 5960 et

1707 6062 1844 6074 ..ς-’,ν
