3942 6310
494 266 597 324 6i?

1917 259 2366 318 DRACONTlUS.

3683 259 3798 323 628

499 382 787 439 Dracontio
834 382 1071 437 carmina
1128 377 1335 432 Martini
1380 375 1685 431 Dumiensis
1746 374 1931 438 edidit,
1990 374 2089 428 hoc
2117 378 2317 438 Asunt
2348 376 2591 431 dicenda.
2630 374 2759 430 Nam
2792 374 2859 430 de
2898 378 3116 444 Azagrre
3145 376 3400 443 brevibus
3442 377 3595 427 notis
3654 374 3805 440 plura

502 471 690 527 eodem
726 471 912 528 codice
942 486 1068 529 usus
1097 470 1325 527 videtur.

575 562 667 619 i8.
699 564 881 621 Codex
926 565 1062 620 alius
1092 564 1147 619 in
1175 564 1368 620 eodem
1400 563 1647 633 catalogo
1675 562 1906 618 refertur
1940 576 2085 614 num.

506 656 671 725 8521,
721 658 914 728 partim
963 655 1436 721 membranaceus,
1490 656 1679 723 partim
1733 654 2045 707 chartaceus
2073 692 2086 713 ,

506 751 635 807 olim
660 750 1024 817 Golbertinus,
1049 751 1248 809 mulo
1279 766 1344 804 xv
1376 759 1647 815 exaratos,
1674 748 1727 801 in
1749 761 1856 815 quo
1884 745 1938 799 6°
1973 744 2091 798 loco

508 843 721 911 ponitur
739 842 1005 898 Dracontii
1026 843 1255 896 Toletani
1280 858 1483 896 carmen
1505 843 1564 894 de
1582 840 1744 909 Opere
1768 854 1855 891 sex
1871 836 2088 890 dierum.

508 934 757 991 Fortasse
785 934 1151 1005 apograpbutn
1182 945 1353 991 estex
1384 933 1567 987 codice
1595 932 1655 985 S.
1688 929 1916 983 Victoris
1948 928 2093 981 Pari-

504 1026 718 1087 siensis,
765 1036 853 1081 aut
883 1026 959 1080 illi
991 1026 1167 1082 simile
1193 1042 1207 1081 :
1248 1040 1369 1079 nam
1410 1023 1691 1091 inscriptio
1722 1020 1783 1073 de
1818 1020 1979 1087 Opere
2004 1034 2096 1071 sea:

507 1118 707 1171 dierum
731 1117 919 1173 eadem
952 1128 1036 1173 est
1067 1117 1370 1187 utrobique,
1403 1124 1457 1169 et
1486 1130 1607 1169 cum
1637 1112 1840 1167 mentio
1870 1108 2094 1177 Eugenii

496 1227 615 1271 non
642 1225 910 1278 occurrat,
941 1214 1267 1270 credendum
1297 1223 1380 1268 est
1412 1210 1754 1266 emendatum
1786 1209 1885 1260 hoc
1906 1221 2095 1259 exequ

510 1304 625 1372 plar
652 1306 720 1360 ab
760 1306 1000 1375 Eugenio
1029 1322 1134 1362 non
1171 1308 1355 1362 fuisse.
1406 1305 1539 1360 Vide
1573 1319 1723 1359 num.
1752 1302 1843 1355 29.

581 1398 668 1452 49.
701 1397 776 1454 Ex
798 1398 1040 1468 Philippo
1058 1400 1271 1456 Labbeo
1285 1398 1417 1454 Nov.
1435 1397 1645 1452 Bibliot.
1667 1394 1951 1458 mss.,sive
1966 1393 2097 1459 Spo-

510 1491 637 1543 cim.
657 1493 823 1559 antiq.
846 1490 970 1547 lect.
987 1493 1039 1544 in
1055 1488 1325 1547 Coronide
1340 1490 1566 1560 poetica,
1584 1487 1671 1541 ubi
1690 1485 1842 1555 plura
1861 1492 2097 1537 veterum

510 1581 747 1635 carmina
786 1595 885 1636 suo
918 1591 1160 1651 tempore
1209 1583 1443 1637 nondum
1490 1578 1633 1636 edita
1690 1581 2095 1634 commemorat,

515 1687 632 1741 pag.
666 1672 735 1727 58
785 1672 899 1726 haec
940 1672 1189 1741 profero:
1244 1672 1510 1726 Dracontii
1556 1670 1805 1726 nonnulla
1848 1668 2095 1730 carmina,

2185 470 2305 523 «Ιίκί
2335 485 2480 524 ηυηι.
2510 469 2571 523 41
2620 485 2734 537 seq.
2770 469 2885 524 Nic.
2921 471 3204 537 Antonius,
3264 470 3358 524 lib.
3408 486 3439 522 v
3478 468 3632 524 Bibl.
3669 480 3801 529 νει..

2194 577 2310 631 cap.
2341 564 2392 627 5,
2426 572 2575 630 putat
2598 561 2887 616 editionem
2910 561 3344 619 Sirmondianam
3373 561 3661 616 Dracontii
3687 575 3805 613 cor-

2196 655 2476 709 rectiorem
2509 669 2628 708 esse
2659 669 2817 722 quam
2852 652 3038 707 fuisset
3069 652 3155 706 illa
3185 654 3252 708 ab
3285 655 3493 723 Azagra
3528 652 3808 722 promissa

2198 758 2250 801 rt
2278 757 2481 815 parata,
2527 761 2701 816 neque
2750 748 2922 813 magni
2973 747 3235 803 interesse
3278 744 3423 809 quod
3476 743 3720 814 Eugenii
3757 755 3810 798 et

2200 838 2465 890 Dracontii
2494 836 2728 890 carmina
2777 844 2898 904 post
2926 836 3216 891 editionem
3254 836 3539 892 Sirmondi
3568 852 3643 891 ex
3679 852 3805 892 mss.

2200 930 2420 998 Azagrie
2478 928 2835 997 publicentur.
2902 928 3163 982 Dissentit
3218 928 3502 982 Florezius
3564 939 3711 982 tom.
3774 928 3809 979 \'

2200 1020 2351 1087 llisp.
2397 1035 2561 1085 sacr.,
2593 1029 2749 1074 tract.
2782 1021 2845 1082 5,
2879 1036 2996 1088 cap.
3030 1022 3084 1085 5,
3117 1022 3262 1089 quia,
3295 1030 3354 1074 ut
3384 1028 3563 1089 putat,
3602 1020 3813 1075 Hene-

2204 1125 2387 1164 meron
2421 1110 2712 1175 Dracontii,
2749 1123 2903 1179 prout
2931 1113 2997 1165 ab
3030 1112 3267 1181 Eugenio
3296 1113 3399 1166 fuit
3428 1114 3811 1176 emendatum,

2204 1206 2254 1256 in
2287 1218 2417 1255 mss.
2452 1205 2675 1272 Azagra:
2698 1212 2892 1261 exstat.
2923 1220 3027 1256 non
3062 1203 3113 1257 in
3141 1203 3378 1258 editione
3396 1204 3811 1259 Sirmondiana.

2207 1295 2328 1348 llaec
2363 1286 2499 1348 ratio
2536 1294 2667 1348 falsa
2702 1304 2802 1360 est,
2853 1293 2961 1365 42
2991 1304 3049 1348 ιιι
3079 1296 3295 1363 probavi
3339 1312 3493 1349 num.
3532 1296 3629 1349 12.
3671 1296 3815 1349 Alio-

2203 1390 2331 1458 quin
2377 1391 2538 1443 etiam
2578 1397 2698 1458 post
2734 1388 3008 1442 Sirmondi
3047 1388 3340 1444 editionem
3370 1405 3402 1444 e
3442 1406 3500 1444 re
3543 1389 3815 1443 litteraria

2209 1482 2412 1550 publica
2441 1490 2603 1545 esset,
2637 1491 2691 1535 ut
2736 1482 3108 1537 adnotationes
3139 1493 3191 1536 et
3217 1484 3557 1552 conjecturae.
3588 1485 3813 1552 Azagraa

2212 1574 2261 1626 in
2289 1573 2549 1640 publicam
2581 1575 2750 1629 lucem
2786 1575 3081 1642 prodirent,
3106 1590 3239 1647 quas
3262 1575 3518 1630 Barthius
3546 1578 3815 1630 maximo-

2217 1684 2339 1737 pere
2366 1669 2549 1723 videre
2579 1670 2846 1736 cupiebat.
2880 1671 3009 1723 Nam
3039 1670 3358 1724 Sirmondus
3391 1670 3535 1725 nuda
3569 1671 3814 1726 carmina

515 1764 614 1817 nisi
654 1767 787 1833 forte
842 1765 1081 1818 mentitur
1123 1764 1407 1830 inscriptio,
1452 1765 1513 1817 iis
1567 1763 1963 1832 superaddemus
1991 1775 2103 1827 qua:
2136 1744 2183 1804 Β
2213 1764 2351 1833 typis
2379 1763 2629 1833 vulgavit,
2657 1766 2783 1830 quin
2809 1762 2967 1818 ullam
2994 1764 3320 1817 notationem
3350 1764 3660 1832 subjiceret
3687 1780 3703 1827 ;
3730 1778 3819 1817 ne-

515 1856 713 1923 pridem
742 1858 908 1911 emisit
937 1859 989 1910 in
1014 1856 1278 1927 publicum
1308 1872 1423 1913 cum
1452 1855 1714 1911 nonnullis
1740 1854 1856 1909 aliis
1887 1852 2105 1920 Eugenii

515 1946 751 2003 Toletani
773 1946 998 2004 Iacobus
1022 1949 1353 2005 Sirmondus.
1376 1948 1577 2015 Codex,
1603 1957 1659 2003 ut
1687 1946 1941 2011 arbitror,
1966 1944 2105 2012 apud

516 2039 691 2107 ipsum
734 2038 1003 2097 Labbeum
1052 2042 1345 2098 exstabat;
1386 2056 1508 2097 nam
1556 2040 1681 2093 alibi
1729 2038 2106 2093 bibliothecam

506 2133 656 2197 solet
687 2133 952 2201 indicare,
990 2134 1078 2188 ubi
1109 2138 1325 2191 codices
1356 2143 1722 2190 asseruntur.
1752 2131 1885 2186 Cum
1928 2140 2106 2184 autem

508 2224 573 2289 in
604 2223 787 2283 codice
822 2227 1062 2280 carmina
1097 2226 1384 2281 Dramatic
1413 2226 1737 2288 tribuantur,
1786 2223 1885 2278 nisi
1921 2222 2108 2277 idonea

510 2315 694 2385 aliqua
718 2316 858 2375 adsit
877 2317 1155 2374 dubitandi
1175 2320 1333 2382 ratio,
1357 2328 1539 2374 auctor
1565 2318 1881 2372 Dracontius
1902 2315 2111 2370 censeri

519 2408 701 2466 debet.
732 2409 805 2463 Es
836 2410 977 2480 stylo
1003 2409 1054 2464 id
1101 2410 1297 2480 conjici
1342 2420 1563 2479 posset;
1599 2408 1691 2464 sed
1725 2408 1936 2461 ubinam
1984 2422 2113 2475 geu-

524 2502 652 2555 tium
684 2516 805 2556 eum
838 2501 1079 2558 codicem
1130 2517 1271 2557 nunc
1303 2502 1470 2557 latere
1493 2500 1834 2555 existimem?
1863 2500 1906 2552 si
1938 2508 2112 2552 tamen

524 2596 691 2660 latet,
733 2605 787 2649 et
837 2610 943 2650 non
998 2598 1177 2665 potius
1228 2595 1522 2651 infortunio
1569 2594 1751 2663 aliquo
1810 2602 2115 2661 assumptus

523 2687 701 2755 periit.

596 2777 804 2851 4150.
825 2780 1011 2839 Eidem
1026 2779 1393 2837 eruditissimo
1409 2780 1621 2835 Labbeo
1636 2779 1739 2833 loc.
1756 2779 1873 2847 cit.,
1890 2794 2008 2849 pag.
2026 2778 2114 2841 59,

527 2871 665 2927 hanc
705 2873 973 2929 Dracontii
1024 2876 1341 2932 memoriam
1384 2876 1593 2932 debeo:
1638 2874 1904 2929 Gisleherti
1939 2876 2120 2928 Aurea:

540 2962 698 3020 Vallis
731 2965 928 3021 abbatis
956 2967 1150 3022 ordinis
1179 2966 1526 3023 Cisterciensis
1575 2983 1747 3021 versus
1777 2969 1830 3021 in
1859 2966 2122 3019 sanctissi-

529 3073 665 3111 mam
710 3059 1073 3114 eucharistiam
1102 3060 1229 3114 addi
1272 3070 1505 3128 poterant
1545 3076 1607 3114 ex
1646 3058 1924 3112 Pelauiano
1954 3059 2120 3139 indice

2212 1872 2315 1924 que
2345 1856 2485 1909 enim
2517 1856 2813 1910 audiendus
2845 1867 2925 1911 est
2956 1855 3340 1926 Rodriguezius
3372 1858 3442 1911 de
3469 1854 3696 1925 Castro,
3730 1856 3818 1927 qui

2213 1950 2263 2002 in
2306 1950 2441 2003 Bibl.
2479 1950 2626 2015 Hisp.
2674 1948 2960 2005 S‘irmondo
2992 1964 3155 2004 novas
3191 1959 3245 2004 et
3275 1948 3518 2006 eruditas
3562 1958 3733 2003 notas
3770 1950 3818 2001 in

2216 2045 2558 2098 Dracontium
2591 2044 2658 2096 ab
2687 2043 3134 2112 aliquodeceplus
3165 2042 3391 2111 affingit.
3426 2044 3643 2096 Omitto
3676 2045 3816 2097 codi-

2215 2151 2331 2187 ceni
2363 2136 2720 2201 Azagreusem
2755 2135 3083 2204 aliquantum
3128 2135 3425 2188 auctiorem
3472 2148 3604 2187 esse
3634 2132 3821 2188 codice

2216 2228 2636 2283 Sirmondiano:
2675 2237 2822 2283 certe
2866 2230 3071 2282 auctior
3115 2244 3178 2281 ex
3221 2229 3311 2282 illo
3369 2229 3565 2283 codice
3622 2229 3821 2300 prodiit

2220 2318 2399 2387 Elegia
2444 2319 2711 2373 Dracontii
2745 2320 2795 2373 in
2838 2321 3077 2374 editione
3100 2321 3391 2375 Matriteusi
3424 2320 3820 2376 Toletanorum

2221 2414 2461 2479 Patrum,
2501 2412 2817 2481 additusque
2844 2413 3082 2468 estliber
3106 2429 3402 2468 carminum
3444 2414 3687 2485 Eugenii
3718 2430 3821 2469 non

2222 2514 2377 2560 antea
2429 2506 2715 2560 editorum.
2772 2506 2945 2574 Ipsum
2994 2506 3162 2560 Nicol.
3207 2508 3502 2560 Antonium
3544 2508 3605 2561 in
3660 2521 3822 2575 opera

2224 2596 2450 2666 Eugenii
2478 2606 2531 2651 et
2562 2597 2835 2651 Dracmttii
2867 2598 3212 2651 brevissimas
3237 2607 3391 2650 notas
3419 2614 3522 2652 seu
3557 2598 3821 2651 lectiones

2224 2691 2490 2744 variantes
2530 2692 2808 2756 scripsisse
2839 2700 3025 2743 auctor
3058 2690 3186 2743 mihi
3229 2700 3311 2744 est
3338 2691 3694 2763 Mayansius,
3733 2692 3819 2760 qui

2223 2794 2316 2835 eas
2364 2796 2493 2835 mss.
2530 2795 2691 2848 penes
2734 2797 2791 2835 se
2822 2781 3089 2846 habebat,
3131 2792 3289 2851 atque
3328 2781 3496 2839 edere
3522 2782 3821 2853 aliquando

2225 2875 2515 2939 cogitabat,
2548 2884 2603 2927 ut
2634 2875 2865 2927 affirmat
2897 2873 2947 2927 iu
2986 2874 3099 2927 Vita
3134 2874 3248 2929 Nic.
3287 2876 3503 2930 Antonii
3536 2877 3821 2945 praemissi

2227 2965 2292 3017 ad
2325 2965 2619 3019 Censuram
2658 2963 2860 3020 Histor.
2893 2965 3153 3030 fabulos.;
3187 2968 3281 3021 sed
3312 2966 3544 3022 fortasse
3576 2968 3671 3023 lue
3708 2978 3820 3021 sunt

2229 3060 2422 3114 breves
2465 3060 2572 3113 illa:
2604 3068 2744 3113 uota:
2774 3070 2827 3113 ct
2866 3060 3127 3113 Iecliones
3152 3046 3420 3114 variantes
3448 3076 3592 3129 quas
3624 3064 3820 3127 Azagu

530 3168 646 3206 cum
669 3152 961 3208 centonibus
986 3153 1051 3207 de
1082 3152 1376 3221 paenitentia
1396 3168 1459 3206 ea:
1479 3151 1778 3215 Dracontio,
1804 3132 2032 3203 oratione
2055 3150 2118 3201 ad
2147 3120 2194 3184 θ
2227 3166 2360 3208 mss.
2406 3151 2643 3221 reliquit,
2681 3161 2728 3204 et
2772 3166 2831 3206 se
2863 3152 3059 3206 vidisse
3091 3161 3313 3205 testatur
3345 3151 3463 3207 Nic.
3504 3154 3777 3208 Antonius
3806 3196 3816 3215 ,

531 3241 791 3299 Christum
821 3245 1042 3299 versibus
1073 3245 1335 3309 Adonicis,
1383 3247 1446 3299 de
1473 3246 1641 3299 missae
1666 3242 2121 3313 signiﬁcationibus

532 3336 754 3406 elegiaco
770 3336 1013 3404 carmine,
1039 3334 1307 3406 praeceptis
1328 3336 1610 3390 moralibus
1636 3335 1858 3400 heroico,
1892 3344 1938 3387 et
1959 3333 2123 3403 pluri-

534 3427 623 3493 bus
649 3429 787 3483 aliis.
811 3429 1080 3499 Scriptum
1102 3439 1219 3485 erat
1247 3429 1539 3495 Diacontio,
1563 3430 1655 3485 sed
1681 3428 1964 3498 legendum
1994 3427 2125 3479 Dra-

535 3520 704 3575 coutio
733 3498 1048 3575 constat.“
1088 3519 1285 3583 indice,
1318 3522 1406 3588 qui
1437 3521 1601 3575 verbo
1634 3521 1971 3575 Dntcosrtus
2002 3535 2122 3572 eum

536 3609 712 3667 locum
743 3611 1094 3668 demonstrat.
1123 3610 1284 3666 Multa
1326 3620 1454 3667 sunt
1485 3612 1837 3667 iu'Dracontii
1882 3619 2127 3679 poemate

539 3704 607 3761 de
635 3703 770 3771 Deo,
798 3706 1136 3775 potissimum
1164 3721 1292 3760 tero
1316 3706 1367 3760 in
1390 3706 1559 3775 elegia
1588 3706 1651 3759 ad
1685 3720 1864 3775 regem
1888 3703 2128 3758 Guntha-

537 3796 702 3866 rium,
734 3813 797 3855 ex
827 3799 1023 3871 quibus
1052 3810 1311 3856 centones
1342 3801 1411 3855 de
1443 3800 1754 3867 paenitentia
1784 3798 1975 3852 eonfici
2008 3811 2129 3865 pos-

539 3887 683 3943 sint:
719 3897 778 3944 ut
805 3903 1022 3945 carmen
1055 3888 1113 3944 S.
1159 3889 1497 3955 Columbani,
1531 3890 1601 3944 de
1630 3904 1734 3958 quo
1763 3888 1947 3943 confer
1977 3902 2123 3941 num.

539 3978 591 4041 8,
622 3992 689 4033 ex
719 3979 989 4035 Dracontii
1017 3980 1349 4050 aliorumque
1381 3981 1627 4037 versibus
1656 3994 1848 4050 magna
1880 3996 1945 4033 ex
1978 3990 2129 4049 parte

540 4070 810 4126 coalescit.
840 4070 1111 4127 Ceotones
1135 4071 1186 4125 in
1219 4073 1382 4125 rebus
1404 4073 1575 4127 sacris
1606 4086 1671 4126 ex
1702 4072 1873 4139 poetis
1893 4072 2130 4140 profanis

538 4176 570 4217 a
624 4160 864 4219 Faltonia
920 4162 1092 4219 Proba
1137 4164 1461 4235 Sedulioque
1516 4166 1729 4221 collecti
1779 4176 2012 4219 exstant.
2074 4166 2126 4218 lu

541 4263 856 4325 argumento
883 4254 1106 4326 profano
1135 4268 1384 4327 poemata
1429 4259 1780 4328 Hippodamia
1822 4269 1875 4311 et
1924 4260 2129 4312 Alcests

540 4352 674 4405 tom.
708 4344 772 4399 ιγ
801 4345 1025 4403 Collect.
1056 4347 1263 4405 Pisaur.
1295 4347 1413 4403 sine
1435 4357 1711 4403 auctorum
1737 4349 1973 4413 nomine,
2007 4363 2131 4401 cen-

542 4444 697 4493 tones
724 4446 944 4495 suntex
987 4437 1225 4510 Virgilio,
1259 4448 1318 4493 ut
1348 4438 1719 4508 mihiquidem
1754 4440 1946 4508 lugenti
1980 4438 2130 4492 vide-

541 4530 717 4586 batur.
751 4528 1033 4587 Poetarum
1068 4546 1345 4587 sacrorum
1371 4541 1568 4601 printer
1600 4532 1941 4587 Dracontium
1971 4545 2129 4584 nemo

541 4624 679 4683 alius
700 4640 839 4683 nunc
864 4626 1097 4685 occurrit
1118 4640 1186 4682 ex
1212 4625 1366 4696 cujus
1388 4626 1633 4681 versibus
1654 4635 1911 4679 centones
1933 4623 2129 4678 fuerint

541 4716 787 4771 confecti.
833 4716 996 4773 Index
1042 4717 1378 4781 Petavianus,
1413 4735 1442 4773 a
1489 4716 1707 4773 Labbeo
1750 4716 2015 4781 laudatus,
2047 4726 2130 4771 est

543 4807 815 4879 catalogus
846 4808 1185 4865 bibliothecae
1216 4810 1509 4869 Alexandri
1541 4810 1762 4876 Petavii,
1793 4826 1912 4880 qua:
1940 4809 2005 4864 ad
2040 4826 2126 4867 re-

539 4904 716 4971 ginam
739 4903 947 4958 Suecia:
971 4904 1292 4960 Christinam
1323 4906 1564 4971 devenit,
1592 4905 1715 4959 inde
1743 4905 1809 4959 ad
1838 4904 2127 4959 bibliothe-

540 5009 658 5049 cam
712 4994 1045 5055 Vaticanatn.
1090 4998 1538 5063 Montfauconius,
1593 5014 1711 5068 pag.
1759 4999 1828 5053 64
1872 4998 2125 5052 Biblioth.

542 5087 789 5145 bibliotlt.
835 5105 966 5144 mss.
990 5131 1004 5154 ,
1035 5106 1097 5144 ex
1131 5107 1193 5145 ea
1232 5093 1555 5148 bibliotheca
1597 5094 1887 5147 Alexandri
1930 5094 2128 5148 Petavii

541 5181 709 5236 refert
764 5182 900 5237 inter
949 5196 1078 5236 mss.
1133 5184 1473 5243 bibliothecae
1524 5184 1794 5240 Vaticana
1859 5185 2131 5241 Gisleberti

541 5277 722 5328 Aurea:
772 5273 934 5329 Vallis
958 5274 1155 5329 abbatis
1200 5292 1403 5332 carmen
1431 5279 1495 5332 de
1525 5276 1875 5331 Eucharistia.
1928 5278 2033 5332 Sed
2077 5277 2127 5330 id

541 5383 683 5431 nunc
706 5383 809 5424 non
834 5370 1097 5439 reperitur
1118 5371 1171 5425 in
1193 5369 1516 5427 bibliotheca
1548 5370 1820 5434 Vaticana,
1851 5372 1924 5425 uti
1954 5371 2130 5437 plures

542 5460 630 5519 alii
664 5460 931 5517 Petaviani
953 5462 1167 5527 codices
1194 5462 1592 5519 desiderantur.

611 5554 700 5610 51.
739 5554 966 5611 Codices
991 5556 1123 5611 alios
1157 5557 1444 5623 Dracontii,
1468 5560 1716 5627 quamvis
1743 5557 1795 5612 in
1825 5558 2005 5611 multis
2032 5572 2123 5610 ca-

541 5639 729 5713 talogis
758 5641 1005 5696 codicum
1051 5656 1179 5697 mss.
1225 5644 1510 5713 diligenter
1548 5644 1839 5713 quaesitos,
1890 5642 2131 5697 invenire

492 5750 495 5753 π
544 5743 649 5787 non
679 5731 842 5801 potui.
874 5732 944 5787 De
969 5734 1108 5788 notis
1132 5749 1261 5789 mss.
1289 5735 1338 5789 in
1365 5735 1713 5793 Dracontiqu
1747 5752 1911 5805 pauca
1936 5751 2123 5806 super-

2226 3244 2315 3311 qui
2348 3244 2401 3296 in
2426 3244 2726 3311 ltujusmodi
2758 3254 2994 3296 veterum
3026 3244 3390 3299 monumentis
3411 3248 3818 3314 conquirendis.

2228 3336 2439 3404 sibique
2467 3334 2845 3403 comparandis
2875 3335 3277 3389 curiosissitnus
3298 3345 3415 3389 erat
3443 3345 3501 3389 et
3529 3336 3819 3406 diligentis.

2228 3428 2414 3481 simus.
2460 3427 2582 3480 Mihi
2626 3427 2859 3496 ignotum
2910 3428 3130 3480 omnino
3162 3439 3240 3482 εει
3274 3442 3340 3481 an
3392 3428 3708 3498 Blayansius
3740 3447 3817 3479 ιιι)

2228 3522 2421 3575 breves
2452 3531 2604 3574 notas
2628 3521 2764 3590 typis
2792 3520 3138 3573 commiserit.

2304 3615 2391 3667 5‘2.
2445 3615 2710 3667 Andream
2735 3614 2968 3668 Marcum
2996 3614 3201 3667 Burriel
3224 3614 3519 3669 editionem
3551 3615 3817 3669 Sirmmnli

2232 3722 2353 3761 cum
2383 3708 2668 3775 Azagrensi
2693 3706 2879 3760 codice
2901 3706 3217 3766 contulisse.
3251 3706 3609 3775 lertiouisque
3633 3709 3819 3761 discre-

2236 3801 2470 3866 pantiam
2518 3800 2803 3852 adnotasse
2851 3815 2915 3852 ex
2970 3799 3192 3868 Itayerio
3235 3798 3418 3852 didici.
3473 3799 3543 3852 Et
3581 3802 3817 3870 quamvis

2236 3890 2511 3944 Burrielns
2542 3891 2811 3942 communi
2846 3889 3081 3941 omnium
3113 3889 3298 3955 plausu
3344 3888 3661 3942 celebretur
3684 3934 3698 3953 ,
3728 3904 3817 3941 nnn

2242 3988 2509 4054 ingratum
2566 3987 2668 4036 erit
2712 3993 2888 4035 tamen
2942 3982 3055 4050 ejus
3112 3981 3290 4036 laudes
3333 3981 3401 4034 ab
3458 3982 3816 4037 eruditissiuut

2241 4078 2466 4146 Bayerio
2496 4076 2680 4128 audire
2713 4075 2761 4126 in
2796 4084 2906 4126 nol.
2940 4074 3003 4127 ad
3039 4072 3285 4127 Bibliotlt.
3324 4082 3427 4125 vet.
3462 4073 3581 4127 Nic.
3619 4074 3814 4128 Antonii

2238 4169 2328 4222 lib.
2364 4182 2439 4231 ιιι,
2474 4181 2590 4235 cap.
2632 4168 2706 4219 ὅτ
2747 4165 3079 4217 Dracontium
3122 4164 3386 4219 Sirmondi
3421 4182 3540 4218 cum
3585 4165 3813 4219 Toletnno

2243 4258 2510 4314 Michaelis
2543 4258 2711 4312 Ruizii
2748 4261 2959 4327 Azagra.’
2988 4258 3160 4310 διερριιὲ
3204 4273 3256 4309 XI
3290 4256 3385 4309 cod
3408 4274 3461 4309 ce
3505 4258 3746 4320 contulit,
3776 4267 3814 4306 rt

2236 4354 2490 4407 variantes
2521 4353 2759 4406 lectiones
2798 4352 3058 4403 adnatarit
3102 4350 3329 4403 Andreas
3376 4348 3590 4405 Marcus
3632 4350 3813 4404 Βαιτιεί

2241 4446 2362 4501 Sac.
2398 4444 2521 4497 Iesu
2554 4445 2829 4513 presbyter,
2865 4460 3051 4513 magno
3096 4446 3167 4496 rei
3199 4444 3464 4497 litterario:
3494 4445 3688 4499 damno
3713 4456 3812 4497 ante

2239 4557 2402 4593 anrros
2449 4540 2639 4606 aliquot
2687 4547 2995 4603 prwrnntura
3039 4547 3198 4589 morte
3240 4536 3513 4603 abreptus:
3538 4555 3669 4606 quas
3714 4552 3809 4588 runt

2240 4631 2477 4701 plurimis
2535 4632 2758 4695 eiusdem
2806 4629 3041 4695 stupendi
3098 4628 3248 4693 plane
3301 4628 3492 4680 laboris
3548 4639 3698 4695 atque
3740 4628 3810 4677 in-

2240 4724 2452 4776 dustria:
2494 4721 2701 4790 fetibus,
2744 4723 2795 4773 in
2841 4722 3030 4788 regiam
3080 4719 3435 4772 bibliothecam
3479 4717 3807 4773 Matritemern

2238 4824 2413 4885 postea
2466 4812 2661 4865 delatas
2699 4813 3139 4879 catagraphosque
3176 4811 3245 4863 ad
3287 4826 3494 4863 manum
3524 4813 3700 4863 habeo.
3749 4810 3810 4861 De

2239 4905 2439 4962 codicis
2466 4914 2624 4959 relate
2649 4898 2836 4958 confer
2863 4904 3002 4958 dicta
3034 4919 3180 4957 num.
3213 4905 3302 4959 45.
3339 4904 3415 4958 De
3447 4906 3673 4960 Burrieli
3706 4904 3805 4976 qui-

2238 5001 2358 5054 dem
2405 4997 2679 5065 diligentia
2728 4996 2904 5048 omnia
2952 4995 3079 5048 mihi
3128 4995 3369 5062 polliceri
3407 4996 3621 5059 debeo;
3661 4997 3746 5051 sed
3772 4996 3807 5047 si

2238 5091 2410 5144 Solum
2444 5090 2755 5143 varietatem
2785 5089 3063 5156 scriptura:
3098 5088 3236 5141 inter
3267 5089 3505 5144 codicem
3555 5093 3803 5162 Azagreu-

2239 5200 2349 5239 sem
2376 5192 2430 5237 et
2455 5182 2746 5237 editionem
2770 5180 3201 5236 Sirmondianam
3224 5181 3630 5251 animadvertit,
3658 5196 3709 5239 et
3734 5200 3805 5253 pc-

2239 5276 2471 5331 culiares
2496 5290 2619 5330 suas
2648 5276 2986 5344 conjecturas
3018 5289 3124 5328 non
3156 5273 3387 5342 adjecit,
3421 5275 3539 5345 ejus
3572 5277 3804 5331 lectiones

2240 5367 2507 5422 variantes
2557 5368 2732 5420 minus
2764 5379 2905 5419 nunc
2934 5350 3058 5418 sunt
3088 5367 3429 5430 necessarias,
3463 5365 3572 5438 43
3607 5384 3725 5423 cum
3759 5366 3801 5420 in

2242 5457 2485 5513 editione
2537 5456 2833 5511 Matritensi
2875 5455 3187 5509 Dracontius
3234 5457 3494 5524 prodierit
3538 5473 3658 5513 cum
3692 5465 3801 5513 Aza-

2240 5551 2423 5621 grensi
2452 5550 2654 5617 codice,
2685 5558 2741 5603 et
2762 5549 3132 5603 Sirmondiana
3160 5548 3396 5603 editione
3423 5548 3799 5620 diligentissime

2240 5642 2486 5697 collatus.
2518 5639 2904 5695 Animadverto
2935 5648 3188 5709 praetcrea
3221 5639 3491 5696 diversum
3523 5658 3550 5694 a
3590 5642 3800 5697 Dracon-

2241 5736 2315 5790 tio
2334 5748 2453 5789 esse
2474 5732 2792 5803 Ceponium,
2817 5734 2966 5803 cujus
2991 5731 3358 5790 Hexaemeron
3389 5750 3487 5792 ms.
3515 5737 3799 5793 asservabat
