3942 6310
124 325 231 384 εις

1529 316 2053 375 PROLEGOMENA.

3267 309 3409 369 '680

116 439 399 508 Barthius,
452 440 583 495 illud
637 438 999 508 publicatnrus
1050 437 1137 491 lib.
1196 450 1279 490 eis
1337 434 1563 487 Advors.
1593 472 1606 493 .
1665 431 1707 485 si
1739 430 2132 493 Ameana-tm:
2164 437 2216 489 in
2263 451 2356 505 quo
2386 450 2487 489 ηοη
2534 432 2703 487 solum
2743 445 2823 484 res
2853 438 2898 484 et
2927 426 3075 483 verba
3119 424 3409 480 obscuriora

113 534 371 587 vixisset.
406 530 559 586 Hunc
582 529 880 599 Coponium
912 527 1230 583 monachum
1255 532 1410 580 vocat
1439 522 1706 589 Barthius,

117 624 220 679 sed
239 624 360 678 Nic.
383 623 647 678 Antonius
669 622 760 675 lib.
787 636 841 673 Ill
862 618 1153 684 Bibl.'vet.,
1175 626 1304 671 tom.
1330 616 1371 682 i,
1390 630 1510 685 cap.
1536 614 1593 680 4,
1615 628 1710 683 pu-

128 726 204 771 tat
236 717 404 771 fuisse
427 715 739 783 episcopum
767 712 1055 781 Hispanum
1083 709 1261 765 seculi
1294 724 1347 771 v,
1381 707 1445 760 ad
1469 720 1627 776 quem
1657 714 1712 759 et

108 810 183 863 ad
213 808 448 862 ldncium
478 814 653 860 exstat
672 802 913 873 episcopi
943 801 1147 856 Turihii
1171 801 1415 870 epistola.
1463 795 1712 851 Barthius

106 900 181 954 ad
214 901 310 954 lib.
338 915 399 965 ιι,
431 899 566 954 Silv.
593 899 626 951 1
661 895 837 961 Statii,
872 909 1011 950 vers.
1038 894 1145 947 Ωιι
1182 892 1328 956 Vide,
1363 890 1570 959 inquit,
1614 890 1710 941 Ue-

107 994 331 1061 ponium
362 994 414 1045 in
449 990 789 1056 Hexaemero,
816 1005 966 1059 quem
994 1004 1088 1041 nos
1116 995 1375 1040 auctorem
1413 983 1545 1037 Vita:
1575 998 1713 1036 asse-

103 1088 284 1140 rimus
312 1103 407 1139 suo
432 1086 563 1147 loco,
594 1084 838 1138 hactenus
866 1082 1054 1136 nemini
1085 1098 1174 1134 nec
1206 1074 1364 1147 fando
1395 1086 1705 1148 perceptum.

106 1178 376 1248 Bayerius
431 1177 656 1230 innotis
686 1175 751 1228 ad
781 1174 1032 1228 Biblioth.
1079 1182 1183 1225 vet.
1236 1171 1350 1223 Nic.
1387 1167 1603 1222 Antonii
1642 1167 1708 1220 ad

110 1270 239 1325 lucc
273 1269 476 1323 Barthii
511 1269 671 1322 verba
713 1268 925 1334 reponit
955 1282 968 1318 :
1000 1266 1063 1317 At
1103 1264 1214 1332 quis
1245 1264 1309 1315 sit
1350 1260 1485 1313 Vita:
1510 1269 1705 1323 auctor,

108 1371 208 1414 aut
240 1362 369 1430 quid
410 1361 505 1414 sibi
524 1361 643 1413 velit
672 1360 977 1431 adjunctum
1010 1357 1153 1411 VI'DE
1176 1396 1189 1419 ,
1222 1355 1374 1423 plane
1414 1368 1513 1406 non
1541 1353 1707 1422 capio.

107 1454 338 1509 Scilicet
372 1456 512 1524 quod
555 1454 723 1522 prima
770 1452 945 1505 littera
998 1450 1051 1503 in
1096 1450 1211 1503 vitae
1248 1446 1386 1516 apud
1432 1445 1706 1499 Barthium

109 1547 416 1615 majuscula
446 1545 514 1599 sit
542 1584 555 1608 ,
588 1544 928 1597 doctissimus
967 1542 1047 1595 vir
1077 1542 1128 1595 in
1179 1539 1273 1594 has
1304 1538 1556 1607 ambages
1581 1550 1709 1590 con-

103 1641 286 1710 ξιιιτιιις
317 1648 417 1693 est.
455 1638 699 1692 Barthius
727 1639 826 1691 hoc
850 1647 1052 1690 tantum
1084 1637 1211 1699 vult,
1241 1633 1383 1702 quod
1412 1630 1706 1700 Coponium

105 1740 444 1793 asserturus,
475 1729 589 1783 sive
614 1730 958 1783 restitnturus
990 1728 1109 1779 vita:
1140 1736 1275 1788 erat,
1319 1740 1440 1778 cum
1475 1724 1529 1777 in
1560 1732 1708 1776 tene-

1820 533 2177 604 explicantur,
2218 531 2307 584 sed
2359 537 2406 583 et
2437 526 2683 581 historica
2725 522 2961 593 quwdam
3002 535 3101 573 non
3144 517 3406 589 vulgaria,

1817 630 2153 695 ipsorumque
2201 632 2469 678 auctorum
2522 622 2657 686 vitat,
2690 628 2737 672 et
2783 618 2851 670 ad
2890 615 3173 671 carminum
3219 628 3408 682 genera

1819 723 2056 793 quadam
2085 722 2366 789 spectantia
2390 718 2644 789 singulari
2684 714 2855 771 studio
2884 710 3146 766 elaborata
3172 710 3408 763 inserun-

1820 826 1923 868 tur.
1965 813 2182 868 Basileat
2230 830 2321 881 per
2346 812 2605 866 Joannem
2648 810 2953 878 Oporinum.
3014 803 3124 858 Hoc
3177 801 3405 856 Fabricii

1817 921 1954 974 opus
1980 905 2171 960 ordine
2197 902 2535 973 alphabetico
2562 900 2941 957 concinnatum
2969 904 3073 958 est,
3106 892 3240 948 utile
3258 900 3405 946 certe

1814 1000 2053 1054 futurum
2074 1040 2088 1063 ,
2121 999 2163 1052 si
2210 1004 2333 1067 post
2365 1009 2556 1050 novam
2585 992 2893 1049 uberiorem
2927 996 3205 1059 poetarum
3243 983 3400 1038 Chri-
3462 1042 3481 1053 ν

1817 1093 2116 1147 stianorum
2168 1087 2548 1143 collectionem
2579 1084 2788 1139 auctius
2832 1080 3237 1148 correctiusquo
3276 1075 3403 1129 eda-

1816 1194 1923 1249 tur,
1983 1182 2178 1239 notatis
2229 1180 2530 1252 praesertim
2561 1178 2628 1235 iis
2675 1191 2796 1248 quae
2842 1187 3070 1229 censura
3118 1159 3399 1241 perstricta

1815 1289 1941 1333 sunt
1970 1278 2020 1331 in
2066 1276 2244 1331 indice
2272 1274 2649 1344 expurgatorio
2690 1268 2919 1336 Philippi
2950 1264 3016 1331 ll,
3042 1264 3196 1333 jussu
3227 1270 3282 1317 et
3308 1276 3401 1315 au-

1815 1369 2065 1423 ctoritate
2119 1367 2272 1437 juxta
2318 1364 2457 1421 sacri
2506 1361 2720 1419 concilii
2778 1356 3075 1415 Tridentini
3126 1353 3400 1409 decretum

1814 1459 2123 1527 Antuerpiae
2160 1457 2291 1513 1571
2325 1455 2684 1528 promulgata.

1886 1550 1976 1606 55.
2023 1551 2202 1606 Tertia
2259 1548 2427 1603 editio
2453 1560 2596 1601 anno
2627 1543 2787 1609 1589,
2826 1550 2971 1597 ιοιιιο
3003 1538 3116 1593 VIII
3147 1534 3397 1591 secunda:

1815 1645 2066 1700 editionis
2098 1642 2447 1698 Bibliothecte
2486 1640 2704 1693 Patrum
2748 1633 2971 1690 Parisiis
3001 1645 3098 1701 per
3140 1627 3400 1697 Margari-t

1815 1752 1942 1791 num
1970 1736 2038 1791 de
2069 1736 2117 1789 Ia
2154 1734 2349 1804 Bigne;
2393 1746 2515 1803 qua:
2555 1745 2675 1783 cum
2722 1727 2843 1781 aliis
2865 1723 3117 1793 operibus
3152 1717 3395 1789 ejusdem

102 1822 224 1875 bris
260 1823 486 1889 jaceret.
543 1820 619 1874 De
662 1820 900 1888 Coponio
940 1818 1160 1872 consqu
1207 1816 1510 1871 Fabricium
1564 1814 1703 1868 Bibl.
1739 1805 1789 1865 Β
1814 1826 2164 1883 Bibliotheca,
2192 1827 2246 1881 in
2296 1824 2471 1879 indice
2517 1819 2905 1891 θιρυι-ςαιοιιῑο
2946 1814 3072 1869 anni
3102 1811 3268 1874 1607,
3304 1823 3398 1879 per

104 1911 254 1964 med.
280 1920 337 1965 et
358 1911 449 1965 ini.
484 1910 600 1965 Lat.

735 2048 961 2104 CAPUT
1006 2048 1091 2102 Vl.

625 2164 885 2218 Editioues
910 2160 1199 2216 Dracontii.

182 2281 277 2336 55.
320 2278 492 2334 Prima
525 2278 691 2333 editio
742 2275 1015 2330 Dracontii
1068 2290 1209 2329 anno
1268 2272 1443 2343 1560,
1491 2276 1569 2329 sic
1616 2276 1700 2329 in-

102 2372 311 2441 scripta
326 2380 432 2428 est:
463 2371 543 2425 Cl.
574 2371 726 2424 Marii
751 2371 967 2425 Victoris
990 2378 1305 2433 ΔΛΠΘΕΙΛΣ,
1328 2385 1414 2422 seu
1436 2368 1705 2424 Commen-

104 2469 368 2521 tationum
390 2470 440 2521 in
465 2466 683 2521 Caussin
707 2468 795 2521 lib.
820 2482 874 2520 Ill
902 2484 914 2530 ;
950 2466 1339 2537 Epigrammata
1364 2465 1501 2517 varia
1524 2462 1704 2516 vetusti

104 2560 386 2629 cujusdam
406 2561 650 2621 auctoris,
666 2561 798 2613 inter
819 2575 934 2627 qua:
953 2569 1070 2613 sunt
1098 2569 1148 2613 et
1168 2559 1364 2625 aliquot
1388 2556 1574 2625 psalmi
1593 2571 1702 2608 ver-

101 2653 253 2706 sibus
283 2653 492 2706 redditi.
530 2652 723 2705 Hilarii
771 2650 1107 2704 Pictaeiensis
1136 2652 1295 2719 episc.
1328 2647 1558 2702 Genesis.
1596 2646 1701 2721 Cy-

101 2744 286 2808 priani
334 2741 573 2809 Genesis,
615 2752 661 2796 et
713 2744 961 2796 Sodoma.
1013 2741 1279 2795 Dracontii
1328 2742 1389 2795 de
1434 2756 1585 2807 opere
1614 2755 1705 2794 sea:

98 2838 336 2892 dierum.
373 2836 559 2889 Omnia
586 2836 811 2889 versibus
839 2853 972 2889 nunc
1013 2838 1233 2905 primum
1267 2852 1292 2888 e
1318 2835 1525 2889 vetustis
1555 2831 1701 2886 codi-

100 2927 255 2979 cibus
283 2923 543 2996 expressa.
581 2927 793 2980 Parisiis
820 2926 867 2978 ili
884 2967 896 2979 .
929 2926 993 2979 1).
1028 2925 1145 2979 LX.
1172 2925 1324 2994 Apud
1353 2923 1499 2979 Guil.
1531 2923 1701 2976 More-

98 3020 262 3070 lium.
317 3017 460 3072 In-8.
512 3017 585 3072 De
633 3018 817 3072 codice
864 3033 927 3073 ex
981 3032 1089 3087 quo
1129 3025 1426 3070 extractum
1457 3025 1537 3069 est
1566 3028 1702 3082 opus

1812 1920 2005 1975 Joann.
2036 1920 2109 1973 M.
2142 1916 2620 1973 Brasichellensem
2651 1911 2920 1982 recognita
2952 1918 3074 1971 est;
3113 1904 3245 1959 nihil
3269 1917 3400 1957 vero

1810 2028 1838 2065 a
1868 2010 2181 2066 censoribus
2210 2010 2263 2062 in
2296 2008 2568 2063 Dracontii
2602 2013 2847 2075 poemate
2868 2003 2936 2058 de
2963 2014 3127 2071 opere
3151 2013 3245 2054 sex
3284 1995 3400 2050 die-

1809 2120 1930 2160 rum
1956 2112 2171 2160 notatur
2201 2102 2343 2173 quod
2374 2109 2461 2156 aut
2494 2115 2722 2155 censura
2744 2098 2963 2165 dignum
2986 2134 3000 2158 ,
3022 2102 3112 2147 aut
3145 2100 3299 2145 caute
3322 2088 3398 2143 le-

1808 2198 2043 2268 gendum
2074 2196 2306 2261 dicatur,
2350 2193 2458 2266 5.5
2486 2203 2545 2247 ut
2576 2195 2625 2245 in
2656 2189 2905 2260 plurimis
2950 2187 3180 2241 aliorqu
3224 2182 3399 2251 operi-

1808 2294 1912 2348 bus
1941 2294 2139 2348 factum
2168 2290 2285 2345 luit.
2329 2288 2513 2345 Solum
2544 2286 2714 2341 deleri
2756 2282 2968 2351 jussum
2997 2279 3069 2343 D,
3091 2286 3182 2332 snt
3220 2275 3323 2328 divi
3344 2273 3401 2328 iu

1810 2385 1897 2439 his
1919 2383 2097 2439 verbis
2127 2381 2193 2435 ι).
2216 2378 2482 2434 Dracontii
2506 2357 2887 2431 Horaemeron.
2913 2369 3070 2440 Quod
3092 2370 3145 2425 iu
3167 2367 3402 2423 editione

1812 2482 1934 2534 anni
1966 2479 2107 2535 1641
2144 2478 2365 2533 Parisiis
2409 2466 2706 2544 praestitum
2741 2485 2845 2524 non
2885 2467 3011 2537 fuit,
3048 2468 3099 2521 in
3129 2479 3233 2533 qua
3266 2473 3401 2517 tom.

1810 2572 1948 2647 Vill,
1994 2572 2108 2625 hzrc
2140 2572 2255 2640 ipsa
2303 2552 2467 2625 verba
2499 2567 2675 2621 adhuc
2718 2565 2964 2634 leguntur
2990 2560 3141 2614 initio
3174 2558 3225 2611 in
3257 2566 3403 2611 cata-

1810 2666 1941 2734 logo
1969 2663 2319 2731 scriptorum.
2348 2660 2588 2727 Thomas
2618 2655 2804 2725 ltigius
2835 2656 2887 2707 in
2920 2652 3013 2707 lib.
3046 2650 3116 2704 de
3145 2647 3397 2702 Biblioth.

1808 2758 1865 2813 in
1894 2755 2230 2811 Bibliotheca
2275 2753 2489 2805 Patrum
2540 2758 2595 2804 et
2623 2746 2924 2809 doctorum,
2975 2738 3170 2809 Lipsiae
3228 2735 3396 2799 1602,

1809 2864 1937 2904 cura
1965 2847 2029 2902 Μ.
2061 2843 2324 2901 Joaehimi
2365 2841 2618 2905 Zehneri,
2657 2839 2801 2891 inter
2828 2835 2961 2888 alios
2989 2831 3282 2898 scriptores
3308 2840 3398 2882 ve-

1809 2949 1955 2996 teres
1984 2937 2383 2994 ecclesiasticos
2409 2933 2582 2987 editos
2614 2931 2777 2983 refert
2809 2923 3191 2983 Dracontium;
3225 2917 3320 2973 sed
3343 2916 3397 2971 in

1810 3049 1871 3088 ea
1900 3031 2236 3090 Bibliotheca
2270 3044 2374 3085 non
2407 3028 2610 3096 integra
2655 3024 2872 3077 Patrum
2905 3033 3064 3087 opera
3085 3060 3099 3083 ,
3132 3013 3229 3068 sed
3261 3012 3399 3081 frag—

97 3109 413 3175 Dracontii,
458 3110 577 3164 vide
607 3126 753 3163 num.
774 3109 847 3162 29
882 3120 932 3164 et
965 3109 1054 3164 38.
1078 3108 1135 3162 In
1168 3110 1272 3162 line
1302 3117 1423 3160 sunt
1454 3105 1700 3176 quaedam

1821 3133 1989 3181 menta
2013 3123 2253 3193 quaedam
2295 3120 2543 3176 videntur
2562 3118 2784 3171 inserta.

95 3202 306 3254 breves
334 3171 475 3254 notae
516 3201 581 3254 ad
620 3200 927 3266 Victorem,
978 3200 1066 3269 qui
1100 3198 1153 3252 in
1186 3198 1341 3252 initio
1372 3204 1425 3250 et
1457 3171 1563 3249 line
1602 3193 1695 3249 lib.
1727 3171 1775 3233 (ἶ

96 3308 162 3345 tu
201 3292 471 3347 Victorius
492 3294 807 3361 appellatur.
864 3290 1091 3346 Genesis
1119 3305 1238 3359 qua:
1281 3288 1537 3359 Cypriani
1567 3287 1701 3341 dici-

99 3396 234 3449 tur,
292 3393 377 3439 est
425 3385 777 3453 fragmentum
824 3383 1084 3451 poematis
1116 3382 1168 3436 in
1195 3380 1429 3436 Genesin
1458 3378 1600 3449 quod
1631 3378 1703 3433 ab

97 3476 230 3528 aliis
262 3474 594 3530 Tertulliano
624 3476 965 3544 adjudicatur
988 3515 1000 3538 ,
1035 3476 1102 3529 ab
1138 3474 1257 3529 aliis
1300 3473 1573 3535 Juvenco;
1601 3485 1703 3540 ego

96 3569 508 3639 postszeculum
544 3586 571 3622 v
604 3581 786 3624 uatum
837 3578 987 3637 puto,
1022 3568 1199 3622 invitis
1243 3566 1408 3621 musis
1449 3576 1503 3620 et
1532 3564 1702 3632 Apol-

95 3667 108 3719 l
145 3679 249 3719 ne:
285 3663 353 3720 de
375 3679 481 3734 quo
511 3666 663 3734 p'ura
686 3665 793 3719 dixi
825 3662 933 3735 44
957 3664 1008 3717 in
1035 3663 1329 3733 prolegom.
1362 3660 1429 3714 ad
1461 3658 1702 3714 Pruden-

96 3760 241 3811 tium
273 3772 390 3825 pag.
420 3757 556 3819 196,
585 3766 638 3810 et
688 3756 936 3825 quaedam
982 3755 1177 3809 addam
1226 3770 1347 3810 cum
1392 3753 1694 3808 iuvencum

95 3862 518 3917 recognoscam,
556 3858 609 3901 et
632 3848 854 3914 publica:
885 3847 988 3900 luci
1021 3845 1375 3900 committam.

178 3938 276 3994 54.
317 3938 563 3994 Secunda
594 3938 759 3993 editio
807 3954 950 3992 anno
994 3937 1155 3991 1564.
1195 3936 1320 3991 Hmc
1344 3943 1427 3989 est
1455 3935 1704 3989 collectio

94 4042 389 4104 poetarum
421 4025 846 4085 Christianorum
890 4046 916 4081 τι
965 4030 1159 4098 Georg.
1206 4028 1453 4082 Fabricio
1503 4042 1707 4096 procu-

96 4133 219 4180 rata
278 4123 502 4175 Basilea:
545 4122 643 4175 hoc
690 4137 831 4176 anno
858 4119 971 4175 in-i
999 4120 1217 4187 majoris
1249 4119 1467 4172 formm:
1500 4133 1562 4171 ex
1594 4132 1704 4186 quo

97 4215 196 4269 alii
230 4214 444 4282 decepti
465 4214 641 4268 iii-fol.
666 4214 871 4268 dicunt.
906 4212 1103 4268 Verum
1124 4212 1191 4266 de
1217 4211 1313 4265 hac
1334 4209 1572 4265 editione
1594 4210 1701 4262 dis~

98 4309 257 4364 serui
285 4308 338 4362 in
364 4309 572 4378 proleg.
605 4307 670 4363 ad
704 4307 1052 4362 Prudentium
1080 4322 1199 4376 pag.
1226 4306 1294 4361 88
1324 4312 1377 4360 et
1408 4320 1521 4374 seq.
1547 4303 1700 4370 Quod

99 4402 388 4458 attinetad
418 4403 755 4455 Dracontium
775 4400 1086 4475 ,Fabricins
1118 4398 1169 4452 in
1198 4413 1264 4452 eo
1288 4396 1498 4452 edendo
1518 4412 1703 4451 exem-

100 4496 226 4565 plar
256 4508 284 4543 a
336 4492 555 4547 Morelio
600 4491 925 4561 publicatum
979 4499 1195 4544 secutus
1222 4499 1330 4553 est,
1364 4489 1524 4541 tribus
1567 4504 1702 4556 qua-

102 4600 286 4639 tuorve
312 4584 591 4638 emendatis
621 4583 895 4649 erroribus,
931 4590 987 4636 ut
1025 4581 1135 4651 jam
1168 4581 1391 4648 exposui
1436 4594 1580 4632 num.
1610 4578 1703 4634 50.

102 4680 347 4733 Joannes
394 4676 642 4730 Albertus
691 4674 966 4729 Fabricius
1018 4675 1071 4728 in
1115 4672 1366 4727 Biblioth.
1421 4681 1529 4725 vet.
1582 4670 1701 4726 Lat.

103 4785 231 4840 (ap.
264 4769 315 4832 4,
349 4767 442 4821 lib.
477 4783 538 4830 tt,
568 4766 639 4821 ait
682 4766 733 4819 in
776 4766 876 4820 hac
905 4766 1227 4821 collectione
1255 4761 1317 4817 G.
1352 4761 1582 4816 Fabricii
1616 4776 1703 4817 so-

103 4865 221 4918 lum
277 4861 469 4914 librum
519 4865 746 4930 primum
796 4858 1067 4913 Dracontii
1115 4865 1352 4922 exstare,
1387 4869 1617 4924 eumque
1651 4856 1701 4908 in

104 4961 221 5009 line
273 4954 539 5008 mutilum.
599 4952 706 5009 Sed
759 4952 1147 5009 advertendum
1196 4950 1442 5005 mutilum
1484 4948 1703 5021 quidem

102 5068 235 5106 esse
275 5052 469 5106 librum
500 5050 640 5104 hunc
683 5049 952 5103 Dracontii
986 5048 1040 5101 in
1070 5047 1306 5102 editione
1330 5045 1623 5099 Moreliana
1648 5053 1705 5099 ot

71 5133 75 5136 ’
104 5143 453 5207 Fabriciana,
485 5142 577 5197 sed
613 5158 717 5197 non
750 5142 803 5195 in
837 5140 968 5195 line:
1002 5154 1124 5194 nam
1166 5140 1234 5195 58
1265 5152 1451 5193 versus
1480 5135 1571 5207 qui
1601 5137 1702 5192 de-

105 5238 423 5293 siderantur
470 5235 742 5307 pertinent
786 5233 851 5288 ad
885 5234 1248 5288 narrationem
1297 5232 1502 5303 peccati
1546 5230 1703 5300 primi

105 5330 381 5401 parentis,
414 5339 534 5399 post
581 5341 818 5393 versum,
874 5326 981 5380 Nec
1022 5325 1451 5393 circuntscriptor.
1496 5324 1552 5377 In
1592 5322 1707 5377 suis

108 5422 542 5486 commentariis,
576 5421 665 5490 qui
700 5419 963 5488 posterior
994 5428 1078 5473 est
1107 5427 1282 5471 tomus
1310 5414 1474 5485 priori
1500 5414 1702 5478 rarior,

110 5518 385 5571 rationem
427 5514 726 5568 carminum
759 5511 1033 5567 Dracontii
1072 5510 1234 5564 habet
1276 5507 1577 5563 Fabricius.
1605 5506 1701 5561 Ti-

110 5612 262 5667 tulus
284 5607 446 5673 huius
475 5608 725 5664 secunda:
756 5608 925 5677 partis
953 5615 1065 5660 est:
1097 5603 1163 5658 In
1193 5612 1454 5673 poetarum
1482 5610 1701 5657 veterum

112 5701 574 5757 ecclesiasticorum
601 5699 889 5753 Christiana
922 5712 1095 5765 opera,
1129 5706 1174 5749 et
1205 5712 1414 5765 aperum
1442 5694 1708 5762 reliquias,

115 5808 270 5867 atque
313 5795 601 5865 fragmenta
648 5791 853 5862 (ἰείη-φῆ
904 5788 1125 5842 Fabricii
1158 5788 1535 5842 Chomnicensis
1567 5803 1709 5841 cont-

1730 5888 1786 5925 Ψ

1885 3218 1973 3274 56.
2018 3215 2217 3282 Quarta
2267 3212 2434 3268 editio
2464 3223 2602 3263 anno
2637 3205 2796 3270 1610,
2845 3201 3088 3258 scilicet:
3135 3196 3398 3253 Dracontii

1814 3303 2047 3357 Toletani
2079 3301 2302 3371 Hispani
2345 3296 2732 3358 Hexaemeron,
2770 3306 2858 3344 seu
2888 3289 2950 3343 de
2979 3286 3144 3355 Opere
3175 3300 3264 3339 sex.
3292 3284 3405 3336 die-

1812 3410 1928 3447 rum
1955 3402 2001 3445 et
2023 3391 2277 3445 creatione
2298 3388 2477 3441 mundi
2512 3384 2641 3439 liber
2669 3380 2949 3452 singularis
2979 3395 3094 3432 cum
3123 3374 3200 3430 ll.
3229 3373 3398 3431 Joan-

1813 3488 1895 3539 nis
1920 3483 2129 3540 Weitsii
2145 3482 2311 3536 indice
2325 3478 2597 3550 glossario,
2630 3486 2678 3530 et
2708 3475 2840 3529 notis
2863 3471 2975 3542 qua:
2990 3470 3120 3541 justi
3144 3482 3400 3523 commen-

1814 3579 1934 3632 tarii
1958 3578 2116 3631 vicem
2146 3590 2252 3629 esse
2291 3579 2503 3645 possunt
2524 3612 2538 3633 ,
2572 3568 2771 3623 collatis
2794 3569 2923 3620 inter
2946 3581 3000 3619 se
3024 3571 3248 3618 ueterum
3272 3562 3401 3614 scri-

1813 3679 2017 3739 ptorum
2060 3667 2281 3721 maxime
2305 3663 2411 3719 SS.
2443 3660 2657 3715 Patrum
2682 3660 2746 3713 de
2773 3656 3066 3713 conditione
3086 3669 3256 3707 rerum
3286 3652 3403 3705 uni—

1814 3760 2093 3815 versalium
2141 3757 2423 3812 sententiis.
2480 3753 2814 3818 Francofurti
2870 3749 3003 3819 typis
3059 3743 3398 3815 Wollfgaugi,

1813 3852 2100 3919 sumptibus
2130 3867 2246 3904 vero
2276 3848 2418 3902 Petri
2450 3845 2635 3917 Koptjii
2670 3861 2804 3899 anno
2842 3860 2894 3897 I.
2936 3857 3021 3897 nc.
3050 3837 3273 3895 ι.1η-8.
3306 3836 3403 3891 Fa-

1812 3947 2019 4001 bricius
2041 3946 2095 4000 in
2119 3944 2259 3999 Bibl.
2290 3953 2400 3998 vet.
2438 3942 2579 4004 Lat.,
2610 3940 2701 3995 lib.
2734 3954 2806 4000 tv,
2837 3950 2957 4007 cap.
2986 3934 3043 4003 2,
3068 3947 3268 3988 annum
3291 3931 3403 3985 edi-

1813 4039 1979 4093 tionis
2008 4035 2324 4092 Weitzianre
2365 4034 2602 4103 assignat
2636 4029 2776 4086 1619
2797 4070 2810 4094 ,
2844 4044 2874 4082 a
2902 4041 3010 4097 quo
3049 4025 3276 4081 fortasse
3307 4022 3401 4077 de-

1811 4140 1999 4198 ceptus
2027 4137 2110 4183 est
2141 4126 2525 4196 Bodriguozius
2548 4124 2615 4179 de
2636 4122 2848 4190 Castra,
2880 4120 2969 4190 qui
3002 4122 3054 4173 in
3082 4117 3219 4172 Bibl.
3248 4115 3398 4183 Hisp.

1812 4192 2000 4276 eodem
2035 4234 2176 4274 anno
2206 4192 2366 4281 1610,
2391 4216 2688 4272 editionem
2720 4210 3155 4268 Sirmondianam
3171 4192 3420 4281 etWeit-f

1814 4314 2024 4369 zianam
2066 4312 2238 4366 factas
2267 4309 2520 4365 afﬁrmat.
2549 4308 2818 4362 Castorum
2859 4302 3141 4359 Fabricius
3179 4302 3231 4355 in
3262 4290 3419 4354 Bibl.‘

1814 4405 1976 4460 medii
2023 4406 2123 4458 atvi
2174 4418 2371 4458 annum
2424 4401 2586 4463 1610,
2638 4398 2864 4455 θόίιὶοιιὶ
2895 4395 3207 4451 Woitziana:
3257 4400 3445 4445 recte.

1816 4497 2058 4551 ascribit.
2106 4494 2390 4551 Pratmittit
2423 4491 2688 4549 Weitzius
2727 4487 3010 4559 epistolam
3054 4482 3291 4539 Goldasti
3334 4480 3403 4535 de

1822 4588 2131 4652 Dracontio,
2155 4602 2314 4652 quam
2348 4583 2619 4638 nonnullis
2645 4583 2696 4635 in
2728 4580 2861 4634 locis
2888 4574 3121 4631 laudavi.
3156 4573 3294 4627 Rara
3316 4580 3401 4625 est

1817 4683 1933 4736 haec
1963 4681 2128 4736 editio
2154 4680 2358 4741 Romae,
2391 4689 2660 4742 unumque
2691 4673 2864 4727 solum
2909 4666 3184 4734 exemplar
3218 4665 3270 4718 in
3314 4663 3401 4717 Bi-

1819 4774 2085 4830 bliotheca
2120 4771 2376 4841 Angelica
2417 4766 2624 4822 servari
2656 4765 2790 4821 scio.
2824 4760 2985 4817 index
3032 4756 3325 4828 glossarins
3349 4769 3405 4813 et

1822 4876 1961 4922 nota:
1996 4868 2153 4922 utiles
2184 4874 2344 4927 sunt;
2382 4869 2503 4931 post
2552 4866 2705 4914 notas
2736 4853 3011 4911 nonnulla:
3055 4859 3180 4906 sunt
3223 4863 3405 4904 corre-

1821 4961 2030 5014 ctiones
2072 4972 2319 5012 versuum
2353 4970 2413 5009 ex
2445 4951 2665 5006 Weitsii
2689 4948 3026 5014 aliorumque
3056 4942 3269 5013 ingenio
3311 4956 3403 4994 ex-

1819 5055 2086 5123 cogitatas,
2129 5064 2356 5119 quarum
2388 5044 2686 5102 nonnullus
2711 5041 2842 5097 mihi
2874 5040 2977 5094 crit
3002 5053 3148 5092 usus.

1893 5146 1978 5200 57.
2023 5144 2216 5209 Quinta
2264 5142 2431 5196 editio
2465 5152 2607 5193 anno
2642 5138 2781 5192 1616
2826 5137 2881 5192 in
2911 5133 3090 5190 Choro
3131 5138 3406 5199 poetarum

1820 5250 1957 5311 part.
2004 5238 2061 5305 2,
2110 5236 2247 5301 iui-4,
2288 5235 2556 5304 Lugduni,
2594 5232 2773 5285 studio
2820 5225 3109 5285 Alexandri
3140 5221 3405 5281 Fichetti.

1818 5330 1963 5400 quod
2020 5343 2177 5384 manu
2225 5328 2275 5381 in
2327 5324 2558 5395 quodam
2610 5320 2904 5390 exemplari
2956 5318 3209 5386 scriptum
3252 5311 3409 5366 vidi:

1823 5438 1946 5477 nam
1978 5419 2201 5476 editoris
2233 5433 2429 5476 nomen
2462 5416 2602 5486 typis
2629 5427 2945 5483 expressum
2976 5424 3081 5463 non
3102 5417 3207 5462 est.

1893 5513 1985 5568 58.
2028 5511 2191 5566 Sexta
2228 5507 2395 5564 editio
2424 5521 2566 5561 anno
2594 5504 2732 5558 1618
2753 5504 2806 5557 in
2836 5498 3166 5555 Bibliotheca
3193 5497 3410 5559 Patrum

1820 5604 2063 5668 Colonias
2084 5600 2389 5669 Agrippinae
2418 5608 2547 5652 tom.
2582 5596 2669 5660 Ν,
2700 5609 2818 5662 pag.
2848 5591 2970 5646 500.

1899 5696 1989 5751 59.
2030 5691 2274 5761 Septima
2323 5689 2491 5743 editio
2520 5701 2662 5741 anno
2699 5683 2856 5745 1619,
2890 5680 3156 5736 Sirmondi
3205 5693 3363 5746 npcra
3392 5716 3410 5742 ,

1826 5790 1931 5844 hoc
1958 5786 2140 5842 titulo:
2176 5783 2320 5837 Beati
2364 5780 2581 5851 Engenii
2620 5778 2847 5847 episcopi
2879 5774 3106 5828 Toletani
3137 5771 3407 5841 opuscula,
