3942 6310
539 278 636 394 ες.

1934 335 2382 397 DBACONTIUS.

3704 354 3801 408 632

537 452 732 519 Quibus
758 452 934 505 inserit
963 466 1079 505 sunt
1130 452 1397 505 Uracbntii
1441 452 1598 505 ltbelli
1629 453 1731 505 duo
1775 453 1837 506 ab
1886 451 2117 525 Eugenio
2144 457 2200 516 Α
2296 458 2383 513 61.
2412 458 2560 514 Nona
2582 473 2748 516 euttto
2782 462 3078 521 ³111101651
3113 479 3206 534 per
3228 440 3499 522 Andream
3531 467 3805 538 Rivinttm,

533 544 711 598 eodem
741 541 862 596 olim
885 544 1151 615 rewgniti.
1177 545 1391 615 Adjecta
1411 544 1520 617 46
1547 544 1719 598 itidem
1754 546 1975 600 aliorum
2000 547 2111 601 ali-

531 646 652 706 quot
678 647 902 691 veterum
929 640 1236 706 scriptorum
1266 640 1428 693 varia.
1458 639 1676 695 Parisiis
1700 656 1765 694 ea:
1786 641 1987 710 oﬂicina
2013 640 2065 695 Ν
2070 644 2115 694 i-

530 731 752 786 eelliana
771 732 913 801 apud
935 732 1299 788 Sebastianum
1325 733 1590 806 Cratnoisy
1620 751 1675 789 ιι.
1709 751 1793 789 ac.
1824 750 1941 789 xu.
1970 735 2109 790 In-8.

530 824 760 881 Iacobus
790 824 1111 882 Sirtnondus
1162 828 1415 897 apuscula
1458 827 1572 882 haec
1626 827 1857 882 Henrico
1909 828 2111 883 Borbo-

531 917 642 981 nio,
682 916 825 986 regis
863 917 1006 979 filio.
1041 919 1294 988 episcOpo
1343 917 1596 981 Metensi,
1644 917 1873 973 dedicat.
1909 917 2114 973 Praeter

528 1010 825 1078 Eugenium
855 1020 909 1067 et
950 1010 1289 1067 Dracontium
1320 1023 1445 1066 sunt
1475 1012 1686 1067 Martini
1714 1013 1951 1082 episcopi
1998 1013 2125 1067 Du-«

531 1104 753 1159 utiensis
781 1106 1046 1174 quaedam,
1077 1105 1397 1161 Columbam
1438 1104 1646 1160 abbatis
1674 1106 1900 1174 epistola
1934 1120 2109 1175 parte-

530 1201 705 1253 netica
743 1203 807 1251 ad
865 1199 1204 1265 llunaldum,
1257 1198 1500 1254 Sevcrini
1530 1199 1772 1269 episcopi
1832 1198 2108 1265 Doctrina,

526 1291 739 1347 Tironis
786 1292 1033 1361 Prosperi
1090 1292 1339 1362 Aquitani
1371 1292 1676 1347 Confessio.
1727 1291 1954 1348 Michael
1984 1307 2013 1345 a
2045 1291 2105 1349 S.

526 1382 764 1453 Josepho
818 1384 869 1437 in
923 1383 1289 1453 Biltliograph.
1338 1383 1630 1439 editionem
1676 1383 2108 1439 Sirmondianam

527 1476 593 1529 ad
616 1491 811 1529 annum
842 1474 980 1531 1617
1025 1475 1222 1531 refert:
1258 1476 1345 1545 qui
1379 1476 1609 1533 fortasse
1653 1490 1806 1531 error
1832 1486 1916 1531 est
1956 1485 2109 1547 typo-

525 1567 831 1637 graphicus,
862 1567 961 1622 nisi
1004 1567 1144 1623 hunc
1184 1582 1381 1624 annum
1426 1568 1515 1623 ille
1540 1584 1607 1623 ex
1639 1567 1966 1624 Dictionario
1998 1567 2109 1621 Moo

523 1660 670 1723 reri,
707 1658 796 1713 ubi
825 1660 1026 1728 pariter
1045 1658 1334 1727 indicatur,
1363 1661 1731 1729 exscripserit.
1764 1659 1839 1715 De
1868 1660 1968 1713 hac
1988 1660 2106 1713 edi-

525 1750 673 1805 tione
705 1751 825 1806 vide
853 1766 1001 1806 num.
1034 1751 1104 1805 46
1134 1761 1189 1806 et
1212 1767 1328 1821 seq.
1361 1753 1500 1807 Ante
1536 1751 1886 1807 Sirmondum
1911 1752 2106 1806 editio-

2220 551 2311 620 qui
2335 550 2702 621 longissimam
2737 553 2873 610 hanc
2908 556 3315 627 inscriptionem
3357 562 3650 630 apposuit:
3678 563 3803 617 Dra-

2220 642 2377 695 contii
2400 642 2628 714 Hispani
2657 645 2944 701 libellorum
2973 648 3090 719 biga
3110 666 3131 705 :
3155 668 3378 719 quorum
3405 654 3549 719 prior
3569 655 3639 707 de
3665 673 3807 724 opere

2218 749 2308 787 sea:
2332 736 2552 804 dierum,
2586 747 2635 791 et
2664 740 2921 795 creatione
2946 741 3129 795 mundi
3173 742 3225 796 Η
3231 745 3494 799 exacmeri
3525 747 3679 799 titulo
3704 750 3805 818 pri-

2217 825 2351 894 dem,
2395 828 2485 881 sed
2539 843 2626 883 C.\'l
2680 831 2903 885 versibus
2950 834 3163 887 mutilus
3209 836 3377 890 editus
3423 838 3546 906 fuit,
3595 841 3807 909 scriptas

2218 914 2423 971 heroico
2453 928 2616 973 metro
2634 937 2651 984 ;
2697 919 2828 975 alter
2871 940 2989 978 vero
3022 928 3277 995 posterior
3305 928 3536 998 elegiaco
3567 932 3807 1000 postfatio

2216 1009 2368 1077 quasi
2396 1012 2635 1079 quaedam
2665 1022 2763 1078 est,
2807 1023 2852 1068 et
2896 1018 3213 1083 pracedanei
3240 1020 3383 1074 illius
3416 1024 3635 1088 pariter,
3667 1034 3809 1093 atque

2214 1101 2461 1170 suiipsius
2484 1104 2551 1156 ad
2580 1103 2765 1171 Deum,
2793 1116 2840 1161 et
2868 1110 2937 1161 ad
2960 1126 3127 1179 regem
3152 1110 3507 1166 Theodosium
3547 1114 3807 1171 Juniarem

2215 1191 2506 1262 Augustum
2550 1198 2812 1251 excusatio
2860 1201 3084 1269 primum
3125 1204 3366 1273 vigesimo
3395 1205 3636 1278 [corrige
3664 1210 3808 1279 trige-

2212 1284 2364 1355 simo]
2394 1286 2578 1341 abhinc
2618 1305 2755 1344 anno
2788 1290 3009 1347 Parisiis
3037 1297 3248 1365 prodiit,
3283 1316 3543 1366 nusquam
3578 1304 3707 1357 a'ibi
3726 1322 3807 1359 ea:-

2212 1391 2403 1429 cusus:
2436 1394 2572 1432 nunc
2591 1395 2708 1434 vero
2740 1393 3027 1454 utrumque,
3067 1397 3115 1440 et
3152 1388 3206 1441 in
3235 1389 3415 1456 primis
3448 1390 3807 1450 Hexaemeron

2210 1466 2362 1535 illud,
2396 1471 2499 1525 sive
2527 1473 2591 1525 de
2618 1474 2857 1529 machina
2882 1479 3062 1553 mundi
3104 1490 3215 1547 post
3256 1480 3559 1551 Eugenium
3612 1487 3808 1542 Toleta-

2211 1575 2332 1613 num
2359 1563 2648 1635 episcopum
2662 1566 2853 1638 {cujus
2882 1571 3038 1624 simul
3078 1573 3160 1626 hic
3198 1576 3433 1642 apposita
3472 1588 3552 1631 est
3580 1578 3806 1649 ,ςεριὶἀαί

2209 1657 2594 1727 recapitulatio,
2624 1670 2679 1714 ut
2717 1672 2764 1715 et
2800 1664 3174 1733 epigrammata
3205 1667 3421 1739 reliqua,
3456 1672 3672 1742 aliaque
3700 1691 3806 1743 ροι-

2211 1752 2370 1804 ntatia
2392 1755 2665 1824 subjunctu
2695 1757 2954 1828 reperies],
2978 1760 3098 1813 item
3129 1772 3242 1830 post
3267 1761 3459 1834 Georg.
3491 1765 3804 1831 Fabricium,

522 1856 649 1896 nem
691 1841 1033 1897 Morelianam
1079 1858 1265 1898 omnes
1294 1844 1465 1899 secuti
1513 1853 1657 1911 sunt,
1711 1844 1893 1914 paucis
1923 1859 2108 1899 emen-
2139 1824 2189 1887 Β
2216 1841 2413 1899 Joann.
2450 1844 2750 1916 Weitzium,
2781 1849 2899 1904 Jac.
2933 1851 3289 1924 Sirmondum,
3319 1857 3483 1926 Casp.
3515 1858 3805 1928 Bartltismt,

524 1934 686 1989 datis.
732 1935 1054 1991 Sirmondus
1107 1953 1168 1992 ex
1223 1954 1355 1993 mss.
1390 1938 1762 1992 Hexaemeron
1816 1938 2026 1993 auctius
2054 1948 2109 1993 et

525 2029 825 2084 correctius
855 2026 1045 2093 edidit,
1095 2037 1150 2082 et
1201 2027 1437 2098 Elegiam
1471 2028 1743 2083 Dracontii
1774 2030 1977 2098 primus
2013 2044 2109 2098 pu-

519 2119 771 2183 blicavit;
816 2134 974 2188 quem
1022 2118 1247 2173 mirifice
1274 2119 1343 2173 ob
1368 2119 1669 2187 bujusmodi
1697 2131 1939 2174 veterum
1971 2123 2107 2175 scri-

518 2218 733 2281 ptorum
777 2210 1042 2265 editiones
1079 2209 1319 2263 celebrat
1350 2210 1622 2276 Barthius,
1656 2212 1808 2279 cujus
1840 2210 1954 2265 haec
1980 2221 2107 2265 sunt

518 2302 614 2358 Iib.
662 2319 788 2357 nix
840 2302 1092 2367 Advers.,
1131 2317 1247 2372 cap.
1292 2302 1364 2355 Ξῖ
1418 2302 1678 2358 Plurimos
1728 2305 1990 2374 inferioris
2012 2308 2104 2359 (cui

520 2394 791 2458 scriptores
832 2392 933 2445 luci
972 2394 1182 2460 vittaque
1211 2394 1349 2445 dedit
1396 2392 1494 2445 hoc
1520 2394 1708 2447 satculo
1737 2392 1960 2448 Iacobus
1989 2396 2105 2450 Sir-

516 2486 755 2550 mondus,
776 2485 964 2555 judicii
1009 2486 1185 2539 eximii
1202 2525 1217 2551 ,
1248 2485 1477 2539 lectionis
1506 2498 1654 2543 certa:
1680 2486 1853 2552 homo,
1885 2505 1974 2543 nec
2004 2489 2104 2542 nisi

516 2583 641 2636 bene
686 2581 748 2635 de
797 2582 1099 2650 antiquitate
1147 2582 1337 2635 meritis
1368 2586 1732 2641 accensendus.
1788 2584 1851 2639 Et
1895 2586 2102 2654 prolixe

515 2671 611 2729 lib.
657 2688 729 2739 LI,
762 2686 881 2740 cap.
910 2673 977 2727 4:
1014 2673 1220 2739 Quanta
1242 2674 1293 2726 in
1325 2674 1574 2741 patientia
1610 2675 1737 2738 lucc,
1768 2686 1815 2729 et
1840 2676 2098 2733 liberalis-

516 2769 646 2821 sima
676 2766 844 2821 studia
872 2769 1055 2820 merita
1085 2777 1283 2821 exstent
1308 2765 1491 2820 Jacobi
1514 2767 1800 2836 Sirmondi,
1820 2772 2099 2839 prtedicavi

514 2864 758 2915 hactenus
789 2878 891 2915 non
916 2862 1072 2915 semel
1089 2902 1104 2925 ,
1139 2878 1241 2915 non
1276 2874 1452 2931 potero
1477 2872 1647 2915 autem
1674 2865 1797 2918 satis
1824 2866 2092 2932 extollere,

515 2964 603 3007 aut
650 2969 851 3020 tequare
894 2954 1086 3018 verbis,
1127 2954 1171 3006 si
1216 2953 1490 3021 swpissime
1514 2963 1626 3022 post
1647 2956 1797 3009 etiam
1844 2958 2093 3024 praedica-

514 3061 652 3099 vero.
677 3043 773 3098 Tot
797 3046 887 3099 ille
910 3045 1051 3099 bonis
1076 3048 1337 3115 proximos
1364 3048 1680 3116 scriptorese
1702 3050 1918 3103 tenebris
1937 3052 2091 3115 eruit,

514 3147 586 3191 tot
628 3137 799 3207 sagaci
846 3138 1070 3207 ingenio,
1094 3138 1298 3209 judicio
1327 3139 1581 3209 exquisito
1603 3180 1618 3204 ,
1648 3151 1784 3194 certa
1834 3144 2049 3196 lectione
2072 3183 2087 3208 ,

2216 1937 2349 1991 Sim.
2385 1937 2779 2007 Taelmannum,
2816 1943 2985 2015 Wolf.
3019 1946 3285 2014 Seberum,
3338 1962 3475 2017 etc...
3517 1957 3805 2009 restitutum

2214 2030 2407 2102 integre
2434 2034 2738 2099 emendavit,
2769 2036 2823 2089 in
2844 2043 3013 2106 'eoque
3039 2041 3255 2110 confusa
3284 2044 3557 2110 distimit,
3589 2058 3637 2100 et
3678 2066 3805 2101 cam-

2212 2122 2510 2189 modiorem,
2541 2134 2692 2197 atque
2712 2128 2997 2196 faciliorem
3024 2131 3091 2185 ad
3112 2150 3313 2188 sensum
3338 2136 3561 2191 obscura
3592 2141 3806 2210 redegit,

2211 2219 2443 2288 notisque
2474 2221 2729 2287 prioribus
2754 2224 2975 2278 aliorum
3005 2226 3224 2295 selectis,
3259 2230 3401 2282 novis
3430 2248 3640 2301 quoque
3672 2236 3808 2286 auxit

2211 2319 2258 2361 et
2298 2310 2578 2365 illustravit
2610 2314 2773 2367 Andr.
2818 2314 3033 2371 Rivinus
3060 2317 3127 2371 Β.
3160 2327 3209 2372 et
3254 2317 3371 2373 PP.
3418 2321 3645 2395 Lipsite.
3679 2323 3807 2377 [Era

2207 2400 2535 2472 Dionysiana
2558 2421 2736 2461 uncu.
2764 2407 2907 2463 ln-8.
2937 2409 3163 2465 Videtur
3175 2426 3298 2467 esse
3321 2428 3479 2469 error
3502 2416 3558 2471 in
3582 2432 3807 2473 numero

2207 2506 2461 2548 versuum
2500 2496 2589 2565 qui
2624 2497 2675 2550 in
2721 2499 2909 2566 primis
2938 2500 3266 2558 editionibus
3285 2503 3479 2560 deesse
3507 2508 3802 2564 dicuntur:

2208 2586 2381 2641 solum
2407 2590 2552 2642 enim
2582 2590 2960 2649 desiderantur
2986 2594 3052 2651 58
3075 2611 3281 2665 versus,
3312 2614 3436 2654 cum
3461 2603 3668 2657 Adaml
3692 2619 3808 2673 pec-

2206 2686 2382 2731 catum
2410 2677 2749 2746 describitur,
2774 2691 2827 2737 et
2856 2700 2992 2740 unus
3024 2702 3215 2743 versus
3244 2704 3366 2745 cum
3397 2690 3664 2749 formatio
3688 2695 3807 2751 Erae

2205 2776 2475 2823 narratur.
2512 2770 2735 2827 Scilicet
2766 2773 2818 2826 in
2866 2776 3101 2833 editione
3129 2778 3420 2836 Moreliana
3459 2795 3596 2840 sunt
3624 2801 3806 2843 versus

2207 2857 2336 2924 575,
2388 2859 2440 2913 in
2480 2860 2858 2919 Sir'mondiana
2891 2866 2994 2923 654
3034 2880 3231 2939 praeter
3258 2873 3483 2944 Eugenii
3518 2880 3805 2948 praefatio.

2205 2950 2629 3021 nem.Leyserus
2652 2954 2917 3012 inllistor.
2936 2970 3079 3029 poet.
3112 2963 3273 3020 medii
3299 2966 3527 3040 :eviﬁs
3552 2969 3709 3027 hunc
3729 2989 3806 3028 er-

2204 3055 2384 3097 rorem
2409 3043 2710 3114 castigavit,
2747 3049 2835 3117 qui
2858 3050 3017 3107 simul
3057 3064 3208 3111 notat
3246 3056 3457 3114 admitti
3502 3076 3619 3117 non
3651 3080 3805 3134 pmse

2203 3133 2343 3201 quod
2374 3135 2425 3187 in
2445 3136 2633 3191 eadem
2677 3138 2853 3196 fronte
2882 3141 3001 3198 libri
3036 3145 3251 3213 dicitur,
3274 3163 3418 3205 anno
3447 3133 3722 3210 vicesimo
3742 3158 3802 3209 ab

514 3206 769 3286 industria
802 3206 976 3300 fideli,
1013 3206 1341 3285 monumenta
1363 3206 1513 3287 tineis
1540 3245 1711 3301 erepta
1738 3237 1931 3289 meritis
1952 3237 2097 3291 laudi
2131 3206 2180 3269 Ο
2218 3241 2359 3282 anno
2387 3228 2516 3285 1651
2555 3233 2785 3300 primum
2808 3235 3071 3304 prodiisse
3102 3240 3469 3313 Dracontium,
3499 3263 3675 3318 opera
3698 3251 3801 3306 Sir-

513 3336 840 3396 posterorum
872 3325 1118 3391 restituit,
1151 3335 1205 3378 ut
1227 3342 1342 3378 cum
1368 3343 1551 3380 nomen
1582 3332 1693 3399 ejus
1714 3328 1931 3383 hominis
1959 3347 2093 3399 prte-

513 3424 731 3489 [erentes
759 3434 871 3488 ego,
918 3432 1041 3485 quos
1082 3419 1354 3485 quotannis
1393 3418 1467 3471 bis
1499 3422 1797 3491 accipimus,
1830 3424 2093 3494 catalogos

512 3513 713 3565 videam
742 3510 1009 3573 librarios,
1043 3526 1145 3563 non
1171 3512 1362 3579 possim
1387 3527 1490 3565 non
1517 3515 1774 3567 exsultare
1801 3517 2013 3586 gaudio,
2047 3532 2092 3571 et

512 3620 695 3658 noram
732 3607 903 3658 animo
926 3619 1034 3657 meo
1066 3603 1297 3655 ltetitiam
1321 3602 1385 3655 de
1405 3604 1575 3657 adhuc
1597 3606 1843 3676 incogniti
1868 3608 2093 3680 alicujus

512 3696 1035 3769 scriptorislectione
1062 3693 1316 3764 polliceri.
1352 3694 1474 3749 Non
1511 3696 1708 3750 turbent
1737 3714 1827 3752 nos
1856 3700 1907 3753 in
1942 3701 2093 3753 laude

512 3803 557 3846 et
606 3790 1041 3845 commendatione
1087 3788 1244 3859 hujus
1289 3788 1385 3840 viri
1430 3788 1636 3858 ingenia
1684 3792 1937 3856 malivola,
1977 3809 2093 3861 qua:

509 3885 789 3954 pueritiam
841 3881 1121 3952 aliquando
1173 3890 1418 3943 nostram,
1460 3896 1575 3933 cum
1600 3881 1668 3933 ad
1691 3884 1945 3949 praeconia
1995 3886 2089 3937 de-

512 3977 754 4040 buissent,
790 3974 1089 4045 detorquere
1129 3973 1395 4026 voluerunt
1426 3972 1495 4025 ad
1525 3974 1886 4030 insectationes
1926 3976 2091 4033 homi-

511 4085 656 4133 num,
686 4070 953 4120 doctorum
975 4068 1112 4133 licet,
1138 4084 1237 4121 non
1264 4078 1432 4123 tamen
1459 4070 1516 4123 id
1538 4071 1591 4124 in
1612 4070 1874 4141 religionis
1904 4084 2091 4128 nostris

512 4160 907 4213 circumstantiis
936 4160 1255 4211 sentientium
1277 4201 1289 4221 ,
1323 4162 1458 4229 quod
1478 4162 1603 4231 ipsis
1622 4164 1883 4217 videbatur
1914 4168 2087 4235 defen-

511 4249 769 4313 dendum;
800 4265 899 4301 non
948 4248 1199 4303 deerimus
1243 4266 1335 4304 nos
1372 4253 1504 4305 mori
1533 4254 1772 4308 candoris
1804 4266 2008 4321 nostro,
2042 4272 2089 4312 et

510 4342 744 4394 uirtutem
770 4340 1106 4395 clarissimam
1146 4346 1357 4395 summis
1388 4343 1653 4413 plausibus
1682 4363 2050 4418 prosequamur
2069 4393 2085 4418 ,

509 4435 582 4488 sic
603 4434 720 4503 ﬁet,
754 4443 807 4487 ut
821 4434 888 4486 ad
916 4450 1007 4487 nos
1033 4437 1188 4487 etiam
1210 4434 1273 4487 de
1296 4435 1522 4491 bonitate
1552 4449 1725 4492 nostra
1756 4441 1955 4510 fructus
1986 4461 2085 4497 non

508 4526 901 4581 contemnendus
927 4525 1099 4579 redeat
1121 4571 1134 4595 ,
1164 4527 1389 4583 incitatis
1413 4527 1521 4599 47
1549 4531 1793 4585 nimirum
1818 4533 1922 4586 illis
1946 4552 2082 4603 prte-

506 4617 662 4671 claris
690 4618 809 4670 viris
837 4617 904 4670 ad
926 4617 1301 4687 persistendum
1336 4621 1389 4673 in
1414 4622 1649 4677 instituto
1670 4639 1785 4691 suo,
1818 4628 1956 4694 quod
1982 4646 2083 4683 non

506 4710 744 4780 frustrari
798 4711 993 4764 meritis
1046 4711 1248 4765 videant
1295 4715 1586 4783 prteconiis.
1638 4716 1784 4783 Haec,
1837 4721 2082 4788 quamvis

504 4802 766 4873 longiora,
800 4804 883 4857 vel
906 4802 958 4858 in
987 4803 1256 4860 Sirmondi
1287 4808 1534 4875 gratiam,
1566 4808 1651 4864 vel
1680 4810 1731 4865 in
1766 4814 2078 4871 nonnullam

502 4898 672 4951 nostri
712 4894 909 4949 laboris
937 4896 1455 4954 commendationem
1486 4900 1657 4957 libens
1683 4905 1863 4959 attuli.

572 4986 660 5041 60.
703 4986 897 5039 Octava
928 4986 1095 5040 editio
1112 5002 1253 5042 anno
1284 4988 1444 5056 1624,
1474 4991 1526 5045 in
1556 4995 1853 5063 appendice
1882 4996 2079 5055 Biblio-

500 5081 670 5134 theca:
698 5078 915 5133 Patrum
941 5093 1035 5148 per
1056 5080 1410 5149 Margarinum
1436 5082 1503 5138 de
1533 5083 1580 5138 la
1612 5086 1798 5157 Bigne,
1831 5082 2079 5163 Parisiis,

497 5185 620 5240 pag.
649 5170 918 5241 857,‘quae
946 5171 1187 5240 quamvis
1218 5182 1337 5240 post
1357 5173 1700 5232 Sirmondum
1722 5179 1879 5249 laeta,
1900 5185 2073 5242 adhuc

496 5270 677 5318 tamen
708 5262 1049 5319 Dracontium
1091 5265 1335 5320 mutilum
1382 5283 1445 5323 ex
1501 5270 1738 5327 editione
1776 5275 2070 5336 Moreliana

495 5363 866 5422 repraesentat.
894 5354 1096 5411 Eodetn
1129 5355 1287 5412 modo
1316 5373 1534 5414 recusas
1566 5371 1649 5417 est
1678 5364 1995 5427 Dracontius
2018 5376 2070 5428 in

495 5443 828 5503 Bibliotheca
850 5446 1065 5503 Patrum
1096 5447 1320 5505 Parisiis
1348 5451 1508 5516 1614,
1541 5464 1669 5508 tom.
1700 5457 1830 5525 Vlll,
1863 5473 1917 5517 et
1952 5480 2074 5519 rur-

494 5549 590 5591 sus
625 5534 755 5592 ibid.
782 5537 939 5604 1656,
962 5547 1091 5596 tom.
1125 5539 1259 5610 VIII,
1292 5543 1338 5597 si
1379 5552 1553 5599 tamen
1585 5546 1813 5607 diversa:
1840 5553 1923 5607 lue
1949 5567 2074 5611 sunt

491 5626 779 5698 editiones,
802 5639 857 5685 et
878 5647 983 5688 non
1012 5634 1127 5689 sola
1146 5638 1315 5703 prima
1344 5636 1489 5693 frons
1510 5640 1804 5699 discrimen
1832 5648 2067 5714 praefert.

489 5715 729 5774 Primum
760 5725 1040 5794 exemplar
1070 5728 1177 5783 vitii
1217 5744 1338 5801 ego,
1373 5731 1601 5789 alterum
1634 5734 1832 5807 Itig'us
1876 5740 1969 5795 lib.
2003 5743 2070 5798 de

487 5805 853 5869 Bibliothecis.

1120 5944 1144 5964 ά
1197 5965 1203 5969 ,
1372 5979 1391 5988 ο
1820 5965 1841 5980 δ
2022 5980 2023 5983 η
2038 5974 2086 5992 δη

2202 3321 2386 3375 moudi
2419 3326 2705 3391 posteriori
2745 3326 2882 3382 libro
2912 3340 3147 3387 auctum.
3179 3333 3374 3389 Verum
3408 3337 3461 3392 id
3491 3339 3620 3409 ipse
3651 3342 3796 3397 Rivi-

2202 3430 2302 3469 nus
2328 3417 2724 3487 animadvertit,
2767 3432 2820 3475 et
2860 3424 3117 3492 trigesimo
3149 3443 3245 3495 pro
3277 3430 3525 3499 vigesimo
3551 3436 3795 3491 correxit

2202 3508 2255 3561 in
2299 3507 2407 3563 line
2452 3509 2607 3565 libri:
2642 3513 2838 3568 melius
2866 3519 3195 3574 correxisset
3238 3522 3500 3592 trigesimo
3548 3530 3795 3582 secundo.

2201 3598 2259 3654 ln
2286 3600 2466 3656 libello
2487 3605 2686 3676 exiguo
2717 3609 2866 3663 multi
2901 3625 2997 3666 nec
3027 3612 3173 3667 leves
3200 3613 3505 3684 huiusmodi
3548 3629 3798 3692 typogra-

2200 3693 2345 3763 phici
2374 3710 2589 3751 errores
2637 3698 2995 3769 irrepserunt,
3040 3707 3182 3773 quod
3221 3707 3372 3764 libris
3412 3710 3467 3764 in
3506 3711 3794 3769 Germania

2201 3784 2363 3840 editis
2393 3789 2523 3843 satis
2555 3788 2807 3859 frequens
2833 3805 2934 3849 est.
2967 3795 3215 3852 Editores
3244 3802 3462 3870 quidem
3494 3821 3721 3862 causam
3748 3808 3794 3860 in

2200 3877 2468 3933 nundinas
2492 3882 2760 3948 proximas
2788 3894 2841 3938 et
2871 3886 3188 3957 bibliopolas
3220 3903 3472 3960 urgentes
3497 3897 3690 3953 solent
3716 3915 3793 3953 re-

2196 3970 2397 4038 jicere;
2426 3974 2519 4028 sed
2545 3990 2648 4030 non
2673 3978 2791 4033 sine
2819 3996 3010 4052 magno
3036 3995 3337 4056 emptorum
3361 3989 3567 4046 damno
3590 4010 3790 4051 morem

2199 4063 2567 4121 venditoribus
2596 4081 2794 4136 gerunt
2826 4090 2836 4123 :
2875 4081 2934 4127 ut
2969 4075 3111 4131 enim
3155 4087 3301 4135 recte
3348 4081 3427 4137 ait
3470 4082 3789 4142 Dracontius

2201 4150 2299 4207 lib.
2334 4170 2371 4218 t,
2401 4171 2543 4211 vers.
2571 4158 2693 4227 615,

2324 4266 2510 4319 Damna
2546 4270 2699 4321 aliena
2724 4273 2887 4325 solent
2911 4277 3109 4327 aliorum
3138 4280 3269 4331 lucra
3294 4290 3493 4348 parare.

2199 4366 2423 4423 Rivinus
2470 4380 2646 4427 tamen
2696 4390 2884 4447 magna
2930 4395 2995 4435 ex
3044 4394 3192 4451 parte
3221 4400 3314 4441 eos
3354 4405 3577 4447 errores
3608 4396 3661 4449 in
3692 4394 3784 4449 ﬁne

2195 4460 2319 4516 libri
2346 4466 2673 4523 emendavit.
2710 4468 2813 4524 Sed
2848 4473 2897 4527 in
2940 4473 3035 4528 hac
3071 4478 3181 4546 ipsa
3210 4480 3353 4536 serie
3378 4497 3632 4542 errorum
3659 4503 3784 4558 quos

2192 4555 2437 4624 corrigit,
2459 4557 2640 4626 plures
2669 4560 2759 4615 alii
2787 4564 2910 4618 novi
2938 4580 3257 4640 occurtuut,
3288 4582 3344 4626 ut
3366 4576 3512 4629 serio
3540 4555 3780 4647 inspexe-

2192 4647 2295 4700 rint
2319 4661 2386 4701 an
2411 4649 2546 4703 alius
2570 4662 2714 4707 esset
2734 4655 2891 4711 index
2918 4659 3008 4728 qui
3024 4659 3092 4714 de
3115 4660 3195 4715 Itis
3218 4666 3496 4720 erroribus
3520 4681 3776 4725 moneret.

2192 4738 2540 4808 Conjecturas
2563 4743 2736 4801 Rivini
2766 4747 2819 4802 in
2852 4749 3197 4809 Dracontium
3224 4757 3485 4814 suislocis
3507 4762 3778 4828 indicabo;

2191 4848 2325 4902 quas
2358 4834 2628 4893 interdum
2670 4840 2973 4909 probabiles
2999 4861 3142 4917 esse,
3185 4850 3278 4904 sed
3323 4851 3642 4924 plerumque
3675 4872 3779 4909 non

2191 4928 2543 4995 necessarias,
2573 4931 2730 4988 facile
2755 4935 2927 5002 quivis
2944 4938 3353 4999 animadvertet.
3376 4944 3670 5018 Leyserus,
3695 4949 3779 5018 qui

2190 5015 2567 5075 collectionem
2602 5033 2878 5093 poetarum
2908 5030 3069 5086 medii
3115 5036 3218 5088 aevi
3251 5015 3498 5105 parabat,
3534 5048 3592 5093 ut
3620 5015 3778 5095 refert

2194 5112 2247 5164 in
2279 5111 2404 5169 ltist.
2438 5129 2647 5183 eorum,
2683 5119 3024 5180 Dracontium
3043 5138 3234 5198 quarto
3264 5129 3382 5186 loco
3427 5147 3495 5186 ex
3546 5133 3771 5189 editione

2195 5200 2369 5258 Rivini
2416 5208 2675 5263 recudere
2714 5215 3082 5274 constituerat.
3126 5220 3231 5277 Sed
3264 5223 3457 5278 etlectu
3486 5227 3663 5282 caruit
3692 5226 3774 5281 ille

2193 5304 2500 5363 apparatus.

2266 5387 2356 5442 62.
2390 5389 2610 5446 Decima
2646 5396 2809 5452 editio
2854 5416 2996 5457 anno
3040 5404 3196 5471 1677,
3228 5406 3278 5461 in
3310 5406 3645 5466 Bibliotheca
3676 5411 3770 5465 Pa-

2196 5485 2337 5533 trum
2368 5478 2610 5551 Lugduni
2638 5496 2765 5543 tom.
2796 5491 2965 5559 lx,ex
2996 5510 3058 5551 ea
3081 5513 3237 5567 quam
3265 5499 3589 5557 Sirmondus
3618 5504 3767 5557 ador-

2193 5583 2433 5629 naverat.

2267 5662 2355 5717 65.
2408 5664 2701 5725 Undecima
2747 5672 2913 5731 editio
2955 5677 3116 5744 1696,
3160 5673 3305 5737 inter
3351 5685 3454 5738 alta
3502 5684 3763 5742 Sirmondi

2191 5769 2353 5824 opera
2386 5758 2557 5816 iit-fol.
2593 5773 2721 5820 tom.
2752 5769 2811 5834 ll,
2836 5786 2962 5825 cura
2993 5772 3174 5830 Jacobi
3199 5777 3267 5832 de
3299 5779 3345 5833 la
3371 5780 3573 5850 Baune,
3598 5781 3685 5853 qui
3718 5782 3765 5831 in

2196 5850 2513 5917 pru'faliotie
2539 5867 2585 5909 cl
2613 5859 2678 5913 ad
2713 5866 3002 5931 marginem
3037 5868 3304 5927 Dracontii
3337 5876 3579 5942 quaedam
3610 5876 3763 5929 δύην·
