3942 6310
117 344 229 399 655

1495 341 2016 399 PROLEGOMENA.

3299 342 3402 400 654

119 460 278 515 tavit.
311 457 554 529 chetita
576 464 657 512 est
688 455 800 511 hinc
827 456 993 512 editio
1018 458 1251 513 Venetiis
1276 457 1414 513 17ρὸ
1435 473 1556 513 cum
1581 473 1710 512 non-
1740 457 1792 519 Α
1817 459 2064 515 immense
2095 462 2234 514 Deus
2263 475 2280 514 :
2314 461 2364 515 in
2412 461 2570 518 editis
2617 476 2756 517 nunc
2807 461 3022 534 legitur,
3073 465 3184 517 Rex
3224 475 3404 519 (uterne

121 551 295 606 nullis
347 550 493 606 notis
533 549 598 603 ad
651 547 996 606 Dracontium
1029 566 1093 605 ex
1125 550 1461 623 Adversariis
1513 553 1715 608 Barthii

121 642 272 714 typis
319 640 701 696 Bartholomtei
743 640 1037 707 Gavariua;
1071 650 1126 697 et
1167 658 1350 698 rursus
1394 643 1520 697 ibid.
1558 644 1716 712 1778,

119 734 275 802 quod
307 733 506 789 alicubi
534 742 772 789 notatum
803 735 925 803 legi.
1076 729 1079 732 ’

206 828 300 881 64.
339 826 664 881 Duodecima
694 825 858 880 editio
891 841 1032 880 anno
1078 827 1239 892 1775,
1292 827 1342 881 in
1384 827 1717 882 Bibliotheca

127 919 356 975 Patrum
390 917 655 973 Gallandii
687 933 812 973 cura
843 927 897 973 ct
933 919 1128 986 studio,
1178 918 1416 975 Venetiis
1461 921 1528 973 ab
1577 935 1718 974 anno

127 1011 280 1068 1765
303 1021 360 1064 ct
385 1026 535 1080 seqq.
567 1011 860 1081 publicata,
895 1019 1039 1065 tomo
1071 1010 1140 1065 IX
1171 1012 1270 1066 hoc
1299 1028 1440 1068 anno
1472 1013 1609 1066 1775
1630 1027 1726 1067 ex-

128 1119 288 1159 cuso.
320 1103 630 1159 Gallandius
653 1104 844 1159 breves
866 1106 1170 1160 notationes
1199 1105 1403 1161 addidit
1441 1108 1725 1161 Dracontio

125 1212 199 1250 ex
225 1197 467 1265 Barthio,
490 1198 689 1253 Bauuio
709 1198 915 1254 editore
932 1214 1158 1269 operum
1186 1200 1478 1265 Sirmondi,
1505 1211 1557 1256 et
1583 1201 1726 1257 lieu-

131 1305 366 1346 mutuo.

210 1383 304 1438 65.
343 1384 556 1439 Decima
599 1383 756 1440 tertia
789 1385 955 1440 editio
990 1401 1130 1440 anno
1178 1384 1337 1454 1782,
1385 1388 1524 1442 inter
1564 1403 1728 1456 opera

132 1474 364 1531 Patrum
396 1477 776 1533 Toletanorum
817 1479 884 1534 ad
931 1480 1150 1535 codices
1182 1495 1314 1536 mss.
1349 1484 1643 1551 recognita,
1675 1491 1730 1536 et

132 1570 420 1626 nonnullis
450 1572 594 1626 notis
623 1571 895 1626 illustratzt
934 1571 1045 1644 49
1072 1589 1258 1642 opera,
1305 1575 1642 1638 auctoritate,
1677 1582 1732 1628 et

134 1663 407 1733 expensis
450 1649 864 1720 eminentissimi
905 1665 1190 1720 cardinalis
1218 1665 1492 1722 Francisci
1524 1666 1592 1722 de
1623 1666 1728 1720 Lo-

134 1772 380 1813 renzana
396 1758 786 1828 archiepisc0pi
799 1759 1064 1826 Toletani,
1081 1759 1450 1829 Hispaniarum
1469 1761 1728 1830 primatis,

139 1849 371 1917 Matriti,
396 1851 532 1920 apud
562 1849 895 1906 Joachimum
916 1851 1117 1916 lbarra,
1141 1852 1315 1908 in-fol.

138 1939 245 2009 54,
269 1952 481 1998 exstant
517 1944 782 1999 Dracontii
809 1945 972 1999 libelli
1005 1945 1070 1999 ad
1102 1945 1343 2000 codicem
1375 1948 1733 2014 Azagrensem

139 2034 436 2102 recogniti,
481 2035 813 2089 variantibus
841 2035 1163 2092 lectionibus
1190 2039 1412 2107 margini
1463 2037 1736 2107 ascriptis.

138 2125 354 2182 Totnus
386 2125 428 2181 ll
464 2127 667 2196 prodiit
706 2128 906 2184 ibidem
946 2144 1086 2185 anno
1135 2129 1293 2187 i785.
1329 2130 1739 2201 Elegantissima

141 2229 233 2275 est
262 2219 380 2275 haec
405 2219 572 2275 editio
603 2220 820 2275 Patrum
849 2220 1252 2288 Toletauorum,
1285 2239 1351 2279 ex
1377 2239 1483 2294 qua
1509 2224 1742 2293 singula-

144 2326 269 2367 rem
325 2312 548 2368 editoris
594 2313 1006 2370 eminentissimi
1063 2315 1384 2384 doctrinam,
1446 2317 1741 2386 meritaque

148 2403 318 2474 plane
349 2405 548 2459 eximia
587 2405 642 2460 in
683 2406 1076 2462 ecclesiasticas
1123 2408 1329 2464 litteras
1373 2408 1525 2463 facile
1571 2409 1743 2478 possis

150 2512 452 2568 agnoscere
479 2516 490 2550 :
523 2499 614 2566 qui
646 2515 745 2554 nos
775 2500 935 2555 etiam
959 2502 1232 2573 exemplo,
1263 2518 1385 2572 ope,
1421 2503 1744 2572 libris,quos

151 2589 343 2660 plures
382 2590 498 2658 ipse
536 2605 688 2658 suos,
725 2591 1061 2664 aliorumque
1108 2594 1161 2648 in
1209 2595 1417 2663 publica
1463 2594 1744 2651 commoda

151 2682 302 2752 typis
323 2682 578 2752 vulgavit,
610 2699 672 2738 ac
705 2683 953 2740 litteratis
977 2686 1283 2742 hominibus
1314 2688 1456 2743 dono
1478 2689 1646 2754 dedit,
1678 2688 1744 2744 ad

152 2775 277 2829 lucc
303 2783 542 2829 veterum
576 2776 790 2831 Patrum
825 2787 1172 2834 monumenta
1199 2779 1517 2835 illustranda
1545 2781 1746 2836 excita-

150 2868 255 2921 vit.
301 2865 572 2924 Dracontii
623 2870 860 2925 carmina
891 2872 1032 2926 edita
1065 2871 1223 2927 simul
1251 2883 1375 2928 sunt
1404 2889 1526 2927 cum
1553 2873 1748 2927 carmi-

151 2957 317 3013 nibus
343 2959 571 3030 aliisque
592 2960 849 3030 Operibus
874 2962 931 3015 lt.
976 2961 1195 3030 Eugeuii
1223 2981 1235 3015 :
1262 2974 1485 3032 utraque
1507 2964 1746 3019 auctiora

154 3049 249 3105 hic
277 3058 422 3115 sunt,
452 3066 612 3121 quam
642 3053 781 3122 apud
814 3052 1185 3120 Sirmoudum,
1219 3055 1492 3125 praecipue
1525 3054 1748 3124 Eugenii

153 3157 346 3215 Opera.

231 3236 324 3291 66.
355 3236 614 3308 Baycrius
662 3237 715 3292 in
766 3248 880 3293 not.
933 3238 998 3293 ad
1045 3238 1180 3293 Bibl.
1226 3248 1334 3293 vet.
1368 3239 1483 3294 Nic.
1528 3239 1747 3294 Antonii

156 3327 407 3400 quaedam
437 3328 654 3396 indicat,
681 3328 877 3399 quibus
893 3329 1055 3384 editio
1073 3345 1294 3400 operum
1330 3331 1551 3401 Eugenii
1573 3330 1749 3387 adhuc

156 3423 348 3495 augeri
378 3433 579 3494 posset,
613 3425 753 3479 inter
778 3441 898 3494 qua:
926 3423 1112 3492 refert,
1132 3425 1398 3480 recenseri
1432 3425 1484 3478 in
1517 3425 1748 3480 Historia

159 3520 507 3578 bibliotheca:
542 3519 902 3586 Cottonianze,
951 3536 1072 3591 pag.
1124 3520 1215 3586 55,
1255 3521 1358 3575 col.
1407 3519 1465 3586 2,
1508 3520 1746 3574 codicem

162 3615 413 3671 Psalterii
446 3614 683 3669 Davidici
713 3624 838 3668 ante
876 3613 1023 3668 mille
1062 3624 1115 3668 et
1162 3615 1391 3683 amplius
1430 3628 1599 3668 annos
1625 3627 1750 3668 exa-

163 3716 363 3774 ratum,
413 3708 498 3762 cui
543 3716 759 3762 assutus
804 3706 1116 3776 quintcrnio
1155 3706 1288 3760 satis
1336 3705 1592 3772 antiquus
1629 3719 1749 3758 cum

164 3802 459 3874 cpigraphe
485 3841 500 3866 ,
558 3799 736 3855 Oratio
781 3799 1004 3872 Eugenii
1053 3797 1287 3852 Toletani
1329 3799 1550 3852 versibus
1577 3813 1596 3851 :
1635 3811 1753 3865 qua:

166 3894 377 3965 incipit,
397 3891 505 3946 Rea:
527 3892 665 3948 Deus
685 3893 948 3956 immense,
967 3909 1066 3962 quo
1084 3900 1277 3944 constat
1300 3891 1536 3943 machina
1553 3889 1752 3956 mundi,

169 3988 321 4053 Quod
348 3989 502 4041 miser
534 3987 773 4057 imploro,
814 3998 866 4038 tu
896 3983 1090 4038 Christe
1117 3986 1303 4054 perfice
1334 3984 1570 4037 clemens.
1595 3981 1757 4036 Addit

171 4081 435 4151 Bayerius
459 4077 574 4133 haec
601 4094 706 4133 non
740 4077 998 4132 abluderc
1043 4077 1109 4130 ab
1144 4076 1365 4146 Eugeuii
1398 4075 1640 4129 Toletani
1666 4089 1752 4143 ge.

170 4172 282 4228 nio.
308 4169 686 4239 V’crejudicat,
715 4169 818 4224 nisi
841 4170 980 4238 quod
1014 4168 1284 4238 Eugenius
1313 4167 1489 4238 p0tius
1511 4166 1754 4230 dixisset,

171 4263 376 4320 Christe
403 4273 456 4316 tu
487 4265 672 4331 perﬁce
695 4264 932 4327 clemens,
962 4263 1045 4316 vel
1075 4263 1180 4316 alio
1209 4262 1388 4327 modo,
1422 4275 1489 4315 ne
1517 4260 1756 4315 ultimam

173 4357 224 4411 in
258 4353 459 4410 Christe
479 4355 621 4409 nulla
652 4355 858 4410 ratione
889 4354 1227 4425 produceret.
1259 4355 1362 4411 Sed
1385 4355 1640 4424 Bayerius
1667 4353 1761 4409 ob-

173 4464 395 4506 servare
425 4449 597 4518 potuit
629 4447 764 4502 hanc
812 4449 980 4516 ipsam
1013 4449 1312 4501 orationem
1341 4447 1448 4516 legi
1481 4447 1620 4500 inter
1644 4460 1763 4498 car-

175 4542 319 4596 mina
361 4539 583 4609 Eugeuii
619 4548 723 4593 tam
755 4539 808 4593 in
838 4538 1076 4593 editione
1107 4537 1208 4592 hac
1237 4537 1556 4599 Matritensi,
1601 4551 1760 4603 quiam

176 4635 229 4687 in
261 4631 680 4696 Sirmondiana;
707 4631 816 4685 imo
845 4645 964 4685 esse
999 4629 1226 4698 prinmm
1271 4627 1492 4696 Eugenii
1541 4641 1762 4681 carmen

163 4723 300 4796 ipoSt
328 4725 728 4795 praefationem.
766 4725 890 4779 Haec
919 4733 1093 4778 tamen
1119 4730 1201 4778 est
1222 4721 1602 4790 discrepantia,
1621 4721 1762 4788 quod

179 4816 386 4886 primus
409 4829 595 4869 versus
616 4814 668 4869 in
697 4814 778 4868 his
797 4814 1124 4869 editionibus
1153 4813 1224 4867 ita
1251 4813 1440 4867 habet:
1471 4812 1581 4865 Rex
1602 4812 1759 4880 Deus,

180 4910 413 4963 immensi
434 4925 532 4978 quo
558 4917 754 4963 constat
767 4909 1001 4962 machina
1018 4907 1194 4961 mundi
1219 4924 1236 4962 :
1260 4906 1527 4961 secundus
1545 4920 1763 4960 versus:

182 5002 336 5066 Quod
369 5005 519 5058 miser
547 4999 811 5073 Eugenius
851 5018 1022 5073 posco,
1054 5011 1108 5054 tu
1139 5001 1324 5073 perﬁce
1344 5001 1581 5054 clemens.
1614 4999 1768 5065 Quod

180 5094 537 5150 rcformatum
584 5095 776 5164 opinor
803 5095 869 5148 ad
898 5110 1048 5149 usum
1080 5097 1451 5160 ecclesiarum,
1493 5093 1544 5146 in
1577 5092 1772 5162 quibus

177 5206 244 5245 ea
270 5191 439 5244 oratio
465 5190 777 5255 cauebatur,
825 5205 998 5260 neque
1040 5191 1322 5260 oportebat
1349 5193 1644 5263 Eugenium
1670 5211 1769 5248 no-

179 5283 403 5348 minari,
436 5299 558 5337 cum
591 5283 731 5338 alius
773 5299 868 5353 pro
900 5299 959 5339 se
988 5294 1186 5340 oraret.
1223 5285 1396 5341 Aliter
1423 5288 1769 5343 reformatum

179 5388 270 5432 est
296 5377 436 5446 apud
469 5377 780 5434 Browerum
814 5380 864 5433 in
900 5380 1003 5434 line
1047 5389 1292 5435 notarum
1335 5380 1401 5435 ad
1449 5379 1770 5436 Venantium

181 5472 564 5538 Fortunatum,
599 5471 748 5538 Quod
782 5474 933 5526 miser
959 5474 1326 5545 imploro,'per
1367 5473 1626 5528 Christum
1659 5493 1773 5543 pcr-

177 5566 284 5633 ﬁce
313 5566 470 5619 mitis.
505 5565 776 5633 Quasdam
806 5568 936 5622 alias
971 5569 1256 5624 varietates
1303 5569 1352 5623 in
1401 5567 1607 5636 reliqua
1650 5584 1774 5622 ora-

183 5661 338 5715 tione
368 5661 474 5732 50
501 5663 789 5716 observare
817 5661 943 5716 licet
970 5662 1107 5730 apud
1141 5662 1472 5719 Browcrum.
1515 5662 1568 5715 lu
1604 5662 1776 5731 primo

185 5767 352 5808 versu
390 5751 571 5806 verius
599 5762 725 5822 puto
754 5753 864 5809 Rex
898 5752 1032 5806 Deus
1078 5754 1337 5818 immense,
1385 5768 1506 5823 quo.
1536 5751 1771 5820 Epistola

187 5846 494 5909 Dracomii,
530 5857 582 5898 ut
616 5847 666 5900 in
694 5862 819 5899 mss.
859 5845 1123 5902 Valictnis
1159 5846 1368 5917 legitur,
1413 5845 1620 5917 inc'pft,
1667 5843 1774 5900 Ret“-

1827 555 1984 610 Deus.
2019 554 2111 610 llla
2159 556 2273 624 ipsa
2306 557 2482 610 oratio
2511 556 2732 626 Eugenii
2775 556 3014 625 episcopi
3063 556 3305 612 Toletani
3355 560 3406 612 in

1823 651 2068 720 catalogo
2097 631 2228 706 mss.
2261 651 2600 706 bibliothecae
2618 652 2776 722 regia:
2806 650 3126 707 Parisiensis
3149 653 3407 708 indicatur

1827 741 2010 798 codice
2043 744 2169 810 5'28,
2191 744 2312 797 cod.
2335 743 2498 812 2085,
2532 745 2650 798 cod.
2671 743 2829 799 5571.
2863 743 2917 799 In
2948 745 3132 800 codice
3157 746 3410 803 Vaticano

1829 835 2196 890 Alexandrino
2223 836 2358 890 1⁸560
2385 846 2477 890 aut
2505 835 2648 891 2078
2680 846 2892 891 exstant
2915 837 3160 904 quaedam
3190 838 3410 907 Eugenii

1831 928 2090 992 carmina,
2123 937 2176 982 et
2200 928 2337 983 inter
2365 929 2466 982 alia
2501 929 2680 982 Oratio
2701 931 2928 998 ejusdem
2952 928 3189 997 Eugenii,
3218 946 3334 1000 quae
3359 931 3410 984 in

1831 1021 2104 1076 nonnullis
2135 1021 2312 1076 verbis
2335 1023 2604 1088 discrepat
2629 1021 2694 1076 ab
2722 1021 2956 1076 cditi0uc
2984 1023 3297 1088 Matritensi,
3318 1023 3411 1077 sed

1832 1114 1885 1170 in
1934 1116 2141 1171 duobus
2189 1116 2372 1184 primis
2410 1117 2658 1171 versibus
2689 1133 2810 1172 cum
2854 1111 3238 1173 ea’conscntit.
3275 1115 3410 1172 Ven.

1831 1209 2120 1264 cardiualis
2150 1209 2471 1264 'l‘homasius
2499 1210 2550 1262 in
2583 1225 2680 1264 suo
2713 1209 3003 1280 llymnario
3023 1209 3266 1265 eamdem
3295 1224 3413 1264 ora-

1835 1303 2036 1358 tionem
2067 1303 2242 1358 edidit
2270 1302 2369 1356 sub
2399 1302 2620 1371 Eugenii
2668 1302 2909 1357 Toletani
2960 1304 3202 1363 nomine.
3235 1303 3318 1358 cui
3350 1305 3415 1359 ab

1833 1395 2059 1450 Alcuino
2091 1396 2143 1449 in
2193 1395 2388 1449 officiis
2429 1410 2524 1464 per
2558 1395 2718 1450 ferias
2762 1395 2956 1450 ascribi
3000 1395 3414 1450 animadvertit:

1834 1488 1959 1556 legit
1981 1498 2183 1554 autem,
2213 1486 2322 1542 Rea:
2349 1486 2506 1552 Deus,
2542 1488 2774 1541 immensi
2815 1505 2919 1557 quo,
2954 1496 3150 1541 constat
3181 1488 3416 1543 machina

1834 1581 2034 1644 mundi,
2091 1580 2242 1645 Quod
2291 1580 2446 1634 miser
2488 1580 2733 1651 imploro,
2777 1591 2832 1634 tu
2872 1578 3070 1635 Christe
3111 1582 3296 1652 perﬁce
3321 1579 3418 1636 διες

1833 1687 1972 1725 ηιρηε
1983 1714 1992 1722 .

2433 1764 2657 1821 CAPUT
2700 1763 2810 1819 Vll.

1345 1851 1514 1908 Τοῐηο
1545 1853 1583 1918 li
1610 1870 1729 1923 [’38-
1763 1843 1813 1906 Β
1842 1879 2110 1934 Dra‘contii
2140 1879 2242 1932 duo
2265 1879 2462 1933 codices
2501 1896 2622 1933 mss.
2666 1879 2977 1932 bibliotheca:
3013 1879 3291 1947 Vaticanus,
3322 1894 3420 1934 cte-

1913 1951 2032 2004 teris
2062 1953 2334 2016 auctiores,
2358 1967 2575 2020 quorum
2601 1951 2749 2004 nulla
2778 1951 2968 2005 mentio
2996 1951 3135 2022 apud
3163 1951 3312 2006 alios.

1913 2066 2001 2119 67.
2039 2066 2306 2120 Hactenus
2336 2065 2402 2119 de
2436 2065 2718 2120 Dracontio
2748 2079 2868 2135 quae
2891 2065 2981 2120 alii
3012 2065 3312 2121 docuerunt
3333 2081 3422 2121 ex-

1844 2161 1994 2228 posui
2022 2178 2033 2213 :
2065 2159 2306 2229 sequitur
2337 2169 2393 2214 ut
2414 2161 2628 2214 codices
2657 2160 2792 2215 duos
2823 2159 3126 2225 Vaticanos,
3161 2176 3190 2214 a
3213 2161 3425 2215 nemine

1843 2260 1996 2306 antea
2022 2253 2269 2316 collatos,
2312 2268 2455 2306 nunc
2485 2252 2814 2306 describam.
2863 2253 3075 2306 Primus
3115 2263 3197 2307 est
3239 2251 3428 2306 biblio-

1847 2344 2015 2398 theca:
2057 2338 2331 2398 Urbina'tis
2379 2359 2528 2397 num.
2583 2341 2710 2409 552,
2761 2344 3202 2399 membranaeeus
3249 2342 3426 2397 in-fol.

1846 2434 2104 2498 maximo,
2118 2433 2518 2504 elegantissime
2537 2442 2590 2488 et
2610 2433 2790 2487 mttltis
2816 2435 3227 2489 versicoloribus
3243 2435 3433 2490 litteris

1847 2537 2120 2581 exaratus.
2148 2526 2319 2596 Opera
2354 2527 2402 2579 in
2437 2541 2502 2580 eo
2534 2527 2678 2580 varia
2703 2529 3068 2592 continentur,
3093 2543 3209 2598 quae
3235 2528 3289 2581 in
3322 2528 3434 2596 pul-

1849 2617 2123 2672 cherrimo
2150 2617 2354 2672 circulo
2387 2619 2542 2673 initio
2575 2618 2694 2671 libri
2724 2619 2943 2687 praefixo
2967 2620 3167 2676 circum
3201 2619 3435 2691 undique

1851 2709 2081 2764 indicata
2112 2719 2254 2762 sunt.
2293 2709 2346 2761 ln
2380 2711 2484 2763 line
2525 2720 2655 2762 aetas
2685 2711 2885 2764 codicis
2914 2712 2966 2764 et
3010 2725 3202 2765 nomen
3234 2711 3436 2765 exseri-

1851 2803 2020 2871 ptoris
2048 2802 2338 2856 adnotatur
2364 2801 2448 2854 his
2475 2801 2651 2856 verbis
2677 2818 2689 2854 :
2726 2800 3005 2856 Fctlericus
3041 2801 3321 2857 l'eteranus
3342 2801 3435 2856 Ur-

1852 2895 1996 2949 binas
2044 2895 2367 2961 transcripsit
2411 2911 2547 2947 anno
2577 2896 2758 2948 salutis
2804 2910 3132 2950 nocentum
3177 2896 3251 2950 id.
3299 2897 3432 2967 Aug.

1853 2986 2224 3042 Pulcherrime
2257 2986 2461 3042 litteras
2493 2985 2758 3041 formabat
2786 2986 3084 3043 Veteranus
3115 3006 3126 3040 :
3154 3003 3323 3056 neque
3354 2999 3437 3043 ta-

1763 3125 1772 3157 .“
1855 3095 1980 3134 men
2026 3079 2142 3148 ejus
2194 3093 2389 3133 nomen
2437 3078 2596 3134 video
2630 3079 2770 3133 inter
2799 3080 3158 3149 exscriptores
3191 3079 3436 3134 codicum

1775 3203 1823 3268 ο
1855 3171 2195 3227 Ιήὺιίοιὴροίιξ
2241 3169 2620 3225 Laurentinum
2661 3186 2688 3222 a
2732 3170 2999 3225 Bandiuio
3031 3170 3320 3240 diligenter
3349 3185 3439 3224 re-

1854 3263 2109 3318 censitos.
2134 3256 2364 3331 Operum
2383 3276 2502 3332 quae
2517 3262 2688 3316 codex
2713 3261 3089 3329 complectitur
3106 3276 3209 3316 non
3236 3269 3437 3316 tantum

1853 3355 2096 3409 ordinem
2129 3353 2381 3422 referam,
2415 3369 2601 3409 verum
2634 3355 2798 3408 etiam
2824 3355 3066 3409 notitiam
3096 3354 3330 3424 aliquam
3354 3369 3440 3410 ex-

1854 3445 2072 3500 hibebo.

1928 3538 2015 3593 68.
2050 3537 2231 3592 Primo
2286 3537 2403 3592 loco
2449 3539 2683 3593 occurrit
2715 3537 3136 3593 Anticlaudianus
3189 3538 3252 3592 de
3301 3537 3442 3593 beato

1857 3629 2051 3697 Puero,
2078 3632 2224 3685 nullo
2253 3631 2489 3687 auctoris
2513 3633 2747 3688 iudicato
2778 3633 2993 3688 nomine
3024 3634 3075 3686 in
3107 3633 3321 3697 codice;
3349 3632 3443 3687 sed

1857 3733 2062 3778 constat
2091 3739 2210 3778 esse
2237 3724 2463 3778 Alanum
2495 3725 2761 3794 Magnum,
2793 3725 2860 3779 de
2881 3740 2987 3794 quo
3008 3735 3169 3793 agunt
3192 3724 3444 3780 Bailletus

1859 3819 1913 3873 in
1934 3819 2071 3873 libro
2087 3818 2152 3872 de
2171 3818 2393 3886 Scriptis
2413 3818 2516 3888 51
2536 3817 2747 3886 Anti,Eet
2768 3817 3046 3872 Fabricius
3069 3819 3120 3871 in
3146 3816 3281 3871 Bibl.
3300 3817 3441 3871 med.

1861 3918 1916 3963 ct
1942 3909 2037 3963 inf.
2061 3909 2178 3963 Lat.
2205 3909 2408 3964 Novem
2454 3919 2578 3963 sunt
2608 3910 2750 3974 libri,
2781 3924 2915 3979 quos
2946 3909 3046 3964 sub
3073 3909 3174 3963 hoc
3197 3909 3346 3963 titulo
3386 3909 3449 3963 de

1862 4003 2006 4056 beato
2039 3999 2210 4056 Puero
2253 4018 2280 4055 a
2317 4002 2532 4056 nemine
2565 4001 2810 4055 laudatos
2840 4001 2973 4055 vidi.
3008 4000 3118 4054 Etsi
3146 4008 3323 4054 autem
3356 3999 3404 4054 al
3432 4000 3445 4052 i

1862 4095 2017 4148 aliter
2049 4103 2260 4164 putant,
2294 4107 2470 4149 tamen
2502 4094 2769 4149 assentior
2794 4094 2879 4150 his
2918 4095 3006 4164 qni
3038 4095 3308 4148 affirmant
3334 4108 3452 4148 car—

1864 4203 1987 4243 men
2033 4187 2100 4242 ab
2151 4196 2371 4243 auctore
2421 4189 2856 4242 Anticlaudianus
2900 4187 3066 4243 fuisse
3112 4188 3452 4257 inscriptum,

1867 4283 1986 4350 quia
2019 4279 2372 4334 Clattdianum
2403 4279 2630 4344 imitari,
2662 4279 2782 4348 ejus
2812 4280 3018 4336 scilicet
3047 4281 3244 4352 stylum
3279 4280 3455 4348 expri-

1867 4390 2017 4430 mere
2047 4384 2270 4428 conatus
2294 4385 2394 4441 est,
2430 4383 2485 4427 ut
2527 4374 2607 4428 vel
2648 4388 2711 4427 ex
2754 4374 2940 4442 primis
2984 4374 3230 4428 versibus
3282 4371 3454 4439 co‘ligi

1869 4476 2046 4535 potest
2072 4485 2082 4520 :

1999 4562 2221 4609 Auctoris
2248 4560 2470 4608 mendico
2492 4558 2686 4620 stylum,
2714 4556 3038 4620 phalerasque
3065 4562 3242 4618 poetae.

1994 4622 2068 4670 Ne
2093 4635 2201 4670 mea
2227 4621 2440 4683 segnitie
2475 4620 2578 4669 Clio
2603 4619 2797 4680 dejecta
2820 4626 3062 4669 senescat.

1871 4729 2052 4798 Neque
2073 4731 2211 4782 enim
2239 4729 2345 4781 anti
2367 4741 2580 4796 semper
2598 4736 2772 4780 contra
2793 4727 2845 4780 in
2868 4728 3283 4794 compositiones
3305 4724 3460 4793 signi-

1875 4824 1998 4877 ficat
2029 4841 2041 4874 :
2075 4823 2153 4877 sic
2197 4821 2552 4882 aestimatis);
2603 4834 2708 4872 non
2751 4831 2831 4872 est
2872 4829 3056 4873 contra
3107 4835 3316 4889 regem,
3367 4818 3460 4873 sed

1880 4931 2073 4986 prorex
2095 4960 2107 4982 ,
2145 4915 2223 4969 vel
2255 4917 2341 4984 qui
2375 4914 2515 4984 regis
2550 4914 2724 4968 locum
2755 4913 2979 4968 obtinet.

1951 5011 2041 5065 69.
2073 5008 2479 5062 Anticlaudiano
2507 5006 2744 5060 succedit
2776 5007 2987 5060 Arator.
3019 5004 3124 5060 Sed
3153 5020 3270 5059 cum
3304 5003 3464 5074 hujus

1880 5102 2116 5156 carmina
2157 5115 2275 5155 cum
2319 5101 2416 5152 hoc
2459 5108 2512 5153 et
2543 5099 2662 5152 aliis
2703 5097 2976 5152 codicibus
3005 5097 3358 5162 contulerim,
3400 5093 3467 5150 de

1881 5210 1945 5249 eo
1976 5191 2272 5246 disserendi
2303 5191 2451 5245 locus
2477 5190 2827 5260 Opportunior
2849 5205 2952 5244 non
2977 5188 3178 5256 deerit,
3204 5195 3261 5241 ut
3289 5201 3467 5256 spero.

1881 5288 2109 5352 Tantum
2163 5285 2392 5339 monebo
2424 5285 2670 5353 [duorum
2724 5284 2979 5338 librorum
3032 5281 3466 5344 distinctionem,

1882 5397 2000 5452 quae
2043 5381 2094 5433 in
2135 5379 2254 5432 aliis
2297 5375 2575 5433 codicibus
2614 5391 2865 5446 expressa
2906 5383 3022 5440 est,
3057 5373 3109 5428 in
3159 5373 3260 5427 hoc
3291 5371 3473 5426 codice

1889 5489 1994 5527 non
2028 5486 2304 5540 apparere.

1963 5565 2050 5620 70.
2104 5562 2226 5617 Post
2280 5564 2562 5618 Aratorem
2609 5570 2825 5617 exstant
2879 5557 3066 5629 Escpi
3115 5557 3326 5628 apolugi
3375 5557 3476 5611 hoc

1889 5659 2039 5712 titulo
2058 5674 2070 5712 :
2089 5656 2249 5726 Esopi
2277 5655 2492 5726 Phrygii
2535 5655 2766 5730 Fabulis,
2798 5655 2947 5708 dicta:
2976 5652 3202 5724 apologi,
3231 5651 3478 5705 traducta:

1885 5752 1939 5802 in
1964 5750 2191 5818 linguam
2223 5747 2461 5802 Latinam
2489 5748 2758 5815 incipiunt.
2802 5745 3120 5801 Laurentius
3153 5743 3478 5814 Zaccagnius

1889 5858 2045 5896 manu
2077 5859 2170 5898 sua
2205 5842 2342 5898 hanc
2375 5850 2553 5898 notam
2585 5827 2811 5916 margini
2838 5841 3030 5913 adjecit
3057 5858 3069 5896 :
3105 5839 3281 5895 Versio
3304 5850 3477 5895 aucto-
