3942 6310
491 343 590 404 6311
1913 338 2356 398 DRACONTIUS.

3660 329 3767 386 63‘

491 465 562 517 ris
591 461 786 532 antiqui
813 475 844 515 α
875 458 1096 516 ΡΙιωάτο
1130 459 1346 528 diuersi,
1381 475 1496 532 qua
1522 468 1684 516 exstat
1716 458 1864 513 etiam
1897 459 1950 513 in
1980 473 2069 512 σο·
2097 461 2150 526 Α
2177 457 2281 532 53
2313 458 2469 512 Liber
2501 455 2765 512 secundus
2793 464 2874 512 est
2903 457 2966 510 de
2987 455 3216 510 Adventu
3241 451 3544 508 Antichristi
3563 493 3578 518 ,
3603 466 3770 520 quem

495 552 609 606 dice
655 549 905 606 Vaticano
936 568 1076 606 num.
1109 550 1274 617 2868,
1304 550 1398 623 fol.
1430 552 1519 608 55.
1559 550 1740 621 Neque
1766 551 1816 606 id
1848 565 1977 604 sane
2016 550 2067 604 in

489 641 708 697 dubium
729 643 922 698 cadere
945 651 1152 711 poerat
1175 661 1187 695 :
1207 657 1336 714 nam
1362 657 1546 699 versus
1568 641 1723 712 hujus
1747 643 1924 710 operis
1947 651 2069 696 sunt

489 733 734 804 elegiaci,
767 747 955 788 versus
985 732 1194 788 Pbtedri
1225 735 1435 790 iambici
1465 733 1760 790 liberiores.
1813 733 1946 788 lllud
1975 748 2067 802 po-

491 825 594 880 tius
621 824 965 894 quarendum
997 824 1212 891 fuisset,
1238 840 1302 880 an
1335 834 1522 880 auctor
1547 825 1733 879 harum
1768 825 2065 878 tabularum

488 926 632 971 esset
659 917 916 972 Avienus.
967 915 1161 972 Verum
1193 916 1321 972 mihi
1354 925 1608 986 utrasque
1629 914 1926 970 confercnti
1959 915 2066 968 dis-

487 1008 691 1062 crimen
737 1007 878 1062 illico
902 1008 1089 1077 patuit.
1122 1009 1405 1064 Auctorem
1446 1021 1566 1061 esse
1617 1006 1972 1062 Christianum
2001 1021 2063 1060 ex

490 1102 571 1155 his
601 1103 803 1173 prologi
833 1096 1074 1160 versibus
1097 1104 1322 1173 co!ligo:

616 1193 869 1258 Ut_messis
891 1197 1107 1258 pretium
1119 1197 1180 1244 de
1222 1196 1298 1245 vili
1323 1200 1492 1258 surgat
1517 1194 1693 1256 agello.

673 1256 1062 1318 Verbula‘sicca,
1089 1257 1243 1316 Deus,
1270 1257 1493 1319 complue
1517 1270 1628 1305 rore
1655 1267 1797 1304 novo.

490 1342 670 1414 Neque
700 1345 841 1398 enim
871 1357 1040 1414 poeta:
1069 1345 1265 1400 ethnici
1310 1346 1380 1399 ita
1410 1345 1551 1413 loqui
1583 1343 1847 1397 solebant.
1881 1340 2068 1395 Obiter

489 1437 708 1490 verbum
742 1453 904 1494 unum
937 1439 991 1492 in
1021 1454 1163 1493 vers.
1192 1454 1305 1508 seq.
1336 1437 1664 1492 emendabo:

611 1530 884 1581 Verborum
909 1532 1083 1582 lenitas
1105 1545 1292 1581 morum
1315 1530 1410 1581 fert
1433 1531 1621 1594 pondus
1644 1530 1921 1578 honestum.

489 1616 591 1672 Pro
630 1619 808 1672 lenitas
849 1620 1018 1688 legam
1059 1619 1265 1687 levitas,
1312 1626 1370 1672 ut
1403 1626 1574 1672 metro
1607 1616 1908 1671 consulam.
1947 1612 2067 1667 Phi-

490 1710 663 1780 lippus
693 1711 936 1766 Labbeus
965 1713 1014 1765 in
1043 1711 1174 1768 Nov.
1207 1713 1338 1765 llibl.
1373 1726 1527 1776 mss.,
1563 1710 1678 1764 sive
1707 1709 1938 1779 Specitn.
1975 1723 2068 1762 an-

2175 550 2449 604 Antitlieon
2483 557 2636 603 vocat
2667 556 2840 617 poeta.
2883 546 3038 602 Liber
3069 545 3258 600 tertius
3289 544 3351 598 de
3400 542 3573 597 Marte
3612 544 3771 596 Anti-

2171 641 2348 696 clm'sti
2366 684 2381 706 ,
2414 641 2780 696 resurrectione
2810 648 3158 700 mortuorum,
3188 625 3235 691 et
3262 639 3435 705 {arma
3457 635 3679 707 judicii.
3711 635 3768 687 In

2171 734 2423 801 catalogis
2452 733 2696 786 codicum
2731 744 2856 784 mss.
2894 745 2962 798 qu
2985 729 3138 783 rdam
3180 726 3493 784 indicantur
3523 727 3766 780 carmina

2170 827 2238 881 de
2281 826 2520 890 Iudicio;
2571 824 2664 879 sed
2706 839 2823 892 qua:
2868 823 2935 878 ab
2975 823 3077 876 hoc
3117 832 3361 889 poemate
3400 820 3618 874 diversa
3644 832 3768 872 esse

2174 919 2329 974 facile
2362 921 2430 972 sit
2473 932 2716 988 arguere.
2762 914 3188 968 Montfauconius
3233 913 3374 967 inter
3417 911 3639 966 codices
3683 927 3770 964 re—

2169 1013 2308 1082 ginae
2349 1013 2558 1066 Suecia:
2602 1021 2882 1064 enumerat
2921 1008 3169 1078 anonymi
3207 1006 3448 1061 carmina
3489 1005 3557 1058 de
3603 1004 3772 1074 signis

2162 1104 2352 1174 jndicii
2394 1118 2540 1156 num.
2587 1102 2746 1168 1560,
2791 1101 2950 1154 simul
2989 1115 3107 1152 cum
3148 1095 3471 1160 Tlieodullo,
3517 1096 3679 1149 Avito
3717 1106 3772 1146 et

2171 1193 2310 1246 aliis.
2347 1193 2464 1246 Vidi
2499 1192 2637 1245 hunc
2667 1190 2940 1254 codicem,
2971 1191 3060 1259 qui
3083 1204 3225 1244 nunc
3244 1197 3328 1242 est
3355 1186 3770 1242 Alexandrinus

2173 1301 2320 1340 num.
2360 1285 2526 1338 2078.
2566 1284 2760 1338 Versus
2797 1284 2870 1336 illi
2901 1283 2968 1338 de
2990 1283 3192 1351 judicio
3217 1281 3396 1336 solum
3421 1291 3550 1334 sunt
3573 1280 3645 1336 25
3677 1281 3769 1332 he-

2172 1377 2396 1432 xametri
2420 1417 2435 1441 ,
2464 1390 2688 1446 quorum
2725 1376 2924 1427 tuentio
2949 1375 3002 1427 lit
3034 1373 3172 1441 apud
3198 1371 3670 1428 Saresberiensem
3704 1378 3769 1422 de.

2173 1466 2305 1536 Nug.
2339 1467 2526 1520 curial.
2563 1465 2650 1519 lib.
2686 1480 2755 1532 tt,
2789 1479 2907 1533 cap.
2936 1465 2990 1530 5,
3016 1464 3108 1518 sed
3142 1465 3192 1517 in
3228 1465 3330 1518 hoc
3359 1463 3556 1520 codice
3588 1463 3766 1516 mutili

2174 1568 2226 1612 et
2258 1555 2550 1626 imperfecti
2575 1564 2728 1619 sunt;
2762 1557 2966 1624 primus
2997 1554 3067 1608 ita
3101 1555 3299 1609 habet:

2297 1647 2470 1696 .ludicii
2496 1649 2708 1708 signum,
2736 1645 2882 1695 tellus
2903 1645 3081 1694 sudore
3103 1645 3355 1694 madescit.

2180 1734 2322 1788 ldetn
2369 1731 2788 1786 Momfuuconius
2829 1745 2949 1799 pag.
3002 1729 3137 1783 1156
3173 1744 3236 1781 ex
3270 1727 3594 1781 bibliOtheca

489 1802 582 1898 t_iq°
611 1801 757 1898 Ieci"
790 1802 915 1898 dm,“
947 1814 1193 1898 τθθθηδθξ
1215 1811 1396 1869 meus
1425 1817 1650 1898 quof‘fm
1674 1802 2069 1898 ⁰³τ¹¹¹ί¹¹³ξ¹⁰¹¹⁶
2098 1836 2150 1898 Β
2176 1827 2523 1881 Germaneusi
2552 1823 2747 1878 iudicat
2774 1821 2994 1894 Sibylla:
3017 1837 3202 1875 versus
3227 1821 3287 1874 de
3319 1818 3414 1874 Die
3427 1821 3622 1890 judicii
3640 1819 3764 1872 cod.

487 1893 613 1946 dum
636 1892 777 1946 edita
799 1893 1017 1963 vulgare
1040 1894 1352 1954 conabatur.
1381 1908 1498 1962 pag.
1523 1893 1592 1947 66
1615 1902 1875 1946 memorat
1897 1889 2066 1945 Also-

488 1983 538 2051 pi
586 1981 812 2037 Fabulas
851 1985 1092 2038 versibus
1130 1984 1380 2053 elegiacis
1426 1999 1490 2036 ex
1530 1983 1714 2038 codice
1753 1982 1898 2052 regio
1939 1981 2063 2044 895,

487 2087 706 2141 quarum
742 2073 948 2129 initium
975 2085 1088 2128 erat
1114 2093 1126 2126 :

622 2165 728 2282 ὅθ
759 2173 821 2223 Ut
846 2174 1003 2236 iuvet,
1026 2181 1080 2224 ut
1105 2178 1276 2237 prosit,
1296 2182 1500 2224 conatur
1523 2178 1697 2236 pagina
1719 2186 1952 2236 priesens,

721 2236 876 2282 ulcius
899 2238 1119 2282 arrident
1146 2243 1274 2282 seria
1302 2240 1423 2282 Dicta
1461 2239 1592 2282 iocis.

721 2236 876 2284 nicius
899 2236 1119 2286 arrident
1146 2236 1274 2288 seria
1301 2240 1423 2300 picta
1455 2239 1592 2300 jocis.

488 2317 578 2374 Eua
604 2328 726 2374 sunt
755 2329 902 2376 certe
932 2322 1124 2376 fabula:
1152 2337 1221 2391 qu
1243 2337 1270 2371 υ
1296 2322 1636 2390 reperiuntur
1658 2319 1710 2374 in
1747 2320 1845 2372 hoc
1876 2319 2064 2374 codice

492 2410 774 2466 Vaticano:
801 2427 921 2468 nam
963 2414 1170 2468 initium
1200 2413 1339 2468 idem
1367 2422 1450 2466 est
1486 2413 1786 2480 utrobique.
1825 2413 2067 2468 Labbeus

487 2505 722 2560 nondum
765 2507 1110 2576 inquisierat,
1139 2522 1206 2561 an
1239 2505 1430 2561 fabulae
1461 2506 1662 2560 codicis
1702 2506 1832 2574 regii
1865 2507 2065 2561 ezedem

487 2607 666 2660 essent
703 2613 764 2651 ac
810 2596 1002 2652 fabulae
1067 2597 1268 2652 codicis
1313 2598 1588 2667 cujusdam
1630 2598 1935 2667 Vigncriani
1985 2601 2067 2654 in-

487 2688 670 2766 scripti
701 2688 849 2743 Liber
890 2689 1102 2761 HisOpi,
1135 2690 1185 2744 in
1218 2705 1322 2759 quo
1351 2700 1467 2744 erat
1501 2690 1676 2745 fabula
1705 2699 1787 2746 sat
1819 2691 1969 2760 longa
2002 2690 2069 2747 dc

489 2782 612 2846 lupo
641 2789 694 2836 et
723 2781 976 2850 opilione.
1008 2781 1064 2836 In
1094 2783 1278 2837 covlice
1311 2781 1565 2837 Vaticano
1587 2794 1854 2853 postrema
1883 2791 1966 2838 est
1996 2783 2068 2837 fa-

488 2875 605 2928 bula
636 2875 703 2929 de
731 2875 856 2944 lupo
885 2887 938 2932 et
969 2885 1210 2945 pastore,
1244 2876 1336 2931 sed
1363 2876 1494 2932 satis
1524 2877 1680 2946 longa
1715 2893 1819 2929 non
1851 2887 1949 2933 εει.
1985 2878 2068 2931 ln-

487 2975 568 3019 ter
593 2965 828 3020 Marbodi
851 2967 1086 3027 carmina
1108 2967 1211 3022 col.
1247 2967 1382 3022 1169
1407 2967 1601 3037 legitur
1628 2967 1804 3023 fabula
1833 2969 1900 3022 de
1927 2971 2069 3024 fran-

491 3056 557 3110 de
583 3071 611 3109 a
644 3057 766 3128 lupo
794 3058 1016 3126 opilioni
1047 3058 1212 3126 facta,
1245 3073 1366 3129 qum
1400 3058 1473 3114 ita
1515 3058 1730 3127 quidem
1758 3059 1917 3130 longa
1948 3070 2025 3115 est
2047 3101 2064 3128 ,

491 3157 546 3202 ut
583 3150 680 3204 hac
719 3163 788 3202 ex
823 3158 970 3217 parte
1007 3149 1191 3204 eadem
1222 3148 1332 3217 ipsa
1367 3163 1485 3204 esse
1530 3151 1700 3220 possit
1730 3164 1889 3218 quam
1925 3151 2066 3206 Lab-

489 3242 617 3296 lieus
638 3213 837 3303 laudat.
860 3241 1123 3311 Leyserus
1146 3241 1198 3294 in
1226 3213 1358 3294 Ilist.
1387 3213 1695 3312 poetsmed.
1719 3213 1824 3296 rev.
1849 3241 1914 3296 ad
1937 3257 2062 3296 ann.
2097 3213 2144 3277 Ο

487 3335 656 3400 1514,
697 3348 816 3404 pag.
846 3334 1009 3401 2007,
1049 3333 1248 3404 profert
1279 3334 1482 3388 tabulas
1522 3333 1800 3406 cujusdam
1832 3335 2067 3398 Adolphi

487 3435 669 3482 contra
721 3428 1001 3495 mulieres,
1054 3444 1171 3496 quin
1216 3423 1481 3483 distinette
1530 3428 1792 3498 longeque
1836 3428 2066 3484 diversze

431 3516 435 3520 ’
488 3528 608 3572 sunt
632 3533 660 3572 a
690 3518 884 3572 fabulis
909 3517 1109 3574 codicis
1138 3518 1397 3574 Vaticani.
2068 3501 2070 3503 b

559 3611 647 3666 71.
718 3610 846 3664 Post
903 3611 1106 3665 fabulas
1169 3612 1218 3666 in
1271 3611 1455 3668 codice
1511 3617 1635 3668 sunt
1681 3611 2070 3686 Epigrammata

491 3701 730 3774 Prosper:
773 3719 836 3757 ea:
878 3703 937 3758 S.
983 3705 1452 3774 Augustino:quaz
1491 3705 1688 3774 saepius
1727 3704 1868 3759 edita
1909 3715 2063 3774 sunt,

487 3796 579 3852 sed
608 3797 722 3852 haec
750 3812 868 3852 cum
895 3798 1052 3852 editis
1081 3796 1310 3854 conferri
1335 3798 1568 3865 debent,
1600 3810 1654 3854 et
1684 3814 1710 3852 a
1746 3815 1831 3855 me
1850 3841 1864 3864 ,
1893 3800 1938 3855 si
1969 3815 2064 3853 va-

491 3891 662 3956 cabit,
699 3889 1063 3944 conferentur.
1091 3889 1441 3944 Praemittitur
1468 3891 1794 3960 ep'gramma
1821 3890 1961 3959 quod
1999 3891 2067 3947 ab

490 3981 648 4038 editis
677 3982 860 4047 abest,
906 3982 998 4037 sed
1028 3997 1056 4036 a
1103 3982 1302 4037 Mansio
1332 3984 1382 4037 in
1409 3983 1783 4038 Additionibus
1822 3983 1888 4038 ad
1929 3985 2063 4039 Bibl.

487 4077 628 4131 med.
669 4086 719 4138 et
767 4077 857 4132 iul.
907 4078 1003 4131 aevi
1047 4077 1272 4133 Fabricii
1301 4079 1615 4147 productum
1665 4077 1762 4132 luit
1790 4094 1852 4132 ex
1882 4079 2066 4132 codice

489 4167 754 4222 Francisci
788 4168 967 4222 Marim
1001 4169 1332 4224 Florentinii.
1371 4171 1566 4226 Versus
1595 4171 1810 4224 ultimus
1837 4171 1888 4224 in
1921 4172 2064 4227 Man-

488 4261 566 4314 sio
602 4258 888 4314 mendosus
919 4268 1034 4330 est,
1076 4262 1136 4315 Si
1172 4262 1370 4316 demum
1405 4265 1516 4318 coeli
1549 4265 1761 4334 cupiunt
1791 4267 1879 4336 qui
1921 4282 2066 4320 scan-

489 4353 602 4407 dere
641 4369 869 4423 regnum.
917 4353 1108 4409 Noster
1149 4355 1317 4412 codex
1361 4357 1551 4424 habet,
1600 4357 1867 4413 Sidereum
1917 4359 2060 4426 caeli,

487 4457 591 4501 etc.

559 4537 646 4592 72.
669 4537 919 4608 Sequitur
947 4553 1160 4595 carmen
1190 4541 1500 4610 inscriptum
1530 4541 1787 4599 Evaxrea:
1816 4545 2057 4609 Arabum,
2091 4585 2148 4650 Β

491 4630 564 4685 De
591 4630 855 4684 virtutibus
885 4631 1145 4698 lapidum,
1173 4631 1315 4700 quod
1348 4633 1534 4700 incipit
1558 4651 1571 4687 :

609 4721 738 4786 Eva:
763 4734 852 4770 rex
876 4721 1089 4786 Arabum
1113 4721 1268 4774 fertur
1291 4725 1542 4786 scripsisse
1565 4723 1770 4785 Neroni,

610 4781 702 4842 Qui
728 4790 835 4846 post
859 4784 1132 4845 Augustum
1165 4781 1456 4847 regnavit'iu
1485 4787 1608 4836 orbe
1631 4781 1891 4837 secundus.

489 4869 684 4922 Auctor
710 4867 761 4922 in
789 4868 970 4924 codice
1013 4885 1118 4923 non
1149 4871 1470 4936 nominatur,
1504 4871 1595 4927 sed
1626 4882 1712 4927 est
1740 4873 2056 4937 Marbodns;

489 4961 574 5029 qui
605 4961 710 5024 ait,
748 4976 806 5015 se
854 4961 1041 5016 Evacis
1071 4962 1235 5018 libros
1271 4965 1322 5018 in
1361 4966 1733 5035 compendium
1764 4966 2056 5035 redegisse.

491 5052 665 5108 Adisis
696 5053 991 5110 Fabricium
1019 5055 1070 5110 in
1097 5057 1228 5111 Bibl.
1259 5059 1396 5112 med.
1422 5067 1474 5114 et
1498 5060 1590 5113 inf.-
1622 5059 1796 5114 Latiu.
1825 5069 1876 5116 et
1902 5075 2062 5128 Opera

491 5147 779 5202 llildeberti
803 5154 858 5202 et
887 5149 1119 5204 Marbodi
1153 5147 1375 5206 Parisiis
1407 5151 1544 5205 1703
1573 5153 1737 5207 edita.

557 5237 645 5293 73.
693 5239 942 5294 Succedit
986 5254 1171 5310 poema
1228 5242 1294 5296 de
1352 5242 1557 5310 judicio
1603 5255 1866 5309 extremo,
1917 5245 2067 5313 cujus

487 5330 625 5398 apud
651 5333 784 5388 alios
819 5334 1017 5389 mentio
1049 5335 1191 5389 nulla
1234 5335 1361 5388 mihi
1391 5336 1643 5390 occurrit.
1679 5337 1956 5406 Inscriptio
1986 5345 2069 5392 est

489 5421 698 5480 Crisias.
741 5422 882 5479 Libri
927 5436 1050 5481 sunt
1095 5435 1220 5482 tres.
1269 5427 1448 5481 Primo
1495 5429 1837 5498 praemittitur
1879 5429 2066 5483 titulus

490 5514 610 5570 hic:
639 5514 826 5588 Incipit
868 5521 992 5573 liber
1033 5521 1228 5592 primus
1273 5518 1533 5576 Crisiados
1575 5523 1641 5576 de
1676 5522 1832 5595 signis
1867 5527 2066 5592 'prtcce-

489 5608 718 5661 dentibus
742 5610 1017 5676 judicium.
1053 5613 1282 5666 Initium:

611 5697 718 5766 ﬂuc
739 5712 854 5762 sge,
876 5701 1105 5762 Calliope,
1132 5713 1262 5754 coetu
1285 5706 1508 5755 comitata
1531 5717 1768 5766 sororum,

613 5757 718 5808 Huc
741 5757 967 5826 propera,
1007 5757 1346 5828 plectrumque
1368 5774 1506 5825 tene,
1531 5757 1874 5889 citharamquel
1892 5779 2068 5816 sonan-

1888 5838 2003 5879 leni.

2173 1918 2298 1986 675,
2333 1918 2421 1988 qui
2462 1917 2710 1971 videntur
2739 1928 2860 1969 esse
2890 1928 3074 1966 versus
3098 1911 3165 1966 de
3190 1911 3393 1980 judicio
3424 1911 3626 1964 codicis
3661 1910 3765 1962 Va-

2171 2012 2331 2066 ticani
2355 2026 2523 2080 nuper
2549 2008 2768 2062 laudati.
2799 2006 2928 2060 Nam
2953 2005 3216 2058 Antonius
3256 2004 3604 2074 Benugeudre
3635 2019 3765 2056 cou-

2169 2104 2493 2175 gregatioois
2523 2103 2582 2158 S.
2627 2101 2787 2156 Mauri
2834 2100 2885 2154 in
2924 2099 3162 2154 editione
3203 2113 3426 2167 operum
3469 2096 3767 2151 Hildelierti

2170 2210 2224 2255 et
2251 2197 2486 2252 Marbodi
2515 2206 2638 2249 ante
2668 2202 2969 2248 memorata
3007 2193 3112 2248 col.
3162 2191 3298 2247 1650
3345 2192 3487 2245 inter
3518 2192 3767 2244 carmina

2172 2294 2320 2346 varia
2349 2289 2583 2345 Marbodi
2607 2287 2775 2344 edidit
2800 2301 2894 2342 eos
2919 2300 3104 2341 versus
3125 2285 3266 2340 velut
3299 2284 3530 2338 ineditos
3546 2300 3671 2338 cum
3704 2283 3769 2336 ti-

2173 2386 2305 2450 tulo,
2354 2384 2547 2439 Versus
2589 2381 2788 2453 sibylla:
2827 2382 2889 2434 de
2929 2379 3023 2433 Die
3055 2377 3264 2448 judicii.
3301 2378 3358 2430 lu
3398 2377 3574 2444 primo
3601 2392 3766 2428 versu

2176 2490 2323 2533 reme
2351 2475 2510 2529 habet
2541 2474 2792 2527 madescet
2812 2513 2824 2536 ,
2849 2473 2901 2525 in
2935 2471 3121 2526 ultimo
3153 2469 3362 2522 Decidet
3399 2485 3426 2521 ε
3447 2469 3572 2521 cazlo
3599 2469 3766 2538 ignis-

2170 2586 2267 2640 que
2294 2579 2338 2622 et
2369 2569 2674 2631 sulphuratis
2711 2566 2898 2626 amnis,
2934 2563 3144 2617 mallem
3171 2579 3196 2616 e
3223 2563 3365 2615 caelis
3390 2561 3551 2632 ignis,
3582 2569 3628 2612 et
3658 2562 3766 2612 sul-

2172 2663 2351 2734 phuris
2380 2661 2568 2714 amnis.
2596 2659 2898 2714 Occurrunt
2926 2657 2977 2710 hi
3005 2669 3193 2710 versus
3221 2655 3361 2708 inter
3387 2667 3552 2722 opera
3584 2651 3766 2710 Beda).

2173 2765 2302 2810 tom.
2335 2754 2410 2820 ll,
2443 2752 2689 2819 Basileze,
2728 2751 2888 2818 1563,
2923 2765 3020 2821 pag
3061 2749 3188 2812 555,
3231 2756 3284 2801 et
3316 2746 3550 2800 diversis
3583 2745 3765 2798 verbis

2172 2847 2227 2900 in
2257 2845 2402 2901 libris
2433 2843 2729 2916 Sili’yllinis.
2768 2841 2987 2896 Veteres
3010 2838 3297 2894 Christiani
3349 2836 3662 2906 liujusmodi
3690 2836 3765 2889 si—

2173 2939 2403 3010 byllinos
2443 2953 2632 2992 versus
2672 2937 2736 2990 ad
2778 2935 3037 3005 judicium
3085 2943 3386 2989 extremum
3423 2930 3767 3002 probandum

2174 3031 2510 3100 proferebant
2535 3049 2546 3081 :
2572 3047 2636 3084 ex
2664 3047 2770 3099 quo
2805 3030 2853 3082 in
2881 3042 3093 3098 prosam
3115 3067 3128 3090 ,
3162 3026 3272 3081 sive
3297 3023 3634 3096 sequentiam
3667 3023 3766 3077 De-

2174 3124 2472 3180 lunctorum
2505 3123 2839 3192 pertnauavit
2866 3141 2874 3173 :
3215 3127 3220 3130 ’

2420 3237 2542 3286 Dies
2567 3239 2670 3296 irae,
2698 3236 2808 3284 dies
2829 3235 2905 3283 illa

2418 3298 2582 3347 Solvet
2609 3296 2805 3345 sazclum
2830 3299 2872 3344 iu
2909 3296 3083 3354 favilla,

2415 3360 2568 3410 Teste
2593 3357 2745 3410 David
2766 3371 2874 3408 cum
2898 3357 3086 3420 silulla.

2171 3465 2334 3520 Multo
2375 3463 2542 3535 magis
2587 3464 2654 3518 ab
2695 3463 2796 3516 hoc
2840 3469 3082 3531 poemate
3123 3458 3375 3514 differunt
3401 3458 3620 3528 quidam
3653 3473 3762 3512 ier~

2171 3572 2262 3612 sus
2285 3557 2475 3613 ametri
2494 3597 2507 3620 ,
2543 3556 2782 3624 inscripti
2812 3555 2874 3607 de
2904 3552 3148 3607 Extremo
3172 3550 3382 3604 Iudicio
3404 3592 3418 3614 ,
3450 3564 3588 3620 quos
3608 3548 3765 3602 alii-rt

2174 3653 2436 3722 Leyserus
2459 3651 2510 3702 in
2544 3647 2679 3703 Hist.
2705 3655 2846 3718 poet.
2875 3644 3014 3700 med.
3041 3659 3161 3707 aev.,
3201 3657 3320 3712 pag.
3348 3641 3486 3697 209i
3514 3685 3527 3705 ,
3559 3646 3678 3695 sive
3699 3643 3765 3693 ei

2172 3739 2506 3799 correctione
2537 3741 2692 3798 1191.
2724 3738 2933 3794 Initium
2964 3746 3049 3792 est
3075 3755 3086 3789 :

2296 3860 2513 3918 Quatuor
2539 3857 2602 3906 dc
2628 3865 2792 3918 partes
2819 3853 2982 3902 mundi
3006 3856 3122 3900 sunt
3145 3848 3307 3912 angeli
3333 3849 3478 3897 missi.

2174 3969 2315 4024 luter
2345 3963 2582 4020 carmina
2610 3959 2921 4016 Tertulliani
2953 3958 3144 4026 legitur
3177 3955 3336 4010 etiam
3368 3951 3507 4008 liber
3531 3966 3677 4006 unus
3702 3952 3769 4007 de

2168 4060 2370 4128 judicio
2402 4056 2644 4120 Domini,
2670 4054 2911 4109 diversus
2936 4061 3111 4105 tamen
3142 4064 3171 4103 a
3201 4057 3445 4118 poemate
3473 4044 3636 4112 hujus
3675 4059 3766 4098 co-

2169 4151 2301 4207 dicis
2339 4148 2599 4204 Vaticani.
2646 4145 2844 4199 Auctor
2883 4145 3133 4212 antiquus
3177 4139 3304 4193 mihi
3331 4136 3547 4191 videtur
3578 4134 3766 4188 multis

2169 4247 2234 4300 de
2279 4245 2488 4311 causis,
2532 4255 2662 4311 quas
2703 4252 2971 4307 exponere
3015 4235 3066 4287 in
3107 4231 3249 4288 aliud
3289 4239 3500 4298 tempus
3541 4225 3760 4282 diﬂer‘o.

2166 4339 2448 4406 Conjicere
2469 4345 2644 4390 autem
2671 4333 2793 4387 licet
2821 4341 3090 4383 auctorem
3114 4342 3234 4382 esse
3255 4316 3627 4379 Verecundurﬁ
3655 4318 3767 4392 55.

2167 4429 2474 4484 Africanum
2493 4427 2824 4494 episcopum,
2853 4436 3010 4491 quem
3037 4420 3170 4474 duos
3193 4415 3432 4472 medietis
3452 4417 3765 4482 brevesque

2171 4522 2380 4577 libellos
2414 4520 2652 4575 carmine
2692 4516 2955 4584 dactylico
2995 4512 3256 4576 edidisse,
3289 4511 3519 4578 primum
3561 4504 3630 4557 de
3677 4519 3763 4556 re-

2169 4613 2502 4670 surrectione
2545 4609 2605 4672 et‘.
2635 4607 2861 4679 judicio,
2902 4605 3126 4659 alterum
3163 4602 3231 4656 de
3267 4596 3575 4668 pmn‘tentia
3599 4636 3614 4660 ,
3665 4595 3762 4648 lsi-

2170 4707 2333 4764 dorus
2373 4720 2494 4775 cap.
2523 4705 2552 4757 7
2586 4704 2653 4758 de
2682 4701 2792 4758 Vir.
2827 4697 3079 4753 illnst'rib.
3115 4702 3361 4750 testatur.
3395 4690 3555 4746 Liber
3589 4687 3792 4764 Vere;

2170 4798 2328 4854 eundi
2362 4797 2430 4852 de
2460 4793 2770 4866 pmnitentia
2801 4797 2977 4844 exstat
3015 4787 3186 4842 Tolcti
3231 4787 3282 4838 in
3315 4781 3512 4838 celebri
3545 4779 3635 4834 illo
3668 4796 3765 4834 co-

2172 4893 2290 4948 dice
2333 4891 2553 4960 Azagra:
2589 4886 2656 4941 de
2707 4901 2815 4955 quo
2853 4883 2962 4936 dixi
2995 4895 3138 4935 num.
3175 4878 3272 4943 -11,
3308 4876 3460 4944 cujus
3488 4875 3530 4925 si
3565 4881 3767 4925 nactus

2174 4986 2328 5040 luero
2355 4979 2748 5053 apographum,
2785 4977 2949 5031 tutius
2993 4975 3060 5028 de
3097 4989 3156 5028 re
3185 4981 3290 5026 tota
3331 4969 3587 5036 judicium
3637 4983 3764 5036 pro-

2177 5078 2315 5134 ferre
2346 5085 2552 5146 potero.
2597 5072 2710 5126 Non
2753 5069 2948 5124 desunt
2987 5066 3076 5136 qui
3109 5062 3407 5119 Vcrccundi
3445 5074 3666 5115 carmen
3699 5060 3767 5113 de

2178 5168 2386 5225 Iudicio
2415 5165 2544 5222 illud
2575 5164 2745 5234 ipsum
2785 5160 2966 5215 dicant
2992 5173 3110 5213 esse
3139 5156 3281 5226 quod
3314 5152 3650 5209 Tertulliano
3683 5151 3766 5203 af-

2180 5263 2414 5331 ﬁngitur.

2248 5352 2336 5407 74.
2371 5350 2587 5421 Ignotus
2619 5347 2754 5401 alius
2783 5353 2940 5416 poeta
2973 5344 3211 5414 sequitur
3241 5342 3293 5396 in
3325 5338 3511 5394 eodem
3546 5337 3764 5401 codicc;

2176 5445 2270 5501 sed
2293 5440 2581 5514 peculiaria
2609 5437 2852 5508 quaedam
2879 5435 2946 5491 de
2975 5449 3041 5490 eo
3069 5439 3583 5491 commemorantur,
3613 5440 3646 5478 a
3677 5441 3762 5479 no

2177 5540 2256 5593 bis
2279 5552 2383 5592 non
2405 5533 2732 5597 omittenda,
2756 5545 2822 5586 ex
2845 5529 3034 5600 quibus
3072 5525 3160 5580 alii
3189 5524 3416 5578 fortasse
3455 5535 3642 5574 verum
3673 5533 3765 5572 au-

2178 5641 2383 5684 ctorem
2407 5621 2836 5696 deprehendant.
2865 5620 3085 5686 Quidam
3118 5615 3332 5670 Calaber
3362 5614 3439 5666 de'
3452 5619 3605 5680 raptu
3633 5607 3766 5662 Pro-

2178 5715 2416 5796 se‘rpinw.
2449 5720 2732 5792 Cujusdant
2761 5716 2946 5770 nobilis
2975 5713 3068 5766 viri
3113 5709 3290 5763 militis
3327 5717 3372 5762 ct
3401 5714 3561 5774 pocla
3587 5703 3766 5757 claris-

2181 5819 2295 5872 simi
2333 5816 2456 5870 liber
2493 5813 2669 5883 incipit
2706 5811 2775 5864 ad
2828 5806 3194 5872 Vespasianum
3247 5798 3606 5855 Surrentinum
3659 5799 3765 5862 eius
