3942 6310
173 374 263 429 657

1542 369 2063 426 PROLEGOMENA.

3312 379 3413 435 638

173 487 345 538 sarium
383 491 426 535 et
466 482 706 537 amicum.
754 483 879 537 Post
922 483 1056 537 banc
1102 485 1503 551 inscriptionem
1552 484 1734 550 incipit
1764 489 1812 542 Α
1842 481 2165 552 Cootingerc
2191 486 2349 538 etiam
2383 486 2552 553 potuit
2578 493 2634 539 ιιι
2664 500 2879 542 carmen
2913 488 3200 553 Dracontii,
3230 506 3295 548 ex
3322 492 3412 546 ιιι-
3484 549 3491 555 ,

171 577 320 646 elegia
344 575 405 629 ad
438 574 817 644 Vespasianum
848 592 860 628 :

280 691 319 740 Ο
349 698 508 739 custos
532 690 675 739 animi
704 688 909 749 Pylades
943 703 1068 738 nunc
1104 690 1226 737 alter
1250 688 1410 737 Oresti

335 752 539 813 Cognite
564 765 693 813 saepe
719 753 837 800 mihi
860 750 1161 813 Vespasiane
1189 750 1311 800 vale.

168 857 412 912 Scribitur
444 855 652 908 Piladcs
674 865 727 908 et
751 854 978 909 Haresti.
1008 856 1131 909 Post
1160 854 1383 923 elegiam
1405 895 1417 917 ,
1442 869 1560 923 qua)
1595 852 1734 905 vices

166 949 354 1017 prologi
384 947 552 1016 gerit.
581 946 772 1013 incipit
798 960 1013 1000 carmen
1040 963 1052 998 :

278 1059 359 1107 Ille
385 1074 501 1121 ego,
525 1061 607 1120 qui
634 1060 769 1107 tenui
798 1058 1071 1121 modulatus
1090 1060 1299 1121 carmina
1329 1060 1505 1115 culmo,

272 1119 716 1178 Ειιιιηῇοθδευιῑίιιι
742 1120 983 1228 quondam
1007 1134 1155 1181 grave
1185 1119 1381 1181 vulnus,
1405 1129 1455 1169 et
1480 1123 1616 1179 iram,

277 1182 591 1228 lniernosnue
611 1181 739 1228 lacus
783 1184 988 1228 itiuuens
1010 1185 1188 1228 nriiore
1210 1184 1448 1228 cothurno

277 1182 591 1244 lnternosque
611 1181 739 1229 lacus
762 1181 988 1244 linquens
1010 1185 1188 1243 lll’thI't'
1210 1184 1448 1230 cothurno

276 1244 451 1291 Punica
478 1240 605 1290 bella
630 1243 792 1300 simul,
818 1240 870 1290 ei.
893 1250 1056 1292 mutua
1083 1240 1281 1292 vulnera
1301 1246 1464 1304 gentis

274 1306 516 1362 Ausiinise,
534 1304 769 1365 l’tPuique
793 1305 930 1359 ducis
950 1318 1058 1354 Cllttt
1083 1305 1185 1354 dira
1207 1308 1391 1364 paravit.

276 1367 490 1417 Pessima
514 1366 794 1427 'l‘esiphune
824 1366 1063 1415 bellorum
1088 1370 1272 1414 semina
1296 1382 1305 1413 :
1344 1368 1431 1413 sed
1457 1378 1582 1413 nunc

277 1428 539 1477 lmmensos
564 1443 589 1473 ιη
608 1437 713 1476 stus
738 1428 951 1487 Cereris,
976 1428 1245 1489 longUSque
1270 1429 1523 1476 labores...

165 1534 227 1584 1ιί
258 1548 416 1602 porro
444 1536 612 1601 pergit
636 1542 1008 1603 argumentum
1045 1546 1369 1601 preponcns.
1402 1531 1456 1585 In
1488 1530 1592 1585 line
1618 1532 1728 1600 epi-

163 1626 386 1692 taphium
418 1626 517 1677 hoc
543 1625 736 1693 legitur
762 1644 773 1676 :

203 1738 216 1757 ο
271 1715 430 1763 Sicula
456 1730 533 1763 me
557 1718 729 1775 genuit
755 1715 918 1773 tellus,
933 1716 1131 1763 nutrivit
1149 1719 1297 1762 amica

326 1776 481 1826 Terra
504 1779 605 1825 suis
625 1778 858 1836 Calabris,
884 1777 1031 1825 lioma
1057 1777 1262 1824 cadaver
1288 1776 1448 1824 habet.

273 1838 472 1887 Exsulat
500 1854 522 1885 a
550 1841 695 1901 patria
718 1852 910 1900 corpus,
941 1852 1031 1886 non
1054 1838 1266 1894 exsulet,
1295 1850 1398 1897 ora,

338 1900 534 1953 Lector,
554 1900 619 1947 ab
644 1908 843 1949 aiirtore
862 1902 1063 1961 Spiritus
1086 1901 1199 1961 ipse,
1214 1911 1320 1945 suo.

271 1964 483 2024 Spiritus
510 1967 556 2010 in
594 1964 748 2010 varias
773 1976 901 2009 aura-
924 1963 1035 2009 dum
1060 1960 1245 2022 prosdit
1268 1961 1479 2019 umbras,

330 2024 577 2073 Tristitias
603 2024 757 2086 liquit.
785 2024 971 2086 hospita
995 2029 1147 2081 terra,
1175 2030 1296 2086 tuas.

271 2084 370 2133 Sed
401 2086 595 2145 repetit,
626 2083 798 2144 lector,
826 2083 954 2146 quod
981 2086 1127 2133 terris
1150 2083 1329 2130 abdidit
1354 2090 1487 2130 arcto

330 2148 599 2209 Tempore,
625 2162 718 2208 quo
735 2155 893 2196 tutum
920 2162 996 2193 tne
1024 2146 1146 2201 fore,
1171 2158 1356 2207 quaeso,
1383 2156 1520 2204 roga.

157 2229 253 2301 55
280 2231 353 2285 Ita
382 2232 477 2285 hos
507 2232 800 2285 versiculos
822 2230 1034 2297 scripsi,
1069 2227 1312 2298 qtiardain
1359 2229 1523 2301 verba
1563 2227 1730 2280 corri-

157 2299 277 2371 gens
310 2320 323 2353 :
359 2317 478 2355 natu
526 2302 782 2368 scriptum
830 2311 947 2355 erat
988 2316 1127 2353 vers.
1164 2301 1197 2355 5
1240 2315 1338 2371 non
1381 2299 1577 2351 exsulat
1617 2314 1727 2357 ora.

159 2370 289 2440 vers.
324 2373 360 2425 4
392 2372 453 2424 ab
484 2383 674 2433 actore,
707 2374 847 2440 quod
883 2382 1058 2423 tamen
1094 2370 1308 2422 retineri
1354 2378 1554 2436 posset,
1588 2382 1727 2421 vers.

157 2439 205 2503 5,
233 2444 459 2511 Spiritus
477 2444 529 2494 in
556 2439 889 2496 aurasrarias
914 2442 1033 2494 dum
1060 2441 1248 2508 prefuit
1272 2442 1561 2503 umbros,et
1588 2452 1728 2491 vers.

157 2510 205 2574 7,
234 2510 351 2566 arto
377 2530 470 2580 pro
497 2524 657 2567 arcto.

220 2608 300 2659 75.
329 2606 612 2675 Anonymo
644 2604 727 2659 isti
762 2615 930 2672 poetae
961 2605 1073 2658 sive
1112 2604 1314 2671 Siculo,
1362 2602 1477 2657 sive
1506 2600 1733 2655 Calabro

154 2697 387 2753 succedit
417 2698 468 2751 in
495 2699 679 2751 codice
708 2695 895 2749 Bunini
930 2695 1209 2749 Mombritii
1254 2696 1322 2748 ad
1345 2694 1723 2747 sanctissimum

152 2790 409 2847 dominum
436 2788 656 2857 Syxtum
686 2797 922 2856 quartum
949 2802 1200 2840 summum
1231 2786 1517 2855 pontiﬁcem
1540 2785 1603 2837 de
1630 2784 1731 2835 Ilo-

152 2882 340 2933 niinica
388 2881 625 2949 passione
670 2879 796 2932 liber
839 2881 1055 2948 primus.
1108 2878 1287 2945 Elegia
1318 2878 1383 2929 ad
1429 2876 1733 2944 poutilicem
1769 2876 1777 2882 ’

152 2972 358 3041 prologi
406 2972 526 3027 loco
569 2981 689 3027 est:
723 2972 967 3039 sequitur
1015 2984 1231 3024 carmen
1280 2968 1575 3031 heroicum;
1608 2981 1735 3020 cou-

152 3070 292 3116 stins
337 3078 430 3115 sex
474 3061 646 3125 libris,
674 3062 742 3114 de
767 3075 896 3130 quo,
944 3062 1017 3114 uti
1052 3060 1119 3115 de
1157 3069 1377 3113 auctore
1421 3059 1535 3128 ipso
1568 3058 1734 3112 videri

155 3160 331 3220 potest
377 3154 590 3206 Sassins
625 3152 827 3208 llistor.
871 3164 1079 3222 typogr.
1126 3151 1412 3206 Mediolan.
1457 3165 1576 3219 pag.
1613 3149 1736 3205 liti.

1838 576 2023 642 spania
2050 577 2100 629 in
2121 576 2353 630 Africam
2379 576 2636 642 delatum,
2662 579 2801 630 inter
2828 579 3106 648 Augustini
3131 582 3238 653 58
3262 582 3415 637 sche-

1837 670 1933 722 das
1964 678 2233 735 repertum
2261 670 2421 723 alicui
2453 684 2668 724 causam
2700 672 3024 727 inscribendi
3060 678 3291 730 nominis
3316 679 3416 731 Au-

1836 761 2030 830 gustini
2063 762 2366 830 praebuerit.
2404 764 2485 817 0b
2515 764 2717 820 similes
2753 778 2913 819 casus
2946 765 3098 833 plura
3123 781 3284 835 opera
3316 769 3414 824 Pa-

1839 855 2027 919 tribus,
2057 869 2283 923 quorum
2314 870 2442 910 vere
2469 872 2575 909 non
2600 865 2775 923 erant,
2804 856 3054 919 attributa
3086 873 3229 925 saepe
3266 869 3413 913 sunt.

1916 949 2001 1001 77.
2050 948 2215 1003 Multo
2255 963 2387 1003 vero
2436 950 2604 1016 magis
2639 959 2718 1003 est
2770 949 3092 1013 mirandum,
3140 949 3411 1004 Dracontii

1836 1054 2047 1108 poema,
2088 1040 2187 1093 sub
2230 1040 2429 1093 Aurelii
2472 1039 2758 1109 Augustini
2800 1040 3016 1093 nomine
3055 1039 3407 1108 description,

1832 1132 2165 1201 diligentiam
2200 1132 2467 1187 editorum
2504 1134 2561 1187 S.
2593 1133 2896 1201 Augustini,
2935 1134 3232 1201 prtesertim
3264 1134 3411 1187 Mau-

1835 1226 2072 1278 rinorum
2116 1225 2185 1279 ita
2219 1224 2437 1293 fugisse,
2474 1234 2532 1278 ut
2562 1226 2767 1279 nullum
2814 1226 2880 1279 de
2914 1240 2980 1280 eo
3025 1226 3243 1279 verbum
3276 1224 3412 1279 lece-

1833 1317 1961 1371 rint.
1994 1316 2291 1385 Oportebat
2335 1316 2479 1371 enim
2527 1319 2733 1371 moneri
2767 1318 3021 1384 lectores,
3055 1328 3268 1370 exstaie
3298 1318 3411 1383 qui-

1833 1408 1953 1461 dem
1981 1407 2347 1476 hujuscemodi
2378 1423 2593 1462 carmen
2622 1408 2698 1461 sic
2729 1409 3066 1477 inscriptum,
3101 1408 3195 1461 sed
3228 1410 3408 1476 Augu-

1832 1504 2029 1555 stinum
2053 1510 2328 1555 auctorem
2352 1516 2457 1555 non
2486 1515 2624 1555 esse.
2653 1499 2834 1568 Neque
2862 1502 2913 1554 iii
2939 1502 3051 1569 ipsa
3081 1500 3408 1554 Bibliotheca

1834 1594 2275 1648 bibliothecarum
2308 1609 2435 1649 mss.
2473 1592 2872 1657 Montl‘auconii,
2902 1602 2995 1647 ant
3034 1594 3087 1648 in
3113 1593 3231 1647 aliis
3260 1593 3410 1647 simi-

1836 1687 1973 1739 libus
2003 1685 2259 1754 catalogis
2291 1686 2572 1754 vestigium
2603 1684 2757 1753 hujus
2784 1686 3045 1753 poematis
3072 1684 3287 1739 invenio
3316 1690 3408 1736 aut

1834 1777 2141 1839 Dracontio,
2183 1786 2273 1828 aut
2306 1776 2527 1830 Aurelio
2558 1776 2856 1843 Augustino
2883 1776 3120 1844 ascripti.
3150 1772 3409 1828 Mentisn-

1762 1858 1807 1917 Β
1835 1870 2020 1923 conius
2066 1869 2119 1921 in
2162 1867 2481 1922 bibliotheca
2519 1868 2767 1921 Vaticana
2800 1867 2995 1935 regina:
3044 1867 3249 1922 Sueciaa
3284 1866 3402 1920 cod.

1841 1962 1974 2015 l336
2001 1972 2391 2016 commemorat
2421 1961 2609 2015 Versus
2634 1962 2905 2031 Augustini
2938 1974 2985 2015 et
3012 1962 3335 2031 Hieronymi,
3358 1971 3410 2013 et

1834 2066 2019 2106 rursus
2041 2052 2163 2106 eod.
2192 2054 2349 2116 1587,
2383 2052 2626 2107 Carmina
2656 2055 2903 2106 nonnulla
2922 2055 3213 2122 Augustini,
3235 2053 3413 2105 Plato-

1833 2143 1933 2208 nis,
1970 2144 2122 2204 Aviti,
2158 2143 2374 2196 Iuvenci
2401 2154 2448 2197 et
2476 2141 2776 2198 Fortunati.
2814 2145 3007 2199 Verum
3035 2144 3088 2199 lii
3114 2146 3265 2212 pauci
3293 2146 3411 2212 qui-

1834 2236 1954 2290 dam
1994 2237 2244 2292 versiculi
2283 2238 2532 2290 videntur
2565 2251 2687 2292 esse
2734 2238 2823 2307 qui
2868 2237 2970 2291 sub
2996 2237 3274 2305 Augustini
3322 2251 3416 2290 no-

1835 2328 1978 2382 mine
2005 2327 2059 2380 in
2088 2328 2207 2380 aliis
2232 2329 2393 2381 ctiam
2422 2328 2685 2397 catalogis
2719 2329 3045 2382 indicantur.
3092 2327 3251 2383 Liber
3275 2326 3416 2395 ejus—

1835 2420 1956 2475 dem
1985 2420 2043 2475 S.
2067 2419 2347 2489 Augustini
2380 2421 2447 2474 de
2474 2421 2679 2475 orando
2701 2421 2811 2475 Deo
2833 2420 2899 2473 ad
2928 2420 3177 2487 Proham,
3210 2419 3415 2474 Hexae-

1836 2530 2021 2569 meron
2066 2516 2204 2584 ejus,
2230 2524 2283 2570 et
2313 2525 2566 2583 excerpta
2610 2530 2673 2570 ex
2710 2517 2810 2569 hoc
2841 2530 3006 2585 opere
3046 2514 3112 2569 ad
3149 2514 3416 2568 Dracontii

1835 2622 2025 2676 poema
2055 2608 2205 2661 nullo
2235 2607 2395 2661 modo
2421 2609 2669 2661 attinent.
2700 2607 2757 2661 ln
2798 2608 3115 2661 bibliotheca
3145 2606 3418 2661 San-oGer-

1838 2705 2080 2758 manensi
2146 2704 2576 2757 Montl'auconius
2632 2718 2750 2771 pag.
2817 2703 2954 2757 “'25
3016 2701 3254 2755 codicem
3316 2700 3421 2754 123

1836 2796 2095 2857 enuntiat,
2123 2794 2208 2847 tibi
2242 2802 2365 2847 sunt
2388 2794 2444 2847 S.
2483 2792 2750 2846 Ambrosii
2788 2806 2925 2860 opus
2956 2793 3020 2844 de
3043 2790 3409 2855 Sacramentis,

1839 2886 1896 2941 S.
1934 2885 2207 2955 Augustini
2239 2885 2494 2954 quietiam,
2541 2881 2831 2935 Hildeberti
2870 2880 3270 2934 Cenomanensis
3309 2878 3418 2947 epi-

1837 2979 1978 3049 sropi
2021 2995 2191 3032 versus
2231 2979 2292 3031 de
2320 2975 2448 3031 Deo.
2481 2975 2665 3044 Neque
2703 2976 2752 3028 in
2804 2975 2885 3027 liis
2919 2972 3164 3027 versibus
3203 2987 3420 3026 carmen

1840 3070 2108 3125 Dracontii
2143 3068 2366 3136 intelligi
2405 3067 2603 3122 debet:
2640 3082 2761 3121 nam
2797 3067 2933 3120 inter
2978 3064 3267 3119 llildeberti
3302 3077 3421 3117 car-

1842 3164 1985 3219 mina
2027 3163 2168 3217 eilita
2201 3161 2352 3215 multi
2384 3169 2509 3213 sunt
2536 3173 2746 3226 versus,
2775 3158 2863 3227 qui
2907 3171 2973 3211 eo
2995 3158 3149 3211 titulo
3180 3154 3422 3225 insigniri

152 3242 390 3297 Carmen
420 3244 487 3296 de
520 3244 767 3312 passione
801 3244 1067 3298 dominica
1091 3244 1155 3296 ad
1186 3243 1416 3313 nytum
1443 3240 1507 3296 lV
1535 3242 1736 3295 editum

1847 3265 2083 3324 possent.
2131 3252 2432 3307 Istiusmodi
2468 3225 2850 3320 inscriptiones
2890 3252 2952 3301 de
2993 3248 3097 3302 Deo
3127 3247 3264 3316 apud
3296 3262 3421 3313 poe-

144 3334 243 3390 Init
267 3335 555 3391 Mediolani
578 3353 716 3389 anno
740 3337 894 3392 1481.
926 3336 1258 3405 Praecipuum
1284 3335 1570 3390 Mombritii
1602 3349 1737 3402 opus

150 3440 272 3484 sunt
304 3428 444 3483 Vita:
473 3438 801 3494 sanctorum,
847 3430 1002 3498 cujus
1053 3428 1241 3491 editio,
1275 3429 1340 3482 ab
1375 3428 1491 3497 ipso
1529 3427 1737 3483 duobus

153 3521 517 3577 Voluistinibus
544 3523 719 3577 iii-toi.
743 3524 972 3591 vulgata,
1002 3521 1279 3591 splendida
1313 3531 1417 3585 est,
1447 3534 1587 3587 rara,
1622 3534 1736 3573 ma-

150 3631 368 3685 gnoque
400 3632 539 3671 nunc
566 3632 729 3684 opere
759 3619 1007 3685 quaesita.

221 3707 317 3763 76.
347 3707 680 3761 Postremum
713 3709 887 3761 locum
922 3710 971 3759 in
1010 3706 1110 3759 ltoc
1138 3704 1325 3761 codice
1355 3713 1583 3771 occupat
1612 3701 1740 3757 Drav

150 3801 390 3865 centius,
424 3799 516 3853 ενι]
548 3800 647 3854 ιιιιι
688 3800 792 3853 alio
824 3801 1060 3853 nomine.
1097 3799 1185 3853 Sic
1207 3798 1351 3853 enim
1382 3810 1598 3851 carmen
1628 3795 1740 3861 ejus

154 3891 475 3945 inscribitur
506 3891 598 3943 fol.
629 3892 733 3947 εἶιἶο
762 3907 775 3944 ;
810 3891 1082 3961 Augustini
1103 3891 1164 3943 de
1192 3889 1321 3944 Deo.
1347 3889 1541 3943 Aurelii
1571 3890 1741 3958 Augu-

150 3984 275 4038 stini
317 3982 381 4036 de
416 3982 522 4036 Deo
550 3983 674 4036 liber
704 3985 880 4049 incipit
926 3983 1158 4051 feliciter.
1209 3983 1273 4034 l-Tt
1305 3982 1355 4035 iii
1390 3980 1494 4034 line
1526 3998 1535 4029 :
1571 3976 1738 4031 Finis.

152 4075 215 4129 Α.
254 4077 535 4145 Augustini
557 4076 621 4128 de
652 4074 712 4129 ι).
734 4093 784 4127 ο.
824 4076 887 4129 Et
916 4075 1057 4129 illico
1088 4076 1370 4127 adnotatur
1392 4072 1742 4139 exscriptoris

154 4186 387 4235 noniru,
422 4180 477 4223 izt
510 4170 617 4224 dixi
651 4184 795 4223 num.
829 4170 919 4233 67,
954 4183 1127 4235 neque
1158 4167 1303 4221 aliud
1336 4168 1387 4220 in
1432 4165 1533 4219 hoc
1558 4166 1743 4218 codice

153 4262 418 4317 occurrit.
464 4260 596 4316 Cum
631 4270 797 4314 totum
848 4263 947 4313 hoc
995 4274 1210 4313 carmen
1256 4259 1323 4311 dc
1365 4258 1474 4312 Deo
1507 4260 1743 4310 Dracon-

154 4354 292 4408 tinm
329 4363 598 4406 auctorem
628 4361 777 4406 certo
818 4351 1031 4413 habeat,
1064 4361 1120 4403 ιιι
1159 4367 1279 4404 mox
1325 4349 1625 4413 ostendam,
1658 4365 1745 4402 su-

154 4458 549 4513 pervacaneum
579 4444 647 4495 sit
673 4458 914 4512 qumrere
943 4456 1039 4495 cur
1080 4457 1273 4495 nomen
1308 4439 1610 4508 Augustini,
1636 4455 1741 4493 non

157 4536 439 4589 Dracontii
475 4534 735 4602 prteferat.
785 4534 985 4585 Passim
1025 4532 1166 4585 enim
1218 4532 1269 4584 iii
1304 4546 1431 4583 mss.
1466 4528 1741 4583 codicibus

154 4631 207 4682 id
238 4628 443 4686 evenit,
478 4637 533 4679 ιιι
578 4627 735 4679 unius
772 4641 907 4693 opus
952 4625 1104 4679 alteri
1136 4624 1447 4693 alﬁngalur;
1490 4623 1641 4689 cujus
1672 4622 1745 4676 rei

160 4722 252 4773 illa
287 4718 583 4787 s:rpi:sime
609 4733 771 4773 causa
799 4729 902 4784 est,
940 4717 1081 4785 quod
1116 4716 1317 4771 librarii
1348 4715 1551 4783 antiqui
1584 4714 1747 4767 multa

158 4824 329 4877 opera
368 4809 416 4861 in
461 4825 621 4861 unum
672 4807 917 4861 volumen
979 4806 1391 4874 compiugehant
1430 4814 1485 4857 et
1525 4804 1742 4855 commi-

158 4902 407 4956 scebaot.
442 4900 575 4954 Hinc
618 4901 809 4953 tactum
855 4900 952 4952 l'uit
984 4909 1040 4951 ut
1082 4899 1394 4965 plerumque
1428 4903 1633 4958 auctor,
1663 4895 1751 4963 qui

162 4999 378 5065 primus
403 4994 711 5063 apparebat,
753 5003 946 5046 caetera
977 4992 1252 5061 sequentia
1280 4990 1458 5044 omnia
1499 5004 1660 5057 opera
1686 4989 1752 5039 ab

160 5088 291 5141 aliis
314 5088 625 5139 crederetur
645 5086 967 5149 confecisse,
995 5084 1291 5153 praesertim
1322 5084 1446 5152 quia
1479 5081 1748 5135 interdum

159 5182 405 5234 auctoris
438 5196 630 5234 nomen
653 5178 1019 5231 automissum
1048 5177 1241 5237 fuerat,
1272 5184 1365 5230 aut
1394 5170 1649 5245 temporis
1675 5177 1751 5226 in-

158 5272 307 5343 juria
338 5274 507 5326 aliove
554 5286 679 5325 casu
703 5270 957 5324 deletum.
998 5270 1246 5324 Fortasse
1278 5270 1437 5323 etiam
1465 5268 1747 5322 Dracontio

164 5381 370 5420 nomen
398 5365 492 5419 fuit
524 5365 791 5428 Aurelius,
828 5364 968 5431 quod
1007 5364 1073 5417 ab
1104 5363 1285 5431 aliquo
1334 5360 1551 5413 librario
1582 5362 1751 5412 solum

165 5456 324 5523 operi
370 5458 643 5524 prtelixum
682 5455 1023 5509 occasionem
1066 5454 1183 5507 aliis
1215 5452 1441 5514 dederit,
1482 5461 1536 5506 ut
1578 5452 1750 5506 Aure-

166 5547 307 5601 lium
332 5548 683 5617 Augustinum
713 5560 834 5602 esse
856 5547 1244 5599 existimarent.
1270 5544 1422 5610 Quod
1455 5545 1597 5597 enim
1624 5546 1755 5597 lira-

165 5640 386 5694 contius
428 5640 529 5694 alia
565 5641 727 5695 etiam
779 5642 994 5693 nomina
1036 5640 1304 5704 habuerit,
1352 5653 1411 5692 ex
1457 5652 1602 5691 more
1640 5638 1755 5705 ejus

170 5732 438 5797 temporis
478 5732 739 5800 arguitur,
785 5746 892 5800 quo
935 5732 1078 5783 viros
1120 5730 1330 5785 nobiles
1377 5738 1608 5797 quatuor
1668 5739 1757 5782 aut

172 5822 415 5896 quinque
442 5825 745 5894 nominibus
775 5824 1071 5897 appellatos
1100 5822 1261 5878 fuisse
1288 5832 1620 5895 compertum
1651 5832 1753 5880 est.

1843 3358 1924 3402 tas
1961 3345 2295 3400 Christianos
2330 3343 2507 3412 plures
2539 3342 2799 3406 invenies,
2842 3350 2898 3393 ut
2939 3354 3127 3393 versus
3162 3338 3421 3394 Victorini

1844 3437 2218 3500 Pictavieusis,
2249 3436 2361 3489 sive
2395 3434 2543 3489 Fabii
2571 3433 2719 3487 Marii
2756 3430 3012 3485 Victorini
3053 3430 3191 3493 Afri,
3216 3432 3298 3482 cui
3331 3445 3416 3482 re-

1841 3530 1982 3585 ctius
2013 3528 2343 3589 tribuuntur,
2378 3526 2438 3578 de
2469 3522 2595 3578 Jesu
2624 3523 2827 3576 (Iliristo
2861 3522 2962 3576 Deo
2987 3533 3029 3575 et
3057 3520 3277 3574 homine.
3304 3520 3424 3573 Car-

1845 3637 1966 3677 men
1996 3621 2058 3673 de
2092 3619 2197 3674 Deo
2226 3619 2428 3672 homine
2461 3611 2773 3684 inscriptum
2804 3615 2972 3669 edidit
3000 3614 3160 3668 etiam
3188 3612 3423 3668 Joannes

1844 3714 2081 3781 Baptista
2140 3713 2474 3766 Mantuanus.
2537 3708 2710 3764 Simili
2768 3705 2918 3761 titulo
2982 3704 3162 3758 Diilaci
3208 3702 3425 3770 Joscpbi

1845 3804 2035 3861 Abadii
2063 3803 2321 3858 Mexicani
2352 3803 2572 3856 Ccsenae
2600 3800 2737 3857 1780
2775 3813 2960 3867 poema
2986 3796 3177 3865 prodiit
3201 3798 3264 3850 de
3295 3795 3424 3861 Deo,

1848 3896 2054 3963 Deoque
2081 3894 2281 3947 homine
2313 3890 2577 3944 Heroica:
2609 3904 2729 3957 qua:
2759 3888 2914 3943 tertia
2949 3896 3031 3943 cst
3057 3887 3222 3942 editio
3246 3887 3426 3955 operis

1847 3987 2137 4039 multorum
2166 3983 2413 4036 laudibus
2433 3981 2709 4035 celebrati.

1918 4077 2003 4130 78.
2052 4077 2165 4130 lani
2209 4090 2337 4128 vero
2386 4074 2658 4127 Dracontii
2706 4087 2922 4128 carmen
2960 4073 3031 4128 de
3072 4072 3184 4128 Deo
3225 4074 3276 4127 in
3323 4082 3430 4127 tres

1849 4176 2027 4237 partes
2048 4168 2277 4221 divisum
2300 4175 2381 4219 est
2404 4184 2415 4218 :
2444 4166 2545 4223 etsi
2568 4165 2711 4219 enim
2736 4165 2897 4219 trium
2923 4164 3181 4220 libroruin
3205 4175 3293 4218 ant
3319 4179 3431 4233 par-

1849 4271 1976 4315 tium
2010 4260 2211 4314 mentio
2235 4273 2339 4313 non
2378 4259 2517 4311 sitiu
2550 4258 2735 4312 codice
2776 4273 3051 4325 exiiressa,
3090 4257 3433 4327 quemadmo-

1847 4353 1972 4407 dum
2004 4353 2055 4407 in
2086 4351 2277 4407 eodem
2312 4350 2555 4406 Aratoris
2584 4350 2694 4404 duo
2726 4350 2846 4404 libii
2883 4352 3035 4406 nullo
3066 4350 3226 4405 modo
3245 4350 3427 4404 distin-

1848 4459 2102 4515 guuntur,
2132 4455 2186 4499 ut
2215 4444 2330 4498 dixi
2370 4461 2518 4499 num.
2547 4446 2637 4512 69,
2664 4460 2725 4498 ea
2761 4454 2937 4498 tamen
2960 4443 3232 4496 distinCiio
3262 4451 3316 4495 et
3346 4459 3433 4495 se-

1851 4540 2053 4607 paratio
2091 4538 2317 4604 partium
2370 4536 2635 4589 llracontii
2688 4536 2997 4597 adhibetur,
3040 4533 3232 4588 litteris
3269 4533 3435 4587 etiam

1857 4632 1957 4702 57
1991 4632 2140 4684 initio
2180 4630 2434 4697 cujusque
2464 4627 2583 4683 libri
2627 4627 2872 4679 maximis
2903 4624 3212 4693 descriptis,
3260 4633 3314 4680 et
3348 4639 3435 4691 pe-

1857 4722 2045 4777 culiari
2092 4720 2317 4775 artiticio
2363 4718 2674 4784 elaboratis,
2732 4729 2789 4772 ut
2831 4726 2941 4772 tres
2990 4716 3154 4770 libros
3190 4715 3437 4771 distincte

1858 4830 2175 4870 enumerare
2216 4822 2576 4883 opportunum
2620 4811 2791 4864 visum
2827 4810 2988 4863 fuerit
3019 4828 3029 4863 :
3066 4811 3150 4864 cui
3191 4809 3437 4863 divisioni

1860 4909 2027 4962 series
2078 4907 2242 4974 ipsius
2283 4904 2607 4970 argumenti,
2648 4912 2702 4959 et
2741 4902 3029 4971 cuiuslibet
3077 4904 3240 4970 partis
3278 4916 3435 4955 exor-

1862 4997 2006 5050 dium
2037 4996 2195 5049 favet.
2244 4996 2299 5048 lu
2346 4995 2517 5062 primo
2547 4994 2683 5049 libro
2715 5003 2835 5063 post
2876 5007 3061 5047 versus
3108 4993 3210 5048 116
3250 4995 3440 5047 eodem

1860 5090 2117 5143 orationis
2143 5089 2229 5142 ﬁlo
2264 5088 2601 5142 conuec1itur
2640 5089 2876 5143 narratio
2903 5085 2969 5141 de
2996 5102 3160 5156 opere
3202 5101 3291 5139 sex
3324 5086 3438 5139 div-

1862 5198 2000 5249 rtim,
2038 5180 2216 5234 Prima
2241 5182 2349 5233 dies
2381 5197 2499 5233 nam
2529 5182 2656 5235 lucis
2682 5191 2812 5246 erat,
2843 5190 2971 5246 etc.,
3000 5196 3117 5248 qua:
3151 5180 3295 5234 edita
3332 5181 3441 5247 pri-

1862 5274 1979 5327 dem
2022 5282 2103 5326 est
2151 5273 2250 5326 sub
2296 5272 2449 5326 titulo
2490 5271 2838 5326 Hexaemeron
2884 5271 3147 5325 Dracontii
3175 5311 3189 5336 ,
3236 5270 3349 5325 sive
3386 5278 3443 5323 (te

1867 5364 2032 5433 Opere
2056 5381 2144 5417 sea:
2182 5367 2396 5427 dierum,
2427 5364 2529 5419 hoc
2557 5366 2741 5418 initio:
2775 5365 2950 5418 Prima
2990 5364 3095 5418 dies
3128 5364 3219 5417 tua;
3252 5374 3325 5418 est
3350 5376 3436 5419 ter-

1863 5459 1956 5523 ris,
1989 5466 2092 5511 ctc.
2137 5456 2223 5511 Sic
2252 5456 2447 5510 deinde
2481 5457 2615 5511 liber
2656 5456 2990 5526 progreditur
3031 5470 3198 5525 usque
3229 5455 3295 5509 ad
3332 5472 3445 5509 ver-

1861 5564 1979 5605 sum
2012 5548 2139 5609 755.
2176 5550 2287 5615 Quo
2312 5559 2357 5601 te
2381 5550 2658 5614 promittis,
2688 5558 2818 5615 etc.,
2844 5548 2929 5602 cui
2956 5548 3116 5602 etiam
3145 5547 3447 5616 adjungitur

1865 5640 2288 5701 hemistichium,
2344 5642 2673 5709 thunipotens
2728 5650 2911 5694 aeterne
2961 5638 3137 5703 Deus,
3199 5650 3449 5709 tanquam

1871 5747 2062 5789 Versus
2085 5742 2358 5787 extremus
2384 5731 2535 5799 primi
2566 5731 2710 5785 libri.
2744 5729 2872 5785 Post
2902 5730 3000 5784 hoc
3028 5730 3448 5798 hemistichium,

1869 5826 2275 5898 intercapedine
2304 5835 2356 5887 et
2382 5824 2725 5883 distinetioue
2750 5838 2911 5898 quam
2936 5824 3049 5883 dixi
3082 5824 3345 5905 adhibita,
3371 5826 3450 5883 in-
