3942 6310
497 391 597 446 63‘.)

1924 385 2376 440 DRACON'I'IUS.

3686 390 3789 443 ΜΘ

494 505 628 574 cipit
667 503 801 558 liber
838 502 1123 567 secundus,
1160 501 1422 564 Inventor,
1467 505 1687 572 genitor,
1734 511 1836 557 etc.
1887 503 2077 557 Verum
2109 508 2159 564 Α
2189 501 2308 555 cbis
2339 500 2461 554 158.
2497 477 2650 570 Apud
2685 499 3028 554 Sirmondum
3055 501 3228 554 stilum
3254 509 3377 553 sunt
3407 501 3499 567 99,
3536 514 3796 571 poetquz

494 599 626 655 satis
657 613 751 669 per
790 614 849 653 se
902 598 1067 668 liquet
1097 597 1491 652 hemistichium
1528 600 1855 670 Omnipotens
1896 610 2078 652 uterne

497 691 639 746 Deus
696 691 904 746 initium
960 705 1080 746 esse
1129 691 1248 745 libri
1302 690 1546 756 secundi,
1600 707 1704 744 non
1754 694 1910 745 tinem
1961 692 2077 745 libri

497 787 653 855 primi
684 805 695 838 :
721 785 860 855 quod
897 783 1123 838 fortasse
1163 783 1231 839 ab
1259 784 1687 854 ignarolibrario
1719 798 1839 837 cum
1877 783 1977 837 line
2019 785 2080 836 li-

497 876 578 932 bri
611 876 768 946 primi
804 875 1150 945 conjunctum
1192 884 1294 941 est,
1327 892 1392 930 ne
1425 891 1604 940 versu,
1631 892 1789 941 quem
1833 875 2078 930 mutilum

495 978 552 1025 et
579 967 948 1039 imperfectum
978 968 1277 1033 invenerat,
1315 967 1508 1021 librum
1535 967 1825 1021 secundum
1860 966 2080 1020 inchoa~

495 1071 600 1126 ret,
633 1075 805 1128 eoque
829 1059 988 1115 modo
1010 1060 1223 1114 initium
1258 1059 1414 1128 hujus
1438 1059 1556 1114 libri
1586 1060 1762 1113 minus
1793 1071 2078 1114 venustum

495 1162 660 1223 atque
707 1152 922 1221 elegans
969 1151 1238 1205 redderet.
1292 1150 1452 1205 Liber
1498 1152 1786 1215 secundus,
1833 1167 2083 1220 compre-

500 1245 672 1300 henso
722 1244 823 1299 hoc.
871 1244 1235 1307 hemistichio,
1280 1243 1522 1312 procedit
1552 1259 1719 1313 uSque
1765 1244 1828 1296 ad
1866 1260 2080 1299 versum

501 1337 628 1404 808,
680 1337 898 1407 Agmina
938 1337 1299 1402 condemnant,
1350 1345 1454 1389 etc.
1493 1335 1629 1388 Tum
1681 1335 1780 1389 alia
1822 1335 2084 1391 divisione

502 1431 839 1501 interposita,
867 1430 1002 1485 liber
1033 1429 1220 1484 tertius
1244 1427 1448 1498 incipit,
1475 1427 1709 1482 Luminis
1730 1431 1924 1493 (sterni,
1952 1439 2081 1493 etc.,

501 1538 671 1594 usque
723 1523 788 1577 ad
843 1539 1057 1578 Versum
1117 1522 1398 1583 ultimum,
1471 1521 1689 1573 Additus
1745 1522 1930 1574 insonti
1993 1539 2087 1589 po-

503 1616 647 1687 pulo,
697 1626 826 1680 ctc.,
867 1616 958 1686 qui
1005 1624 1088 1669 est
1117 1614 1240 1669 689..
1292 1613 1388 1668 Ubi
1426 1613 1960 1667 animadvertendum
2004 1623 2087 1667 est

504 1719 792 1782 utrumque
817 1710 1024 1779 glibrum
1058 1707 1354 1764 secundum
1396 1718 1450 1762 et
1483 1707 1699 1763 tertium
1731 1723 1761 1760 a
1794 1707 1887 1762 Dei
1933 1707 2086 1762 invo-

501 1801 714 1858 catione
734 1802 1014 1858 exordium
1050 1801 1268 1856 habere.
1343 1837 1345 1840 -

2186 597 2408 650 Birinus
2432 596 2712 650 adnotavit
2757 615 2765 648 :
2801 595 2998 650 Cretera
3028 596 3408 651 desiderantur.
3463 597 3521 650 In
3555 597 3798 652 editione

2184 691 2475 746 Matritensi
2510 707 2573 745 ex
2604 690 2791 744 codice
2816 693 3038 760 Azagraa
3067 691 3249 744 addita
3283 701 3407 745 sunt
3435 690 3498 744 Η
3535 691 3795 745 disticha.

2187 783 2242 837 In
2269 793 2454 836 nostro
2485 784 2670 838 codice
2704 783 2848 837 finita
2898 784 3092 852 elegia,
3125 783 3314 837 eadem
3362 786 3587 851 antiqua
3631 799 3799 836 manu

2185 875 2424 928 additur:
2454 874 2676 944 Explicit
2713 876 2994 944 satisfactio
3023 875 3285 928 Dracontii
3305 875 3376 927 ad
3399 873 3801 928 Guthanmdum

2185 984 2353 1038 regem
2386 967 2801 1035 Cuandalorum,
2832 981 2955 1021 dum
2985 981 3109 1023 esset
3132 970 3182 1022 in
3207 971 3445 1034 vinculis,
3475 969 3626 1038 quod
3659 970 3803 1024 litte-

2187 1059 2260 1112 ris
2285 1059 2576 1126 majoribus
2606 1061 2866 1128 scriptum
2897 1070 3000 1115 cst.
3032 1060 3147 1114 Alia
3192 1076 3354 1130 opera
3399 1060 3566 1129 hujus
3593 1061 3804 1116 codicis

2189 1150 2457 1204 diversam
2523 1166 2737 1203 manum
2783 1160 2942 1219 atque
2987 1160 3196 1204 malem
3227 1150 3548 1219 praeferunt.
3596 1151 3804 1206 Versus

2190 1243 2352 1297 Marci
2378 1244 2443 1297 de
2467 1243 2522 1297 S.
2552 1243 2860 1309 Benedicto,
2888 1255 2940 1298 et
2970 1245 3273 1300 SatisfaCtio
3296 1244 3579 1299 Dracontii
3606 1260 3678 1299 eo
3703 1249 3803 1299 ‘em

2189 1334 2501 1390 charactere
2531 1346 2655 1390 sunt
2684 1337 2904 1402 scripta,
2941 1337 3029 1406 qui
3077 1338 3362 1405 peculiaris
3390 1348 3496 1402 est,
3543 1337 3803 1391 multum-

2191 1444 2292 1497 que
2325 1429 2443 1481 aliis
2467 1430 2553 1496 qui
2585 1430 2740 1497 vulgo
2773 1430 2883 1482 noti
2915 1441 3041 1483 situt
3069 1430 3370 1485 dissimilis.
3403 1430 3801 1494 ΤτοηιιιεΙΙὶυε,

2191 1521 2244 1574 in
2277 1521 2538 1589 epusculo
2589 1523 2655 1574 de
2709 1526 2836 1575 Arte
2867 1522 3227 1590 cognoscendi
3271 1533 3488 1577 aetatem
3523 1522 3803 1584 codicum,

2191 1628 2311 1680 cap.
2345 1614 2430 1678 Ii,
2466 1613 2965 1679 bujuscbaracleris
2992 1616 3277 1670 nonnullas
3297 1617 3508 1670 litteras
3543 1615 3800 1670 exhibet:

2191 1705 2344 1773 cujus
2376 1707 2590 1769 generis
2639 1722 2838 1775 paruos
2889 1708 3104 1762 codices
3136 1709 3184 1761 in
3242 1708 3394 1762 Italia
3429 1709 3542 1780 59
3571 1708 3801 1769 viderat,

2193 1799 2284 1852 sed
2313 1800 2362 1851 in
2389 1799 2715 1854 bibliotheca
2743 1801 3084 1855 Vallicellana
3127 1802 3311 1856 Romae
3334 1801 3521 1870 plures
3558 1817 3800 1856 asserva-

571 1895 662 1951 79.
707 1895 818 1950 Etsi
843 1905 1017 1949 autem
1048 1893 1248 1949 codicis
1293 1904 1422 1949 aetas
1464 1909 1651 1950 recens
1682 1897 1771 1961 sit,
1803 1904 1981 1949 tamen
2009 1910 2075 1949 ex
2111 1890 2156 1949 Β
2186 1890 2228 1944 ri
2256 1890 2520 1959 audierat,
2541 1908 2672 1960 quos
2691 1907 2759 1947 ex
2793 1893 3046 1962 Ilispania
3080 1894 3268 1949 allatos
3299 1893 3503 1962 Ioseph
3543 1895 3800 1949 BlancLi—

502 1987 873 2057 antiquissimo
901 1987 1171 2041 volumine
1201 2002 1324 2040 eum
1370 1987 1752 2055 transcriptum
1812 2002 1950 2054 esse,
1981 2003 2085 2041 non

502 2078 639 2134 levia
694 2091 815 2133 sunt
864 2079 1079 2134 indicia.
1113 2079 1223 2133 IIoe
1252 2079 1395 2134 enim
1445 2079 1675 2132 immunt
1717 2081 1938 2143 lacunaé,
1971 2097 2089 2150 qua:

503 2171 802 2238 praesertim
838 2170 995 2238 paulo
1027 2179 1149 2238 post
1194 2169 1404 2224 initium
1452 2180 1760 2234 occurrunt,
1810 2182 1862 2224 et
1903 2188 2091 2225 versus

504 2260 760 2326 inchoati,
782 2276 1164 2331 nonnunquam
1185 2278 1213 2315 a
1247 2263 1416 2329 prima
1443 2264 1557 2317 sola
1580 2264 1774 2327 littera,
1803 2266 1941 2334 quod
1972 2265 2092 2321 ideo

505 2350 700 2406 factum
731 2365 972 2422 apparet,
1006 2356 1132 2424 quia
1165 2359 1422 2424 temporis
1466 2366 1730 2410 vetustate
1756 2360 1873 2412 alia:
1899 2361 2093 2416 littera:

424 2469 436 2478 -
504 2441 610 2512 iam
639 2455 988 2499 evanuerant.
1018 2445 1267 2500 Fortasse
1298 2446 1422 2501 hinc
1475 2449 1634 2501 etiam
1670 2448 1976 2519 frequentes
2008 2470 2094 2507 er-

505 2549 659 2589 rores
687 2535 775 2605 qui
808 2535 858 2590 in
890 2536 1078 2592 codice
1117 2547 1366 2592 notantur
1399 2540 1617 2606 profecti
1665 2551 1808 2604 sunt,
1859 2545 1997 2610 quod
2034 2545 2093 2597 li-

504 2626 714 2683 brarius
738 2628 1108 2685 cbaracterum
1143 2630 1368 2686 formam
1397 2643 1449 2686 et
1480 2634 1584 2688 vim
1629 2650 1731 2688 non
1782 2637 1911 2689 satis
1942 2652 2093 2691 asse-

507 2733 786 2790 queretur.
840 2721 1039 2776 Locum
1100 2731 1277 2776 autem
1324 2739 1548 2778 vacuum
1608 2725 1940 2795 relinquebat
2003 2729 2094 2782 ubi

506 2827 700 2869 versus
726 2813 922 2884 aliquis
943 2824 1035 2870 aut
1062 2816 1226 2872 verba
1262 2817 1506 2885 deerant,
1539 2827 1594 2872 ut
1634 2836 1697 2873 ex
1753 2821 1856 2874 alio
1887 2823 2091 2886 codice,

507 2907 556 2962 si
585 2907 779 2962 alicubi
817 2919 1175 2978 compareret,
1220 2922 1439 2978 possent
1472 2912 1730 2980 suppleri.
1760 2914 1914 2977 Quod
1946 2915 1988 2966 si
2033 2930 2094 2967 ea

509 2999 688 3053 omnia
718 3000 861 3064 vitia,
891 3017 1010 3068 ante
1040 3017 1180 3056 nunc
1221 3003 1274 3055 in
1296 3003 1482 3058 codice
1505 3014 1828 3069 cernuntur,
1875 3006 1926 3058 in
1959 3006 2096 3058 anti-

509 3093 696 3163 quiore
717 3095 986 3151 volumine
1015 3098 1319 3160 exstabant,
1354 3100 1683 3154 censendum
1707 3112 1787 3154 est
1813 3103 2092 3170 Augustini

510 3199 726 3252 nomen,
762 3187 903 3255 quod
950 3188 1138 3243 titulus
1185 3189 1526 3258 praeferebat,
1564 3192 1830 3246 eruditum
1861 3195 2091 3262 aliquem

2195 1983 2314 2036 nius
2370 1984 2468 2052 ipsi
2518 1995 2841 2039 as~eruerat.
2910 1987 3100 2040 Postea
3159 1987 3320 2042 etiam
3382 1987 3609 2042 rescivit
3657 1987 3803 2040 hunc

2194 2075 2440 2129 eumdem
2474 2091 2593 2130 esse
2624 2077 2991 2131 characterem
3017 2079 3103 2144 qui
3137 2077 3322 2132 Italice
3352 2077 3557 2132 dicitur
3600 2080 3805 2148 gothirs

2196 2167 2495 2230 cordellato,
2526 2177 2580 2222 et
2603 2170 2754 2232 cuius
2779 2168 2950 2222 adhuc
2979 2185 3105 2222 usus
3123 2179 3205 2223 est
3238 2171 3289 2223 in
3323 2170 3653 2238 quibusdam
3693 2170 3808 2223 bui-

2199 2263 2264 2315 lis
2296 2260 2602 2328 pontificiis.
2630 2259 3213 2316 Statuit'I‘rmnbellius
3244 2261 3385 2317 hunc
3424 2265 3806 2318 characterem

2200 2359 2251 2408 in
2283 2353 2554 2407 codicibus
2581 2355 2854 2421 proprium
2880 2355 3040 2410 fuisse
3067 2356 3245 2409 saeculi
3274 2371 3326 2408 st
3355 2356 3598 2413 circiter.
3632 2356 3805 2422 Equi-

2198 2449 2320 2502 detn
2352 2447 2403 2499 in
2436 2447 2759 2501 bibliotheca
2806 2448 3144 2503 Vallicellana
3188 2451 3447 2504 nonnulla
3481 2450 3806 2506 lectionaria

2199 2541 2262 2593 ad
2306 2557 2456 2594 usum
2497 2541 2844 2594 ecclesiarum
2886 2540 2991 2593 vidi
3050 2541 3152 2594 hoc
3199 2541 3522 2597 charactere
3563 2552 3808 2604 exarata,

2200 2649 2318 2701 quae
2347 2633 2411 2686 ad
2442 2633 2695 2686 sa-culum
2728 2649 2758 2685 Χ
2793 2644 2884 2685 aut
2910 2649 2960 2685 χι
2988 2633 3240 2688 videntur
3263 2635 3562 2702 "piertinere,
3606 2646 3662 2688 et
3697 2635 3810 2688 fur-

2203 2733 2342 2777 tzisse
2372 2738 2490 2776 sunt
2524 2725 2595 2776 illi
2629 2725 2728 2789 ipsi
2755 2724 2973 2778 codices
3005 2733 3138 2793 quos
3169 2743 3234 2778 ex
3275 2726 3531 2790 Hispania
3568 2727 3677 2781 huc
3705 2727 3806 2779 ad.

2204 2826 2383 2869 vectos
2418 2816 2760 2868 Blanebinius
2791 2815 3112 2870 affirmabat.
3171 2817 3492 2871 Membranr
3532 2817 3809 2872 Vaticana:

2200 2907 2390 2972 quibus
2413 2906 2720 2960 Satisfactio
2749 2907 3018 2960 Dracontii
3051 2907 3316 2976 descripta
3350 2917 3454 2974 est,
3488 2909 3622 2963 mihi
3655 2923 3807 2964 certe

2201 3002 2401 3055 saeculo
2431 3017 2481 3053 xi
2518 3001 2845 3070 posteriores
2872 3018 2976 3054 non
3002 3001 3270 3056 videntur.
3306 3003 3597 3070 Exemplar
3628 3004 3808 3058 simile

2199 3095 2356 3162 hujus
2379 3095 2707 3148 characteris
2736 3094 2995 3147 habemus
3022 3095 3070 3146 in
3104 3094 3417 3162 przefatione
3447 3095 3805 3150 commenda-

2201 3188 2389 3240 tissimi
2421 3187 2681 3241 cardinali
2714 3185 2983 3240 Francisci
3016 3187 3324 3240 Lorenzana
3364 3187 3429 3241 ad
3467 3187 3804 3242 Breviarium

511 3276 680 3331 virum
706 3278 1003 3348 impulisse
1037 3294 1105 3334 ne
1145 3282 1243 3335 hoc
1288 3283 1396 3353 58
1447 3297 1632 3350 poema
1679 3288 1888 3351 penitus
1919 3285 2097 3352 perire
2125 3268 2169 3330 C
2205 3281 2558 3336 Isidoriannm
2589 3296 2706 3348 pag.
2739 3282 2828 3345 9.6,
2864 3295 2926 3335 ex
2957 3280 3230 3334 codicibus
3254 3279 3485 3350 gothicis
3516 3281 3635 3350 ejus
3673 3283 3809 3334 Bre-

511 3371 863 3440 permitterct.
890 3371 966 3426 Ac
996 3371 1226 3428 fortasse
1273 3389 1411 3428 nunc
1442 3375 1542 3429 hoc
1572 3376 1929 3446 qualicunque
1960 3379 2098 3433 Dra-

511 3462 674 3517 contii
706 3478 871 3532 opere
915 3478 1248 3531 careremus,
1295 3467 1394 3520 nisi
1445 3467 1581 3522 falso
1633 3469 1784 3522 titulo
1812 3470 2100 3538 aliquando

511 3555 700 3610 fuisset
718 3566 990 3612 ornatum.
1019 3558 1176 3614 Ratio
1205 3561 1476 3616 scribendi
1513 3564 1563 3616 in
1616 3565 1715 3616 hoc
1768 3565 1956 3619 codice
1988 3569 2101 3622 haec

512 3646 625 3703 fere
649 3657 751 3716 est,
778 3647 1012 3717 herebus,
1043 3649 1248 3720 hyatus,
1296 3654 1581 3719 cohercens,
1632 3655 1868 3724 cat/lena,
1903 3661 2100 3712 cat/ier-

513 3758 608 3809 sa,
634 3752 923 3814 temptator,
974 3746 1174 3799 totiens.
1199 3745 1403 3802 Caetera
1436 3749 1566 3802 nihil
1603 3759 1692 3803 aut
1742 3765 1846 3802 non
1875 3753 2099 3805 tnultum

514 3835 764 3892 diﬂ'erunt
791 3854 819 3892 a
841 3841 1108 3893 communi
1137 3840 1540 3910 orthographia.
1563 3841 1927 3911 lnterpunctio
1957 3845 2099 3898 nulla

515 3939 619 3995 est,
654 3944 716 3984 ac
737 3931 910 3986 solum
942 3933 1048 3986 duo
1080 3943 1270 4002 puncta
1303 3933 1594 4003 aliquando
1619 3949 1986 4004 apponuntur,
2009 3941 2102 3994 sed

517 4031 738 4086 temere,
774 4033 828 4077 et
854 4022 943 4076 ubi
990 4024 1120 4078 nihil
1173 4026 1274 4079 illis
1309 4041 1443 4096 opus
1473 4038 1609 4096 erat,
1670 4039 1760 4084 aut
1806 4031 1966 4084 etiam
2015 4032 2099 4084 ubi

515 4125 706 4166 sensus
727 4127 788 4166 ea
814 4114 1034 4169 omnino
1058 4117 1282 4184 respuit.

515 4229 520 4235 -
585 4202 677 4256 80.
731 4203 1013 4257 Secundus
1063 4205 1332 4260 Dracontii
1384 4209 1588 4272 codex,
1622 4226 1728 4279 quo
1758 4214 1838 4266 usi
1893 4230 2100 4281 sumus,

517 4295 688 4350 multo
715 4295 930 4364 majoris
951 4307 1032 4351 est
1055 4298 1232 4366 pretii,
1257 4300 1301 4353 si
1326 4301 1696 4368 antiquitatem
1728 4305 1842 4373 ejus
1873 4306 2098 4376 diligen-

519 4391 751 4460 tiamque
779 4407 879 4462 qua
911 4405 1164 4448 exoratus
1185 4402 1285 4461 est,
1319 4397 1435 4450 sine
1462 4397 1670 4452 mendis
1710 4411 1802 4455 aut
1830 4420 1959 4458 sane
1982 4422 2100 4460 cum

519 4485 699 4555 paucis
719 4486 1153 4542 consideremus:
1181 4489 1374 4558 alioqui
1405 4490 1671 4544 Dracontii
1699 4496 1747 4546 in
1773 4512 1836 4548 eo
1861 4498 1990 4551 nihil
2023 4510 2104 4553 est

519 4578 680 4644 aliud,
711 4577 809 4632 nisi
838 4578 1038 4649 Elegia,
1067 4580 1182 4634 sive
1211 4582 1514 4636 Satisfactio
1543 4583 1605 4636 ad
1641 4601 1818 4654 regem
1869 4588 2105 4646 Wanda-

520 4672 713 4726 lorum.
743 4674 920 4728 Codex
954 4674 1037 4728 hic
1067 4674 1357 4730 Vaticanus
1403 4689 1484 4733 cst
1533 4682 1870 4737 bibliothecae
1903 4687 2099 4754 regium

521 4769 725 4826 Succia:
744 4789 888 4828 nmn.
918 4775 1022 4830 508
1051 4787 1134 4830 aut
1160 4777 1294 4830 1'26?
1325 4780 1785 4847 memln'anaceus,
1819 4797 1924 4850 quo
1957 4783 2099 4835 varia

521 4877 679 4930 opera
726 4867 1086 4933 continentur,
1148 4878 1203 4921 ut
1259 4869 1494 4924 Euclidis
1542 4873 1938 4926 Elementorum
1975 4874 2098 4928 libri

521 4971 634 5020 sex,
665 4956 869 5011 Itoethii
913 4957 980 5012 de
1028 4962 1375 5016 Atithmctica
1433 4965 1498 5017 57
1531 4967 1724 5031 capita,
1757 4966 1980 5034 Algebra
2025 4968 2104 5020 iu-

521 5057 667 5102 eerto
718 5058 933 5105 auctore
959 5094 971 5114 ,
1005 5062 1258 5107 tractatus
1283 5056 1345 5108 de
1378 5056 1598 5124 Sphtera
1635 5059 1836 5112 incerto
1866 5069 2101 5122 auctore,

523 5139 758 5193 I’ractica
790 5141 1110 5207 Quadrantis
1141 5145 1344 5199 incerto
1370 5158 1610 5213 auctore,
1644 5149 1943 5203 Kalendarii
1974 5150 2102 5203 Elu-

521 5231 736 5298 cidatio,
780 5248 963 5288 versus
1010 5233 1168 5288 Marci
1223 5247 1390 5304 poet-.e
1439 5239 1504 5291 de
1679 5240 1984 5307 Benedicto,
2017 5259 2046 5309 q
2075 5243 2102 5292 ti

521 5325 826 5377 conferendi
855 5333 1121 5380 suntcum
1149 5327 1304 5381 editis
1330 5344 1359 5380 a
1383 5327 1686 5384 Mabillonio
1711 5332 1828 5384 Act.
1858 5333 1951 5387 SS.
1983 5334 2099 5384 ord.

521 5413 578 5464 S.
614 5413 881 5470 Benedicti
915 5427 1042 5470 tom.
1071 5417 1110 5472 Ι.

591 5506 678 5558 81.
711 5505 839 5560 Post
879 5506 976 5563 hos
1004 5524 1189 5564 versus
1231 5510 1389 5565 Marci
1439 5511 1629 5579 legitur
1658 5512 1837 5581 Elegia
1868 5513 2101 5566 llracon-

522 5595 601 5659 tii,
635 5596 776 5666 quod
818 5598 1060 5653 ultimum
1115 5612 1196 5655 est
1235 5602 1283 5655 in
1319 5601 1420 5656 hoc
1466 5603 1652 5658 codice
1701 5619 1854 5672 Opus.
1900 5603 2107 5656 Titulus

521 5691 698 5744 nullus
730 5695 1073 5759 prarponitur,
1100 5697 1192 5749 sed
1221 5698 1369 5751 locus
1391 5696 1608 5751 relictus
1639 5707 1720 5751 est
1755 5712 1969 5761 vacuus,
2004 5713 2110 5765 quo

521 5792 703 5846 posset
724 5782 938 5836 ascribi.
969 5785 1147 5854 Elegia
1177 5787 1227 5839 in
1255 5788 1354 5841 hoc
1381 5787 1566 5841 codice
1597 5789 1802 5857 integra
1827 5798 1927 5854 est,
1959 5803 2115 5841 exce-

520 5874 625 5948 ptis
667 5873 852 5945 paucis
899 5878 1076 5932 verbis
1125 5897 1244 5950 qua:
1276 5881 1692 5937 desiderantur:
1727 5892 1936 5938 constat
1964 5883 2112 5938 disti-

2205 3373 2354 3426 viarii
2384 3374 2472 3439 qui
2508 3373 2558 3425 in
2588 3371 2910 3426 bibliotheca
2937 3371 3193 3426 'I‘oletana
3226 3382 3595 3426 assert-antur.
3632 3371 3806 3425 Inter-

2205 3465 2472 3534 pun-gendi
2514 3465 2652 3518 ratio
2681 3464 2832 3517 valde
2863 3465 3149 3533 singularis
3178 3473 3264 3520 est
3303 3465 3356 3519 in
3402 3465 3503 3518 hoc
3535 3466 3806 3519 Dracontii

2202 3557 2427 3612 codice:
2464 3572 2624 3609 unum
2655 3567 2911 3624 punctum
2967 3557 3255 3626 apponitur
3290 3557 3341 3610 in
3375 3557 3483 3612 fine
3511 3559 3806 3624 cujuslibet

2207 3651 2524 3712 hexametri,
2557 3665 2719 3704 unum
2754 3657 3010 3716 punctum
3043 3658 3096 3702 et
3141 3648 3284 3701 aliud
3332 3663 3454 3703 cum
3497 3648 3704 3718 vii-gula
3752 3650 3804 3703 in

2209 3741 2314 3794 fine
2343 3742 2679 3808 pentametri.
2703 3739 2833 3793 Illud
2865 3755 2992 3794 vero
3022 3739 3188 3808 magis
3215 3739 3615 3794 observandum
3635 3741 3804 3795 inter-

2206 3834 2500 3902 rogationis
2532 3842 2710 3886 uotam
2740 3832 3024 3902 quamdam
3078 3832 3248 3887 verbo
3280 3833 3365 3888 ubi
3419 3833 3608 3903 incipit
3637 3835 3806 3890 inter-

2207 3928 2410 3994 rogatio
2439 3942 2651 3995 semper
2680 3926 2847 3995 affigi.
2884 3927 3102 3995 Hispani
3134 3943 3276 3983 nunc
3307 3929 3447 3983 hunc
3479 3946 3689 3984 morem
3720 3933 3800 3985 in-

2207 4019 2401 4072 vehere
2429 4029 2712 4078 conantur,
2744 4027 2802 4072 ut
2827 4019 3261 4086 interrogationis
3282 4031 3600 4076 consuetam
3625 4032 3802 4077 notam

2206 4110 2510 4180 relinquant
2535 4110 2748 4177 quidem
2789 4118 2908 4178 post:
2938 4105 3187 4163 ultimum
3219 4111 3660 4177 interrogationis
3687 4129 3802 4168 ver-

2208 4205 2355 4267 bum,
2387 4203 2480 4257 sed
2509 4204 2756 4258 eamdem
2812 4212 2989 4257 notam
3017 4204 3282 4258 inversam
3311 4207 3478 4260 verbo
3506 4207 3646 4261 unde
3673 4207 3796 4262 inci

2211 4296 2284 4363 pit
2315 4297 2682 4360 interrogatio,
2715 4296 3014 4364 praeﬂgant,
3057 4312 3160 4365 quo
3183 4296 3474 4365 legentium
3521 4299 3801 4353 commodo

2209 4386 2510 4443 consulant.
2537 4385 2610 4439 Ex
2639 4386 2850 4439 laudato
2879 4387 3063 4441 codice
3086 4387 3344 4442 Vaticano
3375 4389 3651 4458 specimen
3678 4392 3802 4444 cba-

2211 4478 2433 4532 racteris
2466 4479 2556 4532 teri
2591 4479 2815 4532 incisum
2848 4478 3181 4534 exhibemus.

2781 4639 3009 4696 CAPUT
3073 4642 3208 4696 VIII.

2244 4752 2556 4807 Dracontius
2585 4757 2824 4809 carminis
2847 4756 2908 4809 de
2931 4756 3056 4820 Deo,
3081 4767 3127 4812 et
3155 4755 3540 4828 Saltsfactionis
3564 4773 3764 4818 auctor.

2281 4897 2368 4950 8'3.
2402 4896 2532 4951 Cum
2563 4897 2614 4950 in
2648 4897 2834 4952 codice
2864 4901 3121 4954 Vaticano
3147 4917 3333 4969 poema
3372 4904 3441 4958 de
3478 4905 3586 4959 Deo
3626 4905 3803 4959 Aure-

2209 4989 2280 5042 lio
2300 4991 2598 5058 Augustino
2627 4991 2912 5059 tribuatur,
2948 4993 3216 5048 Ilracontii
3275 5011 3403 5051 vero
3455 5013 3652 5052 nomen
3696 5016 3799 5051 non

2209 5094 2538 5149 compareat,
2573 5095 2773 5152 quaaret
2803 5085 3030 5139 fortasse
3047 5086 3238 5154 aliquis
3269 5087 3526 5155 primum,
3554 5107 3652 5144 cur
3677 5091 3799 5142 illud

2211 5169 2268 5223 S.
2321 5173 2618 5237 Augustino
2657 5175 3046 5241 abjudicetnus,
3103 5177 3295 5230 deinde
3327 5196 3423 5233 cur
3457 5181 3796 5235 DsﬂCOﬂllum

2207 5274 2482 5317 auctorem
2509 5266 2616 5335 60
2643 5281 2761 5321 esse
2788 5278 2937 5322 certo
2963 5279 3280 5324 statuamus.
3311 5271 3388 5326 De
3425 5274 3753 5330 Satisfactiuz
3773 5293 3802 5328 (ε

2208 5355 2385 5408 minor
2436 5366 2519 5410 est
2566 5359 2846 5413 dubitandi
2905 5361 3091 5425 ratio;
3148 5378 3268 5416 nam
3301 5363 3471 5418 codex
3521 5366 3800 5420 Vaticanus

2208 5447 2387 5501 dill‘ert
2415 5450 2629 5518 quidem
2655 5467 2683 5503 a
2708 5453 2919 5506 cagteris
2951 5454 3224 5508 codicibus
3263 5455 3315 5508 in
3343 5457 3669 5523 exponendo
3720 5473 3800 5510 ar-

2208 5550 2484 5609 gumento,
2515 5542 2609 5597 sed
2663 5543 2730 5598 de
2759 5554 2980 5600 auctore
3013 5547 3301 5600 Dracontio
3344 5563 3467 5602 cum
3519 5551 3600 5605 eis
3649 5548 3798 5615 plane

2213 5634 2496 5685 consentit.
2515 5633 2809 5688 Nnttnttllus
2837 5647 3008 5692 tamen
3033 5638 3314 5706 scrupulus
3343 5640 3664 5694 eximendus
3684 5650 3766 5695 est
3785 5681 3800 5703 ,

2216 5724 2352 5793 qimtl
2388 5723 2631 5776 Barthius
2663 5727 2729 5779 ad
2775 5729 3127 5783 Claudianum
3179 5746 3296 5798 pag.
3347 5732 3450 5785 507
3481 5732 3717 5798 dubitet,
3751 5744 3802 5786 ut

2219 5817 2290 5869 ait
2317 5814 2552 5877 ltiviuus,
2586 5831 2651 5868 an
2686 5835 2802 5873 eam
2832 5824 3113 5888 epistolam
3145 5825 3439 5878 eorrcctori
3470 5827 3644 5894 potius
3679 5827 3803 5879 Dra-

2223 5904 2385 5960 contii
2430 5918 2587 5970 quam
2649 5909 2747 5978 ipsi
2800 5913 3083 5970 Dracontio
3134 5913 3445 5985 adjudicct;
3501 5932 3798 5989 quanquam
