3942 6310
129 338 244 395 6H

1550 324 2055 392 PROLEGOMENA

3331 337 3438 394 6-12

129 453 400 510 Barthius’
449 461 552 507 non
609 442 814 506 dubitat
862 463 928 504 an
973 447 1290 502 Dracontius
1330 444 1467 498 hanc
1507 442 1728 510 elegiam
1761 439 1813 498 A
1841 445 2029 498 cienda
2061 461 2201 501 nunc
2240 454 2323 502 est
2347 449 2611 504 connexio
2664 449 2942 522 utriusque
2968 453 3170 524 operis.
3202 451 3436 514 Carmen

130 548 444 619 scripserit,
477 545 568 600 sed
603 561 668 598 an
713 557 1052 611 versusque;
1087 544 1200 609 ipse
1253 539 1432 592 laudat
1476 537 1541 590 ad
1583 552 1723 590 vers.

131 641 215 696 87
246 642 298 694 in
331 656 384 694 ιιι
413 638 622 693 consul.
653 636 872 690 Honorii
904 651 969 688 ex
999 634 1192 703 elegia,
1222 631 1370 698 Quod
1394 640 1610 699 pereunt
1647 631 1745 682 Ito-

135 740 272 798 διεδ,
300 743 430 793 ειε.,
469 727 735 784 Dracontii
763 727 972 791 sint,an
1003 725 1181 791 potius
1212 722 1454 790 Eugenii,
1489 722 1576 790 qui
1615 721 1744 774 Dra-

134 825 314 878 contii
346 822 629 892 epistolam
661 820 919 875 correxit.
955 816 1154 871 Eadem
1186 817 1345 884 igitttr
1376 830 1540 883 opera
1575 813 1745 868 conli-

151 918 366 971 cicmus
412 915 780 975 Dracontium,
833 926 896 964 ac
931 911 1198 964 neminem
1231 908 1416 971 alium,
1470 914 1744 960 auctorem

139 1024 273 1065 esse
311 1007 573 1076 poematis
600 1005 668 1060 de
698 1005 805 1059 Deo
846 1011 900 1058 et
944 1001 1365 1065 Satisfactionis,
1426 998 1632 1052 scilicet
1679 1013 1746 1051 ex

140 1101 489 1156 conuexione
518 1101 748 1169 partium
783 1096 1045 1165 poematis
1078 1096 1218 1148 inter
1247 1107 1323 1158 se,
1363 1091 1746 1148 convenientia

143 1192 478 1262 argumenti,
509 1189 918 1253 sententiarum,
956 1187 1252 1256 phrasium,
1299 1186 1582 1240 verborum
1631 1199 1748 1238 car-

146 1287 317 1342 minis
346 1286 413 1340 de
442 1285 550 1340 Deo
575 1298 697 1337 eum
724 1282 920 1351 Elegia,
953 1288 1008 1336 et
1037 1294 1288 1334 versuum
1322 1279 1412 1347 qui
1461 1291 1601 1330 nunc
1642 1277 1749 1345 pri-

145 1397 304 1436 mum
332 1380 619 1449 prodeunt,
651 1391 772 1432 cum
807 1375 926 1429 aliis
942 1374 1055 1443 jam
1078 1373 1256 1438 editis,
1288 1381 1489 1441 etquos
1511 1371 1750 1425 Dracon-

145 1476 214 1530 tii
247 1491 369 1530 esse
389 1483 621 1530 constat.
1005 1523 1009 1528 .

228 1569 319 1623 83.
359 1567 554 1623 Versus
585 1566 965 1630 Hexaemeron,
1005 1563 1118 1618 sive
1156 1564 1218 1614 de
1258 1575 1407 1630 opere
1436 1575 1523 1614 sea:
1549 1559 1749 1610 dierum

147 1661 428 1729 inscripti,
451 1659 759 1729 qui‘saepius
785 1659 895 1728 jam
926 1658 1064 1728 typis
1090 1656 1356 1726 impressi,
1384 1653 1485 1708 sub
1515 1654 1751 1706 Dracon-

149 1752 214 1807 tii
241 1753 460 1806 nomine
485 1750 817 1819 prodierunt,
864 1750 988 1819 quin
1035 1749 1152 1814 ejus
1181 1748 1288 1802 sint
1319 1761 1478 1800 nemo
1519 1746 1744 1798 dubitat.

149 1844 394 1920 Quodsi
430 1843 548 1912 quis
575 1857 714 1895 nunc
745 1841 1035 1906 dubitaret,
1065 1842 1186 1910 quia
1217 1842 1269 1892 in
1298 1839 1482 1892 codice
1499 1837 1752 1890 Vaticano
1782 1828 1831 1887 Β

150 1937 396 2007 [ιουιιιτιιί
431 1933 573 2005 quod
607 1933 822 1987 Aurelio
869 1933 1166 2003 Augustino
1227 1931 1514 1986 ascribitur
1565 1929 1747 1982 inserti

145 2039 304 2092 sunt,
332 2028 432 2082 levi
463 2029 675 2094 negotio
723 2026 922 2079 reviuei
970 2035 1148 2095 posset
1191 2026 1508 2078 auctoritate
1540 2022 1746 2086 Isidori,

146 2125 246 2193 qui
275 2137 380 2176 non
402 2121 571 2175 solum
602 2121 970 2174 Hexaemeron
1022 2120 1306 2174 Dracontio
1336 2119 1599 2182 attribuit,
1653 2131 1750 2170 ve-

149 2231 278 2271 rum
311 2214 469 2268 etiam
503 2228 715 2266 versum
755 2229 818 2266 ex
855 2213 958 2266 hoc
1001 2228 1186 2281 opere,
1214 2213 1448 2265 auctoris
1483 2209 1750 2264 Dracontii

149 2305 380 2362 nomine
406 2305 639 2370 laudato,
673 2305 875 2373 profert
901 2322 914 2368 ;
946 2305 1167 2374 Eugenii
1193 2307 1353 2358 etiam
1398 2316 1449 2358 et
1475 2304 1744 2372 lldefonsi,

150 2414 389 2469 quorum
429 2398 516 2453 ille
563 2397 829 2452 lit-acontii
861 2396 959 2450 hoc
998 2397 1136 2467 quod
1162 2405 1337 2451 exstat
1382 2397 1748 2450 Hexaemeron

148 2490 496 2554 reformavit,
527 2489 614 2543 hic
647 2488 1076 2542 emendationem
1109 2489 1375 2542 Dracontii
1414 2487 1481 2540 ab
1511 2485 1750 2555 Eugenio

155 2585 356 2636 factam
390 2581 440 2634 in
467 2579 625 2648 hujus
648 2581 820 2648 elogio
846 2579 1047 2643 retulit,
1099 2589 1156 2633 ut
1203 2595 1360 2649 supra
1410 2579 1672 2647 capitibus
1699 2579 1750 2644 l,

150 2673 193 2726 2
224 2684 279 2727 et
300 2675 354 2736 '5,
389 2673 500 2726 fuse
540 2671 914 2741 explicuimus.
939 2672 1138 2724 Omitto
1169 2671 1520 2741 Augustinum
1571 2671 1754 2725 multis

153 2769 212 2820 in
258 2766 390 2819 locis
415 2764 660 2819 docuisse
689 2762 943 2816 mundum
975 2763 1162 2817 eodem
1195 2765 1450 2830 temporis
1477 2773 1752 2817 momento

151 2862 434 2917 conditum
468 2861 652 2923 fuisse,
686 2860 1085 2914 distinctionem
1117 2873 1210 2912 sex
1252 2859 1460 2913 dierum
1511 2860 1754 2929 allegori-

151 2971 279 3012 cam
308 2970 448 3022 esse,
476 2971 594 3010 cum
620 2954 942 3009 Dracontius
965 2955 1286 3008 contrariam
1306 2955 1579 3024 magisque
1602 2969 1752 3006 com-

158 3064 381 3103 munem
416 3048 734 3102 sententiam
764 3048 832 3102 de
855 3047 1067 3116 opificio
1090 3046 1272 3100 mundi
1307 3061 1495 3101 revera
1520 3062 1612 3100 sex
1641 3047 1754 3100 dic-

153 3155 285 3196 rum
314 3140 485 3208 spatio
526 3147 740 3209 peracto
795 3147 974 3192 teneat
1004 3146 1059 3191 et
1102 3146 1353 3207 exponat.
1391 3138 1540 3202 Quod
1575 3151 1750 3191 autem

153 3231 403 3301 cpistolze
431 3242 617 3284 auctor
647 3231 964 3285 Dracontius
1001 3231 1088 3295 sit,
1127 3246 1230 3284 non
1285 3230 1573 3297 Eugenius,
1605 3231 1756 3285 colli-
1785 3207 1832 3270 (ἶ

154 3325 305 3390 gitur
353 3339 414 3377 ex
467 3322 692 3386 I-idoro,
740 3323 828 3391 qui
862 3323 1029 3376 multo
1059 3330 1184 3375 ante
1210 3322 1506 3391 Eugenium
1541 3337 1754 3377 versum

157 3430 330 3468 unum
377 3431 443 3469 cx
473 3431 530 3468 ea
564 3416 810 3484 episto'a,
852 3417 969 3471 sine
997 3415 1232 3469 auctoris
1265 3424 1441 3468 tamen
1494 3415 1711 3469 nomine
1737 3456 1753 3481 ,

157 3507 434 3571 excitavit,
465 3517 520 3559 nt
547 3506 652 3559 dixi
685 3522 832 3559 num.
890 3508 942 3561 8.
977 3506 1109 3572 Etsi,
1137 3514 1194 3559 ut
1226 3519 1407 3559 verum
1442 3505 1627 3569 fatear,
1649 3520 1753 3559 non

160 3607 274 3650 tam
303 3596 488 3651 efficax
523 3607 603 3650 est
633 3597 748 3652 haec
779 3599 913 3652 ratio
946 3613 1105 3664 quam
1130 3597 1312 3651 multis
1339 3596 1513 3650 videri
1547 3600 1752 3666 possit:

162 3705 291 3743 nam
324 3689 368 3740 si
396 3690 500 3759 61
535 3698 688 3758 poeta
717 3689 909 3756 aliquis
941 3687 1143 3743 Isidoro
1181 3688 1468 3754 antiquior,
1493 3690 1605 3744 sive
1630 3689 1757 3743 [)ra-

159 3782 379 3836 centius
411 3783 453 3835 is
487 3781 667 3848 fuerit,
700 3783 812 3836 sive
855 3783 1014 3848 alius,
1047 3784 1313 3852 ejusmodi
1347 3800 1558 3838 versum
1617 3786 1758 3839 inter

161 3875 304 3928 alios
342 3891 466 3958 suqs
495 3874 732 3941 fecisset,
765 3877 937 3944 potuit
985 3878 1027 3929 is
1060 3891 1247 3930 versus
1277 3877 1344 3930 ab
1372 3879 1574 3932 Isidoro
1602 3895 1752 3933 com-

164 3969 478 4034 memorari,
503 3979 558 4024 et
583 3971 774 4024 deinde
801 3971 868 4023 ab
899 3971 1138 4040 Eugenio
1170 3975 1220 4025 in
1252 3974 1534 4042 epistolam
1569 3974 1753 4038 inseri,

163 4070 223 4113 ut
251 4060 496 4114 solebant
530 4071 736 4116 veteres
765 4063 1053 4116 Christiani
1118 4074 1285 4135 poetae
1334 4067 1400 4120 ab
1452 4067 1572 4120 aliis
1619 4069 1756 4120 anti-

164 4153 446 4222 quioribus
491 4155 832 4210 hemistichia
882 4159 1135 4212 nonnulla
1168 4175 1463 4229 versusque
1518 4162 1756 4231 integros

165 4247 423 4314 mutuari,
458 4249 597 4317 quod
627 4249 676 4302 in
709 4249 998 4318 liracontio
1031 4252 1190 4305 etiam
1213 4253 1641 4307 observabimus.
1670 4259 1758 4308 At-

165 4349 348 4394 tamen
373 4340 496 4394 dum
527 4341 668 4394 aliud
700 4358 804 4396 non
833 4353 1066 4406 constat,
1107 4345 1395 4411 probabilis
1427 4355 1508 4401 est
1559 4362 1654 4417 per
1698 4362 1757 4402 se

166 4433 287 4488 btec
315 4435 471 4501 ratio,
497 4451 563 4489 ne
592 4435 885 4505 Eugenium
914 4449 1186 4494 auctorem
1224 4442 1466 4510 epistola:
1491 4443 1754 4511 dicamus,

166 4527 442 4597 multoque
472 4529 800 4598 probabilior
821 4531 1081 4600 redditur,
1099 4536 1142 4587 si
1162 4549 1282 4588 cum
1313 4536 1590 4590 codicibus
1621 4553 1750 4592 mss.

165 4620 500 4686 conferatur,
529 4624 616 4692 qui
662 4624 885 4678 miriﬁce
923 4628 1265 4681 consentiunt
1309 4627 1361 4681 in
1396 4641 1617 4683 auctore
1644 4631 1757 4698 epi-

165 4713 324 4767 smhe
350 4713 680 4782 designando
699 4715 1001 4786 Dracontio.
1031 4718 1146 4784 Quo
1160 4720 1389 4787 pertinet
1415 4724 1759 4789 supplemen-

163 4817 275 4860 tum
313 4807 531 4876 Eugenii
564 4809 631 4863 de
668 4809 754 4864 die
791 4811 1016 4878 septimo
1061 4828 1166 4865 non
1195 4813 1371 4866 statim
1404 4824 1521 4882 post
1553 4814 1761 4868 Ilexae—

163 4914 352 4953 meron
379 4939 393 4962 ,
437 4901 529 4954 sed
561 4911 676 4970 post
709 4903 989 4972 epistolam
1021 4907 1293 4970 collocari,
1336 4922 1401 4960 ne
1443 4907 1535 4960 lib.
1560 4923 1594 4962 ιι
1629 4908 1759 4961 Dra-

166 4992 335 5046 contii
365 4995 462 5061 (ita
486 4996 626 5049 enim
651 5008 871 5052 vocatur
915 4998 967 5051 in
996 4998 1078 5052 his
1127 4997 1399 5054 codicibus
1449 5001 1698 5069 epistola)
1725 5016 1754 5056 a

163 5083 309 5137 libro
338 5100 352 5138 ι
383 5098 741 5154 separaretur,
766 5089 1082 5160 interposito
1107 5091 1324 5161 Eugenii
1357 5092 1750 5162 supplemento.

111 5181 120 5187 '
238 5177 332 5231 84.
353 5176 456 5232 Sed
490 5181 613 5249 quid
637 5195 770 5251 opus
792 5192 874 5236 est
891 5184 1257 5251 conjecturis?
1279 5184 1332 5239 In
1360 5188 1544 5241 codice
1567 5196 1754 5242 nostro

163 5268 429 5324 Vaticano
454 5272 676 5341 epistola
709 5277 906 5343 scripta
937 5275 1131 5330 dicitur
1162 5277 1226 5330 ad
1273 5292 1453 5347 regem
1485 5279 1756 5333 Vandalo-

162 5378 308 5425 rum,
340 5363 481 5432 quod
521 5365 592 5418 ita
621 5381 739 5420 esse
771 5381 979 5431 verum,
1016 5383 1081 5423 ex
1128 5369 1372 5424 versibus
1405 5370 1536 5439 ipsis
1564 5381 1751 5439 postea

161 5457 518 5511 conﬁrmabo.
554 5457 666 5511 Non
700 5474 827 5528 ergo
855 5474 971 5514 eam
995 5464 1296 5530 composuit
1329 5462 1622 5531 Eugenius,
1659 5464 1748 5532 qui

163 5559 290 5619 post
343 5550 580 5606 excisum
639 5553 994 5608 Vandalorum
1046 5555 1325 5624 imperium
1378 5557 1576 5611 ﬂoruit.
1628 5558 1746 5612 Alia

161 5644 330 5700 multa
357 5655 481 5699 sunt
511 5646 562 5699 in
594 5646 820 5716 epistola
851 5664 968 5718 qua:
1000 5648 1238 5719 Eugenio
1286 5652 1507 5706 minime
1550 5665 1748 5706 conve-

163 5740 283 5793 nire
333 5746 573 5807 possunt,
620 5749 673 5792 ut
713 5750 896 5808 postea
942 5744 1162 5810 patebit.
1211 5743 1390 5812 Itaque
1425 5746 1739 5800 Dracontius

163 5839 345 5885 certus
375 5830 490 5899 ejus
521 5841 703 5886 auctor
735 5831 1008 5887 habendus
1057 5845 1156 5889 est.
1190 5837 1305 5902 Quo
1338 5835 1740 5908 p"'sitt),-itISpi-

1849 541 1916 593 de
1959 540 2067 593 Deo
2098 541 2151 594 in
2187 541 2374 598 codice
2412 543 2668 600 Vaticano
2711 560 2830 601 cum
2861 549 3107 602 versibus
3132 550 3239 616 jam
3281 553 3439 609 editis

1850 631 2164 687 Hexaemeri
2202 634 2340 688 adeo
2379 649 2678 690 ceunexum
2708 648 2810 702 eet,
2846 649 2902 692 ut
2926 639 3024 694 hos
3059 652 3261 710 partem
3292 647 3439 714 ejus-

1849 723 1970 777 dem
1991 725 2168 793 operis
2200 741 2318 781 esse
2341 727 2804 783 evidentissimum
2838 733 2928 786 sit.
2965 734 3253 790 Enimvero
3271 739 3314 790 si
3346 739 3442 792 hos

1853 832 2039 870 versus
2056 817 2124 872 de
2150 833 2312 886 opere
2343 834 2435 873 sex
2466 819 2675 876 dierum
2706 833 2908 878 attente
2924 826 3254 893 consideres,
3287 830 3442 886 facile

1851 908 2116 978 percipies
2157 924 2250 964 eos
2282 910 2348 964 ab
2380 927 2484 965 uno
2514 913 2742 981 quodam
2786 915 3012 982 longiori
3044 929 3292 986 poemate
3319 937 3440 978 esse

1852 1002 2091 1056 avulsos.
2128 1003 2338 1060 Primus
2368 1020 2559 1060 versus
2592 1008 2641 1061 in
2667 1007 2826 1062 editis
2859 1009 2946 1065 hic
2970 1019 3093 1066 est:

1979 1119 2142 1168 Prima
2165 1121 2271 1170 dies
2294 1121 2375 1171 lux
2406 1129 2480 1172 est
2504 1125 2669 1186 terris,
2694 1137 2826 1176 mors
2859 1139 2952 1175 tina
2987 1128 3227 1179 tenebris.

1855 1222 1981 1290 Quis
2011 1240 2115 1280 non
2151 1225 2332 1282 videat
2359 1227 2459 1282 hoc
2491 1245 2596 1284 non
2642 1245 2765 1286 esse
2794 1233 3073 1288 exordium
3108 1236 3225 1304 ejus
3255 1239 3341 1306 qui
3372 1239 3438 1296 de

1853 1316 2070 1385 opificio
2113 1333 2204 1373 sex
2262 1319 2472 1375 dierum
2519 1324 2757 1379 scribere
2805 1327 3166 1382 instituisset?
3197 1329 3438 1401 Ineptum

1855 1406 1998 1459 enim
2046 1416 2166 1472 est,
2215 1425 2334 1463 cum
2393 1423 2763 1482 argumentum
2817 1432 2922 1471 non
2955 1418 3024 1472 sit
3065 1422 3394 1489 propositum
3422 1468 3437 1490 ,

1855 1498 2114 1561 exordiri,
2154 1500 2332 1555 Prima
2383 1504 2490 1558 dies
2531 1505 2620 1559 lux
2645 1517 2716 1561 est
2745 1510 2911 1564 terris.
2942 1509 3187 1577 Birinus,
3231 1515 3335 1570 etsi
3387 1515 3439 1571 id

1856 1602 1962 1641 non
1994 1590 2435 1648 animadverterit
2460 1635 2475 1659 ,
2509 1604 2684 1650 tamen
2737 1599 2988 1653 mendum
3036 1601 3239 1658 in‘hoc
3269 1606 3439 1673 primo

1857 1692 2013 1732 versu
2044 1680 2416 1750 deprehendit.
2449 1685 2562 1739 Non
2593 1687 2736 1741 enim
2765 1700 2911 1744 reete
2931 1693 3132 1747 mentio
3153 1703 3311 1749 terra:
3333 1696 3439 1765 prio

1861 1784 1942 1822 ma
1971 1769 2058 1825 die
2092 1773 2170 1836 lit,
2215 1789 2333 1828 cum
2368 1775 2482 1831 haec
2515 1781 2664 1833 tertia
2696 1780 2782 1835 die
2813 1786 3119 1852 apparuerit
3142 1795 3234 1841 aut
3260 1798 3438 1847 creata

1861 1860 2038 1925 inerit,
2069 1873 2127 1917 ut
2154 1867 2313 1920 etiam
2359 1869 2472 1937 ipse
2516 1871 2829 1929 Dracontius
2866 1877 3088 1946 exponit
3131 1879 3291 1948 paulo
3319 1889 3438 1951 post

1859 1957 1909 2010 in
1947 1961 2099 2013 tertia
2133 1961 2218 2015 die
2249 1980 2391 2019 vers.
2415 1965 2514 2020 I50
2548 1967 2643 2022 lib.
2677 1986 2724 2023 t:

1985 2073 2088 2134 ἕνεί
2115 2076 2232 2137 dies
2257 2083 2437 2126 terram
2463 2083 2642 2130 tuernit
2660 2083 2722 2129 de
2748 2083 2974 2134 fluctibus
2996 2092 3150 2136 actam
3183 2103 3194 2137 :

1977 2140 2085 2206 62
2108 2136 2300 2186 Eruitur
2328 2141 2474 2189 tellus
2498 2152 2631 2191 vasto
2654 2147 2877 2194 demersa
2904 2148 3154 2208 prol'undo.

1861 2230 2080 2283 Rivinus
2115 2233 2215 2286 hoc
2246 2234 2498 2287 mendum
2534 2235 2602 2289 ita
2631 2239 2921 2293 emendare
2947 2242 3155 2297 voluit;

1984 2345 2141 2392 Prima
2167 2347 2274 2395 dies
2294 2347 2378 2395 lux
2411 2360 2486 2398 est
2515 2351 2656 2399 tetris
2682 2364 2812 2400 mors
2835 2365 2927 2402 una
2953 2355 3193 2407 tenebris.

1863 2450 1965 2506 Sed
1992 2468 2116 2507 vera
2147 2453 2302 2507 lectio
2330 2456 2526 2522 petitur
2552 2471 2618 2511 ex
2645 2459 3024 2529 conjunctione
3068 2463 3228 2534 hujus
3257 2480 3441 2524 versus

1859 2559 1979 2622 cum
2010 2544 2090 2598 his
2119 2547 2208 2614 qtti
2244 2548 2554 2615 prazcedunt
2583 2547 2634 2602 in
2659 2551 2900 2608 carmine
2928 2553 2995 2608 de
3027 2554 3138 2611 Deo
3163 2571 3303 2612 vers.
3341 2558 3442 2614 115

1861 2637 1956 2693 lib.
1987 2654 2040 2691 ιε

1985 2731 2082 2803 fer
2104 2739 2174 2782 tot
2191 2732 2316 2803 facta
2338 2734 2476 2803 Deus
2497 2736 2623 2803 quod
2657 2746 2796 2787 sexta
2822 2739 2930 2788 luce
2952 2745 3152 2803 creavit,

1985 2793 2147 2842 Prima
2171 2797 2278 2844 dies
2303 2810 2410 2845 nam
2438 2793 2556 2846 lucis
2581 2807 2705 2860 erat,
2737 2813 2866 2848 mors
2884 2815 2976 2850 una
3002 2793 3236 2854 tenebris.

1932 2899 2022 2952 83.
2058 2899 2131 2950 Ex
2166 2898 2268 2952 line
2311 2901 2470 2954 etiam
2515 2917 2764 2957 versuum
2795 2905 2863 2960 de
2905 2921 3068 2976 opere
3095 2924 3186 2963 sex
3233 2910 3440 2970 dictum

1863 2991 2021 3046 simili
2054 2992 2213 3046 modo
2257 2994 2524 3064 colligitur
2549 3011 2734 3066 poema
2780 2999 3014 3056 nondum
3049 3006 3170 3058 esse
3213 3004 3439 3063 finitum.

1864 3087 1936 3139 lta
1968 3086 2042 3140 ait
2074 3087 2392 3143 Dracontius
2424 3089 2513 3143 lib.
2550 3107 2584 3152 ι,
2620 3107 2762 3147 vers.
2799 3093 2942 3147 747:

1988 3179 2166 3250 éspice
2192 3180 2496 3250 deSpeetum,
2519 3183 2955 3250 dejectumattolle
2981 3199 3254 3250 parumper,

1990 3240 2347 3311 [ioniusumque
2364 3244 2494 3304 jura.
2523 3240 2634 3306 quia
2661 3249 2865 3311 pmnitet
2888 3240 2998 3296 esse
3024 3240 3301 3311 nocentem,

1989 3302 2051 3423 ξι
2078 3302 2275 3352 valeam
2289 3302 2562 3356 memorare
2586 3302 2691 3357 tuas
2717 3309 2807 3357 hoc
2828 3313 3044 3360 carmine
3067 3311 3254 3374 laudes,

2034 3379 2118 3414 uas
2140 3374 2329 3428 potero.

1863 3469 2050 3524 Adhuc
2080 3471 2240 3540 igitur
2268 3472 2583 3529 Dracontius
2610 3475 2662 3528 in
2693 3475 2938 3532 laudibus
2969 3478 3177 3534 Domini
3205 3481 3442 3538 carmine

1865 3566 1964 3617 hoc
1994 3564 2345 3632 pra-dicandis
2373 3567 2485 3620 vult
2518 3568 2822 3635 immorari,
2867 3571 3008 3641 quod
3038 3572 3188 3628 libris
3231 3573 3440 3630 duobus

1860 3659 2206 3723 sequentibus
2257 3661 2470 3730 egregie
2517 3663 2785 3730 praestitit.
2839 3663 3038 3722 Confer
3067 3683 3207 3723 nunc
3250 3685 3439 3727 versus

1863 3748 1970 3803 665
1991 3764 2107 3817 seq.
2138 3750 2259 3804 libri
2291 3766 2368 3814 ιιι,
2403 3767 2571 3821 prope
2609 3753 2766 3809 ﬁnem
2796 3773 2810 3808 :

1989 3863 2244 3930 Servatum
2269 3877 2503 3926 reparare
2527 3867 2645 3927 jube
2672 3870 2857 3930 pietate
2878 3881 3034 3928 sueta.

1986 3925 2045 3974 Ut
2075 3939 2270 3975 merear
2295 3925 2492 3978 cantare
2515 3925 2621 3977 tuas
2645 3925 2731 3992 per
2755 3936 2964 3982 carmina
2992 3925 3176 3985 laudes.

1861 4031 2184 4101 Agnoscitur
2215 4032 2353 4086 idem
2385 4045 2572 4088 auctor
2620 4036 2894 4107 utriusque
2943 4038 3085 4105 libri,
3135 4042 3228 4097 sed
3271 4046 3442 4114 quiin

1865 4127 2035 4192 primo
2065 4125 2203 4179 libro
2239 4127 2422 4183 laudes
2451 4129 2542 4184 Dei
2578 4131 2854 4188 celebrare
2880 4135 3069 4191 eodem
3097 4141 3335 4196 carmine
3364 4144 3445 4199 ul-

1862 4220 2028 4274 terius
2059 4221 2384 4288 proccdente
2413 4225 2784 4290 constituerat,
2811 4227 2862 4281 in
2889 4239 3137 4285 extremo
3167 4231 3304 4287 libro
3325 4249 3446 4304 gra-

1861 4315 1988 4367 tiam
2028 4314 2127 4368 sibi
2172 4330 2200 4367 a
2230 4315 2340 4369 Deo
2367 4315 2433 4370 ad
2473 4318 2575 4372 alia
2607 4320 2843 4374 carmina
2873 4332 2926 4376 et
2964 4324 3029 4376 ad
3063 4325 3205 4379 aliud
3237 4321 3446 4400 tempus

1862 4405 2185 4475 postulabat.
2220 4406 2298 4460 Ac
2328 4415 2614 4477 propterea
2645 4410 2794 4464 addit
2817 4427 2957 4468 vers.
2990 4415 3094 4470 670
3119 4415 3210 4470 lib.
3245 4435 3300 4472 ιιι
3327 4437 3340 4473 :

1987 4498 2086 4546 Sed
2111 4501 2221 4561 quis
2244 4513 2368 4562 opus
2391 4514 2590 4552 narrare
2617 4511 2750 4552 tuttm
2775 4519 3006 4555 sermone
3032 4508 3250 4557 valebit?

1986 4562 2282 4631 guspexisse
2309 4563 2469 4631 Deum
2491 4577 2515 4612 s
2547 4567 2608 4612 tis
2633 4569 2792 4631 estde
2817 4569 2965 4616 corde
2991 4575 3283 4631 trementer,

1997 4623 2053 4671 Et
2077 4624 2297 4685 lacrymls
2323 4627 2549 4687 precibus
2568 4639 2648 4686 jue
2675 4629 2766 4688 piis
2799 4637 3098 4678 venerantet
3117 4634 3270 4681 adire.

1940 4728 2028 4781 86.
2067 4729 2344 4795 Inscriptio
2382 4729 2495 4798 ipsa
2531 4731 2906 4802 Hexaemeron,
2939 4737 3053 4790 sive
3080 4739 3140 4791 de
3171 4738 3337 4808 Opere
3364 4759 3450 4798 sca:

1868 4823 2099 4886 dierum,
2131 4825 2372 4892 quamvis
2401 4834 2552 4878 vetus
2599 4826 2698 4891 sit,
2733 4836 2785 4881 et
2814 4827 2872 4883 S.
2914 4829 3115 4885 Isidoro
3144 4835 3444 4904 antiquior,

1870 4923 2044 4968 tamen
2085 4914 2260 4968 minus
2292 4925 2412 4982 apte
2444 4917 2693 4970 tribuitur
2740 4919 3042 4975 collectkmi
3075 4938 3326 4979 versuum
3358 4929 3447 4997 qui

1870 5008 1971 5062 hoc
2017 5009 2169 5062 titulo
2221 5010 2413 5078 vulgati
2466 5020 2610 5064 sunt.
2656 5011 2876 5066 Maxima
2909 5015 3049 5069 enim
3094 5033 3216 5085 pars
3263 5036 3448 5075 corutn

1868 5102 2006 5156 ultra
2055 5117 2148 5155 sex
2195 5102 2306 5155 dies
2366 5103 2720 5170 progreditur.
2786 5104 2849 5158 Ut
2897 5107 3038 5160 enim
3096 5111 3450 5166 concedamus

1865 5195 2032 5249 Evam
2066 5195 2150 5248 die
2201 5204 2353 5249 sexto
2386 5196 2550 5250 fuisse
2588 5198 2884 5265 conditam,
2918 5199 3092 5254 Solum
3125 5201 3228 5256 29:)
3263 5219 3449 5260 versus

1865 5304 1892 5340 a
1924 5301 2079 5342 versu
2116 5287 2237 5352 116,
2272 5288 2446 5341 Prima
2473 5289 2578 5341 die:
2609 5306 2774 5359 usque
2799 5291 2862 5344 ad
2895 5307 3106 5346 versent
3139 5294 3264 5358 «H6,
3293 5293 3451 5351 Dixe-
3515 5294 3518 5297 ’

1863 5388 1942 5432 rat
1971 5381 2070 5432 ista
2101 5377 2260 5443 Deus,
2297 5381 2348 5434 in
2381 5382 2596 5449 opiﬁcio
2627 5397 2719 5436 sex
2751 5382 2955 5436 diertun
3001 5387 3302 5442 enarrando
3333 5406 3451 5445 ver-

1867 5482 2080 5536 santur;
2109 5471 2300 5540 reliqui
2333 5473 2434 5526 558
2467 5487 2635 5542 usque
2677 5473 2740 5527 ad
2772 5474 2930 5528 finem
2965 5476 3057 5529 lib.
3089 5493 3136 5543 I,
3176 5489 3450 5545 peceatum

1865 5568 2156 5637 primorum
2185 5577 2463 5634 parentum
2487 5570 2915 5639 sententiamque
2939 5572 3030 5625 Dei
3065 5587 3371 5643 exponunt;
3397 5589 3452 5635 et
3520 5622 3524 5627 .

1866 5659 2116 5728 quoniam
2164 5670 2531 5727 argumentum
2591 5662 2791 5715 auctori
2846 5665 3176 5732 propositum
3223 5677 3308 5722 est
3358 5669 3450 5726 Dei

1860 5756 2046 5809 laudes
2078 5772 2141 5809 ex
2177 5755 2334 5808 rebus
2369 5756 2564 5810 creatis
2598 5757 2866 5825 prosequi,
2894 5760 3162 5828 prtecipue
3187 5762 3292 5832 63
3325 5780 3452 5820 vero

1851 5850 1966 5915 ejus
1994 5850 2253 5904 adversus
2286 5850 2529 5905 homines
2563 5850 2948 5918 benignitatem
2980 5855 3263 5924 extollere,
3289 5863 3451 5918 multa
