3942 6310
514 371 615 430 διδ

1942 363 2387 420 DRACONTIUS.

3699 363 3793 420 θιι

512 484 562 536 in
596 495 705 535 rem
737 493 887 532 suam
939 475 1176 548 congerit
1203 477 1269 532 de
1302 479 1413 531 miti
1454 477 1718 531 sententia
1768 492 1868 544 qua
1916 477 2087 546 pietas
2114 477 2164 538 Α
2199 473 2316 540 185,
2348 475 2473 540 illo,
2506 474 2630 544 555,
2673 475 2796 541 658,
2833 477 2965 544 665;
2997 477 3143 551 Eleg.
3179 495 3319 535 vers.
3361 479 3469 538 288
3519 496 3686 552 seqq.
3726 481 3799 535 Ex

510 573 602 627 Dei
637 586 739 625 non
767 571 941 625 minus
972 586 1126 638 quam
1149 568 1352 638 justitia
1383 569 1574 635 eluxit,
1608 568 1674 622 de
1714 570 1866 622 bonis
1893 567 2087 637 quibus

510 662 754 717 homines
778 676 807 715 e
838 659 1083 730 paradiso
1135 660 1337 728 ejectos
1368 659 1464 713 frui
1501 657 1770 728 permisit,
1817 668 1870 713 et
1900 657 1967 712 de
1998 673 2084 711 re-

507 753 840 810 surrectione
863 761 1215 816 mortuorum,
1239 769 1396 822 quam
1417 753 1598 806 multis
1619 749 1948 822 argumentis
1971 765 2087 820 pro-

508 847 629 910 bat,
663 854 719 898 ut
749 845 916 914 magis
957 844 1228 914 magisque
1255 844 1322 899 de
1368 845 1735 901 misericordia
1767 843 1856 898 Dei
1907 851 2085 897 certos

506 953 604 992 nos
636 936 861 991 reddat:
891 935 960 990 ita
989 935 1131 990 enim
1164 933 1305 991 Deus
1337 937 1606 991 hominem
1651 945 1823 992 morte
1863 935 2086 988 mulcta-

507 1031 604 1092 vit,
635 1039 689 1083 ut
717 1029 1102 1083 immortalitati
1136 1028 1252 1097 ejus
1279 1045 1372 1099 per
1403 1030 1853 1085 resurrectionem
1885 1044 2081 1099 corpo-

504 1135 621 1173 rum
651 1119 975 1189 provideret.
1011 1119 1120 1173 lmo
1150 1135 1276 1174 vero
1302 1122 1462 1176 etiam
1487 1121 1592 1177 illis
1619 1121 1860 1176 versibus
1889 1120 2084 1190 quibus

501 1227 636 1281 opus
679 1228 772 1267 sex
804 1213 1014 1267 dierum
1045 1214 1361 1268 Dracontius
1399 1222 1647 1280 enarrat,
1682 1214 1733 1268 id
1774 1227 1934 1269 unum
1975 1215 2086 1284 agit

501 1305 668 1374 (quod
699 1304 1018 1358 Sirmondus
1041 1320 1253 1375 quoque
1278 1306 1538 1376 agnovit),
1567 1317 1622 1360 ut
1651 1306 1741 1361 Dei
1765 1307 2080 1375 sapientiam

501 1406 557 1451 et
586 1397 878 1452 bonitatem
908 1411 1034 1466 erga
1066 1397 1308 1452 homines
1328 1400 1689 1465 commendet,
1720 1399 1770 1452 in
1802 1414 1899 1454 suo
1925 1413 2084 1468 argu-

501 1498 686 1544 mento
699 1505 910 1560 semper
929 1490 1201 1545 insistens.
1224 1491 1296 1545 Ita
1313 1491 1454 1546 enim
1478 1491 1542 1545 ad
1565 1491 1697 1545 hanc
1721 1492 2078 1546 narrationem

500 1584 808 1652 aggreditur
836 1601 848 1637 :

616 1673 735 1732 Quis
757 1686 918 1734 genus
941 1677 1201 1724 humanum
1229 1679 1387 1725 nescit
1409 1689 1610 1727 servare
1638 1676 1910 1729 volentem.

617 1740 878 1800 Auctorem
901 1737 1246 1800 dominumque
1272 1738 1449 1796 Deum,
1473 1740 1548 1786 cui
1574 1737 1778 1787 contulit
1801 1741 1991 1800 orbem,

621 1797 713 1860 [ἐξι-
738 1805 807 1847 tot
831 1798 954 1848 facta
978 1799 1114 1847 Deus
1137 1797 1262 1860 quod
1285 1811 1422 1850 sexta
1449 1801 1554 1850 lucc
1579 1801 1780 1849 creavit.

620 1858 775 1908 Pruna
799 1861 910 1910 dies
933 1875 1041 1910 nam
1068 1858 1189 1910 lucis
1215 1870 1338 1912 erat.

494 1956 620 2011 Post
643 1960 1000 2014 narrationem
1034 1977 1160 2014 vero
1193 1977 1330 2016 vers.
1367 1961 1467 2015 427
1489 1965 1556 2016 ita
1586 1960 1894 2015 concludit:

611 2070 702 2135 'l'ot
723 2071 845 2119 bona
872 2071 989 2121 facta
1018 2072 1150 2121 Deus
1174 2087 1267 2122 non
1289 2075 1587 2123 obliviscitur
1612 2088 1842 2135 unquam,

613 2132 732 2188 Qua:
755 2142 954 2196 prapter
981 2135 1199 2184 homines
1225 2137 1359 2193 fecit,
1386 2138 1648 2198 sanxitque
1674 2132 1896 2186 manere.

424 2252 437 2262 ·
490 2234 553 2288 Et
586 2236 730 2304 prius
763 2252 902 2290 vers.
935 2240 1039 2293 559
1067 2239 1133 2294 de
1155 2241 1514 2295 animantibus
1545 2242 1785 2295 dixerat:

608 2349 893 2412 'l'errigeuis
916 2350 1095 2400 iactura
1125 2352 1260 2402 cibos
1289 2360 1394 2414 post
1413 2359 1581 2402 cuncta
1609 2354 1853 2401 creandis.

486 2457 542 2510 S.
581 2455 818 2521 Eugenio
847 2473 980 2525 opus
1017 2457 1284 2512 Dracontii
1315 2476 1529 2524 sentum,
1564 2469 1620 2513 ttt
1651 2463 1764 2529 ipse
1811 2463 2063 2532 loquitur,

483 2549 566 2604 vel
618 2550 979 2617 semiplenam,
1029 2559 1084 2604 ut
1131 2552 1356 2620 exponit
1398 2551 1714 2619 lldefousus,
1753 2556 2063 2622 videbatur,

481 2645 602 2710 quia
633 2643 701 2695 de
731 2643 817 2696 die
849 2644 1076 2711 septimo
1109 2653 1368 2698 tacuerat.
1397 2644 1501 2699 Sed
1531 2660 1654 2699 vera
1686 2647 1806 2714 ejus
1829 2649 1901 2699 rei
1931 2649 2065 2702 ratio

480 2743 563 2787 est
584 2733 722 2802 quod
754 2734 1066 2788 Dracmtius
1085 2749 1300 2788 carmen
1328 2733 1394 2790 de
1416 2749 1578 2804 opere
1606 2751 1700 2791 ses
1723 2737 1931 2792 dierum
1956 2756 2060 2793 non

480 2827 710 2890 tevebat,
737 2826 828 2878 sed
861 2827 1000 2879 a’iud
1034 2827 1310 2895 amplioris
1347 2830 1645 2895 argumenti
1679 2831 1744 2884 de
1790 2831 1921 2897 Deo,
1947 2833 2059 2886 sive

483 2920 549 2973 tle
575 2920 662 2972 Dei
693 2919 935 2973 laudibus
964 2936 1024 2973 ex
1055 2922 1169 2989 ejus
1201 2925 1453 2991 operibus
1479 2941 1491 2987 ;
1534 2924 1777 2994 adeoque
1804 2938 2060 2996 opportu-

478 3028 603 3069 num
639 3029 739 3065 nun
767 3021 881 3066 erat
913 3021 966 3066 ιιι
998 3014 1065 3067 de
1093 3015 1203 3068 utio
1232 3015 1334 3069 diei
1368 3018 1578 3084 septimi
1629 3019 1789 3073 verba
1818 3019 2016 3075 faceret
2040 3061 2053 3086 ,

477 3104 614 3173 quod
645 3104 858 3157 uberius
889 3121 1033 3158 tuttu.
1071 3105 1134 3159 l9
1163 3105 1496 3160 confirmavi.

547 3196 636 3248 87.
673 3195 936 3249 Praeterea
970 3196 1128 3249 tnulta
1160 3196 1261 3250 alia
1293 3205 1419 3251 sunt
1446 3197 1497 3251 in
1526 3198 1769 3254 versibus
1796 3201 1936 3268 quia
1970 3217 2053 3256 me

475 3304 615 3341 nunc
643 3290 872 3355 primum
913 3289 1142 3344 eduntur
1169 3300 1221 3345 et
1252 3291 1304 3344 in
1351 3292 1468 3346 aliis
1495 3293 1622 3347 olim
1654 3294 1884 3364 vulgatis
1915 3297 2052 3351 inter
2078 3261 2123 3323 Ο

476 3396 596 3437 sese
647 3384 835 3450 partim
880 3384 1180 3457 simillima,
1239 3386 1428 3454 partim
1483 3400 1725 3441 connexa
1768 3405 1780 3439 :
1828 3403 2055 3457 qttorum

475 3477 729 3532 nonnulla
760 3493 898 3532 nunc
921 3478 1189 3544 indicabo,
1220 3479 1318 3532 alia
1347 3479 1396 3533 in
1420 3479 1562 3534 notis
1587 3479 1652 3535 ad
1680 3483 1914 3537 carmina
1943 3484 2057 3537 ani-

477 3565 830 3621 madvertam.
864 3567 976 3622 Lib.
1009 3585 1045 3633 ι,
1081 3583 1223 3623 vers.
1253 3569 1324 3622 Ξῖ

597 3681 874 3746 Agnoscent
897 3681 1026 3746 quod
1053 3682 1231 3744 templa
1260 3685 1374 3746 poli,
1396 3683 1522 3746 quod
1550 3689 1727 3735 mu-nia
1751 3687 1856 3736 caeli

594 3743 853 3794 Auctorem
875 3743 1094 3794 confessa
1120 3743 1270 3794 stium'
1288 3743 1585 3797 veneranter
1609 3748 1813 3798 adorent
1845 3766 1854 3795 ;

476 3871 589 3930 bzec
642 3887 695 3931 et
740 3877 844 3931 alia
895 3893 1010 3948 qum
1061 3888 1386 3948 sequuntur,
1443 3881 1706 3936 similibus
1766 3882 1943 3937 verbis
2003 3899 2053 3937 tn

479 3965 656 4036 Elegia
689 3969 891 4036 pridem
921 3970 1060 4023 edita
1097 3985 1236 4026 vers.
1269 3971 1302 4025 '5
1328 3982 1680 4040 repetuntur:

717 4088 912 4150 Sidera,
933 4091 1275 4153 ﬂamma,dies,
1294 4105 1462 4152 quem,
1480 4095 1570 4152 so’,
1594 4104 1707 4153 nox,
1726 4093 1835 4144 luna
1849 4094 2058 4146 fatentur

654 4152 934 4211 Auctorem,
957 4151 1198 4199 dominum
1217 4151 1391 4200 saecula
1416 4151 1584 4205 cuncta
1610 4151 1836 4214 probant.

477 4230 590 4287 Lib.
628 4246 692 4319 ιιή
720 4245 860 4285 vers.
893 4231 998 4285 256
1027 4250 1038 4284 :

594 4345 770 4416 Vipera
791 4346 903 4408 quid
931 4353 1146 4416 praestet,
1173 4349 1322 4416 cauda
1346 4358 1396 4398 et
1421 4353 1615 4416 cervice
1643 4354 1820 4416 recisa,

594 4409 952 4478 Quid‘serpens
975 4409 1216 4458 maculosa
1237 4411 1394 4473 juvet,
1422 4413 1658 4462 medicina
1684 4409 1880 4478 fatetur,

594 4472 803 4534 Aspidis,
832 4480 930 4521 etc.

473 4556 596 4614 Lib.
635 4573 646 4608 ι
677 4556 1002 4626 respondent
1031 4571 1217 4611 versus
1250 4555 1378 4611 editi
1409 4557 1512 4614 988
1539 4576 1550 4610 :

597 4672 653 4737 Et
674 4672 912 4721 maculosa
939 4674 1066 4732 repit
1085 4675 1300 4737 squamis
1323 4686 1409 4734 per
1433 4675 1616 4722 viscera
1638 4688 1866 4737 serpens,

594 4734 703 4783 Atra
732 4747 920 4783 venena
945 4747 1125 4783 nocens
1145 4735 1346 4783 missura
1365 4748 1394 4783 e
1415 4738 1606 4784 natibus
1629 4734 1743 4788 oris.

592 4795 649 4844 Et
668 4798 832 4845 subito
855 4810 1082 4858 Sparsura
1165 4810 1281 4846 aves
1304 4811 1393 4858 per
1416 4799 1554 4846 sibila
1581 4809 1783 4855 mortes,

592 4860 753 4908 Atque
784 4860 957 4907 eadem
982 4811 1215 4908 metirﬁris
1239 4861 1543 4908 impertitum
1568 4862 1783 4908 medelas

591 4860 753 4920 Atque
784 4860 957 4907 eadem
982 4860 1215 4908 membris
1239 4861 1543 4921 impertitnra
1568 4862 1801 4911 medelas.

470 4965 737 5019 Consonat
766 4965 924 5017 etiam
958 4965 1134 5033 Elegia
1169 4980 1308 5021 vers.
1342 4967 1448 5022 65:

593 5078 732 5149 Aspis
749 5077 895 5128 habet
916 5076 1285 5149 mor.tes,babet
1311 5087 1357 5127 et
1386 5083 1705 5132 medicamina
1726 5097 1952 5149 serpens,

655 5138 833 5200 thera
860 5139 1164 5199 stepcjuvat,
1188 5140 1354 5201 vipera
1380 5155 1511 5204 sepe
1542 5153 1700 5193 nocet.

469 5242 585 5296 Lib.
624 5258 698 5303 ιιι,
731 5255 871 5294 vers.
900 5238 1002 5294 010
1033 5247 1087 5293 ct
1115 5255 1290 5310 seqq.,
1335 5243 1716 5302 describuntur
1744 5265 1865 5305 ossa
1899 5254 2048 5308 arida

466 5349 583 5400 qua:
627 5331 745 5384 vita:
791 5332 1030 5384 resdtuta
1078 5341 1220 5397 sunt,
1267 5333 1333 5386 de
1377 5337 1572 5400 quibus
1620 5339 1867 5397 Ezechiel
1924 5361 2044 5414 cap.

467 5438 668 5489 xxxv",
691 5423 779 5476 ubi
811 5422 1012 5476 eaedem
1047 5423 1265 5492 phrases
1295 5438 1585 5480 occurrunt
1614 5446 1676 5484 ac
1701 5433 1752 5485 in
1785 5438 2047 5489 narratio-

468 5531 534 5568 ue
560 5515 712 5583 primi
749 5515 978 5569 hominis
1007 5515 1204 5570 conditi
1227 5517 1317 5571 lib.
1350 5534 1386 5582 ι,
1425 5534 1564 5575 vers.
1600 5521 1720 5579 556.
1752 5525 1922 5581 Pietas
1954 5528 2050 5583 Dei

467 5606 667 5660 eisdem
698 5608 810 5662 iere
841 5608 1018 5663 verbis
1046 5625 1108 5664 ac
1137 5613 1419 5666 sententiis
1447 5619 1858 5674 commendatur
1887 5621 1977 5675 ιιι».
2006 5639 2044 5689 ι,

468 5710 613 5749 vers.
642 5698 728 5763 8|,
765 5701 884 5766 100,
915 5701 1043 5770 429,
1072 5702 1196 5768 544,
1228 5705 1351 5770 556,
1387 5707 1510 5773 090,
1539 5709 1659 5775 72ϋ,
1694 5713 1788 5766 75i
1818 5728 1833 5777 ;
1861 5714 1950 5768 lib.
1987 5731 2042 5779 ιι,

465 5799 604 5840 vers.
638 5789 726 5852 96,
758 5790 880 5855 670,
913 5792 1038 5857 684,
1085 5793 1189 5847 693
1230 5810 1412 5865 seqq.,
1466 5801 1600 5865 800;
1655 5800 1739 5856 lib.
1781 5819 1855 5872 ιιι,
1894 5821 2036 5863 vers.

2195 566 2332 619 libro
2363 582 2394 618 ιι
2429 581 2616 620 versus
2645 565 2750 622 ‘2l6
2776 567 3016 635 scilicet,

2317 678 2434 739 \‘er,
2459 688 2619 739 testas,
2645 687 2923 742 autumnus,
2951 682 3126 742 hiems,
3151 686 3482 735 redeuntibus
3497 692 3670 747 annis,

2193 781 2304 836 fere
2335 781 2540 851 integer
2566 784 2828 852 repetitur
2854 785 2907 838 in
2942 786 3118 856 Elegia
3152 804 3296 843 vers.
3327 789 3459 852 255,

2312 893 2428 952 Ver,
2454 902 2617 956 testas,
2643 901 2924 952 autumnus,
2952 897 3128 962 hiems,
3159 901 3290 950 redit
3313 913 3472 950 anuus
3497 903 3548 950 in
3572 915 3798 958 annum;

2189 1001 2277 1067 qui
2320 1014 2506 1054 versus
2535 999 2688 1056 deest
2719 1001 2934 1068 quidem
2967 1004 3020 1056 in
3061 1004 3318 1060 hactenus
3346 1008 3536 1072 editis,
3571 1008 3677 1062 sed
3708 1024 3802 1062 ex-

2189 1097 2297 1145 stat
2326 1090 2379 1144 in
2416 1091 2605 1146 codice
2650 1092 3026 1161 antiquissimo
3060 1093 3348 1160 Vaticano,
3383 1111 3446 1151 ex
3483 1114 3600 1166 quo
3653 1100 3801 1154 inte-

2186 1197 2335 1250 gram
2366 1183 2594 1253 elegiam
2636 1185 2972 1253 proferemus
3003 1187 3052 1240 in
3079 1187 3271 1251 lucem,
3299 1201 3326 1241 a
3353 1191 3408 1246 S.
3443 1193 3801 1248 Columbano

2189 1275 2348 1328 etiam
2380 1286 2687 1346 usurpatos.

2258 1364 2346 1417 88.
2387 1363 2472 1426 Et,
2508 1374 2565 1420 ut
2590 1365 2834 1422 omittam
2865 1369 3045 1436 plures
3067 1371 3200 1424 alias
3223 1373 3529 1428 sententias
3548 1375 3608 1428 in
3642 1376 3800 1433 libris

2186 1456 2294 1509 suis
2323 1472 2351 1510 a
2374 1457 2660 1513 Dracontio
2688 1461 2966 1529 repetitas,
2994 1463 3068 1516 uti
3099 1465 3259 1518 etiam
3290 1465 3599 1521 locutiones
3633 1484 3798 1537 quas-

2185 1546 2306 1602 dam
2336 1548 2452 1615 ejus
2476 1550 2796 1618 peculiares,
2837 1564 2896 1606 ut
2922 1554 3054 1623 ignis
3078 1555 3316 1620 anhelus,
3350 1559 3563 1621 cirrata,
3604 1562 3796 1626 pietate

2187 1641 2442 1692 modestus
2463 1680 2478 1704 ,
2515 1643 2750 1708 placidus
2782 1658 2879 1712 pro
2909 1645 3178 1708 clementi,
3228 1646 3358 1700 illud
3391 1649 3680 1715 imprimis
3703 1652 3796 1702 oi»

2185 1732 2511 1783 servandum
2539 1741 2642 1794 cst,
2666 1747 2788 1786 eum
2808 1773 2822 1797 ,
2852 1747 2910 1787 ut
2945 1735 3110 1790 Deum
3145 1738 3339 1806 placet,
3371 1741 3440 1792 ita
3492 1754 3672 1795 orare
3703 1743 3794 1796 ιιι).

2190 1833 2267 1882 ια,
2311 1834 2454 1874 vers.
2483 1821 2621 1876 597:

2310 1936 2502 2001 Astiice,
2529 1950 2693 1999 quaeso
2714 1939 2849 1996 satis,
2876 1941 3102 2001 precibus
3120 1953 3184 1990 ne
3205 1942 3442 1991 clauseris
3466 1957 3629 1995 aures

2308 1996 2724 2070 {Vostrispsanctm
2754 1996 2887 2070 tuas,"
2913 2003 2997 2070 qui
3026 2003 3111 2070 das
3135 2012 3377 2070 precepts
3398 2006 3697 2070 benignus;

2306 2058 2378 2130 ira
2404 2058 2612 2130 hominis
2634 2075 2741 2130 cum
2766 2062 2870 2130 sole
2897 2058 3036 2113 cadat
3067 2058 3311 2130 de'corde'
3328 2058 3561 2130 furentis,

2306 2119 2403 2190 lit;
2418 2123 2576 2170 eniam
2605 2136 2695 2171 nox
2724 2124 2825 2185 ipsa
2848 2124 2973 2174 ferat
3001 2140 3012 2172 :
3050 2129 3132 2187 qni
3163 2129 3386 2190 pra'cipis
3409 2139 3456 2178 ut
3483 2119 3568 2190 sit,

2299 2184 2404 2255 65
2436 2192 2530 2242 Fac
2553 2193 2657 2242 fieri
2683 2184 2810 2256 quod
2839 2203 2889 2246 et
2915 2198 3019 2258 ipse
3033 2184 3207 2259 jubes;
3232 2184 3476 2252 miserere
3503 2184 3762 2266 rogantis.

2177 2299 2252 2350 Ac
2282 2299 2439 2367 paulo
2470 2307 2586 2367 post
2616 2315 2754 2354 vers.
2788 2301 2896 2357 646
2925 2305 3021 2357 hoc.
3047 2307 3347 2376 exemplum
3384 2312 3648 2378 producit
3678 2333 3694 2367 :

2299 2409 2558 2480 parsurum
2579 2413 2804 2460 dominus
2827 2416 2987 2480 timuit
3016 2425 3118 2476 post
3141 2430 3292 2480 regna
3315 2420 3583 2473 bubulcum

2302 2471 2436 2537 inter
2463 2479 2599 2537 prata
2623 2486 2794 2535 pecus,
2823 2477 2905 2537 qui
2935 2471 3039 2536 post
3061 2471 3280 2537 regnavvit
3321 2485 3368 2530 in
3391 2471 3546 2535 arcet

2298 2533 2394 2592 Mc,
2425 2547 2560 2593 rogo,
2585 2533 2683 2594 jam
2711 2533 2883 2596 repara
2911 2533 3002 2588 sub
3023 2533 3252 2590 libertate
3276 2533 3508 2594 solutum.

2173 2635 2227 2687 In
2266 2637 2441 2704 Elegia
2473 2639 2700 2706 primum
2732 2655 2789 2696 se
2818 2643 2926 2712 regi
2957 2641 3448 2704 Nabuchodonosor
3487 2666 3790 2723 comparat

2170 2743 2312 2784 vers.
2345 2731 2403 2784 5|
2431 2749 2441 2782 :

2294 2844 2550 2913 Persarum
2574 2857 2745 2906 regem
2770 2848 3025 2910 Babylon-ﬂ
3042 2865 3194 2913 regna
3220 2857 3500 2906 tenentem‘

2357 2907 2636 2977 Postdectts
2663 2913 2850 2968 imperii
2875 2907 2985 2973 quis
3007 2907 3159 2977 neget
3187 2931 3296 2965 esse
3321 2920 3535 2970 bovem?

2292 2967 2694 3034 Et_t_liadetnalem
2723 2967 2975 3034 turparunt
2999 2967 3174 3024 cet-Tuta
3201 2977 3408 3029 frontem
3424 2967 3448 3033 ﬁ;

2352 3029 2564 3094 Mugiius
2587 3029 2963 3094 pecudis'verba
2989 3037 3129 3086 l‘ttere
3151 3038 3285 3090 duci.

2284 3091 2744 3170 Agricolamltimuit
2774 3105 2881 3170 post
2912 3098 3147 3170 Parthica
3160 3115 3313 3170 regna
3339 3106 3642 3170 bubulcum,

2345 3155 2675 3225 Submisilque
2701 3155 2880 3218 pavens
2899 3155 3326 3225 regiacollajugo.

2285 3215 2471 3293 Erravit
2496 3215 2603 3293 per
2623 3215 2757 3293 prata
2785 3233 2932 3293 vagus
2957 3215 3086 3293 inata
3114 3215 3328 3293 gramina
3355 3239 3542 3293 pastus,

2345 3276 2402 3327 Et
2425 3280 2506 3338 qui
2534 3276 2677 3328 homo
2717 3282 2804 3330 bos
2829 3276 3015 3346 fuerat,
3042 3276 3256 3338 deubovc
3277 3276 3431 3342 factus
3449 3276 3615 3344 hoino
3645 3309 3746 3349 est.

2168 3381 2388 3445 Deinde,
2415 3393 2471 3438 ut
2504 3387 2709 3440 veniam
2737 3403 2766 3440 ιι
2799 3405 2926 3458 rege
2955 3391 3056 3446 sibi
3081 3393 3291 3450 oti‘enso
3317 3396 3592 3467 impetret,
3632 3420 3780 3472 pra:-

2161 3483 2374 3543 ceptutn
2403 3475 2602 3532 Christi
2632 3481 2882 3549 proponit
2910 3495 3051 3538 vers.
3089 3483 3219 3538 t55:

2285 3585 2456 3664 Nonne
2482 3588 2570 3664 Dei
2599 3593 3042 3664 prtgceptajubent
3067 3610 3129 3646 ne
3153 3599 3223 3664 sol
3255 3601 3395 3651 cadat
3426 3605 3640 3664 intrans,

2357 3649 2610 3700 lrasceute
2633 3653 2746 3714 alio,
2767 3649 2861 3704 sed
2889 3658 2996 3718 pius
3020 3668 3187 3709 exstet
3207 3661 3385 3711 homo?

2165 3754 2240 3807 Ex
2272 3767 2375 3821 quo
2403 3754 2506 3807 alia
2541 3757 2676 3810 ratio
2714 3759 2886 3814 oritur
2915 3761 2980 3815 ad
3013 3761 3492 3823 demonstrandum
3521 3770 3774 3827 Dracon-

2165 3845 2294 3899 titttn
2343 3856 2509 3901 tutum
2557 3862 2774 3906 carmen
2824 3853 2892 3908 de
2927 3855 3054 3918 Deo,
3100 3873 3201 3912 non
3237 3861 3413 3915 minus
3443 3881 3605 3932 quam
3646 3870 3772 3925 Ete-

2163 3937 2302 4005 giam
2334 3941 2725 4008 composuisse,
2754 3953 2809 3996 ut
2836 3946 3154 4010 explicatius
3181 3966 3321 4007 nunc
3347 3957 3658 4012 ostendam.

2779 4058 3006 4114 CAPUT
3046 4059 3133 4116 IX.

2165 4163 2713 4256 Dt'nr‘ontinslcarmen
2740 4169 2802 4224 de
2831 4169 2959 4254 Deo,
2985 4184 3032 4256 et
3050 4175 3465 4256 Satis/actionem
3496 4187 3566 4237 ad
3594 4203 3767 4256 regem

2295 4235 2646 4291 Vaudalorum
2680 4235 2968 4309 composuit
2997 4247 3117 4298 dum
3148 4235 3273 4302 esset
3305 4252 3356 4304 in
3385 4235 3628 4310 vincit—lis.

2231 4349 2320 4404 89.
2361 4350 2511 4416 Quod
2545 4369 2702 4407 nemo
2760 4353 3020 4412 hactenus
3061 4362 3362 4431 suspicatus
3407 4365 3604 4436 fuerat,
3632 4370 3764 4425 Dia-

2165 4440 2403 4494 contium
2457 4445 2505 4496 itt
2541 4446 2746 4500 vincula
2781 4447 2944 4503 fuisse
2975 4453 3277 4520 conjectum
3304 4500 3317 4522 ,
3348 4467 3402 4510 et
3433 4500 3445 4522 ,
3477 4459 3606 4514 dum
3642 4480 3764 4518 car-

2162 4548 2286 4587 cere
2315 4533 2673 4602 dctinervtur,
2731 4539 2953 4610 elegiam
3007 4546 3288 4616 scripsisse
3338 4557 3393 4603 ut
3442 4551 3547 4608 sibi
3578 4571 3761 4626 regem

2084 4645 2136 4705 Ι)
2162 4641 2314 4678 suum
2361 4629 2646 4694 propitium
2698 4631 2977 4699 redderet,
3033 4637 3082 4691 id
3126 4640 3179 4692 in
3238 4641 3350 4708 ipsa
3384 4643 3572 4713 elegia,
3609 4660 3662 4699 ιιι
3695 4651 3762 4702 ab

2161 4715 2282 4769 aliis
2308 4727 2458 4771 antea
2491 4721 2696 4786 vulgata
2728 4734 2830 4787 est,
2860 4740 2961 4779 non
2986 4728 3212 4784 obscure
3247 4727 3509 4801 innuitur,
3537 4749 3585 4792 et
3615 4756 3761 4796 nunc

2162 4821 2222 4858 ex
2255 4822 2482 4876 utroque
2513 4813 2698 4866 codice
2735 4815 2985 4870 Vaticano
3013 4823 3350 4888 apertissime
3392 4830 3755 4888 convincitur.

2163 4897 2258 4950 Hic
2288 4899 2471 4968 elegia:
2504 4901 2689 4957 titulus
2729 4920 2757 4958 a
2787 4908 3057 4963 Siru-ondi
3091 4922 3330 4980 tempore
3361 4918 3556 4990 ubique
3585 4923 3761 4979 fertur

2164 4989 2456 5052 impressus
2500 5011 2511 5045 :
2555 4995 2669 5048 Hoc
2706 5005 2936 5067 sequenti
2975 5003 3144 5058 libello
3185 5012 3416 5064 auctoris
3452 4989 3758 5083 Satisfactio

2160 5083 2460 5144 continetur,
2513 5102 2612 5152 qua
2659 5091 2720 5139 ub
2771 5094 3115 5158 omniparentc
3147 5096 3252 5153 Deo
3299 5105 3494 5156 veniam
3526 5108 3652 5175 petit
3699 5128 3758 5164 ne

2161 5179 2461 5242 praecedenti
2519 5184 2744 5235 carmine
2794 5183 2993 5246 aliquid
3044 5190 3282 5247 incautus
3327 5211 3568 5252 errasset.
3623 5202 3754 5258 Dein

2157 5263 2446 5319 Theudosio
2480 5268 2686 5324 Juniori
2720 5274 2950 5345 Augusto
2986 5281 3096 5350 66
3135 5300 3330 5348 precem
3373 5289 3536 5360 defert
3567 5310 3660 5346 cur
3694 5299 3754 5350 de

2157 5357 2426 5429 triumphis
2449 5363 2588 5416 illius
2609 5365 2718 5418 eod.
2736 5383 2785 5419 nt
2803 5387 2951 5437 opere
2971 5376 3229 5430 tacuisset.
3249 5357 3546 5439 Permirum
3569 5398 3748 5444 autem

2162 5449 2289 5501 mihi
2317 5462 2398 5504 est
2429 5453 2496 5506 de
2527 5454 2684 5523 hujus
2712 5458 2844 5513 tituli
2876 5462 3108 5520 falsitate
3147 5471 3415 5526 uctnincm
3460 5475 3747 5536 dubitatur

2157 5557 2276 5596 nent
2329 5548 2560 5616 aliquam
2611 5555 2893 5610 excitasse.
2952 5559 3112 5629 Atqui
3143 5563 3197 5616 in
3229 5563 3344 5633 ipsa
3379 5569 3606 5636 epistola
3639 5575 3746 5628 Sir—

2156 5637 2438 5692 mondiana
2473 5642 2637 5694 multa
2669 5655 2792 5699 sunt
2839 5662 2956 5712 qum
2987 5651 3366 5712 demonstrant
3399 5660 3746 5720 Dracontium

2153 5725 2220 5778 de
2262 5732 2580 5793 prmcedenti
2625 5739 2886 5805 carmine,
2923 5743 3022 5798 hoc
3054 5755 3132 5800 est
3165 5748 3234 5802 de
3264 5752 3507 5808 versibus
3539 5755 3746 5813 Hexae-

2152 5819 2282 5871 mcri
2333 5822 2487 5874 titulo
2531 5827 2688 5882 editis
2738 5833 2957 5888 minime
3003 5840 3308 5896 sermonem
3367 5843 3582 5903 habere.
3619 5853 3745 5911 Alio
