3964 6296
1932 417 2200 474 CELASII
2241 417 2439 472 ΡΑΡτΕ
2472 417 2492 471 l

3738 416 3841 470 il!

558 550 675 591 rum
705 537 910 593 ratione
947 535 1168 606 quaesita
1197 574 1213 601 ,
1260 533 1401 603 quod
1450 533 1529 588 eis
1571 531 1637 587 ad
1681 529 1903 588 buccam
1936 533 2218 593 veneritA
2250 533 2404 587 tualis
2440 532 2648 586 adulter
2692 531 2951 588 incessis?
2993 541 3140 590 certe
3181 515 3564 590 discussionem
3610 532 3837 601 poscis:

561 628 1016 684 inconsideranter
1039 626 1329 691 effundere,
1354 635 1407 680 et
1429 624 1826 695 praecipitanter
1853 639 2138 690 evomere;

560 736 664 777 non
698 722 938 777 veritatis
969 721 1264 775 assertione
1307 718 1513 787 prolata
1543 727 1827 773 censentes
1848 758 1864 781 ,
1909 718 2001 771 sed
2033 727 2144 770 stn-

558 813 648 866 dio
700 812 986 882 cacologia:
1029 826 1146 879 quas
1186 811 1436 864 nesciunt
1466 818 1754 878 arguentes
1782 825 1797 862 :
1827 822 1995 877 eoque
2022 822 2146 876 pro-

557 904 724 972 gressi
755 911 878 957 sunt
907 911 964 956 ut
988 903 1148 956 etiam
1187 911 1333 956 recte
1359 899 1498 954 facta
1528 899 1917 954 malevolentia:
1950 913 2144 968 propo-

557 995 661 1049 sito
689 996 929 1070 lacerare
952 992 1276 1076 contendant
1307 1008 1322 1056 ;
1367 991 1456 1059 qui
1487 995 1532 1046 si
1569 1001 1839 1060 saperent,
1868 1005 1972 1044 non
2007 1003 2143 1059 pra:-

555 1084 840 1154 cipitarent
884 1084 1102 1138 omnino
1129 1082 1449 1136 sententiam
1474 1121 1488 1144 ,
1521 1081 1613 1135 sed
1643 1081 1988 1148 perscrutatis
2020 1087 2142 1132 ante

553 1175 714 1230 rebus
754 1172 1012 1243 loquenda
1055 1173 1453 1240 depromerent.
1502 1171 1699 1227 Verum
1749 1172 1871 1241 quia
1915 1186 2012 1225 nos
2056 1186 2139 1224 ar-

553 1273 721 1336 guunt
763 1257 957 1336 segnes
987 1279 1109 1320 esse
1138 1279 1393 1320 censores
1440 1264 1491 1318 in
1522 1265 1665 1318 vitiis
1708 1263 1961 1318 Ecclesiae
1989 1278 2141 1318 coer-

552 1361 738 1416 cendis
758 1401 774 1427 ,
807 1371 860 1414 et
888 1377 918 1415 a
947 1360 1101 1414 nobis
1130 1367 1521 1429 consequenter
1569 1366 1856 1428 agnoscant
1882 1373 1986 1410 non
2019 1365 2138 1411 tan-

556 1465 666 1510 tum
711 1455 1006 1523 corporalis
1033 1452 1276 1508 adulterii
1308 1466 1425 1506 esse
1449 1459 1746 1522 peccatum,
1788 1451 1928 1520 quod
1951 1460 2005 1504 et
2029 1450 2138 1502 dis-

550 1548 661 1603 cuti
711 1547 932 1612 debeat,
973 1558 1024 1601 et
1050 1545 1170 1615 jure
1208 1544 1416 1614 puniri,
1462 1544 1555 1598 sed
1598 1557 1720 1599 esse
1764 1544 1922 1613 longe
1966 1542 2139 1610 majus

550 1639 852 1695 fornicariis
885 1647 938 1693 et
959 1637 1215 1692 adulteris
1244 1651 1433 1706 genus,
1465 1635 1604 1705 quod
1636 1635 1690 1688 in
1721 1634 1960 1704 quolibet
1988 1633 2139 1687 Chri-

550 1732 760 1796 stiano,
793 1731 912 1800 quia
953 1729 1250 1784 membrum
1301 1729 1474 1782 omnis
1511 1726 1846 1782 Christianus
1886 1725 2137 1780 Ecclesiae

549 1833 652 1887 est,
677 1830 1047 1891 competenter
1075 1820 1265 1874 debeat
1303 1819 1590 1884 vindicari;
1635 1813 1779 1872 tanto
1803 1817 1944 1872 enim
1972 1818 2138 1872 sacri-

2246 629 2405 682 homo
2451 629 2714 696 diligens,
2761 639 3042 699 maturus,
3094 629 3406 697 religiosus,
3456 643 3562 683 non
3605 628 3690 682 vis
3738 626 3839 682 ali-

2245 737 2399 790 quem
2461 721 2511 774 in
2571 721 2803 776 Ecclesia
2861 710 3125 790 peccare,
3175 730 3484 792 peccantem
3545 722 3699 790 cupis
3749 721 3838 776 di-

2244 814 2385 868 scuti
2416 823 2469 868 et
2507 829 2678 883 poena:
2728 825 3117 885 consequenter
3161 815 3363 880 addici;
3396 830 3731 885 quaecunque
3783 816 3838 869 in

2243 904 2404 957 alium
2427 905 2624 973 promis
2647 915 2700 958 et
2721 905 2772 958 in
2795 916 2840 956 to
2866 905 3103 975 proferre
3121 907 3357 973 cogeris;
3383 905 3485 960 hoc
3529 907 3673 961 enim
3700 906 3835 960 facit

2243 1011 2311 1051 ne
2333 998 2554 1066 segnitia
2580 997 2846 1067 pontificis
2867 1006 3150 1054 accusetur
3171 1009 3224 1054 et
3245 998 3541 1054 maculetur
3565 997 3835 1053 Ecclesia.

2245 1085 2410 1142 Debet
2444 1102 2571 1157 ergo
2602 1097 2651 1141 et
2687 1087 2953 1159 pontificis
2984 1089 3038 1142 in
3069 1088 3320 1144 omnibus
3353 1087 3652 1143 malefactis
3683 1088 3838 1141 solli-

2241 1178 2421 1232 citudo
2449 1188 2503 1233 et
2534 1178 2789 1232 severitas
2813 1196 2915 1232 non
2945 1170 3158 1246 deesse,
3185 1190 3240 1234 et
3265 1181 3332 1235 ab
3359 1179 3605 1234 omnibus
3639 1179 3833 1233 Eccle-

2242 1275 2336 1329 sia:
2367 1273 2503 1327 fama
2535 1273 2770 1342 purgari.
2803 1272 2908 1328 Sed
2938 1273 3087 1329 dicas
3121 1272 3304 1328 forsan
3334 1282 3386 1328 te
3415 1273 3605 1328 laicnm
3627 1313 3642 1336 ,
3677 1271 3830 1327 illum

2243 1363 2500 1419 Ecclesiae
2545 1364 2877 1430 ministrum;
2927 1380 3054 1434 ergo
3102 1365 3318 1435 gravius
3359 1365 3561 1420 crimen
3593 1380 3832 1435 exagge-

2242 1471 2386 1510 rans.
2423 1456 2618 1510 Verum
2669 1456 2821 1520 dicis,
2855 1471 2949 1509 nec
2979 1470 3080 1526 ego
3106 1455 3341 1512 diffiteor
3385 1473 3399 1508 :
3448 1463 3594 1510 tanto
3632 1456 3831 1510 sollici-

2244 1551 2350 1604 tius
2381 1549 2769 1604 examinandus
2799 1559 2904 1616 est,
2933 1557 3133 1618 quanto
3163 1549 3331 1618 magis
3354 1550 3685 1618 propinquus
3713 1558 3827 1613 est;

2242 1652 2388 1697 tanto
2419 1645 2586 1713 magis
2615 1659 2738 1698 reus
2766 1652 2874 1710 est,
2908 1652 3111 1712 quanto
3151 1643 3200 1696 in
3241 1643 3332 1697 illo
3369 1643 3668 1697 ministerio
3693 1657 3827 1696 con—

2240 1733 2481 1804 stitutus,
2504 1744 2557 1787 et
2581 1733 2695 1787 haec
2726 1734 2903 1788 facere
2932 1732 3152 1789 minime
3190 1733 3482 1789 debuisset.
3515 1733 3656 1788 Ecce
3691 1747 3810 1786 cen-

2240 1841 2362 1879 sura
2415 1841 2521 1880 non
2571 1825 2724 1880 deest
2767 1843 2780 1878 :
2823 1825 2945 1880 audi
2991 1834 3043 1880 tu
3073 1871 3087 1894 ,
3130 1833 3186 1880 et
3226 1825 3268 1880 si
3313 1825 3595 1880 convictus
3623 1825 3824 1889 fuerit,

548 1915 672 1984 legii
725 1916 895 1982 majus
937 1921 1021 1968 est
1067 1912 1269 1972 crimen
1298 1953 1314 1977 ,
1365 1920 1565 1980 quanto
1603 1911 1792 1964 animae
1858 1909 2135 1966 fornicatio
2168 1898 2212 1956 Β
2240 1917 2486 1972 vindicta:
2515 1926 2907 1987 consequenter
2937 1916 3222 1972 addicitur.
3255 1919 3362 1987 Age
3397 1909 3558 1971 medo
3586 1916 3712 1986 quid
3747 1917 3827 1971 vis

549 2009 699 2074 pejor
724 2015 807 2060 est
835 2004 1108 2073 corporis;
1136 2019 1258 2058 nam
1289 2019 1383 2072 per
1411 2003 1604 2057 animae
1634 2002 2037 2057 fornicationem
2064 2002 2132 2057 ab

547 2097 715 2166 ipsius
744 2098 834 2153 Dei
859 2097 1235 2166 conjunctione
1263 2095 1575 2160 disceditur,
1619 2107 1779 2165 atque
1808 2095 1874 2150 ad
1903 2096 2132 2149 immun-

543 2187 644 2242 dos
693 2189 912 2255 spiritus
965 2188 1219 2257 Spiritalis
1281 2186 1531 2241 adulterii
1594 2202 1790 2256 genere
1851 2188 2127 2241 transitur.

543 2277 822 2343 Quomodo
849 2286 1025 2331 autem
1057 2292 1160 2330 non
1193 2278 1244 2328 in
1276 2275 1411 2330 hanc
1440 2285 1640 2345 partem
1673 2276 1860 2331 recidit
1889 2278 1977 2346 qui
2007 2292 2130 2332 cum

549 2385 610 2424 se
635 2368 992 2424 Christianum
1030 2368 1197 2422 videri
1224 2367 1390 2431 velit,
1421 2376 1472 2422 et
1504 2367 1848 2436 profiteatur,
1883 2377 1937 2422 et
1965 2367 2126 2436 dicat,

552 2461 727 2529 palam
757 2469 932 2514 tamen
962 2458 1277 2528 publiceque
1303 2458 1594 2531 praedicare
1621 2475 1724 2511 non
1759 2459 1994 2523 horreat,
2024 2472 2131 2513 non

543 2551 794 2619 refugiat,
827 2565 933 2603 non
965 2557 1245 2618 pavescat,
1279 2548 1398 2603 ideo
1429 2549 1645 2602 morbos
1674 2549 1840 2618 gigni,
1866 2551 1985 2618 quia
2017 2550 2130 2603 dae-

543 2644 723 2700 monia
753 2659 858 2697 non
886 2644 1130 2697 colantur
1156 2681 1169 2706 ,
1197 2651 1253 2696 et
1295 2643 1397 2696 deo
1430 2641 1719 2696 Februario
1751 2657 1857 2697 non
1905 2642 2130 2697 litetur?

544 2723 714 2790 Video
761 2735 849 2789 ubi
898 2734 1012 2788 haec
1053 2733 1400 2788 deliramenta
1441 2734 1786 2803 compererit.
1852 2734 2130 2800 Quomodo

544 2826 927 2893 prmvaricator
953 2840 1058 2878 non
1097 2833 1178 2878 est
1205 2824 1374 2894 quiin
1401 2823 1497 2878 has
1525 2825 1867 2894 blasphemiae
1901 2823 2131 2894 profani-

540 2925 678 2972 tates
725 2916 985 2970 incurrit?
1030 2915 1299 2986 quomodo
1347 2917 1635 2985 sacrilegus
1684 2932 1786 2969 non
1834 2918 2130 2969 aestimetur

540 3008 652 3076 qui,
675 3005 912 3076 abjnrata
941 3009 1096 3061 unius
1118 3006 1212 3060 Dei
1251 3007 1575 3075 providentia
1599 3016 1653 3061 et
1675 3015 1940 3076 potestate
1969 3022 2127 3076 quam

545 3100 825 3154 confessus
854 3110 935 3153 est
960 3141 974 3161 ,
1007 3099 1072 3151 ad
1107 3099 1436 3168 prodigiosas
1481 3100 1885 3168 superstitiones
1915 3110 1967 3153 et
1993 3114 2128 3153 vana

540 3192 796 3260 figmenta
839 3190 1144 3245 seducitur?
1182 3191 1473 3244 secundum
1505 3192 1814 3258 Apostolum
1848 3192 2001 3261 longe
2029 3193 2126 3245 de-

541 3284 708 3336 terius
735 3276 858 3335 reus
885 3326 896 3348 ,
937 3282 1164 3349 jureque
1192 3281 1526 3335 damnandus
1545 3322 1560 3346 ,
1605 3282 1903 3337 confessam
1932 3284 2128 3337 verita-
2153 3265 2198 3328 Ο

541 3381 650 3426 tem
673 3373 942 3434 deserere,
966 3386 1123 3439 quam
1152 3374 1194 3424 si
1226 3371 1277 3423 in
1304 3387 1420 3425 eam
1445 3372 1747 3427 nullatenus
1769 3373 2084 3429 credidisset
2109 3393 2123 3439 ;

540 3465 794 3533 qUamvis
823 3463 963 3516 enim
991 3463 1275 3516 ridiculosa
1303 3467 1412 3517 sint
1444 3465 1692 3534 figmenta
1719 3481 1838 3534 quae
1869 3464 2122 3534 proferat,

539 3563 720 3608 tamen
753 3555 862 3622 ipse
879 3552 1099 3607 affectus
1124 3561 1179 3608 ct
1202 3554 1446 3608 voluntas
1475 3555 1524 3608 in
1557 3555 1781 3610 crimine
1809 3565 1980 3623 est,et
2005 3572 2126 3624 pro-

539 3647 708 3703 fessio
739 3661 800 3701 ac
831 3645 1134 3714 praedicatio
1163 3646 1283 3714 jure
1311 3646 1648 3710 damnanda;
1692 3662 1754 3702 ac
1783 3648 2004 3716 perhoc
2033 3647 2123 3717 qui

539 3741 595 3792 in
623 3740 782 3793 alium
815 3738 1136 3793 sententiam
1181 3739 1540 3794 damnationis
1581 3740 1694 3793 vult
1731 3741 1846 3795 sine
1871 3741 2124 3798 dilatione

535 3833 799 3901 proferri,
833 3833 886 3886 in
916 3847 1022 3901 quo
1053 3831 1212 3885 alium
1240 3831 1480 3900 judicat,
1512 3831 1856 3900 semetipsum
1899 3846 1956 3886 se
1995 3847 2122 3886 con-

537 3927 793 3976 demnare
837 3931 1146 3990 cognoscat.
1201 3921 1445 3991 Nunquid
1491 3922 1632 3977 enim
1672 3923 1908 3991 pontifex
1952 3923 2123 3978 vindi-

536 4027 663 4066 care
688 4013 846 4066 debet
877 4013 926 4062 in
957 4027 1052 4066 eos
1081 4015 1167 4081 qui
1209 4015 1525 4068 adulterium
1567 4016 1848 4084 corporale
1876 4017 2121 4072 commit-

537 4112 685 4166 tunt,
714 4111 769 4157 et
797 4103 851 4156 in
877 4116 970 4156 eos
997 4102 1088 4171 qui
1117 4103 1452 4171 sacrilegium
1471 4148 1485 4170 ,
1523 4106 1575 4159 id
1603 4119 1684 4161 est
1713 4109 2118 4164 fornicationem

541 4206 595 4250 et
621 4195 942 4250 adulterium
973 4195 1252 4264 spirituale
1271 4208 1482 4266 gerunt,
1506 4214 1610 4251 non
1635 4201 1792 4255 debet
1817 4202 2122 4258 vindicare?

533 4287 726 4341 Noline
773 4287 887 4355 ipse
938 4286 1227 4352 Dominus,
1274 4302 1392 4341 cum
1437 4287 1672 4343 adultera
1719 4292 1783 4344 ad
1828 4307 1949 4347 eum
1978 4303 2121 4349 esset

531 4377 802 4441 adducta,
854 4378 1227 4431 accusantibus
1271 4378 1449 4432 dixit:
1485 4379 1544 4434 Si
1591 4382 1703 4447 quis
1749 4396 1966 4436 oestrum
2013 4385 2122 4439 sine

532 4477 739 4535 peccato
766 4475 854 4527 est,
885 4467 1078 4536 primus
1102 4469 1153 4521 in
1182 4484 1291 4522 eam
1318 4468 1541 4540 lapidem
1568 4473 1733 4525 mittat
1767 4471 1950 4543 (Joan.
1979 4479 2117 4546 vnl).

533 4560 652 4615 Non
674 4560 766 4625 ait,
791 4561 834 4614 si
857 4560 976 4630 quis
1000 4569 1231 4616 vestrum
1257 4579 1360 4616 non
1383 4564 1627 4620 similiter
1649 4567 1856 4624 adulter
1877 4581 1980 4637 cSt,
2001 4573 2117 4639 sed,

531 4654 577 4706 si
625 4655 739 4723 quis
783 4659 892 4708 sine
937 4665 1140 4724 peccato
1186 4665 1260 4709 est
1304 4673 1323 4710 :

531 4747 759 4816 quisque
778 4759 996 4816 peccato
1021 4749 1073 4802 in
1100 4750 1319 4804 alterius
1353 4752 1549 4818 peccati
1578 4768 1725 4807 reum
1755 4755 1979 4823 lapidem
2006 4775 2111 4815 non

533 4841 731 4894 audeat
763 4833 1008 4897 mittere.
1074 4841 1275 4908 Quibus
1325 4851 1446 4897 tunc
1498 4859 1596 4912 pro
1643 4859 1739 4900 sua
1787 4849 2112 4906 conscientia

530 4931 926 4988 discedentibus
972 4932 1157 4988 mundi
1207 4934 1685 5004 Salvatoradjecit
1713 4956 1728 4990 :
1760 4938 1982 5007 Mulier,
2027 4943 2113 4997 ubi

529 5035 650 5077 sunt
678 5036 996 5082 accusatores
1028 5029 1144 5082 tui?
1180 5045 1325 5082 nemo
1360 5039 1405 5084 te
1434 5031 1804 5098 condemnavit,
1834 5051 1923 5088 nec
1947 5053 2038 5108 ego
2063 5048 2110 5093 te

529 5117 926 5186 condemnabo;
974 5122 1061 5175 sed
1111 5123 1257 5191 vade,
1300 5124 1514 5178 ulterius
1569 5125 1684 5195 jam
1747 5127 1850 5180 noli
1906 5145 2114 5199 peccare

535 5204 730 5276 (Ibid.)
755 5223 769 5259 :
798 5216 948 5264 tenes
977 5220 1030 5264 et
1057 5215 1288 5281 teneris;
1321 5229 1498 5285 urges,
1533 5217 1770 5286 urgeris;
1801 5219 2110 5292 obstringis,

531 5299 922 5369 obstringeris;
978 5305 1237 5368 pontificis
1280 5307 1668 5366 discussionem
1716 5313 1952 5383 ﬂagitas,
1996 5317 2143 5370 vin-‘

531 5394 836 5464 dictamque
883 5392 1151 5462 deposcis.
1203 5395 1467 5455 Memento
1519 5403 1571 5455 in
1620 5404 1901 5460 adversum
1953 5421 2112 5462 omne

528 5486 734 5541 crimen
765 5499 883 5541 esse
912 5483 1309 5555 proferendum.
1353 5487 1598 5558 Nunquid
1639 5510 1742 5549 non
1773 5500 1932 5552 etiam
1964 5498 2108 5569 leges

534 5579 780 5631 humana:
821 5578 1038 5641 dicunt,
1069 5577 1211 5647 quod
1245 5591 1366 5632 reus
1391 5593 1539 5633 reum
1571 5584 1742 5640 facere
1773 5605 1877 5643 non
1909 5592 2110 5657 possit?

532 5664 805 5723 Festucam
857 5671 996 5724 vides
1047 5671 1100 5724 in
1139 5671 1281 5726 Oculo
1328 5672 1541 5743 fratris,
1593 5685 1642 5727 et
1683 5679 1734 5731 in
1779 5690 1865 5736 tuo
1921 5683 2112 5738 trabem

531 5779 634 5817 non
686 5763 824 5817 vides
885 5763 1118 5833 (Matth.
1173 5764 1337 5835 vn)?
1402 5766 1488 5832 qui
1548 5771 1784 5826 mmcltos
1839 5789 2104 5844 accusas,

527 5855 844 5911 adulterium
914 5856 1083 5918 facis.
1141 5866 1194 5911 et
1265 5861 1562 5924 corporales
1619 5861 1886 5920 adulteros
1946 5871 2106 5938 spiri-

2118 5991 2168 6012 «ζτὶ
2197 6006 2204 6009 .

1371 4659 1606 4726 quolibet
1655 4676 1780 4730 ergo
1830 4642 2196 4725 obstrictus”

2236 2011 2301 2064 de
2334 2010 2418 2065 te?
2455 2010 2702 2081 Nunquid
2738 2011 2860 2079 quia
2897 2013 2947 2064 in
2981 2011 3277 2066 ministerio
3299 2026 3452 2065 sacro
3485 2025 3588 2063 non
3622 2025 3710 2076 es,
3767 2013 3826 2064 in

2236 2102 2391 2173 plebe
2420 2119 2570 2158 sacra
2623 2120 2726 2157 non
2757 2103 2851 2158 es?
2874 2103 2956 2157 An
2983 2104 3157 2158 nescis
3202 2112 3255 2159 et
3279 2112 3328 2157 to
3359 2103 3662 2158 membrum
3700 2117 3824 2159 esse

2235 2196 2428 2250 summi
2469 2196 2769 2264 pontificis?
2819 2198 2902 2251 An
2944 2197 3157 2266 ignoras
3185 2205 3349 2251 totam
3393 2195 3688 2251 Ecclesiam
3735 2212 3823 2249 δειε-

2233 2289 2506 2344 cerdotnm
2553 2290 2884 2344 vocitatam?
2929 2300 3202 2359 postremo
3246 2305 3290 2346 SI
3323 2290 3412 2344 ille
3451 2304 3576 2344 reus
3605 2301 3686 2344 cSt
3730 2290 3824 2359 qui

2234 2385 2496 2439 accedens
2517 2385 2583 2438 ad
2609 2385 2962 2441 mini5terium
2988 2385 3246 2440 Ecclesiae
3268 2385 3550 2455 delinquit,
3580 2385 3824 2456 nunquid

2233 2488 2284 2532 et
2336 2486 2390 2532 tu
2422 2493 2546 2532 reus
2596 2493 2700 2532 non
2731 2493 2822 2542 es,
2862 2479 2952 2548 qui
2985 2489 3102 2546 post
3139 2480 3532 2534 confessionem
3577 2480 3824 2534 veritatis

2234 2569 2299 2622 ad
2333 2584 2490 2640 prava
2522 2579 2575 2622 et
2610 2584 2858 2638 perversa
2891 2580 2944 2624 et
2974 2572 3192 2640 profana
3221 2580 3276 2625 et
3295 2569 3590 2635 diabolica,
3622 2570 3823 2641 quibus

2233 2670 2286 2717 te
2318 2663 2625 2718 renuntiare
2656 2665 2930 2732 professus
2959 2678 3017 2719 es
3043 2709 3057 2730 ,
3101 2665 3347 2733 figmenta
3369 2664 3680 2719 reduceris?
3713 2664 3822 2718 Ita-

2233 2772 2336 2826 quc
2394 2757 2553 2811 etiam
2601 2766 2653 2810 tn
2701 2768 2822 2825 post
2868 2756 3226 2826 blaSpbemias
3275 2757 3449 2827 palam
3499 2757 3821 2827 publiceque

2231 2847 2475 2918 profusas
2531 2863 2561 2901 a
2591 2862 2744 2902 sacro
2799 2863 3028 2918 corpore
3059 2849 3232 2903 modis
3264 2849 3513 2905 omnibus
3543 2849 3820 2904 abstinen-

2231 2941 2333 2996 dus
2355 2958 2434 2996 es.
2468 2942 2580 2996 Non
2631 2951 2780 3010 potes
2829 2943 2968 2996 enim
3019 2957 3218 2997 mensae
3247 2943 3456 2998 Domini
3499 2943 3820 3012 participare

2233 3041 2286 3085 et
2313 3048 2512 3086 mensa:
2543 3033 2962 3100 daemoniorum;
2994 3049 3092 3089 nec
3131 3035 3348 3090 calicem
3379 3034 3585 3089 Domini
3623 3018 3838 3092 bibere,

2232 3131 2283 3176 ct
2306 3123 2523 3177 calicem
2549 3123 2953 3179 dmmoniorum.
2979 3123 3086 3179 Nec
3117 3135 3266 3194 potes
3299 3127 3548 3195 templum
3573 3126 3665 3180 Dei
3688 3141 3818 3182 esse

2233 3225 2287 3267 ct
2314 3218 2566 3287 templum
2605 3218 2803 3274 diaboli
2835 3238 2848 3272 :
2881 3217 2968 3274 ln'x
2993 3220 3149 3274 simul
3181 3229 3236 3276 et
3257 3223 3490 3277 tenebra-
3521 3226 3570 3277 in
3604 3233 3655 3278 te
3674 3237 3813 3277 con-

2231 3305 2415 3359 venire
2468 3322 2572 3360 non
2617 3318 2857 3377 possunt.
2893 3309 3125 3366 Viderim
3183 3323 3360 3368 utrttm
3414 3329 3608 3384 urges,
3650 3325 3816 3384 atque

2229 3398 2516 3466 compellas
2550 3399 2601 3452 in
2625 3400 2729 3454 alio
2760 3401 3026 3458 maleficio
3056 3403 3348 3460 vindicare.
3376 3406 3453 3459 Tu
3489 3417 3661 3461 tamen
3691 3421 3816 3460 sce-

2231 3487 2356 3542 leris
2398 3490 2469 3544 tui
2517 3491 2723 3559 pondus
2752 3509 2857 3548 non
2888 3505 3038 3565 potes
3069 3497 3339 3554 declinare
3366 3515 3380 3551 :
3412 3508 3466 3554 et
3509 3510 3706 3569 quanto
3757 3503 3812 3556 in

2227 3582 2332 3636 alio
2374 3585 2603 3640 transire
2649 3587 2850 3642 crimen
2895 3604 2999 3643 non
3035 3592 3232 3660 pateris
3270 3592 3623 3662 impunitum,
3661 3603 3814 3650 tanto

2227 3673 2351 3741 quid
2387 3675 2546 3729 etiam
2570 3677 2623 3730 in
2654 3684 2706 3732 te
2734 3693 2828 3746 pro
2861 3693 3038 3735 rerum
3067 3681 3271 3738 ratione
3313 3682 3490 3738 facere
3518 3684 3814 3739 debeamus

2227 3767 2484 3822 ostendis.
2521 3768 2900 3828 Verumtamen
2931 3773 2984 3828 in
3017 3775 3148 3844 ipsis
3177 3775 3521 3847 blasphemiis
3552 3777 3654 3832 tuis
3688 3779 3814 3848 qui-

2231 3858 2329 3914 bus
2377 3876 2435 3914 es
2470 3861 2592 3931 jure
2633 3864 2957 3950 plectibilis,
2987 3868 3305 3938 imperitiam
3350 3879 3489 3925 tuam
3529 3871 3812 3929 evidenter

2225 3964 2494 4018 agnosce,
2542 3963 2598 4009 'et
2631 3956 2764 4011 sicut
2811 3959 2884 4011 ait
2926 3957 3013 4013 ille
3059 3977 3071 4012 :
3117 3959 3457 4017 Voluntatem
3502 3963 3698 4020 habere
3756 3978 3808 4022 te

2226 4045 2551 4108 mentiendi,
2597 4057 2764 4101 artem
2798 4049 3026 4117 ﬁngendi
3071 4065 3175 4104 non
3207 4051 3435 4120 habere;
3467 4069 3586 4108 cum
3629 4055 3706 4110 sic
3753 4066 3809 4112 te

2225 4134 2491 4205 intelligas
2549 4139 2742 4192 malum
2797 4139 2994 4197 habere
3044 4143 3333 4210 affectum,
3384 4163 3807 4219 perversumque

2225 4228 2558 4294 apostatandi
2592 4231 2952 4298 propositum,
2985 4243 3042 4288 ut
3068 4235 3160 4290 tibi
3189 4239 3410 4292 materia
3442 4254 3660 4307 prorsus
3706 4257 3804 4295 va-

2224 4319 2405 4372 nitatis
2453 4319 2593 4375 illius
2639 4324 2782 4378 nulla
2832 4328 3168 4396 suppeditet,
3216 4345 3312 4386 nec
3349 4335 3519 4402 possis
3557 4345 3806 4392 astruere

2224 4409 2362 4478 quod
2393 4412 2553 4466 corde
2580 4413 2838 4485 concipis,
2871 4427 2925 4473 et
2941 4433 3036 4475 ore
3061 4420 3351 4492 depromis.
3379 4423 3469 4480 Dic
3497 4423 3643 4490 mihi,
3673 4442 3804 4484 cum

2224 4516 2593 4572 smpenumero
2649 4508 2702 4562 in
2759 4507 3013 4565 Romanis
3062 4512 3301 4568 historiis
3350 4515 3584 4586 legatur,
3646 4518 3804 4575 Livio

2224 4607 2477 4664 auctore,
2533 4600 2826 4670 saepissime
2872 4602 2924 4657 in
2956 4603 3054 4659 bac
3097 4604 3229 4660 urbe
3258 4616 3444 4662 exorta
3494 4608 3802 4678 pestilentia

2223 4687 2427 4741 infinita
2459 4689 2732 4744 hominum
2759 4691 2920 4746 millia
2951 4694 3254 4761 deperisse;
3283 4705 3440 4764 atque
3461 4712 3524 4752 eo
3546 4698 3804 4768 frequen-

2221 4784 2303 4832 ter
2329 4789 2579 4847 ventum,
2606 4792 2660 4836 ut
2695 4785 2781 4838 vix
2813 4793 2956 4840 esset
2985 4786 3124 4841 unde
3152 4787 3257 4841 illis
3287 4789 3554 4845 bellicosis
3582 4801 3801 4860 tempo-

2219 4869 2364 4923 ribus
2419 4875 2686 4929 exercilus
2727 4876 2990 4946 potuisset
3020 4879 3244 4946 ascribi;
3278 4882 3368 4937 illo
3401 4892 3638 4954 tempore
3681 4885 3799 4944 Deo

2219 4969 2308 5015 tuo
2348 4961 2640 5020 Februario
2671 4967 2891 5024 minime
2927 4970 3197 5038 litabatur,
3225 4990 3290 5027 an
3315 4975 3475 5030 etiam
3498 4979 3673 5034 cultus
3703 4980 3800 5037 hic

2217 5055 2434 5109 omnino
2459 5057 2531 5110 nil
2564 5058 2812 5126 proderat
2834 5061 2926 5116 illo
2950 5071 3188 5134 tempore
3215 5081 3321 5136 quo
3348 5067 3658 5139 Lupercalia
3696 5087 3796 5129 ce-

2218 5147 2600 5203 lebrabantur?
2621 5150 2732 5208 Nec
2760 5154 2900 5208 enim
2932 5155 3170 5212 dicturus
3217 5175 3277 5215 es
3307 5161 3421 5216 bzcc
3441 5177 3593 5218 sacra
3617 5165 3798 5223 adhuc

2218 5237 2309 5294 illo
2359 5248 2600 5310 tempore
2649 5259 2758 5298 non
2800 5247 3064 5314 cmpisse,
3101 5264 3218 5318 qua:
3244 5263 3367 5308 ante
3401 5253 3684 5311 Romulum
3721 5258 3797 5313 ab

2217 5329 2469 5387 Evandro
2519 5335 2570 5388 in
2620 5336 2822 5390 Italiam
2869 5339 3215 5406 perhibentur
3241 5345 3422 5401 allata.
3472 5324 3794 5419 Lupercalia

2215 5430 2390 5476 autem
2416 5436 2634 5494 propter
2647 5426 2770 5495 quid
2795 5428 3033 5483 instituta
3059 5440 3203 5501 sunt,
3233 5448 3486 5505 quantum
3519 5438 3586 5495 ad
3616 5441 3794 5510 ipsius

2216 5512 2605 5581 superstitionis
2645 5529 2940 5574 commenta
2991 5535 3326 5594 respectant,
3369 5528 3555 5585 Livius
3596 5532 3650 5586 in
3696 5548 3794 5590 se-

2218 5604 2390 5658 cunda
2420 5604 2620 5661 decade
2649 5606 2900 5677 loquitur.
2923 5612 3033 5668 Nec
3053 5625 3272 5686 propter
3299 5619 3516 5678 morbos
3543 5623 3796 5680 inhiben-

2216 5693 2313 5750 dos
2335 5695 2578 5787 inatituta
2605 5713 2989 5760 commemorat
3013 5747 3027 5770 ,
3059 5709 3152 5762 sed
3180 5719 3396 5780 propter
3427 5714 3791 5787 sterilitatem,

2215 5795 2272 5842 ut
2316 5786 2365 5842 ei
2399 5787 2630 5856 videtur,
2666 5793 2948 5850 mulierum
2971 5837 2986 5862 ,
3016 5814 3133 5866 qua:
3162 5809 3284 5856 tunc
3333 5805 3600 5862 acciderat
3636 5809 3796 5868 exiti-

2217 5878 2441 5934 bendam
2487 5880 2639 5949 [forte
2682 5885 3062 5958 exigendam]:
3109 5890 3334 5957 proinde
3375 5895 3418 5950 si
3444 5897 3528 5952 vel
3569 5899 3632 5953 ad
3684 5901 3795 5961 hoc
