3942 6310
120 352 233 425 6'45

1511 366 2032 423 PROLEGOMENA.
2082 416 2089 421 .

3300 381 3403 440 διο

117 508 272 563 eiiim
320 506 530 559 diverso
560 504 718 558 modo
746 504 952 559 veniam
983 521 1011 559 a
1047 505 1155 560 Deo
1193 506 1434 573 venisset
1467 506 1706 561 Dracon-
1739 483 1790 543 Α
1819 485 2093 539 metuebat
2121 488 2283 542 “iam
2316 504 2381 543 ne
2413 490 2514 545 "im
2552 493 2869 559 priva‘rc'm'
2902 494 2988 550 Si“
3019 494 3159 551 enim
3190 497 3403 557 ai‘D'a‘

121 599 253 660 tius,
285 609 348 648 ac
376 595 482 649 fere
512 606 566 647 ut
602 598 731 663 petit
761 594 808 647 Μ
829 594 956 648 ιτίιις
988 594 1167 649 Victor
1205 595 1255 650 in
1286 596 1489 665 prolog.
1519 598 1714 649 c.irmi-

120 690 212 742 nis
241 689 290 742 in
321 687 548 741 Genesin
579 703 590 739 :

255 779 327 828 Ne
348 780 550 829 damnes
575 785 776 835 tantum,
804 780 930 839 quod
957 792 1084 827 nunc
1104 792 1221 827 reus
1242 782 1424 841 audeo,
1450 793 1649 841 munus;

204 898 209 901 ,
252 842 646 902 Criminibusque
672 841 795 887 meis
817 843 1041 900 conuive,
1068 849 1118 888 et
1146 855 1289 902 parce
1319 844 1583 903 benignus.

256 904 391 964 Quod
410 906 451 952 si
477 903 591 963 lege
626 904 771 951 metri
796 903 1056 963 quidquam
1086 906 1362 962 peccaverit
1387 908 1525 962 ordo,

258 967 675 1027 Peccarit‘sertno
698 966 1006 1025 imprOprius,
1039 978 1315 1027 sensusque
1346 964 1590 1025 vacillans,

256 1028 378 1077 Hinc
415 1024 597 1075 nullum
622 1026 731 1073 tidei
758 1029 931 1073 sulieat
953 1024 1180 1074 mensura
1210 1024 1463 1089 periclum.

118 1117 191 1168 At
224 1112 544 1168 Dracontius
572 1111 764 1164 fatetur
793 1126 952 1179 grave
981 1111 1196 1178 aliquod
1223 1113 1425 1166 crimen
1456 1128 1483 1165 a
1518 1126 1577 1167 se
1611 1113 1714 1166 rei-

118 1221 220 1271 psa
254 1203 599 1258 commissum
647 1202 842 1265 fuisse;
886 1217 1058 1271 neque
1086 1203 1134 1256 id
1164 1203 1365 1257 crimen
1399 1205 1449 1257 in
1494 1218 1558 1257 ea
1598 1205 1712 1258 col-

118 1302 267 1354 locat
298 1296 438 1367 quod
473 1297 523 1349 in
574 1296 751 1365 aliquo
780 1297 1018 1349 carmine
1047 1296 1111 1350 de
1145 1296 1427 1365 triumphis
1457 1297 1537 1351 sui
1571 1298 1716 1366 prin-

115 1390 265 1459 cipis
292 1388 541 1455 tacuerit,
572 1387 665 1441 sed
696 1388 832 1455 quod
858 1427 870 1448 ,
903 1401 1023 1441 cum
1054 1387 1238 1443 laudes
1274 1388 1431 1457 hujus
1460 1390 1716 1456 potuisset

106 1482 435 1546 celebrare,
470 1496 532 1533 ex
565 1495 670 1549 quo
700 1481 917 1549 praemia
965 1479 1153 1535 fuisset
1180 1488 1519 1546 consecutus,
1550 1481 1712 1535 alium

118 1574 368 1642 ignotum
396 1573 496 1627 sibi
527 1581 603 1637 et,
650 1580 703 1623 ut
729 1586 826 1641 ego
854 1570 1065 1639 Opinor,
1091 1573 1344 1641 principis
1369 1574 1451 1629 sui
1484 1573 1710 1638 hostem,

118 1664 477 1719 celebrasset.

198 1756 289 1811 90.
335 1756 405 1811 lta
438 1757 577 1827 apud
608 1758 951 1813 Sirmondum
984 1758 1217 1829 loquitur
1250 1758 1567 1814 Dracontius
1594 1779 1605 1811 :

252 1847 431 1912 Siegme
454 1848 639 1912 lingua,
666 1850 818 1911 Deus,
849 1849 1009 1909 lingua
1036 1856 1257 1912 patrante
1276 1858 1467 1899 reatum

314 1910 470 1960 Noxia
497 1910 636 1974 culpa
662 1910 820 1973 ligans
842 1913 989 1962 traxit
1009 1910 1065 1959 ad
1105 1913 1285 1961 illicita.

124 1996 233 2052 Ubi
267 1996 319 2050 in
350 1994 586 2049 editione
616 1996 914 2050 Matritensi
944 2012 1010 2050 ex
1040 1995 1225 2049 codice
1257 2000 1475 2065 Azagrae
1502 1995 1715 2065 legitur,

123 2086 220 2141 Sic
246 2102 354 2138 mea
380 2086 537 2139 corda
566 2085 723 2140 Deus.
760 2086 939 2155 Pergit
972 2086 1291 2141 Dracontius
1315 2103 1327 2139 :

259 2179 320 2227 Ut
339 2180 419 2238 qui
444 2178 566 2228 facta
589 2178 764 2226 ducum
790 2193 980 2240 possem
1006 2192 1209 2229 narrare
1236 2188 1446 2236 tuorum,

323 2241 462 2290 Unde
486 2242 599 2289 mihi
624 2249 818 2302 possent
838 2242 963 2289 dona
989 2242 1159 2289 venire
1179 2241 1344 2291 simul.

124 2327 317 2384 Melius
348 2326 399 2381 in
427 2326 612 2381 codice
635 2331 849 2395 Λωίδι-η
876 2342 1089 2379 narrare
1119 2341 1365 2379 meorum.
1386 2323 1547 2378 Addit
1579 2324 1720 2380 illico

126 2420 485 2474 Dracontius:

254 2512 457 2576 Pigemia
491 2511 819 2574 despicerem,
850 2514 1007 2561 tacitis
1028 2518 1098 2562 tot
1120 2516 1321 2576 regibus
1343 2513 1501 2571 almis,

322 2574 379 2624 Et
399 2581 622 2635 peterem
644 2576 805 2623 subito
824 2583 958 2622 certa
984 2576 1165 2637 pericla
1184 2574 1352 2626 miser.

125 2660 305 2714 Minus
350 2658 485 2712 bene
532 2658 701 2713 codex
735 2663 952 2728 Azagr.,
995 2661 1144 2714 tactis
1172 2676 1271 2730 pro
1298 2662 1487 2715 tacitis.
1525 2661 1719 2716 lterum

126 2752 448 2807 Dracontius
477 2752 688 2822 culpam
716 2767 866 2806 suam
894 2755 945 2807 in
974 2754 1207 2823 linguam
1241 2755 1417 2823 rejicit
1444 2772 1457 2810 ε

263 2842 373 2891 Heu
397 2841 500 2893 me!
527 2845 707 2905 quippe
732 2844 846 2891 mihi
874 2844 1074 2893 vulnera
1103 2844 1267 2907 lingua
1290 2846 1444 2895 dedit.

128 2925 303 2980 Paulo
334 2934 450 2993 post
482 2924 743 2994 adjungit,
771 2923 889 2995 Ipse
914 2928 1037 2979 meis
1078 2937 1251 2995 parcet
1290 2929 1493 2995 erratis,
1524 2929 1728 2985 scilicet

128 3020 300 3080 Deus.
334 3027 388 3072 et
410 3015 574 3085 Culpa
604 3017 807 3085 quidem
843 3018 1009 3086 gravis
1032 3028 1122 3071 est.
1158 3019 1221 3073 Et
1248 3019 1441 3074 clarius
1472 3020 1607 3074 infra
1639 3039 1649 3072 :

256 3110 543 3174 Culpaimihi
566 3108 729 3158 fuerat
747 3108 967 3158 dominos
990 3112 1208 3160 reticere
1231 3112 1500 3174 modestos,

320 3173 425 3243 67
460 3180 782 3243 Ignotumque
807 3182 919 3229 mihi
941 3182 1185 3241 scribere,
1212 3195 1305 3231 nec
1324 3173 1589 3233 dominum.

132 3265 185 3319 ln
228 3262 422 3318 codice
474 3263 664 3330 Azagr.
721 3278 998 3332 perperam
1048 3264 1288 3317 molestos
1332 3281 1425 3332 pro
1454 3266 1723 3321 modestos.
1757 3237 1802 3300 Ο

130 3358 362 3426 Culpam
415 3369 564 3408 suam
597 3353 822 3408 subinde
856 3354 1175 3410 Dracontius
1217 3356 1442 3425 pulchro
1481 3358 1727 3426 exemplo

130 3449 359 3519 exponit
388 3465 400 3499 :

257 3540 432 3603 Qualis
456 3547 505 3588 et
539 3542 757 3599 ingratos
780 3542 1020 3603 sequitur,
1048 3542 1131 3603 qui
1156 3549 1324 3603 mente
1352 3541 1565 3602 profana,

324 3602 442 3651 Cum
465 3602 720 3651 Dominum
740 3604 921 3660 norint,
948 3602 1075 3649 idola
1100 3614 1219 3651 vana
1244 3602 1427 3651 colunt.

259 3663 595 3725 Israelitarum
618 3663 845 3725 pOpultlttt
868 3665 937 3713 sic
959 3665 1101 3725 culpa
1126 3666 1353 3725 tenebat,

327 3676 595 3713 'aetttarum
618 3676 845 3771 rapuuttn
868 3677 937 3713 Sic
959 3676 1101 3725 culpa
1126 3676 1353 3725 lene-Dat,

327 3724 530 3784 Quando
554 3726 702 3772 obita
732 3725 886 3772 Deum
916 3725 1054 3786 pletis
1079 3726 1279 3773 vitulum
1304 3726 1469 3775 coluit.

134 3812 232 3865 llic
262 3822 427 3878 rogo,
462 3822 566 3876 quo
598 3814 752 3875 pacto
797 3806 862 3860 ad
914 3823 1099 3876 poema
1151 3823 1360 3862 sacrum
1408 3813 1471 3863 de
1514 3810 1726 3877 epiiicio

133 3918 224 3957 sex
254 3902 466 3956 dierum
500 3898 615 3953 hmo
662 3899 796 3952 trahi
829 3902 1085 3967 possunt?
1122 3898 1229 3953 Cur
1268 3900 1420 3970 culpa
1456 3900 1552 3954 fuit
1583 3901 1632 3954 in
1662 3916 1725 3955 eo

134 3997 198 4051 de
252 3992 499 4064 principe
551 4008 656 4046 non
710 3992 892 4060 loqui?
932 4003 1022 4045 ant
1049 4010 1144 4046 cur
1176 3994 1220 4047 is
1248 3994 1401 4047 irasci
1430 3993 1497 4045 ob
1527 4000 1625 4047 hoc
1656 3992 1726 4045 si-

135 4087 363 4140 lentium
414 4083 637 4139 debuit?
676 4094 769 4137 aut
816 4099 911 4137 cur
939 4084 1059 4148 ille,
1093 4086 1178 4151 qui
1213 4085 1303 4139 Dei
1336 4085 1517 4138 laudes
1560 4086 1723 4150 canit,

136 4190 184 4233 et
215 4179 285 4234 dc
313 4194 412 4233 suo
443 4178 683 4247 principe
708 4177 847 4241 silet,
880 4187 1220 4246 comparatur
1249 4178 1295 4232 ei
1328 4178 1436 4246 qui,
1466 4193 1579 4229 cum
1622 4176 1726 4229 Do-

138 4275 333 4325 minum
364 4272 517 4336 norit,
546 4270 685 4323 idola
716 4288 843 4323 vana
871 4272 1025 4323 colit?
1062 4271 1175 4325 Non
1205 4288 1331 4342 ergo
1358 4272 1425 4326 de
1458 4271 1724 4325 Dracoiitii

138 4372 388 4430 poemate
418 4361 557 4432 quod
590 4361 845 4415 habemus
870 4403 882 4425 ,
934 4361 1025 4415 sed
1059 4364 1125 4417 de
1156 4363 1259 4417 alio
1286 4408 1297 4429 ,
1348 4379 1455 4434 quo
1484 4364 1598 4433 ejus
1630 4378 1722 4418 rex

140 4456 377 4510 "Herulis
410 4456 527 4517 fuit,
560 4454 683 4524 quia
715 4455 765 4507 in
802 4455 1010 4509 laudem
1044 4457 1268 4525 alicujus
1298 4460 1380 4512 sui
1411 4460 1578 4513 hosus
1609 4465 1723 4512 erat

140 4548 517 4615 compositum,
549 4544 877 4614 intelligendi
904 4556 1026 4598 sunt
1061 4561 1246 4601 versus
1277 4563 1425 4618 seqq.
1457 4568 1466 4599 :

262 4640 436 4689 Coram
464 4645 512 4685 te
536 4639 742 4697 primum
767 4650 866 4698 me,
892 4640 1119 4687 carminis
1149 4639 1279 4688 illius
1301 4654 1410 4689 orsa

330 4699 463 4756 Quod
486 4698 612 4747 male
631 4700 865 4759 disposui,
890 4706 1111 4762 pamitet,
1144 4716 1205 4749 en
1227 4702 1397 4751 fateor.

272 4762 484 4827 Postte,
511 4774 697 4827 sumine
722 4762 872 4827 Deus,
906 4764 1012 4818 regi
1036 4763 1326 4824 dominoque
1352 4778 1467 4813 rcus
1484 4778 1608 4827 sum,

331 4822 475 4881 Cujus
494 4823 553 4869 ab
575 4825 778 4883 imperio
803 4834 948 4883 posco
968 4837 1177 4884 gemens
1197 4822 1403 4874 veniam.

143 4910 271 4973 Qum
302 4908 570 4973 omnia,et
594 4907 744 4975 plura
771 4906 873 4961 alia
905 4924 1024 4976 quia:
1054 4919 1371 4977 sequuntur,
1408 4911 1459 4965 id
1492 4912 1729 4966 eiliciunt

144 5002 284 5068 quod
319 5001 422 5053 dixi
450 5038 467 5066 ,
500 5000 551 5053 in
600 4999 699 5053 hac
725 5000 946 5068 epistola
997 5016 1098 5053 non
1142 5000 1272 5054 illud
1302 5016 1461 5072 agere
1494 5002 1730 5056 Dracon-

147 5098 300 5157 tium,
340 5104 396 5147 ut
422 5109 449 5146 a
476 5092 583 5147 Deo
611 5094 819 5147 veniam
847 5101 989 5161 petat
1009 5094 1181 5162 siquid
1212 5096 1449 5150 carmine
1476 5097 1541 5150 de
1568 5112 1732 5165 opere

147 5200 237 5238 sex
275 5183 481 5237 dierum
531 5184 773 5237 incautus
814 5195 1088 5250 errasset,
1125 5195 1177 5238 et
1225 5202 1252 5237 a
1299 5186 1601 5241 Theodosio
1640 5188 1734 5242 Ju-

150 5276 472 5344 niore,quud
490 5274 679 5328 eodem
699 5290 861 5343 opere
890 5274 956 5329 de
986 5275 1131 5329 illius
1160 5277 1441 5347 triumphis
1460 5281 1730 5335 tacuisset.

218 5367 309 5420 91.
355 5366 556 5420 llevera
586 5382 706 5419 cum
734 5366 973 5421 codicem
1016 5367 1351 5435 Vaticanum,
1384 5372 1467 5425 ubi
1514 5389 1733 5429 cirmen

151 5462 217 5515 de
250 5462 357 5517 Deo
384 5470 577 5526 exstat,
613 5462 1041 5529 perlustrassem,
1079 5471 1131 5516 et
1162 5464 1213 5516 in
1242 5477 1294 5516 Ill
1329 5463 1482 5532 hujus
1513 5482 1731 5532 poema-

153 5553 219 5607 tis
248 5555 379 5607 libro
410 5542 654 5624 legissem
683 5554 875 5622 quibus
903 5556 1155 5609 terumnis
1179 5571 1464 5625 oppressus
1498 5558 1732 5615 Dracon-

154 5648 256 5699 tius
288 5646 388 5700 hoc
413 5661 546 5715 Opus
572 5648 911 5714 composuit,
960 5649 1076 5701 sine
1122 5648 1229 5701 ulla
1259 5648 1591 5706 dubitatione
1622 5654 1731 5708 col-

156 5738 257 5806 legi
284 5751 402 5791 cum
435 5741 643 5793 veniam
675 5757 702 5793 a
736 5755 859 5809 rege
887 5754 984 5793 sno
1010 5751 1215 5809 petere,
1248 5758 1404 5811 quem
1454 5746 1521 5798 ita
1553 5748 1735 5813 gravi-

158 5838 235 5881 ter
284 5828 613 5897 offenderat,
662 5839 715 5884 ut
762 5833 812 5885 in
843 5833 1049 5885 vincula
1102 5834 1283 5889 inisset
1333 5837 1643 5905 conjectns,
1682 5847 1735 5895 ct

1746 4618 1801 4677 D

1821 576 2028 631 comins
2059 593 2123 633 eo
2155 578 2270 646 lib.,
2304 595 2443 635 vers.
2478 583 2582 638 576
2604 600 2749 655 seqq.
2782 604 2793 637 :

1947 688 2039 763 ﬁci
2077 692 2194 763 mihi
2219 693 2250 763 εν
2276 694 2401 763 quod
2428 693 2608 743 facinus
2642 709 2736 744 non
2762 710 2858 745 uno
2882 709 3104 761 tempore
3130 710 3341 763 gestum,

1952 750 2011 799 Ut
2035 764 2141 800 mea
2166 750 2306 801 facta‘
2329 754 2475 814 luam,
2504 766 2696 819 tempus
2714 764 2935 809 convenit
2960 750 3008 808 in
3032 750 3195 811 unum.

1949 844 2005 887 κ
2032 848 2043 859 .
2072 850 2086 887 ε
2116 849 2169 887 ..τ
2200 853 2210 861 .
2242 854 2251 861 .
2283 853 2294 863 .
2321 852 2332 863 .
2368 855 2377 864 .
2409 852 2420 864 .
2451 856 2461 865 .
2490 856 2498 863 .
2530 855 2541 865 .
2569 819 2750 887 Gravor
2770 822 2981 884 undique
3018 836 3231 887 pressus,

1950 874 2114 947 Yincla
2137 876 2308 947 ligant,
2336 886 2573 947 tormenta
2600 882 2815 945 domant,
2844 874 3041 933 consum
3065 893 3080 935 ι
3107 874 3324 947 egestas.

1951 934 2231 1007 Eudibriuin
2257 944 2471 1001 generis.
2496 940 2631 989 dolor
2656 934 2894 1003 omnibus,
2916 956 3063 1007 atque
3099 934 3260 999 itiim‘c
3295 934 3319 995 s

2076 1008 2268 1078 Factus,
2297 1017 2346 1058 et
2369 1017 2548 1059 exutus
2572 1024 2742 1071 magna
2766 1017 2829 1078 de
2851 1026 2986 1075 parte
3013 1020 3265 1078 honorum,

1945 1070 2167 1135 griuibus
2202 1074 2437 1135 intonsus,
2466 1080 2633 1135 pannis
2652 1070 3004 1135 sqnallentihus
3028 1094 3155 1127 usus.

1947 1130 2101 1202 ﬁctus
2122 1139 2175 1202 et
2200 1134 2393 1202 ignotus
2415 1130 2608 1202 desunt,
2638 1130 2805 1202 abiere
2834 1151 3085 1202 parentes,

1948 1193 2232 1266 Mequibus
2256 1196 2486 1266 impendi,
2516 1211 2625 1266 mox
2648 1193 2932 1266 dedidicere
2956 1193 3232 1266 propinqui,

1950 1255 2038 1319 Vel
2066 1255 2346 1319 quicunque
2372 1257 2482 1319 fuit,
2512 1260 2675 1307 subito
2694 1260 2911 1310 discessit
2941 1255 3138 1313 amicus.

1949 1297 2151 1388 agmina
2178 1297 2434 1367 ser'vornm
2460 1297 2668 1383 fugiunt,
2695 1297 3198 1388 tempseremclile‘riies,

1950 1378 2051 1427 Nec
2075 1380 2281 1430 doluere
2305 1395 2463 1429 meam
2492 1378 2620 1431 tanta
2646 1378 2735 1433 sub
2754 1378 2891 1436 clade
2917 1390 3123 1437 ruinam.

1950 1441 2196 1509 iriiscmte
2230 1442 2355 1499 Deo,
2383 1443 2551 1509 solatia
2576 1453 2748 1509 cuncta
2773 1458 3030 1509 negantur.

1948 1503 2051 1570 [ioc
2074 1512 2301 1570 superest
2330 1511 2381 1553 ut
2405 1506 2499 1555 vita
2525 1508 2681 1565 cadat,
2702 1510 2791 1557 nisi
2819 1503 3025 1570 parcere
3050 1514 3179 1561 mitis

1946 1563 2164 1615 Jusseris
2185 1565 2379 1627 afflicto,
2406 1580 2553 1629 quem
2576 1570 2647 1618 sic
2670 1563 2871 1633 fregere
2898 1573 3106 1622 dolores.

1827 1668 1949 1725 llaec
1978 1679 2030 1725 et
2060 1671 2161 1723 alia
2192 1670 2261 1726 ibi
2296 1672 2703 1738 Dracontius,et
2730 1684 2943 1731 catenas
2966 1680 3265 1749 praesertim
3294 1694 3396 1736 me-

1824 1771 1996 1817 morat
2023 1772 2165 1818 vers.
2196 1764 2299 1819 648
2334 1782 2346 1817 :

1946 1858 2056 1926 hic,
2072 1872 2209 1921 rogo,
2230 1859 2324 1920 jam
2350 1874 2522 1926 repara
2547 1864 2637 1909 snh
2657 1862 2889 1913 libertate
2912 1863 3141 1926 solutum,

1944 1919 2089 1970 Clade
2116 1919 2606 1974 catenarum'ferrato
2632 1927 2850 1987 pondere
2878 1940 3116 1988 pressum.

1820 2002 1936 2069 Quo
1964 2002 2190 2060 fortasse
2220 2007 2438 2074 respicit
2469 2023 2607 2061 vers.
2640 2008 2743 2062 602
2770 2024 2908 2079 seq..

1950 2097 2263 2164 Etlacrymas
2287 2101 2490 2150 intende
2510 2115 2663 2162 meas,
2692 2116 2815 2164 quas
2837 2104 2984 2155 fundo
3008 2107 3184 2157 diurne

1946 2158 2143 2219 Tristis,
2165 2170 2216 2209 et
2242 2171 2449 2212 extenso
2475 2158 2745 2225 prostratus
2766 2178 2971 2228 corpore
2993 2168 3197 2231 plango;

1826 2266 1922 2317 nisi
1953 2265 2052 2321 hoc
2084 2267 2202 2321 loco
2231 2268 2400 2321 innuit
2444 2270 2644 2339 lignum
2676 2282 2767 2325 aut
2798 2287 3018 2327 nervum
3057 2288 3162 2344 quo
3193 2289 3397 2332 reorum

1827 2359 1986 2426 pedes
2036 2361 2231 2415 includi
2281 2361 2523 2418 solebant
2552 2373 2605 2417 et
2637 2381 2789 2419 «rura
2816 2366 3030 2421 extendi
3064 2408 3077 2429 ,
3105 2376 3217 2430 aut,
3246 2378 3300 2422 ut
3334 2368 3411 2423 lo-

1824 2453 2005 2520 quitur
2035 2453 2349 2510 Prudentius
2384 2457 2433 2509 in
2468 2456 2768 2526 Vincentio,
2799 2461 3089 2515 divaricari.

1897 2544 1985 2599 92.
2028 2545 2180 2600 Clara
2230 2546 2343 2601 haec
2386 2558 2530 2614 sunt,
2580 2550 2671 2604 sed
2699 2552 2923 2606 clariora
2957 2568 3073 2621 qua:
3106 2553 3157 2606 in
3186 2552 3293 2605 alio
3322 2569 3414 2606 (ξος

1827 2639 1945 2693 dice
1971 2638 2232 2695 Vaticano
2285 2643 2464 2695 inveni
2494 2685 2507 2705 ,
2560 2644 2647 2698 nhi
2696 2645 2863 2713 elegia
2910 2646 3175 2700 Dracontii
3224 2647 3415 2715 legitur

1829 2729 2063 2784 nondum
2095 2732 2162 2784 ab
2203 2731 2439 2799 Eugenio
2470 2743 2558 2785 aut
2598 2735 2665 2787 ab
2695 2736 2814 2788 aliis
2843 2736 3174 2804 interpolata.
3207 2736 3412 2803 Quippe

1830 2821 1880 2873 in
1914 2821 2081 2888 elegia
2110 2823 2335 2890 genuina
2369 2839 2431 2876 ea
2462 2823 2574 2890 ipsa
2604 2840 2720 2893 qua:
2747 2841 2812 2879 ex
2862 2826 3148 2880 Sirmondo
3194 2827 3410 2893 protuli,

1829 2914 2131 2968 distinctius
2179 2916 2535 2983 explicantur,
2590 2927 2641 2971 et
2689 2918 2790 2970 alia
2836 2918 3102 2973 adduntur
3148 2934 3266 2988 qua:
3298 2933 3409 2976 rem

1831 3013 1992 3059 totam
2021 3016 2206 3073 aperte
2237 3006 2531 3062 declarant.
2566 3007 2655 3061 Sic
2683 3024 2824 3063 vers.
2852 3010 2917 3064 17
2953 3010 3023 3063 ait
3057 3009 3410 3065 Dracontius:

1956 3097 2061 3145 Hoc
2080 3105 2159 3162 tua
2186 3100 2335 3162 vei-la
2365 3101 2577 3162 probant
2594 3098 2760 3147 Moseo
2782 3100 2907 3149 dicta
2930 3102 3198 3162 prophetze,

2019 3161 2155 3217 Quod
2175 3158 2439 3209 duraturus
2462 3173 2545 3207 cor
2566 3161 2830 3210 Pharaonis
2854 3158 2978 3210 eras.

1956 3222 2036 3269 Sic
2070 3235 2177 3271 mea
2204 3225 2345 3270 corda
2376 3223 2524 3279 Dens,
2553 3232 2714 3273 nostro
2740 3231 2976 3282 peccante
2999 3229 3137 3273 reatu

2020 3284 2278 3345 Temporis
2300 3285 2558 3345 immodici,
2588 3284 2725 3345 pellit
2748 3286 2805 3333 ad
2833 3286 3014 3335 illicita.

1963 3345 2026 3394 Ut
2046 3350 2123 3408 qui
2153 3346 2270 3396 facta
2296 3348 2471 3394 ducum
2500 3360 2691 3406 possem
2715 3362 2910 3396 narrare.
2934 3360 3169 3408 mearum,

2016 3407 2232 3472 Nominis
2254 3410 2489 3467 Asdingui
2512 3409 2640 3457 bella
2662 3410 3039 3472 triumphigera,

1962 3468 2099 3532 Unde
2123 3472 2239 3517 mihi
2264 3482 2456 3519 merces
2479 3476 2641 3532 posset
2662 3484 2770 3520 cum
2795 3468 2873 3519 tau
2894 3468 2938 3519 7e
2961 3468 3130 3521 salutis

2025 3531 2229 3580 Munere
2252 3531 2500 3592 regnantis
2521 3544 2693 3593 magna
2716 3538 2888 3583 venire
2915 3534 3077 3592 simul,

1961 3592 2165 3641 Praemia
2182 3593 2511 3654 deSpicerem,
2533 3592 2622 3645 eici

1832 3679 1873 3730 D
1897 3677 2034 3732 inde
2067 3694 2210 3732 vers.
2245 3677 2315 3732 49
2344 3682 2419 3735 sic
2452 3679 2644 3733 habet:

1828 3770 1937 3840 69
1957 3777 2065 3844 Ipse
2101 3790 2213 3826 meo
2232 3778 2425 3844 domino
2450 3779 2587 3827 Deus
2612 3782 2840 3843 imperat,
2870 3788 3017 3841 atque
3039 3783 3233 3844 juhebit

2016 3838 2080 3888 Ut
2107 3852 2185 3887 me
2207 3842 2434 3889 restituat
2460 3838 2787 3902 resiriciatqne
2815 3838 2935 3905 pius.

1833 3944 2120 3997 Dominum
2156 3956 2308 3998 vocat
2335 3961 2489 3999 suum
2523 3962 2731 4015 regem,
2765 3947 2833 4001 de
2862 3964 2964 4013 quo
2991 3949 3162 4019 pergit
3191 3950 3409 4010 dicere:

1951 4036 2147 4104 Ser-fet,
2178 4036 2251 4082 avi
2290 4042 2341 4083 ut
2368 4035 2538 4104 laudes
2560 4037 2734 4104 dicam,
2762 4039 3061 4100 patriasque,
3085 4052 3319 4104 suasque,

2017 4097 2213 4159 Perque
2234 4110 2346 4144 suas
2371 4097 2529 4158 proles
2552 4101 2689 4160 regia
2718 4108 2822 4149 vota
2849 4113 3035 4149 canam.

1832 4182 2016 4236 Postea
2050 4197 2179 4235 vero
2210 4196 2349 4236 vers.
2381 4182 2517 4238 283:

1951 4275 2001 4324 Si
2017 4276 2143 4348 “ipse
2165 4289 2259 4338 ego
2281 4278 2496 4348 peccavi,
2521 4290 2739 4348 quﬂzenam
2758 4289 2834 4348 cst
2853 4292 2991 4341 rOgo,
3016 4281 3155 4348 culpa
3179 4296 3414 4348 meorum,

2014 4336 2146 4395 Quos
2164 4336 2307 4386 simul
2334 4336 2553 4400 exagitat
2577 4340 2733 4401 frigus
2757 4336 2993 4404 inopsque
3018 4336 3171 4392 fames
3188 4344 3213 4393 ‘?

1829 4419 1894 4473 Et
1923 4433 2109 4473 rursus
2136 4434 2275 4473 vers.
2312 4420 2407 4475 3H
2438 4438 2451 4473 :

1952 4514 2253 4579 Da_veniam,
2279 4516 2540 4579 miserere,
2571 4527 2761 4574 precor,
2786 4530 3016 4579 succurre
3040 4521 3227 4579 roganti
3252 4535 3263 4578 ;

2016 4575 2225 4624 Pristina
2249 4576 2488 4624 sufficiant
2513 4578 2742 4635 verbera,
2769 4578 2943 4639 vincla,
2972 4575 3138 4627 fames.

1831 4658 2034 4725 Quibus
2085 4661 2333 4712 omnibus
2376 4660 2584 4713 accedit
2633 4670 2753 4714 nota
2796 4662 2846 4714 in
2880 4662 2984 4718 fine
3013 4664 3195 4733 elegia!
3224 4668 3411 4725 eadem

1830 4748 2002 4801 veteri
2040 4764 2197 4800 manu
2231 4748 2407 4799 addita
2436 4767 2448 4801 :
2481 4747 2706 4817 Explicit
2735 4751 3032 4822 Satisfactio
3061 4754 3326 4811 DraCrrntii
3346 4762 3415 4814 ad

1832 4835 2217 4891 Cuthnmndum
2256 4855 2419 4907 regem
2444 4837 2867 4908 Gtumdalorum,
2911 4844 3035 4898 dum
3060 4858 3187 4902 esset
3220 4853 3268 4902 in
3303 4855 3414 4906 vin-

1831 4930 1979 4982 culis.

1905 5020 1991 5073 95.
2041 5020 2173 5074 lline
2218 5024 2377 5075 etiam
2407 5034 2616 5077 consiat
2639 5067 2653 5090 ,
2709 5042 2812 5080 non
2840 5028 2903 5083 ad
2936 5030 3294 5087 Theodosium
3327 5034 3416 5089 Ju-

1839 5113 2041 5165 niorem
2076 5113 2394 5179 Angustum,
2426 5123 2482 5168 ut
2506 5117 2677 5171 codex
2708 5117 2981 5175 Sirmondi
3014 5121 3193 5186 hal‘c',
3227 5125 3317 5179 sed
3352 5128 3416 5181 ad

1839 5217 2018 5266 regem
2036 5203 2392 5259 Vandalorum
2421 5248 2433 5269 ,
2462 5208 2575 5262 sive
2601 5249 2614 5271 ,
2645 5218 2702 5262 ut
2728 5210 2815 5263 alii
2846 5212 3079 5266 scribunt
3103 5214 3417 5277 ,Wandalo-

1841 5309 1979 5356 rum,
2008 5295 2265 5349 directam
2302 5294 2465 5353 fuisse
2499 5298 2764 5353 Dracontii
2796 5300 3241 5358 Satisfactioncm.
3266 5306 3418 5373 Quod

1840 5396 2015 5442 autem
2057 5404 2148 5442 rex
2180 5389 2569 5444 Guandalorum
2601 5394 2652 5446 in
2683 5393 2867 5449 eodice
2900 5395 3158 5449 Vaticano
3188 5397 3418 5463 dicatur,

1843 5479 1971 5533 nihil
2002 5479 2196 5534 refert:
2228 5497 2349 5535 nam
2377 5482 2477 5536 etsi
2508 5484 2606 5537 hoc
2634 5484 2884 5538 mendum
2915 5488 3213 5550 esset,leve
3243 5501 3419 5548 tamen

1845 5582 2003 5625 esset.
2054 5572 2158 5626 Sed
2210 5576 2419 5643 reperio
2478 5576 2769 5631 Wandalos
2817 5580 2941 5633 olim
2994 5595 3214 5637 vocatus
3260 5588 3421 5645 etiam

1842 5662 2005 5719 fuisse
2035 5664 2332 5721 Guandalos
2372 5683 2391 5722 :
2435 5669 2503 5721 ita
2550 5680 2698 5725 certe
2734 5682 2992 5726 vocantur
3030 5674 3083 5729 in
3114 5677 3308 5746 glossis
3358 5682 3421 5738 ad

1845 5757 2119 5811 Aratorem
2152 5760 2271 5813 cod.
2308 5762 2423 5815 Vat.
2459 5762 2673 5831 Regina:
2705 5780 2848 5817 num.
2883 5764 3009 5833 500,
3046 5771 3222 5824 szeculi
3269 5788 3322 5835 .l,
3357 5774 3422 5831 ad

1842 5865 1979 5902 vers.
2005 5851 2037 5902 ‘2
2058 5852 2202 5918 prmi.
2224 5852 2278 5917 9,
2297 5854 2380 5907 ubi
2410 5856 2674 5921 glossator
2702 5857 2771 5911 ait
2799 5874 2809 5910 :
2840 5859 3005 5923 TUM,
3044 5861 3094 5913 id
3117 5872 3188 5915 est
3218 5862 3424 5926 quando
