3942 6310
562 361 662 415 M7

1969 338 2412 396 DRACONTIL'S.

3737 349 3850 406 668

554 467 720 522 Roma
748 463 946 520 obsessa
979 465 1095 533 fuit,
1119 470 1164 518 et
1185 469 1411 533 tempore
1431 476 1529 531 quo
1549 459 1807 514 Gnamlali
1837 427 2134 512 obsederant
2165 460 2211 520 Α
2241 458 2427 513 eodem
2476 459 2692 514 nomine
2734 451 3078 530 Asdingorum
3108 459 3329 517 Grotius
3355 461 3558 517 excitat
3592 462 3851 521 Priscum

555 561 774 616 Romam
802 568 850 612 et
873 557 1198 612 devastabant
1241 564 1396 608 totam
1431 555 1707 624 regionem,
1757 564 1868 606 orla
1906 561 1979 605 est
2012 567 2133 604 con-

555 655 708 708 lentio
721 653 786 707 de
805 653 1034 724 eligendo
1061 650 1358 721 apostolico,
1382 649 1472 700 sed
1501 655 1674 714 postea
1701 647 1856 700 electo
1885 661 2016 715 papa
2041 644 2132 698 Vi-

553 749 678 820 gilio
718 753 1030 802 recesserunt
1071 746 1258 809 hostes,
1290 755 1336 796 et
1359 742 1422 796 de
1449 742 1544 795 hoc
1567 742 1788 808 loquitur
1809 741 1985 793 modo.
2015 739 2134 793 Fal-

552 859 669 899 sum
698 842 910 912 quidem
936 849 1019 895 est
1044 839 1266 892 Romam
1295 846 1422 890 tunc
1453 837 1613 889 luisse
1642 835 1916 888 obsessam
1949 849 1974 884 a
1993 833 2132 886 Van-

553 935 688 989 dalis
715 976 728 999 ,
759 947 984 1004 quorum
1015 945 1145 999 opes
1180 931 1230 982 in
1261 928 1436 982 Alrira
1469 927 1626 994 paulo
1655 934 1779 980 ante
1811 942 1837 978 a
1872 924 2131 979 Belisario

553 1028 766 1083 fuerant
792 1025 1002 1094 penitus
1023 1021 1236 1076 excism.
1261 1022 1367 1080 Sed
1391 1018 1608 1072 minime
1631 1017 1816 1071 dubito
1841 1016 1966 1084 quin
1989 1015 2132 1083 glos-

551 1117 1000 1176 satorWandalos
1054 1117 1104 1170 in
1137 1114 1425 1170 Guandalis
1452 1109 1800 1176 intellexerit,
1831 1119 1918 1162 aut
1943 1108 2127 1162 saltem

552 1213 798 1268 librarius
823 1228 918 1281 pro
941 1210 1219 1264 Wandalis
1256 1208 1556 1262 Guandalos
1612 1203 1909 1273 scripserit.
1950 1200 2131 1270 Neque

550 1307 701 1361 deest
731 1306 866 1359 ratio
909 1319 1003 1357 cur
1029 1302 1274 1356 Wandali
1308 1301 1411 1354 dici
1449 1299 1656 1370 possint
1686 1295 1946 1350 Guandali
1970 1310 1987 1348 :
2009 1308 2131 1348 nam

551 1415 594 1456 tv
625 1397 868 1451 eamdem
900 1397 1004 1450 vim
1046 1397 1207 1450 habet
1231 1409 1294 1449 ac
1323 1412 1390 1460 (με
1421 1395 1471 1446 in
1502 1393 1684 1446 multis
1720 1390 2045 1453 nominibus,
2077 1396 2135 1442 ut

556 1488 814 1558 l‘l"lphilas
841 1529 856 1551 ,
901 1496 955 1542 et
982 1485 1256 1554 Gulphilas
1283 1525 1296 1548 ,
1330 1483 1619 1536 ll’ilielmus
1647 1525 1660 1547 ,
1715 1491 1768 1535 et
1795 1479 2132 1542 Guilielmus;

552 1588 812 1648 nutatque
842 1577 991 1646 llugo
1021 1577 1238 1631 Grotius
1287 1577 1337 1628 in
1374 1575 1547 1628 indice
1579 1573 1852 1627 nominum
1881 1572 2134 1626 Gothico-

550 1687 668 1726 rum
696 1711 710 1734 ,
741 1669 1150 1725 Vandalicorum
1177 1707 1191 1730 ,
1233 1678 1336 1723 etc.
1365 1709 1379 1731 ,
1416 1677 1534 1736 post
1561 1664 1889 1719 .lornandeir.
1916 1673 1970 1718 et
2000 1663 2133 1718 alios

551 1762 842 1818 historicos
872 1776 898 1812 a
931 1775 990 1816 se
1019 1761 1193 1814 editos
1217 1800 1233 1826 ,
1264 1776 1306 1813 w
1339 1761 1389 1813 in
1425 1777 1492 1828 gn
1536 1758 1845 1827 frequenter
1889 1757 1958 1811 ab
1989 1756 2131 1810 ltalis

2238 551 2524 606 Patricium
2553 591 2569 616 ,
2600 551 2696 606 sed
2728 551 2958 606 fortasse
2985 554 3155 607 voluit
3195 554 3375 609 dicere
3405 553 3630 611 Petrum
3669 557 3850 614 Patri.

2236 646 2398 700 cium.
2430 645 2729 702 Jnrnandes
2759 687 2772 710 ,
2805 645 2871 700 de
2897 646 3030 702 Reb.
3059 646 3237 703 Getic.
3269 663 3390 718 cap.
3423 649 3516 716 l6,
3550 649 3622 706 de
3653 651 3852 708 Ostro-

2236 737 2392 805 gotha
2435 751 2560 805 rege
2605 735 2899 790 Gothorum
2952 737 3051 792 sub
3089 737 3335 808 Philippo
3377 740 3720 810 imprratore
3771 745 3848 800 lo-

2235 846 2405 901 quens
2435 833 2510 885 ait
2553 854 2564 884 :
2617 830 2849 901 Triginta
2879 831 3040 886 millia
3079 834 3303 886 virorum
3340 845 3544 888 armata
3579 841 3852 905 produn

2235 923 2301 976 ad
2328 923 2584 992 prtrlium,
2617 923 2862 977 adhibitis
2889 925 2987 979 sibi
3019 925 3288 995 Thaphilis
3353 935 3398 979 et
3425 928 3721 1000 Astringis.
3756 930 3852 983 Bo-

2237 1024 2531 1070 naventura
2566 1015 2858 1071 Vulcanius
2907 1018 2958 1070 in
3001 1027 3139 1072 notis
3195 1033 3292 1086 pro
3342 1019 3563 1074 diversa
3612 1023 3852 1078 lectione

2236 1107 2423 1161 scribit
2468 1105 2722 1178 Thaifalis
2768 1119 2822 1163 et
2871 1109 3129 1178 Asdingis.
3177 1109 3322 1165 Idem
3370 1110 3736 1182 .lornandes,
3789 1115 3854 1171 de

2234 1197 2370 1256 Reb.
2399 1199 2574 1255 Getic.
2627 1217 2745 1271 cap.
2777 1202 2880 1267 22,
2927 1202 2994 1259 de
3042 1219 3168 1274 rege
3200 1204 3500 1262 Gothorum
3532 1206 3852 1266 Gebericbo

2234 1291 2334 1346 sub
2364 1292 2718 1348 Constantino
2741 1309 2755 1346 :
2782 1293 3019 1350 Gloriam
3047 1299 3246 1366 generis
3271 1299 3354 1352 sui
3377 1300 3531 1365 factis
3550 1302 3854 1359 illustribus

2236 1389 2538 1452 exmquavit,
2572 1388 2824 1456 primitias
2853 1391 2994 1457 regni
3017 1392 3096 1442 sui
3123 1406 3241 1444 mox
3261 1393 3315 1444 in
3351 1391 3686 1449 Wandalica
3708 1409 3852 1466 gente

2237 1480 2504 1532 extendere
2528 1480 2737 1547 cupiens
2765 1491 2945 1534 contra
2984 1482 3225 1537 Visumar
3255 1500 3431 1539 eorum
3449 1503 3635 1558 regem
3657 1491 3854 1544 Aediu-

2237 1586 2414 1638 gorum
2444 1586 2471 1622 e
2498 1571 2674 1640 stirpe,
2702 1587 2817 1642 qua:
2845 1573 2976 1625 inter
3009 1589 3096 1628 eos
3120 1577 3324 1641 (minet,
3355 1594 3625 1650 genusque
3653 1582 3854 1635 indicat

2239 1661 2674 1716 bellicosissimam
2701 1707 2714 1727 ,
2765 1663 2997 1734 Derippo
3041 1666 3282 1723 historico
3308 1671 3603 1740 'referente.
3669 1673 3853 1744 Itaque

2239 1751 2454 1806 Grotius
2482 1753 2534 1806 in
2567 1755 2876 1822 prmtatione
2920 1756 2984 1809 ad
3014 1756 3338 1814 Jornandem
3390 1763 3651 1834 aliosque
3686 1765 3854 1820 histo-

551 1867 604 1911 et
633 1855 798 1910 Gallis
844 1854 1058 1907 nmtari.
1090 1851 1356 1906 Potuisset
1403 1851 1602 1904 addere
1645 1850 1907 1918 Ilispanos
1933 1867 1944 1900 :
1970 1849 2057 1918 qui
2087 1849 2130 1902 si
2165 1840 2210 1900 B
2239 1842 2378 1897 ricos
2404 1885 2420 1909 ,
2471 1845 2674 1915 primos
2709 1845 3064 1903 Vandalorum
3113 1865 3266 1920 reges
3292 1864 3547 1909 recenset
3585 1855 3812 1912 Rhaum
3837 1902 3852 1924 ,

551 1948 619 2002 ad
651 1948 784 2001 hanc
822 1947 931 2018 70
959 1945 1196 2014 aliasque
1253 1943 1554 2012 lmjusmodi
1587 1941 1992 1997 observationes
2021 1940 2134 1994 ani-

550 2058 693 2098 mum
738 2041 1117 2103 adverterent,
1170 2036 1374 2091 facilius
1408 2036 1638 2106 plurium
1668 2049 1854 2087 vocum
1885 2033 1966 2088 sui
1999 2031 2133 2086 idio-

550 2135 709 2192 matis
736 2135 994 2203 or‘ginem
1025 2131 1349 2186 invenirent.
1386 2131 1439 2184 In
1475 2127 1800 2182 Dictiooario
1831 2125 2134 2180 Academia:

551 2228 703 2295 llisp.
740 2225 872 2279 nihil
903 2223 1156 2278 delinitur
1185 2222 1327 2275 unde
1354 2220 1554 2274 dictum
1585 2221 1653 2273 sit
1679 2229 1886 2289 guantc,
1910 2233 2025 2287 quae
2053 2224 2136 2272 est

550 2319 882 2381 chirotheca,
935 2317 1034 2370 nisi
1063 2315 1202 2385 quod
1233 2315 1462 2368 refertur
1487 2313 1669 2382 opinio
1714 2313 2015 2374 Broccnsis,
2046 2311 2134 2380 qui

550 2411 804 2468 censebat
831 2425 860 2463 a
891 2409 1112 2464 civitate
1142 2407 1398 2461 Gandavo
1424 2445 1438 2468 ,
1493 2407 1634 2460 unde
1681 2406 1859 2458 afferri
1891 2404 2137 2459 solebant

549 2484 897 2568 cliirothecze,
930 2500 1252 2569 appellatum
1279 2509 1487 2569 guante.
1521 2498 1828 2566 Stephanus
1853 2499 2131 2561 Terreros,

548 2599 636 2670 qui
670 2595 853 2667 paucis
883 2602 1005 2648 ante
1033 2593 1186 2647 annis
1217 2591 1470 2646 Forolivii
1499 2591 1729 2644 decessit
1754 2629 1769 2652 ,
1811 2589 2134 2643 laboriosum

547 2703 602 2748 et
644 2691 909 2747 eruditum
955 2686 1340 2741 Dietionarium
1374 2683 1716 2753 HiSpanicum
1750 2683 2025 2736 nominum
2052 2697 2137 2735 ar-

548 2785 678 2840 tium
711 2792 764 2838 et
791 2780 1133 2836 scientiarum
1166 2794 1266 2832 ms.
1297 2778 1348 2830 in
1383 2777 1631 2846 llispania
1664 2774 2133 2844 reliquerat,quod

547 2883 668 2946 post
711 2873 828 2941 ejus
871 2873 1072 2925 obitum
1103 2869 1369 2939 publicam
1400 2869 1577 2922 lucem
1613 2868 1743 2921 vidit
1776 2867 1971 2920 Matriti
2001 2883 2012 2918 :
2039 2865 2132 2920 sed

547 2967 694 3022 nulla
745 2964 868 3018 inde
918 2962 1011 3017 lux
1040 2962 1301 3016 vocabulo
1326 2973 1514 3031 guantc
1545 2960 1866 3014 illustrando
1893 2957 2130 3027 ail‘ulgct.

545 3059 682 3114 Vera
713 3058 943 3112 nominis
974 3059 1122 3126 origo
1152 3067 1233 3110 est
1264 3069 1292 3108 a
1318 3055 1540 3117 Wanto,
1574 3064 1624 3108 ct
1651 3070 1694 3106 ut
1721 3054 1771 3106 iu
1805 3071 1869 3122 gn
1903 3062 2127 3117 mutato,

547 3159 760 3225 guanto.
778 3149 914 3203 Beda
939 3149 990 3202 in
1008 3148 1126 3202 Vita
1156 3148 1212 3201 S.
1236 3147 1545 3200 Columbani
1577 3160 1693 3213 cap.
1719 3145 1804 3205 ii,
1823 3145 2131 3215 Tegumenta

2240 1935 2467 1990 Rhatum
2497 1979 2512 2002 ,
2543 1938 2884 1994 Wisimarem
2909 1985 2923 2006 ,
2981 1941 3208 1998 Crocum
3235 1989 3251 2011 ,
3287 1944 3654 2006 Frididalum.
3705 1952 3851 2007 Idem

2237 2026 2458 2084 Grotius
2485 2030 2535 2084 in
2582 2031 2756 2085 indice
2781 2033 3064 2088 verborum
3093 2035 3439 2093 Gothicorum
3470 2081 3485 2102 ,
3518 2041 3854 2098 Vandalica-

2237 2134 2376 2185 rum,
2410 2129 2538 2191 etc.,
2568 2121 2787 2178 verbum
2812 2123 3030 2195 Asdingi
3057 2126 3186 2182 dicit
3211 2143 3330 2184 esse
3350 2130 3418 2186 ab
3445 2131 3772 2205 Haisl-d.'s:q
3803 2156 3852 2200 ιι,

2237 2211 2380 2282 quod
2410 2224 2492 2268 est
2519 2214 2650 2268 celer
2669 2214 2720 2269 in
2737 2217 2939 2285 judicio
2963 2217 3183 2288 publico.
3211 2220 3517 2279 Jornandes
3539 2228 3658 2281 alio
3688 2230 3853 2284 modo

2237 2305 2491 2372 expﬂcah

2859 2405 3084 2463 CAPUT
3127 2407 3191 2461 Χ.

2242 2489 2350 2545 Sub
2379 2490 2666 2550 Gnnthario
2701 2495 3053 2572 Vandalorum
3082 2516 3198 2572 rege
3222 2503 3271 2554 in
3305 2501 3568 2572 Hispania
3588 2509 3855 2563 scribe-bat

2867 2569 3202 2627 Dracontius.

2312 2676 2401 2730 95.
2454 2677 2658 2736 Nomen
2711 2684 2851 2752 regis
2892 2685 2957 2737 ad
3005 2702 3162 2756 quem
3212 2687 3520 2746 Satistaetio
3566 2692 3855 2754 Dracontii

2240 2770 2437 2838 scripta
2471 2781 2570 2836 est,
2625 2773 2676 2827 in
2707 2775 2893 2830 codice
2928 2774 3187 2832 Vaticano
3226 2778 3420 2834 dicitur
3452 2781 3855 2840 Guthamndus.

2240 2862 2594 2926 Quaerendum
2641 2880 2766 2934 ergo
2797 2877 3045 2931 superest
3069 2884 3165 2923 cur
3191 2872 3332 2924 hunc
3375 2887 3563 2943 regem
3592 2875 3855 2931 Cantha-

2239 2955 2374 3006 rium
2413 2954 2579 3010 fuisse
2619 2973 2714 3026 pro
2744 2969 2891 3014 certo
2923 2960 3251 3030 babeanms,
3299 2980 3418 3020 cum
3467 2983 3681 3024 nomen
3725 2972 3853 3026 illud

2237 3060 2547 3116 corruptum
2591 3050 2654 3102 ad
2697 3050 2860 3105 alium
2916 3052 3274 3110 Vandalorum
3317 3073 3499 3128 regem
3534 3064 3724 3130 possit
3768 3066 3851 3119 de.

2238 3140 2493 3208 torqueri.
2524 3140 2649 3196 llaec
2671 3145 2895 3211 qnmstio
2919 3147 3055 3200 viam
3087 3147 3239 3202 nobis
3261 3151 3431 3218 aperit
3455 3151 3526 3205 ad
3553 3151 3849 3212 historia

548 3209 810 3309 manuum,
835 3257 949 3312 qua:
979 3238 1114 3294 Galli
1147 3253 1374 3302 animos,
1405 3240 1457 3290 id
1488 3247 1560 3290 est
1589 3236 1900 3289 rhirothecas
1931 3247 2130 3290 vocant.
2160 3209 2205 3272 (δ
2239 3233 2387 3300 regni
2422 3233 2698 3290 Vandalici
2739 3238 2789 3290 in
2826 3236 3077 3308 Hispania
3117 3241 3524 3310 explicandam,
3559 3261 3696 3315 qua:
3726 3264 3850 3303 con-

548 3333 738 3403 Papias
769 3335 818 3386 in
851 3331 1091 3386 vocabul.
1118 3374 1131 3396 ,
1168 3329 1469 3383 Chirotheca
1496 3373 1509 3396 ,
1564 3329 1697 3380 ranti
1725 3370 1738 3393 ,
1769 3328 1822 3380 id
1846 3337 1916 3381 est
1955 3345 2133 3384 manus

548 3427 708 3481 theca.
747 3423 986 3488 Martiae,
1014 3439 1139 3491 quas
1167 3422 1316 3492 vulgo
1351 3431 1543 3474 wantos
1568 3421 1908 3489 appellamus.
1936 3420 1987 3473 In
2014 3420 2132 3474 Vita

547 3518 608 3576 S.
643 3516 921 3570 Pbiliberti
952 3515 1160 3568 abbatis
1191 3513 1284 3566 lib.
1319 3530 1371 3577 ι,
1423 3527 1541 3582 cap.
1579 3512 1641 3566 l2
1667 3554 1681 3577 ,
1723 3512 1878 3565 Latro
1915 3523 2132 3584 gnantos

548 3610 686 3664 illius
717 3608 896 3661 illicita
921 3607 1318 3677 prwsnmptione
1339 3605 1541 3675 furatus
1562 3617 1652 3659 est.
1676 3604 1882 3660 Videsis
1927 3606 2132 3660 Ducan-

547 3703 690 3772 gium
722 3699 886 3755 verbo
912 3698 1169 3753 Wanros.

617 3795 706 3850 94.
749 3793 904 3850 Aliud
934 3803 1015 3848 est
1042 3795 1093 3847 in
1124 3792 1368 3846 versibus
1390 3792 1572 3860 elegia:
1601 3807 1628 3845 a
1664 3791 1818 3844 nobis
1839 3790 2015 3844 relatis
2045 3805 2134 3843 no-

549 3904 691 3952 men,
717 3901 780 3942 ex
803 3901 907 3956 quo
929 3887 1148 3940 omnino
1175 3885 1506 3939 convincitur
1525 3885 1808 3937 Dracontio
1833 3899 1943 3937 rem
1971 3884 2132 3938 fuisse

532 3987 666 4036 'cum
697 3994 822 4048 rege
846 3979 1227 4032 Vandalorum.
1269 3979 1398 4032 Cum
1429 3979 1569 4032 enim
1603 3979 1766 4031 duces
1797 3992 1921 4030 suos
1961 3977 2132 4030 nomi-

547 4082 726 4130 nasset
747 4112 762 4136 ,
791 4071 942 4138 cujus
973 4073 1147 4140 gentis
1178 4071 1249 4123 illi
1283 4071 1388 4123 sint
1415 4071 1576 4125 duces
1609 4082 1790 4140 aperte
1821 4073 2092 4126 declarat:

672 4174 734 4221 Ut
757 4173 836 4232 qui
863 4172 1395 4236 factadncnmpossem
1422 4184 1619 4219 narr.:re
1645 4186 1885 4236 meorum,

731 4234 951 4282 Numinis
976 4233 1207 4292 Asdingui
1234 4233 1366 4279 bella
1391 4236 1761 4294 triumphigcra.

545 4331 623 4387 Ex
649 4336 804 4399 gente
828 4325 986 4395 igitur
1009 4324 1401 4391 Asdinguorum
1426 4325 1498 4377 illi
1523 4326 1685 4378 duces
1707 4336 1877 4380 erant.
1903 4328 2128 4394 Quinam

545 4425 723 4479 autem
769 4419 855 4473 alii
904 4427 1028 4471 sunt
1071 4415 1348 4483 Asdingui,
1380 4417 1480 4469 nisi
1520 4418 1774 4471 Vandali?
1813 4421 1964 4487 Apud
1997 4420 2129 4474 alios

546 4516 832 4581 scriptores
856 4511 906 4564 in
935 4509 1035 4562 hoc
1063 4507 1278 4561 nomine
1303 4508 1651 4576 exprimendo
1675 4510 1886 4564 codices
1909 4522 1960 4565 et
1987 4513 2128 4566 edita

545 4605 869 4673 exemplaria
923 4599 1160 4655 nonnihil
1208 4601 1411 4653 variant
1456 4617 1468 4654 :
1503 4599 1596 4652 sed
1642 4616 1770 4669 gens
1801 4603 1984 4656 eadem
2017 4611 2118 4669 est,
2161 4584 2207 4644 ί)

546 4699 659 4754 Site
685 4696 878 4766 :istingi
904 4737 917 4759 ,
945 4695 1058 4749 sive
1087 4693 1334 4762 Astringi,
1366 4693 1478 4747 sive
1506 4693 1719 4764 Asdingi
1745 4737 1756 4752 .
1790 4696 1901 4749 sive
1930 4697 2122 4750 Asdin-

546 4791 632 4862 gui
686 4799 958 4844 vocentur.
1004 4786 1235 4842 Primam
1299 4786 1452 4854 hujus
1515 4788 1742 4842 nationis
1801 4791 2123 4844 mentionem

546 4883 684 4951 apud
719 4883 937 4934 Dionem
968 4879 1210 4934 Cassium
1239 4880 1452 4933 invenio
1497 4881 1590 4934 lib.
1625 4897 1771 4946 Lm,
1805 4883 1888 4936 ubi
1921 4884 2029 4952 agit
2058 4884 2124 4938 de

547 4971 1130 5028 belloMareomaanico
1160 4972 1256 5023 sub
1286 4973 1555 5026 Antonino
1589 4973 1908 5044 Philosopho
1929 4976 2128 5029 :Astin-

546 5067 631 5138 gui
661 5082 796 5130 vero,
827 5066 911 5134 qui
940 5064 1139 5117 Rhaum
1166 5106 1179 5126 ,
1218 5063 1539 5133 Rhammqne
1565 5066 1713 5117 duces
1745 5066 2012 5132 habebant,
2041 5085 2126 5122 ve-

548 5175 664 5212 nere
689 5157 958 5227 quidemet
986 5155 1096 5216 illi,
1141 5164 1192 5206 ut
1224 5157 1432 5209 Daciam
1461 5158 1755 5212 incolerent.
1785 5159 1974 5215 Postea
2009 5178 2128 5217 nar-

549 5261 630 5304 rat
650 5263 743 5304 eos
764 5262 949 5317 pacem
973 5247 1040 5301 ab
1059 5247 1325 5300 Antonino
1344 5251 1659 5316 impetrasse
1684 5250 1781 5306 hac
1801 5255 2125 5325 conditione,

547 5344 590 5397 si
624 5339 924 5394 nationibus
953 5347 1078 5392 tunc
1108 5337 1300 5392 bellum
1329 5353 1447 5391 cum
1478 5356 1541 5392 eo
1571 5345 1878 5410 gerentibus
1918 5349 2125 5404 cladem

550 5434 872 5489 intulissent.
899 5436 974 5488 Ac
997 5433 1354 5502 prmstiterunt
1381 5447 1508 5486 sane
1534 5437 1773 5489 nonnihil
1802 5454 1984 5492 eorum
2009 5455 2127 5509 qua}

549 5526 954 5596 pollicebantur.
1005 5526 1171 5580 Turno
1201 5527 1217 5578 I
1249 5526 1383 5579 ΠΜ.
1421 5528 1664 5594 Byzant.,
1714 5545 1831 5600 pag.
1881 5532 1950 5582 24
1995 5534 2124 5588 edit.

551 5618 762 5682 Paris.,
814 5621 864 5672 in
916 5618 1195 5687 Evccrptis
1242 5618 1308 5673 de
1357 5619 1606 5687 legation.
1641 5621 1784 5676 Petri
1813 5623 2024 5678 Patricii
2072 5636 2126 5681 et

553 5711 808 5777 Magistri,
843 5710 943 5763 hoc
974 5713 1076 5781 71
1104 5712 1272 5777 ipsum
1301 5711 1532 5764 breviter
1557 5723 1802 5768 narratur
1826 5735 1835 5766 :
1871 5714 2125 5772 Venerunt

552 5813 594 5856 ei
635 5802 830 5869 Astingi
857 5843 868 5862 ,
912 5814 953 5855 et
1001 5803 1241 5872 Larorayi
1289 5804 1337 5855 in
1371 5805 1623 5856 auxilium
1658 5808 1841 5862 Marri.
1875 5809 1976 5864 Pro
2025 5812 2122 5870 hoc

2240 3324 2413 3378 trariis
2436 3327 2761 3393 scriptorum
2791 3329 2928 3384 inter
2953 3345 3011 3386 se
3033 3331 3405 3390 dissidentium
3430 3341 3848 3396 narrationibus

2235 3418 2426 3471 mirum
2459 3429 2716 3489 quantum
2751 3422 3018 3492 implicata
3048 3436 3125 3480 est
3151 3435 3204 3479 et
3236 3427 3492 3482 involuta.
3521 3431 3587 3485 Et
3613 3447 3688 3486 ex
3717 3434 3846 3488 Dra-

2235 3513 2416 3567 contio
2456 3513 2670 3582 quidem
2719 3517 3031 3571 nonnullum
3078 3518 3259 3574 lumen
3290 3520 3404 3576 hazc
3431 3522 3672 3578 historia
3705 3529 3843 3582 acti-

2238 3605 2362 3673 piet,
2408 3606 2642 3661 vicissim
2677 3622 2804 3662 vero
2851 3624 2913 3664 ea
2944 3625 3008 3664 ex
3055 3612 3335 3666 Dracontio
3374 3613 3612 3686 aliisque
3648 3633 3841 3673 monu-

2237 3697 2434 3750 mentis
2479 3698 2743 3752 illustrata
2785 3715 3108 3769 magnopere
3149 3702 3376 3772 juvabit,
3418 3715 3478 3759 ut
3515 3719 3678 3761 certa
3713 3712 3841 3763 Dra-

2234 3787 2396 3840 Conlii
2442 3797 2571 3842 tetas
2618 3791 2729 3844 suis
2776 3793 3020 3846 terminis
3058 3792 3362 3849 deliniatur.
3408 3797 3588 3859 Alani.
3648 3799 3839 3863 Sucvi.

2240 3875 2458 3930 Vandali
2492 3879 2687 3946 aliique
2716 3881 2896 3948 populi
2917 3897 2954 3962 ει
2978 3883 3252 3949 Stilicone,
3287 3886 3377 3954 qui
3408 3885 3698 3945 Vandalus
3731 3896 3840 3962 ip~e

2247 3897 2458 3930 vaiman
2492 3897 2687 3946 ainque
2716 3897 2896 3948 populi
2978 3897 3252 3949 stilicone,
3287 3901 3377 3954 qun
3413 3897 3698 3945 Vandalus
3731 3897 3838 3962 ip~e

2235 3979 2369 4033 erat,
2410 3969 2622 4023 excitati
2663 3973 2767 4042 72
2811 3897 3021 4027 snnFut
3061 3974 3304 4029 Rhenum
3337 3982 3636 4034 transirent
3671 3984 3838 4052 impe-

2235 4062 2480 4130 riumque
2510 4063 2811 4118 Roinanum
2842 4067 3155 4134 turbarent:
3179 4067 3268 4136 qui
3289 4083 3384 4138 per
3407 4068 3612 4126 Gallias
3637 4073 3838 4130 debac-

2235 4154 2376 4207 chati
2406 4154 2721 4226 Pyrenamm
2755 4155 2920 4225 usque
2955 4168 3331 4226 pervenerunt,
3361 4161 3518 4228 cujus
3549 4165 3712 4220 obice
3741 4181 3836 4234 per

2238 4248 2518 4316 Didymum
2545 4260 2595 4302 et
2617 4249 2950 4304 Veriniannm
2979 4252 3044 4305 ad
3069 4262 3278 4323 tempus
3299 4255 3519 4323 repulsi.
3539 4273 3667 4312 mox
3695 4275 3834 4314 anno

2233 4339 2339 4392 609
2373 4340 2650 4408 Hispanias
2679 4341 2902 4409 ingressi
2940 4352 3082 4406 sunt,
3118 4353 3174 4397 ut
3217 4355 3439 4400 narrant
3472 4348 3707 4405 Orosius
3739 4352 3829 4405 lib.

2235 4445 2328 4490 vn,
2368 4446 2486 4499 cap.
2520 4431 2610 4497 40,
2641 4432 2846 4487 ldacius
2873 4434 2924 4487 in
2952 4433 3220 4491 Chronico
3250 4437 3454 4508 olymp.
3484 4438 3613 4504 297,
3659 4454 3716 4496 et
3741 4444 3830 4498 lsi-

2235 4523 2397 4576 dorus
2427 4524 2476 4577 in
2512 4523 2644 4578 Hist.
2686 4524 3083 4592 Vandalorum,
3115 4530 3203 4599 qui
3247 4530 3531 4600 Didymum
3574 4545 3632 4589 et
3669 4536 3831 4592 Vera-

2235 4613 2471 4678 nianmn,
2507 4625 2564 4668 ut
2587 4617 2698 4684 ipse
2727 4626 2898 4681 vocat,
2925 4618 3287 4675 nobilissimos
3310 4621 3585 4680 Romanos
3611 4626 3830 4683 fratres-

2235 4720 2337 4773 que
2370 4709 2875 4775 potentissimos-ait
2903 4711 3085 4766 fuisse.
3131 4716 3248 4778 Quo
3277 4715 3413 4771 duce
3445 4726 3572 4772 tunc
3600 4731 3826 4777 uteren-

2237 4807 2319 4849 tur
2349 4795 2567 4851 Vandali
2599 4815 2702 4853 non
2731 4801 2861 4856 satis
2884 4812 3087 4857 certum
3129 4814 3234 4858 est.
3267 4806 3487 4862 Grotius
3524 4811 3574 4862 in
3613 4813 3827 4876 pratiat.

2234 4889 2297 4941 ad
2328 4889 2586 4944 Historias
2615 4891 2836 4946 Vandal.
2862 4893 3224 4964 Godigisclum
3247 4899 3602 4956 V'andalorum
3636 4918 3827 4976 regem

2238 4983 2420 5048 fuisse,
2450 4983 2576 5038 dum
2607 4985 2660 5037 hi
2684 4984 2964 5054 Hispanias
2991 4986 3321 5057 invaserunt,
3349 5005 3550 5058 narrat,
3579 4997 3668 5050 cui
3704 5013 3826 5051 suc-

2235 5075 2397 5130 cessit
2426 5077 2476 5132 in
2502 5077 2751 5134 Callaecia
2782 5080 3134 5136 Guntbarius.
3171 5084 3508 5154 Ruinartins,
3535 5090 3587 5142 in
3620 5090 3825 5148 llistor.

2237 5171 2752 5226 Persecut.Vandal.
2777 5187 2895 5243 cap.
2929 5176 2981 5240 1,
3014 5174 3178 5231 refert
3208 5176 3443 5232 Francos
3471 5181 3683 5248 primos
3714 5199 3824 5237 om-

2235 5263 2378 5317 nium
2421 5264 2702 5319 conatibus
2756 5265 3112 5322 Vandalorum
3160 5269 3466 5335 obstitisse,
3519 5271 3823 5342 Godigisrlo

2233 5375 2419 5415 eorum
2449 5376 2576 5429 rege
2602 5361 2803 5427 occiso,
2824 5371 3006 5431 postea
3033 5363 3300 5419 Vandalos
3322 5365 3479 5420 simul
3499 5380 3620 5420 cum
3644 5368 3822 5422 Alanis

2233 5453 2569 5522 conjunctos,
2594 5453 2881 5510 substituto
2910 5455 2960 5509 in
2983 5455 3271 5526 Godigiscli
3299 5458 3476 5514 locum
3497 5459 3815 5527 Gunthario,

2235 5543 2477 5599 Rhenum
2513 5546 2809 5602 trausiisse.

2301 5639 2388 5692 96.
2419 5639 2609 5694 Verior
2637 5640 2848 5696 videtur
2887 5641 3056 5698 Grotii
3096 5645 3366 5710 narratio,
3414 5662 3534 5717 qua:
3572 5647 3816 5720 Procopii

2230 5731 2403 5783 verbis
2437 5731 2527 5783 lib.
2563 5747 2600 5795 ι,
2625 5747 2743 5801 cap.
2789 5735 2841 5798 3,
2873 5733 3120 5790 innititur
3148 5753 3163 5791 :
3195 5735 3326 5791 Inde
3367 5738 3666 5810 Godigisclo
3700 5744 3817 5795 dare

2230 5821 2278 5873 in
2317 5821 2568 5890 Hispania
2595 5826 2930 5880 consederunt
2961 5826 3262 5899 (Vandali),
3309 5847 3420 5902 qua?
3459 5831 3624 5900 prima
3657 5848 3729 5889 est
3759 5837 3815 5885 (δὲ
