3942 6310
155 308 259 364 649

152 510 430 579 paciscitur
469 509 768 575 Honorius,
814 519 867 562 ut
909 512 1020 563 sine
1060 513 1364 581 populorum
1398 513 1582 567 damno
1614 531 1727 568 eam

152 603 321 657 sedem
352 609 590 655 tenerent.
624 601 745 655 lltec
776 600 936 655 verba
967 617 1086 655 eum
1119 603 1426 657 ltuinartius
1446 619 1563 673 cap.
1586 604 1621 657 2
1648 606 1730 657 ἰη-

150 691 406 755 dicasset,
430 690 635 744 censuit
663 691 1000 744 scribendum
1026 705 1146 746 esse
1163 692 1263 745 sub
1291 692 1582 746 Gunderico
1605 695 1731 747 duce

148 795 252 850 pro
288 780 384 835 sub
430 766 723 849 Godigisclo
752 780 879 834 dare
914 795 931 832 :
970 795 1090 834 nam
1134 781 1461 836 Guntbarius
1488 797 1517 835 a
1550 784 1732 837 multis

150 870 471 923 Gundericus
500 869 720 932 dicitur,
753 880 809 922 ut
837 871 905 923 ab
936 870 1052 923 aliis
1082 871 1187 924 alio
1215 872 1374 926 modo
1402 874 1727 927 nominatur.

148 959 258 1014 Sed
286 957 561 1012 Ruinartio
580 966 766 1025 aperte
787 968 1048 1028 repugnat
1072 960 1361 1029 Proc0pius
1390 978 1403 1013 :
1430 976 1551 1014 nam
1578 962 1732 1029 paulo

148 1060 273 1120 post
298 1050 491 1120 repetit
525 1050 788 1105 Vamlalos
816 1050 997 1105 sedem
1029 1053 1081 1105 in
1118 1051 1367 1121 llispania
1398 1067 1563 1121 prope
1592 1053 1732 1106 Alri-

148 1157 270 1197 cam
310 1140 575 1209 posuisse,
622 1141 725 1205 ubi,
773 1142 972 1209 inquit,
1007 1145 1121 1213 jam
1170 1152 1368 1194 mortuo
1413 1140 1727 1208 Godigisclo,

146 1234 466 1287 dominatum
485 1242 809 1301 susceperant
830 1233 939 1300 ejns
959 1233 1062 1284 duo
1083 1233 1200 1299 ﬁlii,
1219 1231 1495 1286 Gontltaris
1518 1230 1628 1303 [hic
1650 1243 1732 1287 est

147 1320 467 1375 Cuntharins
490 1323 603 1375 sive
631 1318 995 1391 Gundericus],
1019 1338 1082 1375 ea:
1094 1323 1235 1390 jusla
1258 1321 1355 1388 ipsi
1377 1338 1534 1374 uxore
1555 1331 1728 1389 natus,

145 1421 196 1464 et
226 1410 486 1466 Gisericus
514 1409 696 1464 not/tus
726 1410 837 1482 [hic
867 1426 896 1464 a
930 1412 1191 1480 plerisque
1228 1410 1530 1466 Genserirus
1570 1429 1728 1468 voca-

147 1500 478 1572 lur].Verum
504 1502 591 1555 ille
612 1503 781 1554 adhuc
808 1514 953 1569 puer,
983 1515 1088 1556 etc.
1121 1502 1353 1555 Isidorus
1385 1504 1435 1555 in
1466 1503 1730 1559 Chronico

146 1592 220 1647 de
249 1590 546 1647 Gunthario
588 1593 703 1644 ltmc
731 1591 887 1645 habet
912 1606 928 1647 :
956 1590 1164 1644 Primus
1193 1602 1364 1644 autent
1395 1592 1445 1644 in
1476 1592 1731 1661 Hispania

147 1684 471 1738 Gundericus
492 1700 582 1737 rea:
605 1683 957 1736 l'andalorum
978 1684 1217 1736 successit
1237 1700 1451 1753 regnans
1472 1683 1732 1738 Galla'cia:

1515 311 1969 367 PROLEGOMEN
1989 315 2035 365 Χ.

164 420 364 473 Oceano
408 417 753 473 Romanorum
797 419 1076 490 provincia.
1126 419 1252 474 Cum
1299 422 1393 474 hoc
1442 422 1732 493 Godigisclo
1760 431 1811 487 Α
1837 423 2105 478 diversum
2154 434 2235 479 est
2274 439 2303 478 a
2350 425 2602 497 Silinguis
2642 443 2659 480 :

3302 316 3405 373 650

2710 429 3025 484 Dracontius
3064 430 3202 484 cnim
3223 470 3237 494 ,
3287 443 3408 500 post

1831 516 2123 570 exstinctos
2151 516 2441 587 Silinguos,
2481 517 2853 584 Guntbarium,
2885 521 2975 590 qui
3014 536 3105 575 rex
3141 522 3406 577 Vandale-

1833 621 1947 660 rum
1966 621 2069 660 non
2089 607 2444 674 Silinguorum
2468 620 2601 675 erat,
2618 626 2683 665 ex
2706 612 2959 681 Asdingui
2985 614 3213 667 nominis
3232 614 3403 683 gloria

1833 698 2188 751 commendat.
2219 697 2328 753 Nec
2356 700 2510 754 video
2537 716 2642 769 quo
2666 702 2784 770 jure
2814 703 3128 758 Ambrosius
3152 704 3400 770 Morales,

1834 783 1928 838 lib.
1956 801 2032 850 XI,
2061 801 2179 853 cap.
2211 787 2300 851 22,
2345 798 2462 857 post
2492 782 2771 845 transitum
2811 791 2916 863 74
2955 792 3312 848 Vandalorum
3349 794 3403 848 in

1832 874 2065 929 Africam
2108 877 2377 946 Silinguos
2414 881 2466 933 in
2513 882 2703 936 Bmtica
2752 884 3106 951 permansisse
3148 884 3400 940 affirmet.

1833 966 1985 1032 Quod
2022 977 2199 1023 autem
2238 971 2581 1042 Wolfgangus
2622 975 2809 1030 Lazius
2844 977 2910 1031 de
2947 977 3101 1032 Gent.
3136 978 3262 1049 aliq.
3310 979 3405 1034 Mi-

1833 1058 2059 1125 gratinn.
2112 1060 2205 1115 lib.
2256 1079 2305 1116 x4
2356 1076 2555 1130 narrat,
2604 1066 2982 1137 Gndogesitnm
3032 1070 3300 1126 Vandalus
3350 1073 3404 1128 in

1835 1145 2140 1214 Hispaniam
2164 1149 2400 1216 duxisse,
2426 1170 2518 1207 eos
2544 1156 2612 1208 ibi
2641 1157 3019 1225 Modogisclum
3045 1161 3402 1230 gubernasse;

1835 1235 1990 1305 hujus
2018 1240 2209 1294 liberos
2237 1243 2399 1296 fuisse
2426 1244 2778 1301 Guntliarium
2810 1259 2866 1302 et
2893 1249 3270 1318 Gensericum;
3296 1254 3402 1308 fur-

1835 1335 1977 1382 L-isse
2001 1330 2055 1383 iu
2078 1331 2286 1386 duobus
2312 1333 2416 1389 illis
2443 1336 2743 1391 nominibus
2774 1342 3037 1409 corruptis
3066 1342 3173 1396 duo
3206 1344 3403 1400 diversi

1833 1421 1997 1478 duces
2034 1425 2218 1488 latent,
2243 1443 2470 1496 quorum
2501 1431 2637 1484 alter
2664 1432 2918 1502 Silinguis
2944 1435 3241 1504 praefuerit,
3272 1439 3405 1493 alter

1835 1513 2054 1583 reliquis
2103 1516 2371 1572 Vandalis.
2414 1520 2519 1574 Sed
2561 1536 2590 1574 a
2629 1538 2733 1591 quo
2780 1536 2995 1581 auctore
3042 1530 3402 1583 narrationem

1834 1618 1983 1657 suam
2012 1604 2247 1663 hauserit
2269 1609 2631 1681 Wolfgangus,
2648 1630 2820 1683 neque
2842 1618 2955 1685 ipse
2970 1620 3218 1687 explicat,
3234 1638 3417 1691 nequo-

1835 1707 1933 1761 ego
1967 1695 2195 1751 invenio.
2230 1698 2508 1755 Gestorum
2538 1720 2665 1773 ergo
2689 1708 2860 1761 series
2887 1723 2951 1762 ex
2980 1709 3151 1765 ldacio
3180 1727 3401 1781 praeser-

147 1777 383 1844 partilms
410 1777 556 1828 annis
586 1792 715 1829 sits.
751 1776 878 1842 Qua.-
905 1776 1069 1830 verba
1100 1776 1323 1829 obscura
1356 1786 1508 1841 sunt,
1538 1777 1629 1831 sed
1661 1778 1730 1831 ob
1762 1778 1806 1837 Β
1835 1784 1925 1837 tim
1966 1796 2019 1839 et
2051 1787 2302 1857 Procnpio
2334 1792 2400 1845 ita
2430 1794 2666 1849 ordinari
2708 1808 2899 1865 potest.
2936 1800 3150 1856 Vandali
3182 1776 3401 1873 Codigi-

148 1878 340 1919 vocem
363 1866 600 1917 successit
624 1866 791 1933 magis
820 1865 1056 1932 Procopii
1080 1865 1398 1920 sententiam
1426 1883 1584 1935 quant
1608 1882 1734 1920 con-

150 1953 373 2006 trariam
412 1954 630 2007 innuurc
670 1954 937 2006 videntur.
984 1953 1186 2007 ldacius
1229 1959 1278 2007 in
1318 1953 1582 2008 Clir0nico
1628 1970 1731 2009 non

146 2045 384 2113 explicat
411 2045 563 2112 cujus
591 2044 753 2098 ductu
798 2044 1020 2098 Vandali
1055 2045 1357 2113 Hispaniam
1393 2046 1686 2099 invaserint
1715 2064 1726 2098 :

145 2134 249 2188 sed
280 2149 398 2187 eum
438 2145 707 2187 narrasset
752 2143 976 2201 quatuor
1017 2135 1199 2203 plagas
1240 2136 1429 2204 quibus
1466 2137 1730 2205 Hispania:

148 2232 377 2277 vastata:
402 2223 639 2288 fuerunt,
667 2226 813 2285 ferri,
842 2225 1015 2288 fatuis,
1040 2226 1385 2294 pestilentim,
1417 2227 1729 2296 bestiarum,

148 2315 221 2367 ita
260 2315 467 2383 pergit;
496 2313 764 2368 Subversis
796 2316 900 2385 73
928 2326 1208 2369 memorata
1232 2318 1498 2385 plagarum
1525 2334 1730 2385 grassa-

145 2417 290 2458 ttone
318 2404 584 2474 Hispania:
610 2405 902 2472 provinciis,
924 2406 1127 2460 barbari
1148 2407 1215 2459 ad
1236 2423 1409 2475 pacein
1436 2409 1729 2477 ineundum,

148 2496 377 2549 Domino
414 2497 679 2549 miserante
714 2500 938 2550 conversi
957 2538 970 2561 ,
1012 2507 1144 2551 sorte
1173 2499 1239 2550 ad
1274 2497 1605 2552 habitandum
1636 2501 1732 2553 sibi

146 2586 531 2653 provinciarum
571 2587 802 2639 dividunt
845 2588 1072 2656 regiones
1103 2603 1123 2641 :
1163 2587 1461 2642 Gallacimn
1509 2589 1731 2643 Vandali

144 2684 403 2743 occupant
434 2688 480 2728 et
513 2676 685 2741 Suet'i,
726 2676 874 2729 sitam
910 2678 963 2730 in
1002 2679 1313 2731 extremitate
1346 2679 1534 2732 Oceani
1574 2682 1730 2734 maris

144 2765 405 2829 occidua;
435 2766 586 2819 Alani
617 2765 932 2820 Lusitaniam
960 2776 1007 2820 et
1037 2767 1497 2840 Carthaginiensem
1525 2772 1731 2841 provin-

142 2857 306 2919 ciam,
322 2864 367 2907 et
391 2854 615 2908 Vandali
636 2858 932 2926 cognomine
956 2857 1145 2927 Silingi
1165 2857 1408 2911 Ba'ticam
1427 2861 1726 2916 sortiuntur.

143 2946 386 3001 Isidorus
423 2947 472 3000 in
506 2948 706 3000 llistor.
736 2948 897 3002 Gotb.
939 2948 1034 3000 bos
1066 2958 1218 3002 vocat
1261 2949 1522 3003 Vandalos
1554 2951 1726 3006 Selin-

140 3053 297 3107 gnos,
344 3038 427 3092 ubi
460 3037 527 3091 de
554 3037 743 3091 Wallia
784 3055 908 3108 rege
945 3038 1238 3093 Gothorum
1288 3045 1360 3094 ait
1398 3059 1409 3095 :
1466 3042 1727 3098 Vandalos

142 3128 425 3197 Selinguos
462 3129 514 3180 in
545 3128 736 3181 Brrtica
767 3145 937 3182 omnes
970 3130 1100 3182 bello
1129 3132 1411 3196 exstinxit;
1442 3147 1547 3185 non
1580 3134 1720 3187 enim
1754 3135 1799 3196 C

143 3220 626 3288 interpungcudtttn
650 3232 751 3283 εει,
787 3229 843 3274 ut
872 3220 1033 3287 aliqui
1070 3220 1287 3286 faciunt,
1324 3220 1601 3287 Vandalos,
1630 3222 1721 3278 Se-

142 3309 369 3382 linguos.
411 3310 463 3361 lu
496 3310 722 3364 llistoria
754 3326 877 3363 vero
912 3308 1264 3364 Vandalorum
1304 3311 1443 3385 idem
1489 3312 1723 3369 Isidorus

154 3399 437 3464 Vandalos,
465 3400 693 3470 Silingos
714 3400 945 3468 appellat
969 3416 980 3451 :
1001 3402 1242 3469 quamvis
1264 3410 1440 3456 autem
1463 3417 1525 3456 ex
1548 3403 1722 3457 ldacio

140 3489 398 3558 pleraque
420 3501 612 3555 sumat,
648 3502 822 3544 tamen
849 3505 958 3544 rem
986 3490 1122 3543 hanc
1153 3491 1307 3561 longe
1331 3492 1543 3547 diverso
1566 3498 1723 3549 modo

141 3582 366 3653 exponit
393 3599 407 3635 :
438 3580 735 3636 Galla'ciam
771 3584 905 3636 enim
946 3584 1164 3637 Vandali
1189 3594 1235 3638 et
1267 3585 1420 3640 Sueri
1456 3601 1719 3657 occupant,

140 3674 301 3727 Alani
322 3672 637 3727 Lusitaniam
658 3683 704 3726 et
729 3674 1193 3744 Carthaginiensem
1214 3679 1559 3745 provinciam;
1584 3680 1724 3734 Van-

139 3768 250 3820 dali
281 3776 447 3819 autem
476 3767 771 3835 cognomine
800 3766 1007 3835 Silingi,
1032 3768 1207 3823 relicta
1226 3768 1495 3837 Callaecia,
1518 3780 1563 3825 et
1587 3785 1724 3843 post-

139 3873 299 3925 quam
345 3856 743 3911 Tarraconensis
794 3859 1069 3928 prouinciat
1120 3860 1314 3914 insulas
1361 3862 1721 3932 devastarunt,

139 3946 389 4000 Baeticam
406 3950 706 4002 sortiuntur.
725 3951 793 4002 At
821 3949 991 4018 maior
1014 3950 1144 4005 fides
1169 3952 1405 4006 habenda
1426 3963 1506 4008 est
1529 3956 1722 4021 ldacio,

139 4038 228 4105 qui
259 4052 496 4106 praesens
523 4038 685 4093 adfuit
712 4052 728 4103 ;
751 4038 828 4092 sic
856 4055 983 4094 vero
1008 4041 1083 4094 ait
1101 4042 1298 4112 olymp.
1324 4044 1431 4098 299
1458 4063 1470 4099 :
1502 4045 1725 4101 Vandali

141 4127 337 4198 Silingi
370 4128 421 4180 in
449 4126 640 4181 Bretica
669 4146 757 4199 per
791 4129 1037 4185 Walliam
1068 4149 1235 4202 regem
1265 4152 1436 4191 omnes
1469 4140 1722 4193 exstincti.

139 4214 321 4277 Alani,
343 4216 429 4283 qui
458 4215 710 4270 Vandalis
733 4230 779 4272 et
803 4217 980 4272 Suevis
1008 4223 1417 4291 potentabantur,
1445 4228 1571 4279 adeo
1608 4231 1725 4283 τιειὶ

139 4317 251 4359 sunt
275 4323 311 4358 a
332 4305 532 4370 Gothis,
558 4316 648 4362 ut.
676 4344 690 4359 .
715 4349 729 4363 .
754 4349 765 4360 .
792 4306 1072 4364 Gunderici
1095 4314 1225 4382 regis
1253 4314 1723 4388 Vandalorum,qui

139 4398 189 4449 in
213 4396 466 4449 Gallwcia
489 4398 762 4462 resederat,
788 4417 842 4453 se
865 4403 1146 4469 patrocinio
1168 4406 1519 4477 subjugarent.
1536 4409 1720 4465 Postea

139 4487 306 4541 rt-l'ort
337 4489 538 4543 Suevos
560 4504 588 4543 a
615 4488 867 4544 Vandalis
891 4492 1142 4555 obsessos
1173 4494 1365 4563 fuisse;
1395 4500 1509 4562 bos,
1536 4500 1719 4555 relicta
1749 4500 1800 4560 D

140 4573 461 4642 obsidione,
514 4576 747 4632 instante
796 4580 1006 4634 Asterie
1059 4581 1431 4650 Hispaniarum
1489 4590 1714 4655 comite,

140 4664 363 4719 dimissa
404 4666 648 4721 Gallmcia
693 4668 758 4722 ad
806 4670 1051 4723 [Laticum
1093 4673 1404 4739 transiisse;
1444 4676 1713 4733 Casttnum

138 4757 454 4825 magistrum
491 4759 740 4824 militum,
767 4762 854 4829 qui
902 4760 1099 4815 bellum
1130 4762 1182 4815 in
1218 4764 1429 4833 Birtica,
1461 4767 1718 4834 adjuvan-

142 4850 287 4902 tibus
318 4847 527 4913 Gothis,
552 4850 823 4919 intulerat,
859 4852 1177 4907 auxiliorum
1203 4854 1386 4910 fraude
1408 4856 1715 4926 deceptum,

140 4940 204 4990 ad
248 4938 607 4993 Tarraconam
648 4940 840 4995 victum
882 4942 1148 5013 effugisse.
1184 4945 1386 5001 Deinde
1414 4947 1716 5019 olympiade

139 5029 239 5082 301
279 5037 463 5084 narrat
501 5030 767 5109 Vandalos
804 5033 1101 5089 Balearicus
1140 5036 1337 5091 insulas
1384 5039 1715 5109 depra'dalos

142 5117 331 5186 fuisse,
361 5128 415 5173 et
437 5106 805 5191 Carthaginem
838 5123 1159 5192 Spartariatn
1189 5106 1465 5184 evertisse;

211 5212 303 5266 97.
334 5211 489 5267 Natio
517 5212 676 5282 igitur
701 5214 1056 5271 Vandalorum
1083 5220 1132 5271 in
1158 5220 1484 5278 duastribus
1507 5226 1715 5283 videtur

142 5301 309 5357 fuisse
336 5303 503 5358 divisa
532 5320 650 5359 cum
676 5306 981 5375 Hispaniam
1013 5311 1233 5380 ingressi
1257 5324 1400 5380 sunt,
1432 5318 1523 5371 sed
1557 5318 1626 5370 ita
1660 5330 1715 5373 ut

143 5403 255 5447 tam
286 5395 499 5451 Vandali
529 5397 841 5467 simpliciter
870 5399 1017 5467 dicti,
1051 5418 1209 5471 quam
1244 5404 1463 5460 Vandali
1489 5407 1710 5478 Silingui

140 5486 331 5539 eodem
355 5486 709 5542 Vandalorum
736 5491 951 5546 nomine
978 5493 1373 5562 appellarentur
1397 5516 1411 5552 :
1437 5514 1539 5552 non
1566 5504 1708 5554 en‘m

142 5574 505 5643 Silinguorum
542 5578 771 5631 nominis
806 5579 1075 5636 distinctio
1100 5596 1315 5653 apparet
1343 5596 1466 5642 ante
1498 5592 1709 5656 provin-

142 5664 349 5718 ciarum
374 5666 704 5721 divisionem.
730 5667 1001 5735 Siquidem
1029 5675 1341 5730 vncabulum
1366 5678 1704 5748 Asdingorunt

426 5755 690 5817 Ρηιιοι.
741 5759 870 5820 LX.

1836 1875 1950 1929 sclo
1972 1876 2106 1932 duce
2130 1878 2409 1948 Hispanias
2438 1884 2771 1952 invaserunt;
2798 1889 2849 1943 bi
2878 1891 2965 1960 qui
3004 1893 3221 1949 Vandali
3244 1893 3413 1951 Silin-r

1832 1967 1919 2034 gni
1954 1970 2367 2027 nominabantur
2390 1975 2635 2033 Baeticam
2663 1979 2994 2037 incoluerunt
3020 2002 3034 2049 ;
3065 1989 3243 2041 caeteri
3276 1989 3385 2043 Van

1832 2057 1936 2110 dali
1988 2075 2091 2114 non
2142 2063 2363 2133 Silingui
2413 2065 2465 2120 in
2516 2067 2763 2126 Gallazcia
2806 2074 2963 2130 sedes
3010 2078 3265 2144 fixerunt,
3315 2083 3400 2136 ubi

1832 2152 2185 2223 Guntliarius,
2233 2159 2345 2215 si've
2392 2163 2743 2230 Gundericus,
2787 2178 2842 2223 ut
2880 2171 2966 2224 alii
3013 2183 3222 2236 vocant,
3266 2179 3401 2245 patri

1832 2242 2136 2315 Godigisclo
2150 2251 2442 2306 succedens
2464 2255 2702 2322 pluribus
2723 2261 2877 2314 annis
2903 2242 3401 2332 rcgnavit,sovinm-

1831 2348 1933 2401 qui:
1964 2335 2062 2389 sibi
2095 2339 2283 2395 ascivit
2327 2341 2542 2399 fratrem
2586 2347 2959 2418 Gensericum,
3008 2356 3093 2423 qui
3142 2372 3231 2424 pra
3252 2359 3405 2427 cipue

1832 2424 1908 2478 rei
1953 2426 2155 2482 bellica:
2193 2445 2374 2487 curam
2412 2446 2648 2504 gereret.
2701 2439 2827 2495 Post
2867 2443 3016 2511 plura
3056 2424 3404 2506 barbarorum

1833 2516 1971 2569 inter
2000 2532 2058 2572 se
2089 2519 2249 2587 bella,
2282 2533 2399 2591 past
2431 2526 2700 2584 Vandalus
2737 2531 3003 2601 Silinguos
3033 2553 3058 2588 a
3090 2539 3282 2595 Wallia
3312 2558 3377 2598 ex

1831 2606 2057 2661 stinctos
2093 2610 2419 2670 Guntltarius
2453 2631 2573 2672 cum
2614 2622 2728 2675 suis
2765 2625 2829 2676 ad
2874 2626 3120 2682 Baeticam
3172 2628 3407 2695 transiit.

1833 2698 1972 2754 unde
1998 2701 2214 2757 Vandali
2242 2719 2361 2759 cum
2394 2708 2665 2776 Romanis,
2696 2728 2814 2766 cum
2843 2717 2961 2769 aliis
2988 2718 3402 2786 barbaris,terra

1832 2790 2070 2859 marique
2099 2792 2237 2847 bella
2264 2808 2565 2863 gesserunt.
2596 2800 2693 2854 llic
2721 2814 2835 2856 erat
2864 2820 3039 2874 rerum
3067 2818 3235 2863 status
3263 2828 3402 2868 anno

1830 2877 2043 2933 circiter
2065 2880 2189 2947 425,
2221 2897 2340 2938 cum
2372 2886 2682 2945 Dracontius
2716 2893 2765 2945 in
2791 2894 2981 2950 Baetica
3014 2898 3114 2953 sub
3145 2900 3399 2960 Vandale-

1831 2987 1948 3025 rum
1973 2974 2172 3030 ditione
2202 2978 2432 3040 vivebat.
2462 2992 2517 3036 et
2538 2986 2771 3038 carmina
2799 3004 2916 3055 qua:
2955 3007 3095 3047 nunc
3124 2994 3401 3065 habemus,

1830 3062 1955 3117 dum
1978 3065 2200 3121 vinculis
2220 3069 2548 3127 detineretur
2570 3079 2959 3135 conscribebat.
2985 3082 3036 3136 ln
3069 3085 3165 3140 hoc
3195 3062 3400 3158 tempus

1829 3164 1882 3208 et
1912 3155 1964 3209 in
1996 3155 2138 3212 hunc
2161 3175 2339 3229 regem
2354 3162 2697 3221 Guntliarinm
2728 3170 2860 3226 mire
2875 3155 3399 3241 conveniuntom‘nia

1826 3259 1944 3313 qua:
1974 3247 2290 3305 Dracontius
2313 3253 2363 3305 in
2384 3255 2603 3322 epistola
2631 3259 2850 3325 profert,
2884 3280 3054 3333 neque
3080 3270 3235 3325 alteri
3266 3273 3400 3328 Van‘

1826 3335 2064 3392 dalorum
2094 3341 2203 3409 regi
2232 3342 2387 3398 facile
2418 3358 2635 3414 possunt
2663 3356 3074 3411 accounnodari.

1818 3474 1824 3479 .
1897 3427 1985 3484 98.
2020 3429 2222 3484 Nomen
2252 3437 2393 3502 regis
2422 3437 2560 3504 quod
2592 3438 2642 3493 in
2685 3440 2789 3497 line
2818 3445 3056 3513 epistola:
3084 3466 3393 3521 expressum

1825 3526 1929 3584 est,
1968 3520 2344 3593 Guthamndus,
2383 3528 2467 3583 vel
2510 3546 2671 3587 unum
2712 3545 2851 3592 este
2879 3540 3058 3596 multis
3095 3520 3399 3606 nom'nibus

1825 3612 2021 3681 quibus
2052 3614 2264 3671 diverso
2292 3621 2451 3676 modo
2486 3625 2739 3693 appellari
2769 3631 2907 3685 solet
2937 3634 3281 3703 Guntbarius.
3314 3646 3395 3699 vel

1824 3714 2072 3773 corrupte
2098 3721 2124 3758 a
2149 3707 2367 3765 librario
2395 3715 2622 3779 positum
2648 3726 2729 3772 est
2758 3735 2853 3788 pro
2874 3723 3203 3784 Guntliario:
3228 3749 3398 3801 quan-

1825 3809 1982 3861 quam
2011 3794 2283 3852 Gontharis
2301 3840 2316 3865 ,
2363 3801 2670 3873 (Iunt/raris,
2699 3807 3013 3869 Cant/larius
3032 3858 3049 3885 ,
3075 3794 3395 3879 Gundeiicus

1826 3899 1932 3939 non
1967 3897 2092 3941 sunt
2131 3903 2255 3945 vere
2300 3891 2545 3950 distincta
2586 3899 2801 3953 nomina
2848 3903 3084 3971 ejusdem
3128 3910 3393 3982 hominis,

1825 3978 1917 4032 sed
1949 3995 2109 4034 unum
2142 3991 2196 4036 et
2221 3984 2359 4039 idem
2387 3988 2599 4045 diverso
2634 3993 2793 4046 modo
2814 4035 2830 4059 ,
2862 4005 2919 4050 ut
2951 3998 3003 4052 in
3041 3978 3391 4061 barbarorum

1826 4072 2130 4128 nominibus
2160 4076 2270 4131 fieri
2298 4080 2456 4147 solet,
2489 4082 2555 4137 ab
2585 4085 2934 4153 scriptoribus
2968 4104 3300 4165 usurpatum,
3336 4109 3395 4154 ut

1826 4165 2143 4221 Gensericus
2177 4168 2293 4235 ejus
2322 4170 2481 4227 frater
2509 4174 2576 4227 ab
2604 4177 2723 4231 aliis
2745 4178 3037 4247 Gizericus,
3066 4186 3133 4240 ab
3161 4188 3278 4244 aliis
3303 4191 3398 4247 Gi-

1826 4257 2050 4326 sericus,
2079 4259 2146 4314 ab
2167 4262 2285 4315 aliis
2309 4263 2638 4329 Gaizericus.
2668 4269 2734 4323 ab
2761 4272 2880 4327 aliis
2907 4274 3259 4335 Gantzrichus
3301 4300 3397 4340 no—

1828 4350 2077 4403 minatur.
2110 4351 2250 4407 Sane
2280 4368 2310 4407 e
2333 4353 2700 4424 .Vandalrirum
2731 4363 2943 4431 regibus
2972 4368 3062 4435 qui
3093 4381 3211 4437 post
3244 4372 3392 4428 θυη-

1827 4439 2052 4493 tbarium
2070 4447 2471 4514 regnarunt,qui
2496 4447 2706 4502 fuerunt
2720 4449 3059 4525 Gensericus,
3076 4459 3391 4530 Huuericus,

1824 4527 2231 4599 Guntabundus,
2265 4534 2399 4598 sive,
2440 4545 2495 4589 ut
2531 4537 2624 4591 alii
2660 4540 2921 4606 scribunt,
2959 4527 3389 4614 Guntamundus.

1821 4618 2240 4687 Trasnmundus,
2284 4624 2601 4691 Hildericus,
2650 4628 2905 4699 Gelimer,
2960 4637 3129 4690 solum
3172 4642 3237 4694 ad
3283 4644 3390 4714 75

1820 4709 2231 4766 Guntabundum
2267 4730 2460 4771 nomen
2497 4716 2853 4775 Gut/temnens
2882 4724 2952 4778 ob
2995 4726 3227 4797 aliquam
3247 4709 3394 4787 sinti-

1822 4798 2095 4856 litudinem
2145 4815 2323 4871 posset
2361 4806 2570 4862 referri.
2615 4808 2720 4864 Sed
2763 4813 2882 4867 alia:
2924 4816 3157 4874 rationes
3197 4792 3393 4890 prtesto

1821 4900 1967 4955 sunt,
1999 4908 2094 4947 cur
2121 4894 2185 4947 ad
2213 4894 2588 4961 Guntltarium,
2621 4915 2725 4954 non
2747 4903 2811 4956 ad
2838 4903 3248 4966 Guntabundum
3279 4916 3393 4983 epi-

1820 4983 1953 5037 stola
1990 4986 2186 5054 scripta
2225 5002 2343 5040 esse
2382 4987 2611 5043 dicatur.
2659 4992 2971 5050 Dracontius
3008 5001 3178 5068 enim,
3224 5013 3282 5058 ut
3306 5007 3391 5061 sui

1818 5076 1959 5143 regis
1989 5075 2325 5130 clementiam
2356 5080 2623 5147 praedicet,
2653 5086 2799 5138 canit
2825 5101 2966 5142 vers.
2996 5090 3094 5146 2H
3126 5108 3141 5145 :

1937 5183 2170 5261 Te‘Deus
2202 5188 2440 5261 aspiciens
2464 5188 2729 5261 effundere
2746 5195 2877 5261 nolle
2901 5210 3143 5261 cruorem,

2004 5244 2066 5320 Ut
2089 5244 2439 5320 sinepeccato,
2470 5264 2563 5299 non
2586 5254 2692 5320 sine
2718 5244 2871 5306 laudet
2896 5244 3053 5320 daret,

1939 5304 2153 5383 Contulit
2176 5304 2362 5383 absenti
2390 5304 2536 5383 terra:
2560 5313 2820 5383 pelagique
2844 5304 3109 5383 triumplios
3130 5337 3143 5373 :

2000 5351 2165 5416 Ᾱῆέίὶξι
2178 5351 2826 5439 ἶέὲῐὰὶὶὶτῖρτῖἶιτἮέῖιῧὶὶὶῦἓ
2846 5351 2996 5441 Ξὶιῒὲἴ]

1822 5497 1896 5553 Ex
1922 5514 2029 5570 quo
2057 5499 2220 5571 liquet
2248 5518 2424 5573 regem
2470 5523 2626 5578 quem
2681 5508 2858 5564 laudat
2912 5511 3245 5587 Dracontius,
3293 5537 3388 5593 per

1818 5589 1952 5644 alios
1978 5592 2112 5647 bella
2135 5594 2363 5661 gessisse
2394 5607 2445 5652 et
2472 5599 2762 5667 triumphos
2788 5600 3097 5672 obtinuisse,
3124 5610 3252 5678 quin
3276 5589 3387 5683 ipse

1813 5696 2046 5751 prmscns
2078 5701 2102 5738 a
2127 5686 2323 5742 lfnerit.

3069 5788 3140 5850 21
