3942 6310
184 343 291 401 653

861 457 983 505 Hinc
1002 456 1239 506 Vanilalus
1268 456 1417 503 hostis

308 518 481 577 Urget,
517 526 567 568 et
592 519 638 565 in
664 526 876 566 nostrum
903 531 1153 566 numerosa
1179 518 1331 565 classe
1354 520 1605 577 quotannis

308 580 477 627 Militat
510 580 771 638 excidium,
796 591 1128 639 conversoque
1151 580 1320 639 ordino
1346 578 1426 624 t'ati

307 640 504 688 'l'orrida
529 640 799 690 Caucaseos
817 641 963 688 infert
986 638 1100 686 mihi
1126 640 1270 701 Byrsa
1302 638 1507 685 furores.

188 720 287 776 Ubi
315 719 529 790 Byrsam
571 735 664 789 pro
690 720 1005 790 Carthagine
1038 720 1199 787 ponit.
1232 719 1418 772 Verius
1455 716 1641 770 adduci
1668 731 1755 783 po-

183 814 307 873 terit
342 811 565 882 Prosper
590 814 641 866 in
687 813 970 876 Chronico,
1026 815 1111 880 qui
1168 814 1357 867 merito
1398 814 1639 881 queritur
1692 813 1757 865 ad

182 919 310 959 ann.
342 904 444 958 427
476 921 493 957 :
521 904 719 958 Exinde
739 905 967 973 gentibus
982 921 1095 970 qua:
1118 906 1193 957 uti
1223 905 1429 957 naribus
1453 905 1755 967 nesciebant,
1790 972 1793 975 _

182 998 305 1049 dum
330 1012 361 1048 η
382 995 789 1048 concertantibus
816 996 869 1047 in
896 995 1145 1047 auxilium
1173 1005 1429 1058 rocantur,
1480 1010 1617 1047 mare
1647 1010 1758 1061 per-

120 1114 129 1123 -
180 1089 318 1141 vium
340 1088 530 1157 factum
548 1097 642 1148 est,
670 1085 886 1153 bellique
914 1094 1090 1137 contra
1137 1083 1461 1149 Bonifacium
1514 1085 1660 1152 coepti
1708 1086 1757 1136 in

185 1176 519 1246 Sigisvultnnt
545 1176 776 1228 comitem
797 1192 920 1227 cura
943 1162 1195 1227 translata
1219 1184 1305 1227 est.
1332 1174 1467 1227 Gens
1500 1173 1760 1227 Vandale-

178 1266 381 1320 funtab
426 1266 680 1332 Hispania
736 1268 801 1317 ad
848 1265 1070 1333 Africam
1120 1265 1320 1317 transit.
1377 1262 1529 1329 Quod
1580 1274 1758 1315 autum

183 1355 406 1409 Vandali
430 1356 529 1409 sub
546 1354 838 1409 Gunthario
863 1355 1189 1423 triumphum
1217 1355 1284 1408 de
1307 1354 1502 1425 Mauris
1522 1354 1755 1423 egerint,

184 1436 453 1503 nonnullis
501 1447 728 1501 fortasse
775 1449 995 1516 probatu
1039 1448 1254 1502 difﬁcile
1300 1446 1580 1502 videbitur.
1636 1445 1760 1499 Haec

176 1540 328 1595 enim
348 1549 427 1594 est
450 1539 748 1592 communis
774 1540 1091 1607 scriptorum
1132 1540 1331 1607 opinio,
1371 1528 1629 1591 Vandalos
1652 1552 1755 1589 nou

180 1631 460 1686 transiiSse
508 1631 559 1684 in
619 1631 845 1684 Africam
898 1631 996 1684 nisi
1029 1640 1145 1699 post
1194 1631 1395 1685 obitum
1447 1631 1755 1694 Guntltarfi;

176 1723 325 1792 quod
355 1737 534 1776 verum
554 1722 764 1790 quidem
794 1732 874 1775 est
902 1721 946 1775 si
977 1723 1025 1775 id
1068 1722 1134 1777 de
1161 1722 1394 1775 omnium
1420 1722 1575 1776 simul
1625 1722 1756 1775 Van-

1566 342 2024 396 i‘l'tOl.EGO.\lE.\'
2040 347 2089 398 λ.

1781 462 1829 515 Α
1857 474 2006 524 quam
2035 476 2149 511 cum
2179 462 2234 513 S.
2267 463 2503 529 murtyr's
2530 462 2751 517 Eulalia:
2780 464 2968 532 injuria
3000 478 3264 533 :pm'erut,
3301 471 3432 522 mul-

3329 352 3432 407 ΰῖἐι

1858 548 1920 598 tis
1950 564 2035 615 per
2058 547 2369 603 (inisericum
2401 554 2541 605 ca‘sis
2566 569 2627 606 ea:
2655 555 2733 606 liis
2782 572 2904 623 quos
2946 556 3156 610 habebat
3206 570 3430 628 arrepto,

1859 646 1912 687 ut
1942 642 2135 704 putavit
2156 680 2169 699 ,
2202 639 2339 693 Euro
2362 644 2579 697 velocius
2609 644 2853 712 [fortasse
2915 660 3118 718 arrepto
3180 666 3327 719 equo,
3374 665 3430 705 stt

1860 728 2069 791 putarit,
2095 726 2236 782 Euro
2260 731 2513 802 velociori]
2550 736 2681 803 fuga:
2702 736 2944 801 subsidio,
2976 738 3029 789 in
3074 742 3285 807 ﬂumine
3323 743 3432 795 Ana

1860 818 2026 870 divino
2056 821 2262 873 brachio
2285 825 2625 892 prwcipitatus
2654 828 2858 880 interiit.
2908 830 3023 891 Quo
3069 831 3140 883 ita
3163 834 3431 894 exstincto,

1860 923 1979 959 mna:
2028 925 2128 978 quo
2176 924 2387 978 coeperat
2448 913 2732 969 Caisericus
2776 919 3071 987 enavigavit.
3114 920 3229 973 Non
3305 938 3432 991 ergo

1863 996 1996 1063 pulsi
2027 1013 2055 1049 a
2076 998 2449 1066 Gothis-quod
2482 1005 2849 1059 Cassiodorius
2866 1008 3089 1062 ﬁdenter
3108 1011 3312 1074 scribit,
3338 1014 3429 1065 st-d

1860 1098 2066 1154 sponte,
2093 1098 2164 1155 et,
2200 1094 2272 1143 uti
2304 1092 2551 1156 diximus,
2587 1109 2614 1146 a
2648 1095 2916 1150 Bunilacio
2939 1099 3137 1154 invitati
3192 1101 3242 1153 itt
3285 1102 3430 1155 Alri-

1858 1189 1977 1228 catn
2006 1177 2223 1231 Vandali
2272 1181 2611 1249 traiecerunt.
2666 1183 2848 1253 Neque
2878 1187 2945 1240 de
2976 1198 3116 1241 anno
3146 1188 3251 1245 429
3278 1192 3430 1244 dulii-

1860 1275 1974 1321 tare
2002 1283 2095 1321 nos
2121 1271 2244 1323 sin’t
2268 1271 2489 1334 ldacius,
2521 1274 2606 1341 qui
2636 1290 2869 1329 mensem
2920 1279 3077 1331 etiam
3124 1278 3311 1332 Maium
3343 1280 3430 1335 de-

1860 1358 2050 1426 signat,
2080 1369 2132 1413 et
2162 1362 2441 1427 peculiaria
2472 1364 2715 1433 adjuncta
2771 1379 2950 1422 narrat
3006 1369 3073 1423 de
3112 1386 3327 1425 recursu
3358 1371 3431 1426 la-

1861 1456 1946 1502 eto
1966 1460 2147 1502 contra
2176 1450 2404 1505 Suevos.

1934 1540 2069 1609 10L
2102 1542 2281 1611 itaque
2317 1545 2362 1597 si
2418 1545 2757 1600 Dracontium
2806 1551 3030 1604 velimus
3068 1569 3336 1622 exponere
3366 1557 3431 1611 de

1861 1630 2144 1698 triumphis
2172 1647 2303 1700 quos
2335 1635 2551 1688 Vandali
2576 1652 2606 1690 e
2639 1639 2830 1692 Mauris
2852 1642 3128 1698 retulerint
3151 1657 3429 1714 postquam

1861 1736 1891 1774 a
1922 1721 2189 1775 Bonifacio
2221 1724 2269 1775 in
2303 1725 2610 1779 societatem
2656 1732 2823 1782 vocati
2866 1730 3097 1797 inerant,
3142 1738 3427 1792 tenendum

176 1815 426 1869 dalorum
456 1815 699 1880 transitu,
734 1815 913 1868 relicta
946 1814 1150 1883 penitus
1181 1814 1453 1884 llispania,
1499 1815 1757 1883 intelliga-
1789 1816 1834 1874 Β
1862 1822 1942 1866 est
1973 1814 2313 1869 Dracontium
2360 1817 2580 1887 elegiam
2630 1826 2993 1892 composui-se
3037 1843 3153 1881 tum
3197 1832 3425 1885 nondum

184 1916 294 1969 tur,
327 1920 430 1957 non
456 1905 524 1957 ita
558 1920 684 1959 vero
714 1913 769 1957 ut
794 1905 961 1957 nullas
1015 1905 1174 1959 luisse
1201 1915 1354 1958 antea
1398 1905 1754 1958 Vandalorutn

174 2017 251 2055 ex
276 2001 520 2067 Hispania
545 2000 599 2053 in
631 1999 858 2054 Africani
890 2000 1227 2053 incursiones
1274 2001 1569 2054 credamus.
1618 2000 1758 2053 Duo-

176 2095 285 2149 bus
307 2101 483 2147 autem
516 2094 686 2146 modis
708 2092 958 2159 explicari
982 2103 1152 2160 potest
1183 2092 1392 2146 Mauros
1435 2107 1462 2143 a
1511 2092 1758 2145 \‘andalis

177 2186 353 2238 victos
372 2192 781 2252 antequamtuta
819 2182 1173 2238 V'andalorum
1204 2184 1345 2236 natio
1402 2180 1630 2236 Alricam
1681 2184 1758 2235 in-

177 2276 423 2337 vaderet,
455 2274 657 2328 scilicct
686 2273 765 2327 vel
793 2282 913 2326 ante
941 2274 1120 2325 initam
1169 2273 1473 2327 societatem
1508 2290 1625 2327 cum
1659 2273 1756 2326 Bo-

172 2366 379 2421 nifacio
408 2366 619 2429 comite,
646 2366 725 2420 vel
760 2375 871 2433 post
897 2366 1099 2418 initam.

258 2456 375 2512 103.
404 2457 697 2509 Bottilacius
730 2456 832 2522 hic,
858 2457 1088 2509 amicitia
1112 2456 1167 2509 S.
1200 2457 1475 2524 Augustini
1504 2458 1634 2509 satis
1664 2474 1758 2509 nn-

173 2559 302 2610 tns.
336 2548 471 2602 Aetii
517 2548 700 2602 ftaude
742 2558 795 2601 ct
835 2548 1135 2616 proditione
1184 2551 1233 2601 in
1271 2550 1614 2603 olTensEouetu
1663 2550 1756 2600 itu-

176 2640 442 2704 peratoris
499 2640 804 2703 incurrens,
834 2648 889 2693 et
936 2639 1102 2693 hostis
1134 2640 1370 2707 publicus
1416 2638 1605 2703 dictus,
1636 2656 1755 2692 cum

168 2735 439 2801 imparem
464 2747 523 2787 se
566 2731 899 2799 imperatoris
940 2734 1185 2800 potentia:
1212 2732 1456 2793 sentiret,
1491 2731 1765 2785 \‘andalos

164 2823 354 2876 socios
378 2822 479 2875 sibi
526 2821 769 2889 adiunxit
792 2859 808 2885 ,
852 2829 907 2874 ut
947 2820 1062 2875 fuse
1093 2832 1269 2874 narrat
1302 2821 1589 2888 Procopius
1620 2821 1710 2876 lih.
1738 2837 1753 2874 t

167 2914 379 2969 Hister.
416 2913 634 2966 Vandal.
671 2912 842 2966 Missis
872 2913 1043 2983 igitur,
1070 2913 1161 2978 ait,
1193 2915 1244 2965 in
1269 2914 1577 2981 Hispaniam
1600 2914 1774 2967 Boni-I

166 3006 341 3073 facitis
368 3006 430 3058 de
448 3006 958 3059 amicornmnumero
1004 3005 1299 3074 potissimis,
1350 3022 1463 3058 cunt
1513 3006 1754 3059 ambobus

165 3093 462 3163 Gadigiscli
492 3094 611 3161 ﬁliis
631 3109 831 3163 (equum
858 3092 966 3145 iniit
997 3094 1179 3163 (tedas,
1212 3101 1266 3145 ut
1310 3094 1489 3161 cuique
1527 3094 1751 3161 ipsorum

1862 1901 2188 1957 Guntharius
2238 1922 2267 1959 e
2314 1907 2449 1962 vivis
2490 1912 2826 1979 exccs<isset,
2876 1931 3043 1983 neque
3072 1917 3426 1975 Vandalorum

1860 1995 2006 2047 natio
2052 1996 2359 2064 Hispaniam
2408 2001 2750 2070 reliquisset,
2800 2008 3183 2077 quamvisjam
3230 2010 3424 2066 bellum

1858 2093 2043 2138 contra
2071 2085 2296 2150 Mauros,
2331 2096 2383 2141 et
2415 2104 2509 2157 pro
2554 2091 2827 2146 Bonifacio
2873 2095 3060 2150 fuisset
3096 2111 3441 2169 susceptum.-

1861 2172 2067 2228 Etenim
2099 2176 2413 2233 defectionis
2440 2180 2692 2235 Bonifacii
2730 2184 2933 2238 initium
2984 2184 3188 2243 ldacius
3233 2192 3297 2244 ad
3329 2209 3424 2245 an-

1862 2283 1985 2320 num
2008 2267 2114 2322 425
2143 2280 2377 2334 revocat,
2410 2271 2495 2325 ubi
2521 2274 2593 2326 ait
2621 2291 2632 2325 :
2674 2272 2975 2344 Bonifacius
3013 2282 3259 2344 palatium
3288 2284 3425 2337 desc-

1859 2373 1972 2410 rens
1991 2359 2217 2422 Africam
2243 2361 2353 2429 80
2381 2362 2591 2425 invadit,
2626 2365 2867 2431 quamvis
2900 2365 3122 2421 defeetio
3162 2372 3315 2426 annis
3345 2388 3426 2425 sc-

1859 2448 2147 2516 quentibus
2177 2450 2370 2503 clarius
2397 2453 2656 2521 eruperit,
2687 2465 2740 2509 et
2768 2457 2996 2512 societas
3041 2459 3176 2515 inter
3222 2462 3425 2516 Bonifa-

1857 2539 1998 2591 citnn
2031 2547 2086 2592 et
2126 2539 2389 2595 Vandalus
2436 2544 2670 2597 stabilita
2720 2544 2945 2603 fortasse
2990 2549 3054 2603 ad
3103 2566 3295 2607 annum
3326 2554 3426 2609 49.6

1860 2628 2071 2683 circiter
2110 2629 2387 2685 referenda
2425 2634 2511 2686 sit.
2556 2635 2747 2689 Verum
2792 2639 2921 2693 nihil
2964 2650 3043 2694 cst
3087 2657 3302 2698 ncceSse
3335 2661 3426 2714 pu-

1858 2733 2013 2788 gnam
2049 2721 2188 2774 inter
2222 2720 2488 2777 Vandalus
2529 2732 2584 2778 et
2620 2725 2830 2781 Mauros
2870 2728 3083 2784 diﬂ'erre
3122 2733 3186 2785 ad
3221 2744 3425 2805 tempus

1858 2820 2056 2878 apertae
2086 2812 2398 2867 defectionis
2426 2815 2705 2883 Bonifacii,
2752 2828 2806 2871 et
2848 2819 2992 2874 inita:
3035 2824 3171 2877 inter
3212 2824 3348 2882 hunc
3374 2840 3424 2881 ct

1862 2901 2122 2955 Vandalus
2143 2904 2432 2957 societatis.
2467 2904 2689 2973 ldacius,
2713 2922 2818 2975 quo
2844 2910 2894 2962 in
2930 2910 3011 2965 his
3032 2912 3193 2967 rebus
3214 2924 3268 2969 et
3292 2928 3422 2971 tem-

1858 2992 2076 3061 poribus
2108 2994 2423 3064 locupletior
2462 2997 2598 3050 alius
2640 2999 2791 3053 testis
2819 3000 2971 3054 nobis
3002 3017 3105 3056 non
3138 3016 3242 3069 est,
3284 3022 3424 3061 anno

1855 3082 1959 3138 49.5
1990 3096 2164 3137 narrat
2192 3102 2205 3137 :
2252 3085 2471 3139 Vandali
2499 3086 2787 3142 Balearicus
2810 3091 3002 3146 insulas
3031 3095 3419 3161 deprtcrlantnr;

163 3187 324 3238 tertia
347 3202 465 3253 pars
484 3184 909 3254 Africarcederet;
935 3184 1126 3254 quodsi
1145 3186 1254 3252 quis
1267 3186 1396 3238 bello
1418 3186 1750 3253 impetere'ur,
1782 3171 1826 3232 C
1858 3175 2038 3228 deinde
2065 3175 2371 3248 Cartltag’ne
2406 3177 2673 3247 Spartaria
2716 3191 2761 3231 et
2792 3180 2999 3251 Hispali
3023 3200 3211 3250 eversa,
3251 3198 3296 3242 et
3327 3188 3421 3241 lli-

162 3292 435 3331 cammune
464 3276 901 3346 periculumesset.
950 3275 1075 3329 Ha’c
1104 3274 1248 3328 Pacti
1280 3274 1519 3340 Vandali,
1569 3279 1752 3344 fretum

163 3368 231 3419 ad
260 3364 438 3422 Gades
468 3367 731 3420 transvecti
763 3368 810 3418 in
836 3366 1063 3433 Africani
1093 3381 1286 3419 venere.
1320 3366 1417 3419 Alii
1451 3366 1619 3427 ipsum
1646 3368 1749 3421 Ba-

164 3457 424 3512 nil'acium
456 3456 761 3525 Hispaniam
792 3456 987 3509 adiisse
1015 3464 1256 3522 narrant,
1287 3464 1343 3509 ut
1363 3471 1480 3509 cum
1501 3455 1747 3511 Guntha-

162 3549 246 3602 rio
269 3557 330 3602 et
356 3545 641 3600 Genserico
672 3546 959 3600 amicitiam
996 3546 1357 3601 contraheret.
1406 3546 1623 3601 Vivebat
1656 3548 1749 3615 ἰδία
1776 3546 1788 3557 “

162 3646 252 3690 tur
275 3634 600 3689 Guntliarins
622 3650 739 3689 cum
771 3634 1072 3688 Bonifacius
1101 3635 1365 3689 Vandalus
1414 3636 1466 3689 ist
1496 3637 1747 3691 auxilium

158 3729 263 3783 sibi
294 3726 591 3797 advocavit,
619 3741 788 3794 neque
836 3727 1007 3781 simile
1030 3742 1156 3780 vero
1201 3736 1281 3779 est
1310 3726 1572 3781 Vandalos
1600 3728 1748 3782 auti-

157 3819 295 3873 lium
326 3817 610 3872 distulisse.
637 3817 806 3885 Atque
829 3816 940 3870 haec
964 3827 1044 3871 est
1070 3818 1204 3871 ratio
1219 3832 1313 3869 cur
1342 3817 1427 3871 alii
1459 3817 1525 3871 ab
1552 3817 1667 3871 aliis
1696 3819 1744 3872 itt

156 3925 307 3966 anno
340 3911 446 3980 79
478 3909 729 3963 transitus
751 3909 1106 3963 Vaudalorum
1146 3910 1197 3963 in
1247 3909 1476 3964 Africam
1536 3910 1743 3965 dissen-

155 4003 319 4065 tiant,
354 4000 470 4069 quia
500 4000 735 4054 nonnulli
784 4000 1142 4054 incursionem
1195 4002 1424 4070 aliquant
1477 4018 1663 4055 eorum
1717 4017 1745 4057 a

156 4093 387 4147 transitu
427 4092 587 4145 totius
620 4091 848 4145 nationis
876 4108 978 4144 non
1028 4091 1409 4145 distinverunt.
1467 4092 1745 4146 Ruinartio

153 4197 277 4252 cap.
318 4182 351 4235 5
376 4180 508 4235 llist.
538 4181 806 4233 Pvrsecut.
839 4180 1060 4233 Vandal.
1092 4182 1287 4234 cer.ior
1317 4182 1524 4235 videtur
1553 4196 1743 4235 consu-

154 4274 267 4326 lum
305 4282 429 4325 nota
460 4272 508 4325 in
550 4271 791 4337 PrOSperi
822 4271 1108 4336 Chronico,
1142 4273 1279 4339 quod
1312 4272 1629 4327 Censet-iens
1677 4289 1740 4326 ex

153 4364 415 4432 Hispania
444 4364 492 4415 in
534 4362 761 4417 Al'ricam
813 4364 1079 4416 transierit
1137 4364 1317 4417 llierio
1367 4373 1417 4416 et
1466 4365 1743 4418 Ardabure

1855 3266 2049 3332 spaniis
2074 3264 2396 3333 depra'datis,
2434 3266 2792 3321 Mauritaniam
2814 3271 3075 3325 invadunt.
3105 3274 3224 3329 llmc
3245 3280 3419 3331 omnia

1854 3355 2041 3409 eodem
2076 3372 2218 3411 anno
2246 3357 2368 3421 ΗΞ,
2404 3360 2485 3411 cui
2526 3360 2591 3413 ab
2641 3361 2811 3414 ldacio
2841 3365 3200 3431 asCribuntur,
3242 3373 3417 3424 comi-

1851 3448 1989 3514 gisse
2020 3462 2112 3501 cur
2146 3449 2440 3518 negemus?
2473 3450 2637 3515 Quam
2670 3462 2789 3519 apte
2818 3456 3063 3509 convenit
3097 3457 3273 3513 ldacio
3300 3478 3417 3514 cum

1853 3538 2182 3593 Dracontio?

1974 3631 2175 3700 Contulit
2209 3632 2393 3681 ahsnnli
2422 3641 2565 3700 terrm
2590 3634 2847 3694 pelagique,
2876 3641 3155 3700 triumphos,

2036 3694 2197 3740 Ausila
2218 3701 2446 3751 testatur,
2476 3694 2667 3744 Maurus
2691 3700 2871 3758 ubique
2890 3702 2977 3760 jac:
3002 3694 3032 3749 t'.

1855 3796 2119 3850 Vandalos
2146 3797 2255 3865 jam
2285 3808 2392 3851 tum
2422 3814 2541 3853 cum
2575 3800 2852 3870 Hispanias
2898 3803 3121 3873 ingrcssi
3168 3808 3410 3870 ῐιιίςςιρηι,

1852 3889 2042 3944 Africa:
2074 3889 2331 3957 inhiasse,
2362 3892 2746 3961 piraticamqne
2777 3895 2826 3947 iu
2860 3898 2987 3948 mari
3019 3897 3278 3951 A'lanlico
3309 3900 3413 3953 Μυ-

1848 3980 2252 4049 diterraneoque
2279 3983 2606 4045 exercuisse,
2656 3998 2721 4037 ex
2764 3984 2982 4039 Sidonio
3021 3989 3243 4053 probare
3285 4004 3407 4041 con-

1851 4072 2017 4125 tendit
2060 4072 2408 4143 Wnlfgangtts
2463 4073 2651 4128 Laiius
2702 4076 2794 4129 llh.
2830 4094 2878 4129 xt
2915 4078 2981 4131 de
3025 4078 3179 4131 Gent.
3210 4079 3411 4148 Migrat.

1846 4163 1947 4216 Sed
1984 4164 2234 4218 Sidonius
2278 4175 2461 4233 aperte
2505 4167 2735 4236 loquitur
2766 4170 2831 4221 de
2868 4178 3104 4238 tempore
3135 4188 3241 4241 quo
3273 4172 3415 4226 Gen-

1848 4259 2047 4311 serictts
2078 4258 2127 4311 itt
2158 4258 2333 4313 A'rica
2382 4275 2601 4327 regnum
2637 4261 2980 4315 Vautlalit‘um
3026 4265 3319 4332 obtinebat,
3364 4278 3415 4323 ut

1849 4348 2007 4414 ptulo
2032 4358 2152 4401 ante
2178 4364 2322 4402 num.
2363 4349 2463 4403 {02
2500 4350 2797 4403 observavi.
2844 4353 3001 4405 Nobis
3036 4356 3308 4422 perspicue
3336 4356 3404 4407 la:

1847 4450 1932 4491 γα
1962 4442 2198 4509 satisque
2228 4451 2311 4495 est
2339 4442 2561 4496 ldacius.

2464 4555 2691 4610 CAPle
2734 4555 2820 4609 XI.

1849 4644 2130 4697 Nonnulla!
2170 4646 2384 4695 rationes
2419 4646 2599 4711 quibus
2644 4644 2945 4696 Drarmttim
2980 4645 3029 4695 in
3069 4647 3243 4710 Africa
3284 4647 3410 4699 srri-

1988 4717 2144 4780 psisse
2175 4715 2378 4764 dicatur
2396 4758 2408 4775 ,
2456 4724 2806 4781 proponuntur
2827 4725 2871 4764 ct
2894 4717 3262 4780 crpcndnntur.

149 4454 489 4516 emsulibm,
536 4454 732 4507 scilicet
765 4468 901 4505 anno
933 4454 1056 4509 427.
1090 4454 1455 4508 Cassiodorius
1480 4456 1636 4509 etiam
1688 4456 1737 4508 in

150 4545 225 4597 Ch
264 4544 426 4597 anico
455 4545 635 4597 scribit
664 4544 921 4597 Vandalus
946 4560 971 4595 a
1006 4542 1190 4598 Gothis
1217 4562 1278 4597 cx
1336 4546 1581 4613 Il'sptrtia
1627 4548 1735 4612 put-
1773 4536 1817 4591 υ

145 4647 238 4686 sos
264 4632 321 4685 in
356 4632 582 4685 Afr'cam
613 4632 969 4687 transmisisse
1001 4633 1176 4687 Ilii-rio
1210 4645 1261 4687 ct
1302 4636 1571 4689 Ardalutre
1613 4655 1738 4689 cott-

150 4722 384 4775 sulibus.
420 4724 483 4774 At
504 4739 627 4776 vero
658 4740 774 4776 cum
810 4723 1009 4777 ldacius
1038 4724 1135 4778 hoc
1161 4726 1273 4792 ipso
1304 4737 1541 4795 tempore
1570 4731 1618 4780 in
1653 4730 1740 4782 lli-

147 4811 342 4879 spania
368 4812 577 4878 vixerit,
608 4824 659 4867 ct
689 4813 850 4867 totius
898 4816 1069 4885 gentis
1121 4814 1477 4870 Vandalorum
1542 4820 1735 4887 migra.
1920 4823 2040 4876 105.
2076 4824 2390 4877 Dracontius
2421 4823 2471 4876 in
2514 4837 2605 4875 sua
2642 4824 2811 4890 elegia
2853 4824 3116 4891 quoddam
3160 4828 3299 4879 aliud
3340 4829 3412 4881 la-

148 4902 362 4954 tionem
394 4903 445 4954 in
478 4903 704 4956 Africam
731 4904 1030 4959 distinctius
1079 4906 1293 4971 rcl'eat,
1341 4917 1391 4961 et
1421 4909 1484 4961 ad
1537 4924 1733 4964 annum

145 4989 259 5046 429
286 4991 518 5054 ᾱὶπθττη,
553 4994 708 5061 hujus
736 4995 911 5062 potiUs
953 4997 1211 5050 sententia
1261 4998 1483 5051 tenenda
1531 5008 1629 5052 est.
1659 5000 1731 5053 Ita

140 5085 296 5138 enim
320 5086 394 5139 ait
424 5085 725 5156 olympiade
754 5086 857 5140 302
885 5102 1024 5140 anno
1052 5088 1102 5153 1,
1125 5088 1326 5142 scilicet
1366 5088 1492 5154 429,
1538 5103 1592 5142 ttt
1640 5091 1734 5143 l’a-

140 5176 267 5243 gius
291 5186 538 5245 supputat
572 5176 897 5230 :(laisericus
948 5194 1039 5231 rex
1089 5180 1153 5231 de
1203 5178 1406 5232 Bwticw
1459 5183 1732 5248 provincia:

137 5268 327 5319 littore
350 5284 460 5319 cum
502 5266 741 5319 Vundalis
767 5267 996 5321 omnibus
1021 5284 1289 5336 eorumque
1315 5272 1523 5339 familiis
1566 5288 1731 5325 mense

141 5358 295 5411 Maio
326 5360 392 5409 ad
424 5358 785 5411 Mauritaniam
811 5369 858 5413 et
878 5359 1101 5429 Africam
1125 5361 1508 5414 relictistransit
1539 5362 1731 5428 Hispa-

140 5449 270 5501 niis.
309 5447 427 5514 Qui,
459 5436 748 5518 priusquam
795 5451 1142 5515 pertransiret,
1185 5450 1472 5502 admonitus
1523 5450 1721 5501 Ilernti-

133 5540 348 5605 garium
378 5537 596 5591 Saevum
623 5540 809 5591 vicinas
836 5542 885 5591 in
934 5540 1143 5591 transitu
1196 5556 1284 5591 suo
1330 5540 1610 5607 provincias
1639 5543 1723 5591 dc-

135 5628 392 5693 prwdari,
424 5644 625 5681 recursu
654 5645 767 5680 cum
797 5629 1064 5696 aliquantis
1087 5629 1187 5680 suis
1225 5630 1378 5697 facta,
1418 5630 1723 5696 prmdantcnt

136 5718 192 5770 in
238 5716 508 5769 Lusitania
529 5720 845 5783 consequitur
902 5719 994 5784 Qui
1017 5719 1155 5771 haud
1177 5720 1353 5787 procul
1381 5718 1442 5771 de
1479 5716 1723 5783 Emerita,

1845 4922 1986 4966 cttttn
2021 4913 2215 4965 indicat
2241 4928 2302 4966 ev
2330 4928 2433 4980 quo
2462 4922 2831 4981 argumentum
2860 4915 2963 4982 peti
2999 4917 3165 4984 possit
3202 4918 3266 4969 ad
3294 4919 3409 4984 ejus

1845 5011 2053 5057 τιιῑιιθηι
2087 5002 2474 5057 inveniendam.
2527 5004 2613 5057 Sic
2657 5002 2798 5058 enim
2846 5018 3021 5074 regem
3052 5006 3251 5062 Vandal
3295 5027 3406 5063 rum

1838 5093 2126 5161 alloquitur
2158 5108 2297 5147 vers.
2327 5093 2468 5147 299:

1942 5244 1943 5247 η
1964 5183 2173 5249 lnglyttts
2196 5185 2506 5244 armipotens,
2537 5194 2713 5233 vestrae
2740 5188 2937 5249 pietatis
2958 5190 3110 5249 origo,

2021 5245 2077 5292 Et
2101 5246 2286 5303 ductus,
2311 5248 2458 5305 genio
2482 5262 2491 5302 ι
2515 5250 2674 5293 rouior
2699 5245 2756 5294 ad
2784 5251 2991 5304 veniam,

1958 5304 2061 5366 Non
2088 5306 2265 5353 homini
2293 5304 2506 5366 ignosco,
2532 5307 2674 5366 dixit,
2698 5309 2785 5355 sed
2814 5309 2971 5363 lingua
3000 5316 3227 5359 meretur.

2016 5365 2106 5414 Hic
2130 5379 2245 5414 reus
2270 5365 2328 5416 et
2352 5368 2521 5415 doctus
2545 5367 2851 5416 Vincomalus
2872 5370 3045 5419 fuerat.

1840 5447 2089 5513 Quisnam
2142 5448 2227 5500 lue
2259 5448 2298 5501 it
2342 5449 2425 5502 hic
2474 5463 2596 5503 reus
2644 5459 2698 5502 et
2739 5450 2926 5504 doctus
2959 5451 3323 5517 Vincomalus,
3358 5457 3402 5508 si

1834 5537 1973 5592 scire
2015 5551 2313 5605 possemus.
2361 5536 2517 5590 etiam
2564 5552 2739 5606 regem
2790 5539 2853 5592 ad
2895 5554 3051 5608 quem
3093 5540 3404 5596 Dracontius

1832 5628 2038 5689 scribit,
2071 5627 2226 5681 facile
2256 5640 2394 5681 esset
2421 5628 2721 5695 dcs'gnare.
2751 5628 2853 5683 Sed
2886 5631 3110 5697 primum
3142 5629 3192 5684 in
3219 5632 3403 5686 codice

1836 5733 1936 5772 ms.
1972 5720 2141 5785 ipsum
2177 5732 2369 5773 nomen
2406 5717 2731 5772 Vincontafus
2764 5720 2868 5789 ει
2886 5728 3138 5789 corrupte
3167 5722 3235 5775 ita
3268 5725 3403 5777 scri-
