3942 6310
498 288 601 344 655

1909 280 2348 343 DRACONTIUS.

3641 290 3744 347 656

496 409 641 467 ptum
670 405 749 451 est
779 396 918 448 ttim‘o
947 395 1123 447 malos.
1174 394 1360 448 Posset
1390 392 1547 462 igitur
1575 393 1763 462 aliquis
1796 396 2057 463 suspicari
2090 406 2133 460 Λ
2165 402 2377 468 egregie
2403 391 2546 455 cadit
2570 400 2621 455 in
2646 398 3010 456 Vincemalum
3042 402 3351 471 episcopum
3380 403 3752 472 Baparensem

496 489 773 558 legendum
796 488 1087 541 i’irtovalm
1110 498 1199 539 aut
1224 486 1521 550 Victot'ales,
1545 488 1693 555 quasi
1722 501 1899 540 sermo
1919 498 2061 542 esset

494 582 558 634 tle
573 578 957 648 antiquioribus
977 576 1305 646 temporibus
1320 576 1507 645 quibus
1526 575 1741 630 Vandali
1760 593 1877 631 cum
1889 577 2064 631 Victo-

494 673 627 727 valis
651 672 823 725 fmdus
840 670 1046 724 icerunt
1064 670 1162 722 sub
1186 670 1253 723 M.
1273 671 1487 723 Aurelio
1507 670 1632 723 ctL.
1658 670 1811 723 Vero.
1834 671 1935 724 Alii
1961 670 2064 724 lor-

494 776 637 817 tasse
660 762 945 829 conjicient
971 760 1327 823 Winodamus,
1362 762 1447 829 qui
1472 762 1669 815 sicculo
1694 778 1722 814 v
1748 762 2067 829 procedente

490 854 656 921 gratia
680 863 732 907 et
751 853 981 907 amicitia
1006 853 1142 921 apud
1163 853 1518 907 Chiltlericum
1536 853 1861 907 Francorum
1883 869 2064 922 regem

452 947 461 953 “
494 946 775 1013 plurimum
802 945 1030 1007 valebat,
1060 944 1125 997 de
1154 958 1259 1013 quo
1283 944 1528 998 Petavius
1551 946 1601 997 in
1624 944 1900 999 Ratiomr.
1932 956 2063 1000 tem-

492 1052 609 1105 por.
643 1046 781 1103 part.
812 1036 858 1101 Ι,
880 1035 971 1089 lib.
1001 1051 1070 1100 vt,
1100 1050 1216 1103 cap.
1245 1034 1327 1089 15.
1354 1036 1455 1090 Sed
1482 1051 1603 1090 vera
1630 1039 1783 1091 lectio
1805 1048 1882 1091 est
1906 1053 2061 1105 quam

492 1128 751 1196 expressi,
783 1125 1137 1192 Vincomalus,
1161 1134 1270 1191 ant,
1290 1126 1333 1177 si
1364 1126 1466 1191 vis,
1492 1125 1678 1180 Graeco
1702 1142 1848 1179 more
1881 1126 2065 1179 Vinco-

494 1222 650 1275 malor
668 1238 687 1274 :
704 1235 821 1275 cum
846 1222 987 1275 enim
1017 1229 1226 1274 constet
1250 1221 1403 1289 hujus
1422 1219 1651 1274 nominis
1668 1222 1908 1273 homines
1923 1221 2061 1275 circa

500 1315 860 1379 lurctempora
886 1311 1101 1375 vixisse,
1127 1323 1193 1364 ex
1219 1311 1365 1363 vinco
1382 1310 1542 1364 malos
1564 1320 1707 1365 recte
1723 1310 2065 1365 Vincomalus

490 1407 715 1459 eruitur.
741 1403 892 1457 Anno
924 1404 1064 1455 enim
1093 1402 1197 1456 455
1219 1403 1463 1456 consules
1489 1402 1699 1456 luerunt
1723 1402 2065 1457 Vincomalus

486 1494 775 1564 etOpilio;
828 1504 882 1549 et
932 1494 1266 1548 Marcellinus
1314 1494 1365 1547 in
1398 1492 1665 1547 Chronico
1711 1495 1874 1547 refert
1902 1505 2063 1561 caput

489 1588 546 1643 S.
574 1588 793 1642 Joannis
819 1587 1067 1653 Baptism
1117 1587 1389 1639 inventum
1428 1584 1722 1639 l’inromalo
1754 1596 1796 1637 rt
1828 1586 2064 1655 Opilione

491 1680 796 1742 consulibus,
831 1696 996 1733 "tense
1022 1677 1322 1733 Februario.
1356 1678 1409 1731 In
1444 1678 1638 1732 Notitia
1664 1680 2059 1747 provinciarum

2168 492 2217 543 in
2247 489 2553 543 Mauritania
2583 488 2901 545 Cmsariensi
2920 528 2941 556 τ
2975 492 3064 560 qui
3097 507 3233 546 unus
3260 508 3325 546 ex
3353 494 3624 561 episcOpis
3648 509 3750 547 ca-

2169 583 2377 636 tholicis
2406 584 2495 635 fuit
2530 583 2616 652 qui
2639 582 3013 652 Carthaginem
3066 599 3163 652 pro
3209 583 3484 639 reddenda
3536 586 3754 639 ratione

2170 672 2289 726 ﬁdei
2331 688 2470 726 anno
2520 674 2557 727 8
2600 674 2738 743 regis
2796 673 3043 729 ﬂuiterici
3095 684 3372 729 venerunt.
3441 675 3752 730 Huneriras

2167 772 2501 817 successerat
2548 763 2866 827 Genserico,
2924 765 3189 820 llunerico
3238 768 3502 820 successit
3542 767 3753 821 thnlad

2168 858 2393 911 bundus.
2462 857 2672 926 Optime
2722 856 2882 926 igitur
2926 857 3162 909 colla-ret
3208 855 3355 925 quod
3401 857 3759 910 Vincemalas

2166 964 2289 1002 rens
2331 947 2488 1001 luerit
2528 948 2737 1000 habitus
2768 962 2795 998 a
2829 945 3140 1010 Genserico,
3191 958 3243 1000 et
3274 948 3533 1001 doctrina:
3562 962 3750 1005 causa.

2172 1055 2274 1108 qua
2308 1038 2455 1091 illum
2489 1046 2544 1091 ut
2575 1040 2882 1106 episcopum
2919 1052 3104 1090 carere
3148 1052 3254 1089 non
3289 1038 3546 1105 oportuit,
3594 1037 3758 1090 venia

2168 1131 2424 1185 dim'ssus
2452 1146 2465 1185 :
2498 1130 2638 1199 quod
2672 1127 2755 1181 avi
2786 1130 3089 1195 exemplum
3120 1126 3479 1182 Cantabundo
3512 1130 3753 1182 Dracon-

2174 1224 2275 1278 tius
2308 1223 2517 1277 veniam
2544 1236 2742 1291 rogans
2773 1222 2824 1275 in
2858 1223 3166 1275 memoriam
3199 1223 3551 1274 revocaverit.
3606 1220 3753 1274 Noa-

2170 1314 2295 1367 nulli
2321 1313 2408 1382 qui
2454 1312 2786 1365 diversarum
2832 1312 3103 1365 nationum
3142 1320 3193 1365 et
3238 1319 3539 1379 temporum
3585 1310 3750 1362 etiam

2169 1419 2272 1457 non
2302 1404 2455 1457 valde
2486 1403 2627 1458 inter
2653 1418 2710 1457 se
2734 1402 3047 1457 distantium
3098 1402 3267 1473 stylos
3312 1403 3649 1471 distinguere
3691 1417 3754 1454 se

2169 1510 2322 1565 posse
2370 1494 2734 1557 arbitrantur,
2785 1493 2984 1547 addent
3028 1495 3077 1545 in
3123 1493 3409 1546 Dracmttio
3459 1491 3754 1561 quamdam

2168 1590 2557 1657 Afr-'ranitatem
2586 1602 2865 1656 apparere,
2895 1597 2947 1641 ct
2979 1588 3196 1655 phrases
3220 1602 3281 1639 ac
3311 1586 3477 1639 verba
3508 1586 3749 1637 inveniri

2167 1696 2282 1749 qttzc
2316 1679 2480 1747 magis
2504 1679 2714 1747 propria
2738 1678 2919 1731 sa'culi
2944 1694 2976 1731 v
3014 1678 3259 1731 exeuntis
3298 1692 3455 1745 quam
3507 1676 3753 1729 meantis

492 1781 544 1825 et
571 1771 842 1824 civitatum
891 1768 1082 1823 Africa:
1119 1780 1358 1838 tempore
1394 1769 1778 1838 persecutionis
1809 1768 2057 1822 Vandali-
2095 1764 2136 1822 Β
2163 1786 2281 1825 esse
2296 1770 2590 1823 videantur.
2617 1769 2688 1823 De
2711 1768 3527 1837 hacstylidiversitatebreviter
3542 1767 3753 1824 dieaur.

491 1876 587 1924 cur,
618 1860 758 1913 inter
776 1860 1059 1928 episcopos
1093 1858 1421 1912 Mauritania:
1449 1858 1797 1913 Cmsaricnsis
1826 1875 1972 1915 num.
1992 1859 2059 1912 93

492 1950 705 2018 ponitur
734 1948 1055 2002 Vincetnalus
1085 1947 1413 2020 Baparensis,
1448 1949 1533 2002 tibi
1567 1957 1715 2003 notat
1756 1948 2061 2003 Rninartius

489 2044 546 2095 in
591 2040 775 2094 codice
822 2040 1154 2093 Laudttnensi
1196 2040 1298 2109 legi
1352 2038 1674 2093 Vincemalos
1735 2039 2059 2109 Rapui-emis.

490 2131 730 2186 Concilio
759 2130 1016 2184 Toletano
1047 2144 1159 2192 xm,
1188 2146 1326 2183 anno
1356 2130 1479 2195 683,
1522 2130 1834 2197 subscripsit
1867 2128 2061 2182 Vnica-

491 2222 655 2275 malus
678 2222 951 2283 diaconus,
980 2234 1142 2288 agens
1184 2221 1351 2273 vicem
1397 2221 1595 2273 Atilani
1639 2220 1870 2289 episcopi
1912 2219 2064 2272 Pam-

491 2311 801 2383 pilonensis,
853 2312 904 2364 in
948 2325 1051 2378 quo
1097 2309 1309 2364 nomine
1356 2310 1459 2363 levi
1508 2310 1731 2363 duarum
1766 2310 2062 2363 litterarum

495 2401 805 2470 trajectione
842 2399 1172 2452 Vincomaltts
1205 2398 1429 2451 fortasse
1470 2399 1569 2451 erit
1612 2398 1912 2466 legendum.
1961 2398 2065 2451 Sed

495 2494 601 2558 hic,
652 2492 763 2547 sive
812 2490 1171 2557 \‘nicomalus,
1218 2489 1330 2544 sive
1360 2488 1721 2557 Vincom‘alus,
1772 2488 1839 2542 ad
1879 2504 2067 2544 conse-

493 2583 704 2655 quentia
738 2590 975 2651 tempora
1006 2580 1257 2649 pertinet.

562 2674 686 2729 106.
720 2672 973 2738 Quamvis
1005 2682 1182 2725 autem
1209 2671 1297 2724 alii
1328 2670 1618 2725 Yincomali
1649 2680 1742 2723 aut
1777 2669 2067 2724 \‘incemali

492 2766 620 2822 mihi
673 2780 812 2819 nunc
861 2780 965 2817 non
1011 2774 1317 2830 occurrant,
1368 2764 1546 2831 plures
1576 2774 1750 2817 tamen
1781 2770 2066 2832 potuerunt

492 2871 609 2913 esse
658 2856 728 2910 ita
776 2854 1045 2924 appellati,
1096 2864 1151 2908 et
1201 2853 1543 2924 probabiliter
1590 2852 1824 2907 fuerunt.
1877 2852 1956 2906 Ex
1986 2851 2067 2906 his

494 2963 619 3003 vero
674 2947 882 3001 duobus
933 2947 973 2999 si
1026 2945 1091 2999 de
1143 2945 1453 2999 Vineomalo
1499 2946 1723 2998 consule
1774 2945 2069 3011 intelligere

495 3038 829 3093 Dracontium
878 3036 1124 3102 velimus,
1169 3036 1338 3104 potuit
1382 3050 1463 3088 res
1492 3034 1758 3088 accidisse
1784 3034 1882 3088 sub
1907 3032 2069 3087 Codi-

496 3131 667 3200 gisclo
700 3138 846 3199 patre
876 3126 1177 3191 Guntharii,
1205 3127 1328 3179 dum
1362 3126 1496 3179 viam
1531 3126 1630 3179 sibi
1661 3124 1726 3178 ad
1760 3124 2064 3194 Hispaniam
2094 3117 2137 3179 C

494 3238 588 3293 per
612 3222 893 3291 Pyrentcos
931 3228 1139 3272 montes
1176 3229 1358 3271 contra
1403 3217 1670 3269 Romanos
1713 3224 2068 3284 repugnantes

494 3313 749 3381 aperiret,
797 3318 887 3363 aut
936 3317 1211 3378 postquam
1261 3307 1312 3360 in
1358 3306 1608 3361 Gallrcia
1659 3322 1778 3360 cum
1824 3305 2070 3360 Vandalis

495 3406 604 3457 su‘s
645 3402 889 3455 consedit
928 3420 941 3456 :
995 3400 1198 3453 scilicet
1234 3400 1279 3453 si
1318 3398 1629 3451 Vincomalo
1670 3398 1844 3452 adhuc
1885 3397 2067 3466 juveni

497 3494 697 3563 ignovit
727 3491 1084 3561 Godig‘sclus,
1136 3500 1189 3545 et
1221 3490 1357 3545 idem
1400 3490 1743 3544 Vincmnalus
1768 3491 1876 3559 jam
1908 3505 2068 3545 senex

497 3584 833 3640 consulatum
884 3583 1041 3637 fuerit
1087 3582 1352 3651 adeptus,
1404 3581 1667 3651 siquidem
1715 3582 1783 3635 ab
1831 3582 2071 3650 ingressu

498 3675 850 3732 Vantlaiorutn
883 3676 933 3728 in
962 3673 1271 3741 Hispaniam
1315 3673 1380 3726 ad
1409 3673 1746 3726 consulatum
1775 3671 2069 3726 Vincomali

501 3768 670 3822 solum
702 3766 824 3820 anni
854 3767 921 3820 Μ
952 3764 1291 3821 ellluxcrunt.
1328 3764 1400 3819 De
1426 3763 1737 3817 \‘incomalo
1758 3771 1849 3816 aut
1881 3762 2070 3817 Vince-

504 3859 647 3914 malo
676 3859 927 3926 episcopo
952 3856 1197 3925 injAlrica
1226 3855 1269 3909 si
1292 3855 1410 3923 quis
1433 3854 1780 3907 Dracontium
1803 3852 2071 3921 explicare

500 3958 743 4013 conetur,
772 3947 821 4000 id
848 3956 994 4001 certe
1030 3946 1116 3999 vix
1158 3945 1378 4013 intelligi
1427 3945 1643 4012 poterit,
1695 3944 1797 3998 nisi
1842 3944 2069 3997 Dracon.

501 4041 631 4093 tium
665 4040 716 4090 in
748 4037 925 4091 Africa
959 4036 1152 4090 vixisse
1180 4043 1235 4089 et
1263 4035 1542 4117 scripsisse
1575 4045 1871 4088 teneamus.
1900 4035 2071 4101 Atque

501 4129 622 4182 hinc
650 4127 1008 4195 conjecturam
1036 4133 1177 4193 petet
1223 4124 1415 4190 aliquis
1453 4130 1509 4175 ut
1536 4122 1805 4176 Dracontii
1832 4123 1943 4192 82
1972 4123 2071 4179 Sa-

502 4216 855 4271 tislactionem
883 4213 947 4267 ad
979 4211 1392 4268 Guntabundum
1420 4211 1777 4265 Vandalorum
1806 4212 1859 4264 in
1892 4211 2068 4265 Africa

502 4322 679 4377 regem
708 4304 961 4358 directam
994 4317 1114 4358 esse
1142 4304 1450 4357 contendat.
1483 4301 1613 4355 Nam
1640 4318 1830 4357 nomen
1864 4303 2069 4371 regisin

502 4400 684 4454 codice
707 4395 964 4450 Vaticano
990 4408 1300 4467 expressum
1328 4391 1688 4445 Gulhanmdus
1737 4408 1889 4462 teque
1917 4393 2072 4447 facile

502 4492 566 4547 ad
617 4489 1031 4545 Guntabundum

504 4594 699 4654 potest,
722 4598 783 4639 ac
810 4582 875 4636 ad
908 4579 1281 4635 Guntharium.
1323 4578 1591 4633 Praeterea
1622 4578 1710 4632 ubi
1755 4578 2071 4633 Dracontius

503 4678 602 4733 ait:

626 4766 834 4830 lnclytus
855 4767 991 4827 armi;
1010 4772 1169 4830 olens,
1194 4771 1372 4830 vestrm
1398 4764 1592 4830 pietatis
1614 4766 1770 4826 origo,

688 4828 750 4879 Et
781 4832 966 4886 doctus,
991 4828 1138 4888 genio
1162 4828 1358 4887 pronior
1382 4828 1438 4873 ad
1461 4828 1669 4885 veniam,

503 4914 677 4972 innuit
703 4912 1047 4966 Genserieum
1091 4910 1422 4964 conditorem
1462 4908 1670 4977 imperii
1709 4908 1981 4962 Vandalici
2016 4909 2067 4963 in

504 5009 704 5074 Africa,
734 5016 786 5061 et
816 5019 969 5058 avum
999 5003 1335 5058 Guntahundi
1364 5022 1374 5055 :
1401 5017 1521 5055 nam
1549 5003 1702 5071 hujus
1727 5010 1874 5070 pater
1892 5000 2071 5055 Genzo

505 5116 609 5154 non
639 5095 894 5165 regnavit.
930 5092 995 5148 Et
1015 5102 1159 5146 recte
1186 5091 1398 5160 quidem
1420 5090 1739 5145 Gensericus
1760 5092 2069 5159 armipotens

507 5197 723 5243 vocatur
765 5194 813 5239 et
862 5184 1062 5245 doctus,
1108 5182 1192 5252 qui
1247 5196 1493 5251 magnum
1541 5182 1640 5235 sibi
1686 5197 1877 5235 nomen
1910 5168 2073 5235 armis

504 5273 853 5344 comparavit,
881 5282 934 5328 et
959 5271 1170 5341 ingenio
1195 5271 1446 5340 pollebat,
1472 5272 1834 5340 doctrinmque
1859 5273 2066 5327 laudem

506 5365 807 5419 allectabat.

577 5457 698 5512 107.
729 5454 883 5509 Aliud
916 5453 1183 5508 Dracontii
1224 5452 1508 5518 distichon,
1551 5454 1688 5523 quod
1734 5454 1875 5509 illico
1904 5452 2071 5521 subji-

505 5551 597 5607 cit,
630 5547 893 5605 videlicet,

628 5637 729 5682 Non
758 5637 952 5693 ignosco
972 5637 1169 5688 homini,
1194 5636 1335 5692 divit,
1360 5648 1383 5681 s
1403 5635 1444 5681 id
1473 5633 1632 5693 lingua
1661 5645 1880 5689 meretur
1902 5651 1913 5685 :

690 5696 776 5743 lltc
800 5709 913 5743 rcus
932 5702 981 5743 et
1006 5695 1176 5743 ductus
1198 5696 1498 5746 Vincomalus
1522 5698 1695 5759 εὐυηι,

1103 4486 1183 4541 vel
1254 4485 1688 4541 Guntamundutn
1764 4486 2068 4554 detorqueri
2104 4475 2153 4533 ῐ)

2162 1862 2529 1917 dillirillimum
2554 1875 2671 1915 esse
2695 1862 2833 1913 inter
2857 1860 2991 1913 duos
3016 1861 3303 1926 scriptores
3326 1858 3419 1926 qni
3439 1858 3631 1911 eodem
3650 1872 3751 1909 se-

2162 1954 2282 2007 (τηις)
2313 1970 2344 2006 v
2379 1952 2623 2015 vixerint,
2666 1967 2889 2021 quorum
2939 1951 3075 2004 alter
3114 1951 3413 2017 Hispanus,
3452 1950 3595 2003 alter
3626 1949 3753 2001 Afer

2165 2041 2639 2105 btet-it,tl?scrimett
2670 2043 2906 2095 invenire
2929 2040 2981 2093 in
3001 2039 3113 2109 ipsa
3133 2040 3245 2092 sola
3271 2039 3485 2092 dicendi
3512 2039 3752 2091 ratione.

2167 2133 2383 2188 Accedit
2404 2132 2823 2186 Dracontium-in
2853 2130 3441 2198 carcerem‘conjectum
3468 2131 3750 2182 terumnis~

2165 2242 2269 2295 que
2298 2240 2609 2294 oppressum
2642 2226 2755 2277 hzec
2797 2224 3029 2277 carmina
3063 2222 3449 2290 composuisse,
3475 2232 3536 2273 ut
3557 2222 3750 2274 mirum

2167 2336 2269 2373 non
2300 2321 2369 2373 s't
2395 2320 2437 2370 si
2467 2317 2581 2385 ejus
2604 2332 2781 2370 sermo
2804 2314 3092 2383 aliquando
3118 2314 3243 2367 ﬂuat
3278 2314 3573 2366 lutulentus
3592 2352 3607 2374 ,
3640 2312 3748 2363 etsi

2168 2410 2338 2463 multa
2369 2406 2631 2477 ejusmodi
2656 2421 2773 2475 quae
2800 2405 3080 2473 diSplicere
3104 2404 3210 2477 83
3241 2402 3466 2472 possint,
3509 2402 3747 2454 librariis

2166 2511 2218 2553 et
2247 2498 2746 2566 interpolatorihus,
2790 2512 2817 2548 a
2856 2496 3047 2565 quibus
3078 2496 3215 2549 male
3246 2494 3459 2549 habitus
3494 2505 3588 2546 est
3618 2492 3737 2546 Dn

2166 2593 2395 2655 centius,
2429 2592 2647 2644 omnino
2678 2588 2953 2644 tribuenda
2985 2599 3127 2642 sunt.

2240 2684 2359 2739 108.
2410 2683 2563 2750 Quod
2611 2684 2798 2736 attinet
2851 2683 2915 2735 ad
2970 2683 3193 2737 alteram
3245 2682 3615 2751 conjecturam
3671 2681 3746 2735 de

2169 2774 2476 2829 Vinccmalo
2505 2773 2778 2842 episeopo,
2809 2757 2949 2826 haud
2976 2772 3223 2841 equidem
3252 2771 3562 2841 negaverim
3594 2773 3697 2823 ard
3722 2802 3744 2814 ο

2150 2866 2289 2919 ‘nem
2319 2864 2642 2917 narrationis
2690 2863 2930 2932 apposite
2978 2862 3292 2930 procedere.
3344 2862 3451 2916 Sed
3506 2878 3628 2915 cum
3686 2864 3749 2917 de

2173 2956 2483 3009 Vincozualo
2511 2955 2733 3009 consule
2762 2963 2853 3007 aut
2882 2954 2947 3007 de
2975 2955 3079 3007 alio
3110 2953 3347 3023 ejusdem
3383 2955 3617 3009 nominis
3654 2958 3750 3007 sub

2171 3046 2466 3099 Gunlltario
2518 3046 2833 3100 Dracontius
2886 3046 3048 3112 po-sit
3098 3046 3320 3111 exponi,
3371 3057 3750 3114 argumentum

2172 3138 2309 3207 quod
2342 3137 2465 3191 inde
2494 3138 2689 3206 petitur
2717 3152 2901 3205 parum
2924 3139 3109 3190 ellicax
3141 3148 3241 3199 est,
3272 3152 3333 3191 ac
3363 3139 3525 3205 plane
3554 3137 3746 3192 relelli.

2174 3241 2257 3285 tur
2287 3247 2351 3284 ex
2386 3230 2671 3298 triumphis
2711 3243 2848 3284 terra
2881 3232 3119 3299 marique
3146 3232 3428 3300 repnrtatis
3475 3249 3613 3301 quos
3643 3249 3748 3286 me.

2172 3331 2347 3377 morat
2374 3320 2708 3374 Dracontius.
2742 3319 2948 3373 Etenim
2975 3322 3043 3375 de
3064 3322 3420 3375 Cuntahundo
3446 3323 3563 3377 luce
3586 3339 3751 3391 pauca

2132 3464 2149 3482 ,
2175 3426 2355 3467 narrat
2389 3412 2683 3481 Prceopius
2715 3411 2804 3463 lib.
2838 3428 2851 3463 ι
2883 3412 3078 3465 llis:or.
3111 3412 3325 3466 \‘audal.
3357 3431 3371 3465 :
3403 3413 3503 3466 Hic
3539 3414 3749 3467 Gunde-

2171 3505 2391 3557 mundtts
2430 3504 2597 3555 multis
2640 3503 2692 3554 in
2726 3501 2934 3555 Mauros
2974 3503 3161 3571 pra’liis
3202 3504 3374 3571 factis,
3424 3507 3748 3571 tractatisqut

2174 3597 2382 3664 pessime
2400 3593 2726 3658 Christianis,
2752 3610 2889 3663 (egro
2917 3609 3127 3662 corpore
3147 3595 3356 3646 interiit.
3378 3595 3537 3661 Quod
3561 3597 3743 3664 pri-lia

2171 3702 2291 3741 cum
2321 3685 2516 3739 Mauris
2548 3685 2741 3740 absens
2784 3688 3047 3753 gesserit,
3096 3685 3221 3738 nihil
3268 3695 3353 3739 est
3388 3688 3533 3741 unde
3570 3686 3749 3755 colligi

2174 3776 2369 3845 possit;
2403 3774 2569 3827 multo
2598 3788 2725 3827 vero
2754 3775 2927 3826 minus
2957 3774 3095 3842 quod
3119 3774 3233 3842 ejus
3259 3782 3499 3841 tempore
3534 3778 3751 3831 navales

2174 3882 2362 3937 pugna:
2383 3865 2642 3921 conlccrw
2671 3864 2889 3929 fuerint,
2912 3868 3151 3934 autquod
3175 3876 3357 3920 contra
3377 3867 3604 3929 Gallias,
3622 3885 3749 3937 quo-

2174 3976 2289 4014 rum
2312 3960 2417 4014 dux
2443 3958 2601 4012 fuerit
2618 3958 2821 4020 Ansila,
2844 3958 3065 4012 Vandali
3095 3962 3460 4027 pugnaverint.
3482 3962 3571 4015 llis
3589 3962 3749 4023 adde.

2176 4050 2589 4108 Guntahundum
2638 4049 2997 4104 Yandalorum
3048 4053 3099 4103 in
3130 4050 3301 4104 Africa
3353 4066 3573 4121 regnum
3618 4053 3744 4105 ade-

2178 4154 2319 4215 ptum
2351 4144 2513 4198 luisse
2544 4153 2773 4197 exeunte
2803 4158 2942 4195 anno
2973 4142 3098 4206 ἀει,
3150 4143 3415 4196 interiisse
3446 4159 3576 4198 vero
3608 4161 3745 4198 anno

2176 4238 2279 4292 496
2322 4245 2412 4289 aut
2441 4234 2704 4303 sequenti,
2747 4242 2804 4287 ut
2833 4233 2919 4285 alii
2954 4234 3080 4285 vola
3106 4242 3159 4289 ιι.
3191 4232 3457 4300 Eugenius
3489 4250 3620 4288 veru
3660 4236 3746 4305 qui

2174 4332 2384 4386 libellos
2419 4329 2684 4384 Dracontii
2710 4336 2835 4382 ante
2859 4343 3057 4381 annum
3085 4326 3189 4382 630
3214 4329 3539 4398 corrigebat,
3574 4333 3742 4399 majo—

2183 4438 2294 4476 rem
2325 4429 2639 4475 vetustatem
2681 4419 2784 4472 illis
2816 4419 3048 4473 tribucre
3089 4419 3321 4481 videtur,
3372 4423 3498 4473 dum
3549 4424 3645 4473 eos‘
3681 4422 3745 4475 ait

2178 4528 2355 4581 capere
2389 4510 2600 4563 nitidam
2631 4509 2782 4577 longo
2819 4517 2927 4573 post
2972 4517 3191 4579 tempore
3215 4510 3438 4575 pallam;
3473 4524 3535 4563 ac
3561 4525 3745 4563 rursus

2180 4604 2276 4658 sibi
2310 4603 2490 4671 objicit
2524 4600 2629 4654 :Et
2654 4602 2766 4667 quis
2794 4609 2865 4653 est
2909 4611 3122 4654 ceterum
3151 4602 3238 4667 qui
3274 4604 3506 4656 carmina
3546 4604 3749 4655 mutat!

2181 4694 2316 4763 quod
2340 4692 2633 4746 lldel'onsus
2656 4693 2704 4745 in
2738 4692 2951 4759 [ingenii
2984 4692 3159 4761 elogio
3196 4692 3496 4756 confirmat,
3537 4695 3625 4747 ulti
3660 4711 3742 4747 rc-

2180 4790 2279 4843 fert
2303 4803 2422 4841 eum
2449 4786 2655 4841 libellos
2683 4786 2953 4840 Dracontii
2992 4787 3327 4848 emendasse,
3363 4803 3489 4854 quos
3516 4788 3744 4855 antiqui-

2179 4888 2254 4931 tas
2282 4878 2555 4943 protulerat
2586 4878 2806 4930 vitiatas.
2852 4877 2974 4931 Παῖς
3006 4888 3147 4931 certe
3178 4879 3344 4947 magis
3390 4878 3567 4932 favent
3606 4881 3745 4933 aetati

2178 4968 2445 5022 Drarontii
2471 4968 2619 5021 initio
2650 4969 2829 5021 succidi
2864 4986 2891 5023 v
2919 4970 3293 5039 consignaudaa
3318 4985 3476 5038 quam
3506 4970 3741 5038 ejusdem

2178 5061 2358 5115 smculi
2390 5061 2503 5114 lini.
2527 5059 2891 5115 Columbanus
2922 5062 3104 5126 etiam,
3130 5062 3218 5130 qui
3240 5062 3435 5115 sarculo
3454 5078 3483 5112 ν
3512 5074 3741 5117 exeunte

2177 5162 2229 5207 et
2260 5168 2307 5206 vt
2340 5153 2555 5205 ineunte
2586 5152 2797 5219 claruit,
2830 5152 3098 5206 Dracontii
3130 5152 3367 5206 carmina
3398 5152 3537 5207 inter
3568 5165 3740 5209 vetera

2176 5244 2315 5298 dicta
2347 5243 2632 5307 referebat,
2662 5252 2719 5296 ut
2744 5242 2852 5297 d.xi
2884 5259 3025 5296 num.
3057 5244 3110 5298 8.

2248 5334 2365 5388 109.
2400 5335 2471 5387 Ex
2506 5334 2750 5387 laudibus
2786 5335 2976 5401 quibus
3008 5334 3322 5387 Dracontius
3352 5350 3531 5400 regem
3566 5350 3735 5399 prose-

2177 5426 2376 5495 quitur,
2408 5424 2710 5493 conjectura
2740 5424 2897 5477 etiam
2929 5424 3049 5479 duci
3079 5435 3251 5493 potest
3281 5441 3347 5479 ne
3377 5427 3518 5479 hunc
3549 5428 3727 5481 Guma-

2179 5514 2409 5568 hundum
2438 5513 2598 5567 fuisse
2621 5515 3005 5568 existimemus.
3040 5514 3429 5570 Cuntabnntlus
3459 5517 3729 5579 enim,eui

2177 5607 2229 5659 in
2260 5604 2549 5658 catholicos
2571 5604 2859 5658 Ccnserico
2886 5615 2936 5658 et
2956 5605 3220 5659 llunerico
3251 5606 3615 5676 indulgentior
3636 5608 3709 5659 lue

2179 5694 2265 5759 rit,
2298 5693 2638 5749 nihilominus
2669 5694 2895 5750 Ariantts
2923 5704 3034 5751 crat
3064 5705 3112 5751 cl
3146 5696 3532 5753 Catltolieorum
3564 5713 3706 5769 peis:
