3942 6310
510 304 618 358 659

1917 306 2368 362 οηΑςοΝτιιῖε.

3650 310 3755 368 6‘30

512 417 663 469 hcem
688 413 891 468 obitum
916 422 1205 479 narrasset,
1236 412 1457 467 subinde
1490 412 1836 468 Genserieum
1865 430 2077 468 succes-
2107 422 2152 476 A
2183 418 2433 485 Quamvis
2469 419 2609 507 enim
2651 420 2938 489 Gregorius
2973 422 3300 479 Turonensis
3342 412 3757 485 Trasimundn-

513 508 648 561 sisse
680 504 862 560 retulit
903 504 987 557 his
1018 504 1214 566 verbis,
1264 503 1465 573 olymp.
1500 503 1597 557 5οω
1637 500 1768 556 :Cui
1790 503 2078 557 Gaisen’eus

514 604 673 671 [mter
699 597 921 652 succedit
948 598 1000 648 in
1024 611 1174 664 regno
1202 610 1224 647 :
1255 596 1365 663 qui,
1390 604 1442 647 ut
1472 595 1757 663 aliquorum
1789 594 1968 646 relatio
1987 594 2075 646 ha-

514 696 613 752 tlet,
644 687 847 754 e/fertus
881 692 1115 753 apostata
1141 683 1204 737 de
1230 684 1332 751 ﬁde
1369 682 1616 736 catholica
1643 685 1695 736 in
1726 684 1969 736 Arianam
1996 685 2081 735 di-

515 792 624 834 ctus
652 789 725 834 est
759 777 999 830 transisse
1028 775 1319 843 perﬁdiam.
1349 774 1500 839 Quod
1530 788 1656 842 ergo
1700 774 1795 837 ait,
1827 772 2079 827 Geuseri-

517 886 636 925 cum
664 879 945 940 apostatant
969 868 1031 921 de
1060 868 1161 935 ﬁde
1188 868 1435 921 catholica
1466 868 1515 919 in
1548 866 1794 919 Arianam
1829 865 2083 919 transisse

516 961 819 1031 perfidiam,
868 960 1027 1028 idqne
1056 960 1357 1028 narrats']
1392 967 1511 1025 post
1549 958 1632 1011 ubi
1663 973 1749 1009 nm
1778 956 2079 1019 Guntharii,

517 1052 601 1106 cui
629 1058 830 1109 sectam
854 1050 1103 1103 Arianam
1135 1063 1237 1101 non
1267 1047 1573 1114 exprobrat,
1622 1054 1675 1099 et
1711 1061 1772 1098 ex
1795 1045 2084 1111 aliquorum

521 1142 765 1196 relatione
796 1149 996 1194 tantum
1027 1138 1319 1193 Genscrico
1347 1137 1664 1202 apostasiam
1698 1150 1726 1187 a
1769 1135 1874 1191 fide
1902 1133 2085 1188 catho-

524 1234 621 1285 lica
649 1232 892 1299 imputat,
920 1231 1193 1285 evidenter
1240 1228 1411 1296 arguit
1443 1227 1710 1280 Vandalus
1754 1229 1805 1278 in
1838 1225 2083 1293 Hispania

522 1335 611 1383 aut
656 1338 923 1392 nunquam
956 1322 1165 1377 Ariauis
1211 1321 1523 1386 adhmsisse,
1574 1330 1663 1373 aut
1708 1319 1877 1373 solum
1928 1319 2086 1385 pau'o

523 1426 806 1483 antequam
837 1414 888 1467 in
919 1414 1145 1467 Africam
1185 1412 1507 1479 trajicerent.
1534 1410 1741 1464 Clarius
1786 1410 1885 1463 hoc
1912 1409 2084 1477 ipsum

523 1506 750 1559 asseruit
782 1504 1010 1557 Isidorus
1037 1506 1087 1556 in
1115 1503 1338 1555 Historia
1376 1502 1590 1554 Vandat.
1614 1519 1627 1555 :
1650 1500 1902 1555 (Siserirus
1930 1502 2087 1569 frater

524 1595 793 1649 (ἐκκάει-ἰοὶ
812 1594 1041 1647 succedi:
1059 1594 1108 1645 in
1130 1609 1339 1662 regnum
1366 1594 1509 1644 armis
1538 1592 1621 1655 ‘50,
1646 1592 1729 1657 qui
1752 1606 1815 1643 ea:
1839 1591 2086 1643 catholica

523 1688 728 1753 e/I'eclus
775 1695 1008 1754 apostata
1048 1686 1095 1737 in
1124 1686 1364 1737 Aristium
1408 1697 1595 1736 annuus
1639 1683 1801 1751 fertur
1848 1681 2087 1733 trans'sse

528 1753 815 1846 perﬁdiam.
848 1778 1093 1830 Albertus
1123 1774 1401 1830 Kranlzius
1442 1776 1493 1827 in
1524 1789 1617 1826 sua
1649 1772 1902 1828 Vandalia
1925 1772 2016 1825 lib.
2046 1786 2082 1833 ι,
2116 1753 2160 1812 Β

525 1884 640 1936 rap.
674 1868 761 1932 27,
789 1866 946 1921 tradit
970 1866 1336 1928 Gensericum,
1366 1864 1557 1917 infelici
1586 1863 1726 1917 exitu
1753 1862 1927 1915 fratris
1946 1862 2090 1915 Gun-

532 1960 685 2015 tbarii
715 1961 977 2025 territum,
1028 1961 1078 2012 in
1128 1957 1312 2027 primis
1354 1958 1727 2011 modestiorem
1758 1954 2089 2022 apparuisse,

528 2060 645 2119 post
669 2051 825 2105 alium
868 2051 1159 2103 inventum.
1210 2047 1367 2103 Fides
1410 2048 1479 2101 sit
1527 2061 1691 2115 penes
1740 2046 1935 2115 ipsum,
1985 2060 2089 2098 non

528 2142 670 2196 enim
700 2141 808 2195 ullo
839 2150 1055 2193 auctore
1085 2154 1142 2191 se
1171 2146 1366 2192 tuetur.

597 2233 721 2289 115.
784 2234 1025 2300 Opponet
1050 2230 1241 2300 aliquis
1261 2239 1441 2283 contra
1471 2228 1608 2298 quod
1634 2228 1934 2283 Bonifacius
1964 2243 1993 2279 u
2035 2241 2089 2280 o-

530 2334 645 2378 rem
677 2321 1013 2375 Vandalicam
1043 2320 1289 2382 duxerat,
1327 2332 1446 2385 qua:
1477 2318 1619 2383 prius
1668 2318 1860 2372 Ariana
1903 2318 2089 2379 fuerat,

530 2414 627 2469 sed
654 2414 726 2467 i-Il't
758 2413 935 2480 nupsit
976 2421 1094 2480 post
1133 2410 1389 2480 ejuratam
1430 2409 1679 2462 Arianam
1720 2406 2000 2471 haeresim,
2040 2415 2095 2459 ut

530 2506 784 2560 discimus
813 2519 875 2557 ex
908 2503 963 2557 S.
993 2500 1285 2570 Augustino
1309 2500 1466 2568 epist.
1498 2500 1561 2553 ad
1594 2498 1829 2554 Bonifae.
1860 2499 1987 2561 220,
2019 2500 2091 2551 al.

531 2596 616 2649 '70.
650 2595 719 2649 Ita
751 2594 903 2661 vu‘go
942 2591 1229 2656 scriptores
1261 2591 1514 2653 referunt,
1548 2598 1599 2643 et
1632 2589 1832 2643 diserte
1866 2587 2092 2641 Ruinar-

538 2687 642 2739 tius
668 2700 784 2752 cap.
815 2684 847 2736 ’5
877 2682 1075 2736 Ilistur.
1109 2680 1378 2734 I‘ersecnt.
1411 2679 1627 2733 Vandal.
1658 2680 1727 2732 At
1752 2679 1887 2747 apud
1915 2679 1970 2733 S.
1992 2680 2097 2732 Au-

533 2776 797 2842 gu-tinum
821 2772 988 2826 Soltttn
1015 2770 1226 2825 invenio
1251 2787 1263 2823 :
1294 2770 1578 2839 Navigasti,
1605 2786 1809 2823 uxorem
1834 2770 2093 2823 duxisti...

536 2864 716 2916 Audivi
767 2873 813 2914 te
852 2863 992 2915 illam
1023 2862 1201 2914 dueere
1236 2861 1480 2924 noluisse,
1523 2860 1620 2913 nisi
1671 2863 1813 2931 prius
1851 2860 2101 2912 catholica

536 2952 714 3021 fuisset
740 2952 906 3019 facta;
934 2960 983 3004 et
1025 2960 1188 3005 tamen
1212 2950 1414 3002 [tmesis
1457 2967 1652 3017 eorum,
1691 2951 1778 3019 qui
1805 2966 1973 3003 verum
2008 2948 2095 3002 Fi-

537 3044 660 3094 lium
712 3039 808 3093 Dei
845 3050 1050 3111 negant,
1099 3050 1291 3093 mttunt
1342 3040 1605 3106 pt‘mvaluit
1643 3041 1692 3091 in
1732 3041 1885 3093 dome
1906 3050 2016 3107 tua,
2045 3050 2097 3092 stt

536 3137 597 3189 ab
620 3136 741 3205 ipsis
769 3135 879 3203 ﬁlia
905 3145 991 3187 tua
1016 3134 1373 3204 baptizaretur.
1399 3133 1509 3187 Non
1528 3134 1755 3201 ettplicat
1775 3133 2099 3202 Augusﬁuu.
2128 3105 2175 3168 (ἶ

538 3241 640 3296 quo
672 3224 973 3279 Bonifacius
1003 3225 1345 3292 navigarent,
1375 3224 1541 3278 multo
1570 3239 1693 3278 vero
1720 3226 1891 3277 m'nns
1913 3238 1973 3277 ex
2001 3238 2100 3291 qua

538 3326 696 3385 gente
727 3330 948 3369 uxorem
972 3315 1214 3379 duxerit;
1251 3330 1368 3382 quae
1398 3315 1439 3368 si
1472 3315 1661 3368 Ariana
1694 3314 1881 3368 haeresi
1916 3313 2101 3367 infecta

540 3412 728 3473 Inerat,
770 3418 824 3459 nt
853 3407 1021 3461 Vt'l‘bﬂ'
1056 3408 1333 3477 Augustini
1383 3408 1628 3472 innunnt,
1661 3417 1713 3461 et
1761 3425 1821 3461 t-x
1857 3408 2101 3475 Hispan’a

541 3500 715 3563 ducta,
751 3504 917 3569 ροτιιὶι
960 3514 1078 3552 csse
1112 3515 1140 3553 e
1181 3499 1471 3553 Gothorum
1520 3514 1736 3567 genere.
1770 3500 1897 3551 Nam
1942 3498 2102 3551 Boni-

544 3592 705 3646 facius
745 3608 862 3645 cum
906 3590 1122 3645 Gastino
1168 3599 1220 3645 et
1288 3588 1475 3644 Gothis
1534 3591 1787 3644 adwrsus
1843 3591 2105 3643 Vandalus

544 3692 868 3753 pugnaturus
901 3682 1201 3750 Hispaniam
1233 3681 1454 3745 adierat,
1495 3692 1545 3735 et
1575 3682 1645 3736 Ca
1683 3683 1773 3735 lini
1806 3684 2102 3749 superbi-im

494 3772 499 3781 ’
542 3778 682 3830 terre
725 3791 827 3829 non
860 3775 1061 3840 valens,
1111 3775 1163 3826 in
1215 3773 1441 3826 Africam
1482 3790 1725 3827 reversus
1764 3784 1863 3827 est.
1910 3774 2113 3828 Deinde

542 3868 698 3924 Gothi
751 3869 803 3923 in
842 3868 1018 3923 Africa
1066 3867 1163 3921 sub
1214 3865 1480 3921 Bonifatio
1529 3865 1811 3920 militantes
1857 3865 2104 3918 Atiatzum

542 3962 845 4031 episc0pum
889 3960 1225 4014 Maximinum
1266 3974 1445 4015 secum
1475 3960 1763 4026 duxerunt,
1795 3961 1877 4029 qu"
1912 3959 1964 4013 S.
2003 3958 2109 4011 An-

543 4053 805 4120 gustinum
844 4051 908 4103 ad
953 4062 1221 4105 certamen
1268 4068 1556 4121 promcare
1605 4070 1766 4107 ausus
1819 4061 1901 4106 est
1932 4069 1944 4104 :
1975 4046 2107 4105 adeo

543 4142 682 4194 enim
721 4142 828 4207 jam
876 4150 983 4192 tum
1042 4142 1217 4194 Ariani
1268 4144 1317 4195 in
1364 4142 1542 4196 Africa
1590 4143 1996 4201 invalescebant,
2052 4151 2108 4195 ut

544 4227 699 4281 etiam
723 4223 1031 4282 Pasc'entius
1056 4244 1255 4293 eomes,
1281 4231 1525 4283 Amentii
1555 4230 1963 4283 )Iediolanensis
1982 4230 2106 4283 olim

543 4318 773 4387 episcopi
808 4317 986 4371 Ariani
1016 4320 1328 4388 dis‘cipul;:s,
1352 4335 1468 4373 cum
1501 4322 1684 4375 eodem
1726 4323 1780 4376 S.
1814 4323 2110 4390 August’no

543 4410 609 4461 dc
639 4408 739 4463 fide
763 4408 1169 4477 d'Spntatiunem
1198 4410 1331 4464 inire
1362 4410 1603 4475 voluerit,
1629 4422 1686 4465 ut
1709 4428 1771 4467 ex
1807 4413 1959 4480 hujus
1984 4428 2108 4482 epe—

544 4497 688 4551 tibus
711 4510 760 4552 et
797 4498 905 4550 Vita
948 4513 976 4551 a
1018 4497 1258 4553 Possidio
1290 4501 1482 4569 scripta
1524 4500 1933 4555 demonstratur.
1970 4503 2104 4568 Quid

543 4591 585 4643 si
638 4591 832 4652 nuptiae
884 4592 1156 4657 Bonifaeii,
1211 4592 1277 4647 ab
1322 4593 1616 4663 Augustino
1664 4594 1998 4662 reprehensa:
2044 4611 2105 4650 ea

544 4681 786 4749 epismla,
822 4699 936 4751 qua-
963 4698 1102 4737 antro
1141 4684 1241 4738 4'27
1285 4694 1508 4740 exeunte
1552 4686 1718 4741 missa
1749 4687 2005 4750 creditur,
2044 4703 2107 4741 co

547 4784 785 4842 tempore
816 4774 1105 4828 acciderint
1136 4790 1240 4844 quo
1272 4776 1405 4829 inter
1433 4777 1692 4831 Vandalus
1717 4793 1927 4833 errores
1956 4778 2109 4831 Arii-

543 4880 730 4921 norum
755 4867 1087 4922 disseminati
1111 4870 1335 4934 cmpissc
1352 4885 1454 4923 non
1477 4870 1913 4941 diffitemur?“
1930 4871 2108 4939 Neque

544 4960 714 5027 colligi
745 4970 915 5029 potest
946 4976 1119 5029 regem
1158 4961 1528 5025 Gtmtharium,
1559 4973 1647 5017 aut
1671 4963 1953 5017 maximam
1982 4978 2111 5032 gen-

545 5053 609 5105 tis
636 5052 987 5106 Vandalurnm
1037 5064 1234 5121 partem
1273 5056 1379 5124 jam
1413 5064 1519 5109 tum
1555 5056 1740 5109 haeresi
1786 5056 1993 5109 Arianm
2018 5056 2109 5108 ad-

546 5143 789 5209 hzrsisse,
818 5146 1024 5198 etiamsi
1061 5146 1249 5199 femina
1293 5147 1464 5215 aliqua
1503 5147 1729 5199 \‘andala
1767 5163 1797 5200 a
1840 5148 2117 5202 Bonifacio

543 5235 595 5288 In
642 5236 1036 5290 matrimonium
1070 5239 1222 5291 ducta
1267 5240 1580 5293 Arianorum
1614 5240 1885 5297 erroribus
1911 5240 2107 5295 imbuta

546 5326 703 5379 fuisse
728 5326 950 5383 dicatur.

617 5418 738 5471 114.
782 5416 1157 5474 Gravissimum
1192 5423 1611 5489 persecutionem
1652 5440 1715 5480 eo
1749 5434 1985 5493 tempore
2015 5425 2109 5479 ad-

542 5522 725 5562 versus
747 5511 865 5563 calli
892 5512 1036 5566 dicos
1066 5514 1114 5565 in
1141 5512 1385 5581 HiSpania
1416 5530 1441 5565 τι
1471 5516 1715 5569 \‘andalis
1739 5526 1933 5569 motam
1959 5531 2106 5570 com-

545 5610 800 5653 memorat
833 5600 1131 5656 lluinartius
1153 5619 1269 5665 cap.
1300 5604 1335 5655 Ξ
1366 5604 1495 5665 llist.
1522 5606 1764 5669 VandaL,
1795 5608 2106 5661 auctoritate

544 5684 776 5751 Gregorii
810 5689 1131 5746 Turonensis
1165 5693 1252 5746 lib.
1288 5710 1321 5747 lt
1366 5694 1558 5748 Ilirtor.
1595 5695 1868 5765 Plancum,
1899 5712 1996 5763 cap
2049 5695 2098 5749 2.

2187 526 2363 579 regem
2419 510 2574 579 hujus
2621 512 3001 579 persecutionis
3052 525 3322 569 auctorem
3364 516 3528 585 dicat,
3582 530 3763 575 tamen

2186 603 2489 658 Ruinartius
2520 605 2742 672 colligit,
2772 605 2871 660 hoc
2901 607 3115 660 nomine
3144 623 3173 660 a
3205 607 3465 677 Gregorio
3487 610 3763 681 designari

2185 694 2545 751 Genserieum.
2576 694 2824 749 Nonnulli
2862 697 3155 764 scriptores
3193 697 3415 767 Hispani
3453 699 3609 767 hujus
3642 717 3761 769 per-

2184 785 2469 841 secutionis
2516 794 2727 852 tempus
2770 786 3041 855 assignant
3075 788 3219 841 circa
3251 804 3450 843 annum
3486 791 3617 845 εει.
3652 794 3764 850 Sed

2184 892 2295 940 eos,
2340 886 2691 945 prmterquam
2731 879 2870 945 quod
2919 881 3278 947 supposititfis
3311 881 3586 938 chronicis
3624 886 3764 939 inni-

2187 977 2386 1032 tuntur,
2420 977 2563 1021 recte
2594 969 2788 1023 refellit
2818 967 3121 1024 Ruinartius
3151 986 3214 1024 ex
3247 972 3356 1040 ipsa
3388 974 3602 1028 ratione
3626 985 3762 1030 tern-

2188 1076 2371 1128 pnrum
2399 1076 2411 1110 :
2442 1058 2760 1114 Geusericus
2790 1060 2930 1113 enim
2968 1063 3207 1129 regnavit
3235 1073 3351 1130 post
3383 1062 3761 1129 Guntharium,

2186 1150 2273 1218 qui
2297 1163 2437 1202 anno
2460 1148 2563 1202 437
2587 1157 2676 1201 aut
2702 1149 2806 1202 428
2831 1150 3124 1204 exstinctus
3150 1160 3252 1205 est.
3283 1152 3461 1217 Quare
3488 1156 3533 1206 si
3562 1154 3765 1209 Geuse-

2188 1244 2329 1295 ricus
2358 1241 2633 1309 religionis
2658 1255 2812 1294 causa
2840 1241 3130 1296 catholicos
3164 1243 3217 1296 in
3249 1244 3498 1311 Ilispania
3530 1259 3763 1313 unquam

2191 1332 2421 1397 vexavit,
2453 1330 2505 1385 id
2537 1331 2728 1385 accidit
2769 1332 2927 1398 paulo
2961 1342 3244 1401 antequam
3274 1348 3396 1387 eum
3434 1334 3688 1389 Vandalis
3713 1337 3766 1391 in

2189 1423 2417 1477 Africam
2447 1423 2719 1492 migraret.
2759 1424 2998 1479 Similius
3040 1434 3216 1479 tamen
3242 1440 3369 1501 vero
3398 1426 3527 1479 mihi
3558 1427 3765 1482 videtur

2188 1513 2534 1569 Gensericum
2568 1528 2672 1568 non
2726 1514 2827 1568 nisi
2876 1525 2993 1583 post
3034 1514 3328 1584 ingressum
3360 1516 3412 1568 in
3447 1514 3681 1569 Africam
3712 1518 3764 1571 in

2189 1603 2515 1659 orthodoxos
2542 1604 2732 1659 saevire
2759 1606 3008 1673 coepisse.
3052 1605 3281 1673 Prosper
3317 1606 3368 1658 in
3399 1603 3675 1660 Chronico
3698 1607 3767 1660 ad

2190 1710 2316 1747 ann.
2345 1695 2449 1748 657
2475 1709 2594 1747 eum
2628 1694 2679 1747 in
2708 1694 2880 1747 Africa
2908 1694 3217 1748 catholicam
3250 1694 3407 1749 fidem
3438 1696 3640 1749 Ariana
3670 1697 3767 1747 im.

2195 1787 2386 1856 pietate
2430 1784 2740 1839 subvertere
2784 1785 3014 1839 vuln-isse
3058 1793 3278 1852 narrat,
3330 1785 3634 1855 additque:
3671 1786 3765 1839 Per

2194 1880 2325 1932 idem
2364 1890 2559 1939 Ieitipus
2593 1887 2806 1944 quatuor
2836 1875 3058 1943 Hispani
3094 1878 3189 1929 viri
3226 1878 3511 1944 Arcadius,
3543 1877 3764 1942 Probus,

2199 1969 2523 2031 Paschasius,
2556 1977 2604 2020 ’et
2644 1966 2989 2036 Eutycltiamrs
3026 1967 3220 2019 dudum
3266 1968 3405 2035 apud
3437 1966 3771 2021 Geusericus

2193 2064 2371 2116 merito
2399 2062 2665 2126 sapientia:
2692 2077 2753 2112 ac
2782 2060 2952 2127 ﬁdelis
2974 2059 3201 2128 obsequii
3230 2060 3355 2111 clari
3381 2059 3588 2128 carique
3615 2060 3769 2113 Iube-

2195 2157 2377 2209 bantstr
2405 2168 2423 2206 :
2452 2168 2575 2219 quos
2602 2168 2693 2204 rex
2719 2158 2769 2204 ut
2802 2150 3136 2220 capulariores
3162 2148 3255 2202 sibi
3291 2149 3503 2216 faceret,
3536 2152 3588 2202 in
3616 2152 3769 2205 Aria-

2195 2261 2311 2298 nam
2351 2242 2617 2310 perﬁdiam
2663 2241 2880 2293 transire
2927 2239 3233 2306 praecepit...
3284 2237 3473 2291 illustri
3520 2243 3770 2308 martyrio

2196 2336 2495 2388 mirabiliter
2542 2332 2907 2385 occubuerunt.
2961 2329 3278 2384 Geusericus
3326 2328 3649 2397 Carthagine
3688 2345 3769 2383 re-

2195 2440 2357 2496 gnare
2385 2423 2547 2491 carpit
2583 2439 2708 2477 ann.
2753 2422 2875 2486 459,
2917 2431 2969 2476 et
3017 2422 3116 2477 hac
3165 2422 3217 2474 in
3266 2422 3403 2476 urbe
3434 2422 3769 2490 potissimum

2199 2516 2498 2595 persecutio
2531 2514 2811 2567 \‘audalica
2844 2516 2985 2567 vires
3022 2528 3145 2567 snas
3182 2514 3408 2568 exeruit.
3450 2513 3601 2579 Quod
3633 2516 3678 2567 si
3721 2516 3771 2567 in

2199 2608 2442 2675 Hispania
2484 2607 2721 2661 nonnulli
2764 2607 2912 2674 jussu
2961 2605 3234 2660 Genseriei
3270 2610 3410 2675 regis
3449 2609 3769 2677 martyrium

2199 2695 2503 2759 subierunt,
2551 2694 2600 2747 id
2660 2694 2825 2761 potuit
2869 2692 3111 2746 accidere
3155 2692 3279 2746 dum
3329 2694 3545 2747 Vandali
3579 2694 3692 2761 jam
3721 2696 3773 2751 in

2198 2784 2372 2839 Africa
2406 2794 2817 2848 commorautes,
2855 2784 2906 2836 in
2940 2784 3238 2852 Hispaniam
3278 2786 3499 2839 navibus
3540 2787 3771 2856 advecti,

2200 2877 2428 2947 aliquam
2472 2876 2820 2944 irruptionem
2870 2876 3126 2939 fecerunt,
3165 2886 3221 2930 ut
3266 2877 3471 2932 ldaeius
3507 2878 3675 2933 refert
3709 2879 3779 2935 ad

2202 2980 2325 3018 ann.
2356 2964 2459 3018 ΜΞ)
2488 2981 2503 3019 :
2543 2964 2764 3018 Vandali
2792 2966 2998 3017 naribus
3036 2964 3263 3018 Turonio
3300 2970 3351 3018 in
3381 2967 3555 3020 littore
3582 2966 3781 3022 Galla»

2204 3057 2295 3110 cia:
2320 3065 2519 3125 repente
2547 3056 2739 3123 advecti
2764 3056 2987 3125 familias
3007 3057 3211 3124 capiunt
3238 3056 3593 3126 plurimorum.

2795 3192 3017 3249 CAPUT
3058 3194 3170 3248 XII.

2205 3307 2443 3361 Carmina
2473 3305 2735 3358 Dracontii
2759 3307 2819 3357 ab
2836 3308 3058 3375 antiquis
3084 3308 3147 3358 die
3172 3308 3422 3360 industria
3444 3309 3777 3376 interpolata.

2335 3376 2635 3447 Conjeetura
2666 3378 2726 3429 de
2755 3384 2918 3429 statua
2955 3378 3229 3429 Dracontio
3259 3377 3435 3431 Romae
3461 3391 3651 3434 erecta.

2274 3516 2384 3586 89
2424 3516 2545 3569 115.
2599 3515 2923 3570 Ουηιιιθνῖιιε
2970 3530 3077 3584 quo
3127 3523 3364 3585 tempore
3411 3532 3441 3570 a
3492 3518 3785 3573 Dracontio

2208 3605 2449 3657 laudatus
2490 3604 2611 3670 luit,
2646 3604 2868 3659 fortasse
2908 3620 2999 3659 eas
3043 3606 3226 3661 laudes
3258 3607 3477 3661 meritus
3522 3619 3662 3673 erat,
3694 3620 3780 3663 aut

2210 3696 2291 3751 his
2335 3711 2435 3752 non
2476 3697 2722 3765 indignus
2771 3698 3107 3762 habebatur;
3160 3707 3304 3752 certe
3352 3700 3557 3752 nullum
3601 3711 3784 3755 exstat

2211 3797 2612 3840 monumentum
2667 3802 2773 3856 quo
2831 3802 2952 3840 eum
3011 3788 3062 3840 in
3116 3788 3240 3842 odio
3295 3790 3433 3857 apud
3485 3790 3788 3848 eatbolicos

2210 3879 2371 3932 fuisse
2401 3879 2699 3933 eredainus.
2731 3880 2851 3933 Post
2884 3879 2935 3933 id
2972 3889 3178 3948 tempus
3209 3883 3398 3936 accidit
3430 3884 3570 3947 aliud
3602 3897 3788 3939 narrat

2211 3967 2414 4021 Idaeius
2454 3967 2518 4020 ad
2562 3983 2756 4020 annum
2790 3967 2929 4020 ‘28:
2963 3967 3279 4023 Cundericus
3308 3987 3401 4023 me
3431 3970 3791 4031 Vandalus-una

2212 4068 2359 4130 rapta
2383 4056 2607 4127 Hispali,
2635 4073 2748 4109 cum
2769 4058 2921 4127 impie
2946 4059 3110 4111 elatus
3138 4075 3317 4113 manus
3348 4062 3398 4112 in
3429 4066 3700 4119 ecclesiam
3726 4068 3786 4119 εί

2212 4152 2379 4203 vitatis
2406 4148 2564 4214 ipsius
2589 4136 2909 4213 extendisset,
2928 4165 3043 4201 mox
3070 4150 3165 4202 Dei
3182 4152 3382 4224 judicio
3413 4156 3649 4211 da'mone
3670 4175 3789 4212 cer-

2212 4254 2381 4308 reptus
2413 4241 2733 4295 interiit.()ui
2760 4242 2992 4296 adhmret
3020 4243 3249 4298 l-idorus
3277 4247 3327 4299 in
3356 4246 3554 4302 Ilistor.
3588 4249 3705 4302 Van
3728 4252 3795 4313 '.,

2214 4335 2297 4388 ubi
2340 4333 2405 4388 de
2434 4334 2735 4390 Gunderico
2775 4334 2889 4390 sive
2932 4336 3228 4391 Gunthario
3263 4339 3504 4406 loquens,
3540 4343 3661 4411 ait:
3694 4342 3791 4394 Hi~

2212 4426 2393 4489 spalim
2424 4426 2596 4488 diruit,
2631 4435 2841 4494 actaque
2872 4428 3006 4480 ca'de
3030 4428 3083 4480 in
3117 4430 3447 4497 direptionem
3477 4431 3656 4483 mittit.
3692 4432 3797 4498 Qui

2214 4533 2327 4566 cum
2359 4533 2389 4566 ιι
2412 4516 2661 4570 .rtoritate
2699 4518 3137 4587 regitetpoleslatis
3166 4518 3489 4570 irret-erenter
3524 4537 3713 4574 manus
3742 4524 3794 4574 in

2215 4604 2475 4657 basilicam
2502 4605 2754 4659 Vincentii
2777 4609 3011 4677 martyris
3034 4609 3247 4661 ciuitatis
3273 4610 3431 4674 ipsius
3457 4615 3799 4675 extendisser,

2216 4713 2331 4749 mea:
2362 4695 2455 4748 Dei
2475 4698 2677 4766 judicio
2709 4700 2759 4751 in
2796 4700 2989 4767 foribus
3022 4701 3194 4771 templi
3234 4702 3479 4755 dtemonio
3521 4715 3797 4771 correptas

2214 4790 2426 4842 interiit.
2454 4790 2547 4844 Hie
2577 4790 2725 4845 locus
2751 4792 2979 4846 maxime
3001 4792 3219 4846 idoneus
3247 4794 3431 4848 fuisset
3458 4805 3512 4850 ut
3538 4807 3793 4864 uterque,

2218 4880 2420 4934 ldacius
2450 4891 2499 4935 et
2537 4880 2795 4945 Isidorus,
2826 4884 2892 4937 de
2930 4882 3119 4938 hrcresi
3154 4884 3346 4937 Ariaua
3383 4885 3665 4941 Guntharii
3716 4890 3797 4944 Io~

2212 4981 2533 5039 querentur,
2576 4988 2729 5039 quam
2770 4972 2910 5026 illico
2949 4973 3099 5027 fratri
3125 4973 3413 5030 Gcnserico
3433 4977 3792 5044 exprobrant.

2213 5062 2393 5131 Itaque
2420 5063 2699 5118 Guntharii
2743 5080 2934 5120 nomen
2974 5065 3215 5120 odiosum
3261 5067 3353 5121 fuit
3395 5085 3497 5122 non
3531 5070 3601 5123 ob
3634 5072 3796 5125 Aria-

2212 5154 2471 5215 nismum,
2504 5153 2599 5207 sed
2626 5154 2695 5207 ob
2726 5153 3046 5222 impietatem
3080 5172 3181 5225 qua
3212 5172 3399 5211 manus
3429 5160 3477 5210 in
3505 5159 3790 5215 basilicam

2212 5244 2535 5299 S.Vincentii
2553 5246 2809 5310 extendit,
2832 5246 3200 5315 funestamque
3215 5258 3440 5303 mortem
3460 5251 3582 5306 inde
3595 5267 3793 5308 Conse-

2212 5346 2407 5389 eutam.
2443 5335 2727 5405 Procopius
2755 5338 2991 5403 quidem,
3025 5339 3116 5391 lib.
3148 5355 3165 5392 r
3197 5340 3328 5393 Hist.
3362 5340 3553 5403 Vand.,
3590 5344 3791 5398 famam

2213 5426 2377 5481 fuisse
2408 5427 2474 5479 ait
2511 5427 2853 5481 Geusericum
2881 5432 3065 5484 martis
3097 5432 3269 5485 fratris
3293 5432 3572 5487 Guntharii
3599 5447 3793 5490 aucto-

2214 5532 2324 5570 rem
2360 5517 2520 5572 Iuisse
2548 5535 2563 5581 ;
2596 5533 2653 5571 se
2685 5529 2858 5573 autern
2890 5535 2918 5572 a
2952 5521 3200 5575 Vandalis
3227 5526 3498 5589 accepisse
3538 5525 3779 5580 Guntha-

2214 5609 2351 5662 riam
2377 5610 2425 5661 in
2463 5609 2709 5677 HiSpanin
2737 5627 2763 5663 a
2793 5610 3071 5665 Germanis
3100 5622 3308 5680 captum
3341 5616 3389 5669 in
3414 5618 3594 5682 prmlio
3619 5618 3788 5673 fuisse

2216 5701 2466 5763 crncique
2500 5700 2737 5755 afﬂatum.
2772 5702 2963 5757 Verum
2994 5705 3281 5761 auctoritas
3314 5706 3467 5761 ldacii
3502 5706 3598 5762 hac
3632 5709 3695 5763 in
3729 5724 3788 5764 re
