3942 6310
250 323 349 378 661

1596 316 2121 372 PROLEGOME‘NA.

3384 324 3490 379 66!

256 438 411 503 longe
440 432 609 501 major
642 438 752 495 est,
796 431 1087 500 praesertim
1130 429 1416 484 a‘:cedente
1461 429 1660 482 Isidoro
1683 471 1696 491 ,
1730 428 1815 495 qui
1850 426 1907 487 λ
1928 428 2378 490 Satist'actiuncm,
2405 428 2650 484 licentius
2671 429 2997 497 corrigerent
3017 440 3067 485 et
3091 430 3485 500 interpolarent.

258 525 432 579 lilacio
470 523 672 590 aliquid
712 521 893 587 addit,
930 536 997 575 ει
1033 521 1153 575 aliis
1191 521 1393 575 scilicet
1441 523 1818 588 monumentis,

257 626 350 665 aut
373 627 437 664 ex
466 610 749 665 traditione
779 609 1004 678 lllspali,
1034 611 1122 665 ubi
1153 611 1435 680 οιιίεςομυε
1462 611 1574 679 ipse
1603 618 1720 664 erat
1750 613 1824 664 vi-

256 712 438 772 grate.

340 794 456 848 HG.
488 792 724 847 Infamia:
757 791 1035 849 Guntharii
1064 808 1091 845 a
1120 792 1183 846 ἀ..
1205 808 1359 847 moue
1385 794 1635 861 correpti,
1667 803 1719 847 et
1748 794 1829 847 in-

259 886 488 940 feliciter
537 886 785 939 exstincti
833 887 1056 939 accessit
1108 887 1396 939 crudelitas
1448 886 1721 940 Genserici
1775 888 1828 941 in

263 975 442 1030 Africa
466 975 754 1029 catholicos
782 977 1044 1040 vexantis,
1066 987 1119 1029 et
1148 978 1323 1045 plures
1353 978 1479 1029 alias
1506 978 1828 1045 provincias,

267 1067 573 1135 Hispaniam
595 1068 754 1120 etiam
794 1081 855 1119 ac
884 1068 1104 1121 Romam
1134 1069 1165 1134 i;
1187 1082 1299 1122 sam
1330 1070 1702 1137 deprzedan'is.
1742 1072 1831 1124 llis

262 1158 335 1213 de
360 1160 534 1212 causis
566 1160 778 1226 Hispani
816 1159 1076 1213 Vandalos
1118 1160 1407 1213 abominari
1455 1161 1682 1230 odioque
1704 1179 1831 1227 1m-

259 1251 416 1318 sequi
461 1250 774 1303 debuerunt.
813 1250 1165 1318 Quamobrem
1205 1253 1383 1305 mirari
1412 1254 1549 1305 subit
1593 1254 1678 1320 qui
1722 1254 1750 1305 ii
1790 1253 1832 1306 ri

263 1340 441 1407 potuit
467 1350 521 1392 ut
552 1340 880 1393 nobilissima
910 1341 1176 1408 Hispania:
1204 1344 1474 1410 provincia
1508 1344 1700 1396 Bietica
1728 1346 1837 1415 90

261 1444 390 1485 cum
430 1431 606 1499 aliquo
634 1447 823 1499 nempe
861 1434 1044 1485 [inium
1075 1444 1316 1486 veterum
1345 1443 1399 1488 et
1424 1436 1717 1488 recentium
1750 1438 1833 1489 di-

262 1520 520 1576 scrimine
553 1536 583 1574 a
610 1522 859 1578 Vandalis
890 1538 1079 1577 nomen
1109 1523 1440 1577 Vandalusiw
1467 1527 1773 1579 conservari
1820 1547 1833 1580 :

260 1614 315 1667 si
351 1624 523 1668 tamen
559 1614 659 1667 hoc
688 1630 880 1668 nomen
918 1630 1147 1683 unquam
1175 1614 1374 1668 habuit.
1410 1615 1722 1683 Pervulgata
1757 1626 1837 1670 νει

262 1706 387 1759 hazc
411 1705 591 1771 Opinio
616 1706 887 1758 hominum
920 1707 1077 1759 etiam
1108 1706 1554 1767 dOClisSimorlllll,
1589 1707 1835 1760 Bmticaiu

1930 520 1982 573 ld
2012 538 2077 574 an
2102 521 2168 573 ab
2193 520 2307 573 aliis
2338 522 2508 587 aliqua
2540 536 2601 574 es
2641 528 2786 587 parte
2816 520 3008 574 f.-ctu~n
3051 523 3209 577 fuerit
3234 534 3357 580 ante
3387 523 3492 580 Eu-

1927 614 2139 678 genium
2175 610 2517 674 Toletannm,
2559 610 2783 665 definire
2826 626 2928 664 non
2974 613 3165 665 ausim.
3199 612 3355 669 Certe
3383 616 3491 681 jam

1929 701 1987 756 S.
2033 701 2216 755 Isidori
2257 710 2496 769 tempore
2536 716 2657 770 pars
2699 701 2851 770 primi
2895 702 3198 771 lihri,,qua:
3227 704 3293 758 de
3321 706 3496 772 0,.ere

1932 808 2023 847 sex
2050 794 2253 847 derunt
2290 794 2539 861 inscripta
2570 792 2687 861 fuit,
2721 808 2749 845 a
2774 792 2975 862 reliquo
3004 810 3225 861 corpore
3253 805 3497 861 separata

1932 893 2077 947 erat,
2114 892 2166 937 et
2202 885 2266 935 ah
2305 884 2491 937 eodem
2539 884 2741 936 Isidoro
2783 884 3185 949 corruptissime
3228 883 3501 951 legebatur

1936 990 2119 1028 virsus
2147 974 2358 1042 quidam
2393 975 2545 1042 primi
2585 974 2739 1042 hujus
2770 974 2921 1037 libri,
2959 983 3013 1026 ut
3058 975 3233 1045 notavi
3269 991 3415 1029 num.
3443 978 3498 1031 7.

1938 1063 2204 1135 Eugenins
2227 1062 2633 1117 Chindasuinthi
2664 1064 2802 1131 regis
2825 1064 2972 1130 jussu
3006 1064 3211 1117 libellos
3233 1065 3501 1120 Drac0ntii

1936 1157 1998 1210 de
2026 1157 2289 1211 Creatione
2317 1156 2492 1209 mundi
2519 1159 2871 1225 conscriptos.
2914 1168 2971 1209 ut
3013 1157 3244 1225 loquitur
3276 1159 3332 1215 S.
3363 1160 3503 1216 llde-

1939 1249 2137 1313 foosus,
2170 1248 2403 1316 suscepit
2432 1248 2813 1301 emendandos.
2844 1249 2895 1301 lu
2927 1248 3165 1301 versibus
3192 1250 3278 1317 qui
3301 1250 3364 1303 ad
3396 1254 3504 1319 pri-
3593 1248 3599 1257 ’

1938 1357 2079 1395 mum
2112 1340 2299 1393 librum
2336 1339 2398 1391 de
2434 1340 2540 1393 Deo
2570 1339 2853 1407 pertinent,
2890 1339 3157 1392 nonnulla:
3188 1340 3506 1396 mutationes

1942 1431 2090 1485 facta:
2118 1440 2263 1496 sunt,
2296 1430 2388 1483 sed
2417 1446 2520 1483 non
2559 1430 2844 1483 admodum
2879 1429 3204 1499 frequentes,
3238 1447 3409 1500 neque
3436 1432 3507 1486 ita

1942 1526 2115 1593 magni
2149 1527 2422 1586 momenti,
2457 1531 2513 1575 ut
2544 1533 2781 1575 nostrum
2823 1522 3059 1576 codicem
3103 1540 3223 1577 cum
3261 1524 3507 1579 Sirmon-

1941 1614 2098 1667 diano
2127 1598 2417 1666 conferenti
2464 1612 2679 1680 patebit.
2712 1613 2764 1665 lo
2796 1614 3019 1681 cpistola
3064 1615 3361 1682 prmsertim
3404 1615 3508 1669 Eu-

1940 1704 2126 1773 genius
2160 1718 2220 1757 ea
2257 1702 2464 1756 videtur
2509 1701 2699 1756 fecisse
2728 1719 2844 1771 qua:
2886 1704 2935 1756 in
2982 1719 3073 1757 sua
3108 1705 3414 1771 praefatione
3442 1706 3508 1762 ad

262 1810 414 1849 nunc
449 1795 551 1848 dici
591 1796 910 1859 Andalusia,
958 1796 1080 1864 quia
1124 1798 1249 1849 olim
1282 1811 1311 1849 a
1345 1797 1591 1850 Vanilalis
1626 1797 1831 1851 Vanda-
1874 1789 1915 1847 B
1944 1808 2121 1863 regem
2147 1792 2623 1846 Chiudasuinthum
2650 1802 2847 1853 narrat,
2872 1795 3129 1861 superﬂua
3159 1810 3211 1846 se
3238 1795 3509 1864 dempsisse

258 1888 418 1940 lusit:
445 1902 635 1942 nomen
668 1888 907 1954 aeiepit:
942 1903 1237 1958 quanquam
1271 1890 1356 1940 alii
1387 1889 1692 1942 VanAIaIiam
1722 1908 1837 1943 eam

257 1976 561 2045 appellant,
590 1976 677 2029 alii
717 1976 1086 2042 Vandalitium,
1119 1979 1208 2030 alii
1246 1978 1629 2033 Vandalosiam.
1658 1979 1839 2033 Viilcri

265 2067 373 2119 hac
394 2066 459 2120 de
483 2083 539 2120 re
563 2077 781 2135 possunt
801 2068 1090 2125 Rodericus
1110 2071 1735 2139 archiepiscopusToleta
1764 2089 1839 2126 .us

264 2158 409 2211 llist.
446 2156 665 2211 \‘andal.
697 2172 815 2225 cap.
870 2157 963 2220 12,
993 2169 1043 2211 et
1085 2163 1171 2228 qui
1209 2176 1330 2213 eum
1374 2160 1539 2214 secuti
1572 2161 1835 2227 vidi-truc,

261 2249 570 2305 Rodtricus
605 2251 848 2303 Sanetius
888 2251 952 2307 de
992 2251 1219 2306 Arevalo
1257 2252 1392 2306 llist.
1442 2253 1588 2322 Ilisp.
1623 2264 1756 2322 part.
1794 2272 1838 2319 ι,

258 2352 393 2406 cap.
438 2339 507 2400 7;
561 2338 922 2392 Nebrissensis
971 2342 1023 2392 in
1066 2339 1355 2409 prolegom.
1387 2342 1453 2394 ad
1495 2342 1690 2395 Decad.
1733 2359 1838 2396 rer.

258 2438 409 2498 gest.
445 2428 659 2483 Ferdin.
695 2440 746 2483 et
787 2430 1014 2493 Elisab.;
1048 2430 1262 2485 Vasazus
1303 2433 1355 2485 in
1403 2433 1600 2487 Chr-on.
1629 2449 1745 2502 cap.
1781 2436 1840 2499 8;

263 2522 505 2575 Mariana
532 2522 624 2575 lib.
652 2538 666 2575 ι
695 2522 826 2575 llist.
856 2522 1024 2587 Iliso,
1052 2538 1168 2591 cap.
1190 2523 1254 2587 ις
1285 2525 1595 2577 Ambrosius
1622 2526 1845 2579 Mura'cs

262 2612 370 2666 lib.
397 2629 447 2666 XI
474 2614 631 2679 llist.,
662 2629 778 2682 cap.
803 2613 887 2678 15,
907 2626 960 2667 ut
988 2613 1328 2683 Volfgaugum
1349 2615 1843 2675 Lazium.Grot3um

257 2704 514 2772 aliosque
543 2705 805 2759 omittam.
849 2704 1104 2773 Equidem
1139 2716 1343 2760 veteres
1391 2708 1680 2775 siriptores
1719 2707 1844 2761 dum

261 2793 544 2862 perlustro
574 2794 662 2862 qui
693 2810 720 2845 a
758 2794 1109 2847 Vandalurum
1143 2806 1379 2863 tempore
1424 2796 1486 2849 ad
1520 2798 1666 2865 plura
1697 2798 1846 2851 deio-

258 2899 403 2953 ceps
449 2886 825 2953 consequentia
856 2886 1045 2940 StCCllia
1081 2887 1357 2953 vixerunt,
1394 2903 1606 2955 πλη-ει·
1637 2891 1846 2944 invenio

263 2979 415 3030 hanc
456 2977 777 3044 provinciam
828 2978 1071 3031 Baeticam
1110 2978 1175 3029 ab
1222 2980 1299 3033 eis
1338 2981 1535 3041 vocari,
1580 2996 1844 3049 nunquam

269 3063 674 3129 Vandalusiam,
719 3076 809 3118 aut
852 3067 958 3119 alio
998 3070 1209 3123 nomine
1247 3086 1272 3121 a
1300 3068 1554 3123 Vandalis
1598 3072 1843 3138 repetito.

262 3156 591 3211 Scribebant
636 3157 708 3209 illi
741 3158 951 3225 quidem
985 3157 1187 3221 Latine,
1217 3160 1310 3213 sed
1341 3176 1459 3213 cum
1489 3160 1589 3213 alia
1623 3162 1784 3214 multa
1815 3180 1844 3215 e
1873 3139 1919 3198 Ο

266 3250 480 3317 vu'gari
518 3264 767 3304 sermone
801 3251 1057 3304 vocabula
1097 3260 1398 3318 sumerent,
1430 3252 1647 3308 difficile
1676 3263 1758 3308 est
1789 3265 1845 3309 ut

263 3353 547 3407 nunquam
583 3336 952 3399 l’andalusiain
984 3344 1342 3405 nominarent,
1374 3343 1633 3412 siquidem
1662 3359 1723 3398 ea
1749 3360 1847 3413 ap-

265 3428 499 3497 pellatio
522 3443 616 3481 usu
642 3442 850 3497 recepta
874 3440 1004 3483 erat.
1028 3432 1089 3485 Et
1118 3432 1408 3487 Roderieus
1427 3434 1637 3501 quidem
1669 3435 1848 3489 anchi-

263 3522 561 3589 CpiSCOpllS
600 3521 887 3576 Toletamis
930 3524 1032 3578 loc.
1084 3526 1177 3597 cit.
1224 3541 1252 3578 a
1298 3526 1545 3580 Vandalis
1594 3528 1850 3598 Silinguis

263 3613 537 3681 originem
565 3616 791 3668 nominis
821 3632 891 3673 re.
915 3617 1047 3671 ctit:
1078 3618 1202 3684 Qua:
1227 3620 1383 3690 regio,
1411 3620 1602 3689 inquit,
1631 3638 1661 3674 a
1688 3622 1851 3677 Siliu-

264 3706 391 3775 guis
423 3703 668 3757 Vanitatis
695 3707 863 3759 adhuc
888 3706 1037 3760 hodie
1060 3708 1309 3761 Vundalia
1335 3722 1676 3778 nuncupatur,
1701 3728 1850 3780 quam

271 3794 624 3849 Andalusiant
655 3808 896 3865 corrupto
927 3800 1169 3852 vocabulo
1198 3802 1473 3870 tiuigai‘iter
1511 3806 1848 3873 appeilamus.

272 3890 612 3945 Vocabulum
646 3907 772 3959 ergo
804 3890 1088 3945 Andalusia
1124 3894 1341 3962 Vulgare
1368 3896 1476 3963 jam
1508 3907 1623 3950 erat
1654 3898 1853 3951 szi-Ciilo

270 3998 398 4047 sttit,
424 3993 525 4050 quo
560 3981 825 4035 scribebat
845 3982 1157 4046 ltodericus,
1182 3993 1472 4053 sumptum,
1497 3996 1549 4038 ut
1580 4002 1683 4039 non
1718 3988 1852 4040 male

268 4073 497 4141 conjicit
523 4072 793 4126 Florezius
826 4082 955 4126 tom.
981 4073 1048 4126 ΙΧ
1081 4074 1223 4142 llisp.
1244 4090 1406 4139 sacr.,
1434 4084 1589 4130 tract.
1616 4078 1702 4139 28,
1731 4092 1849 4143 cap.

270 4168 327 4233 ι,
365 4182 395 4218 a
432 4180 559 4219 voce
595 4166 817 4219 Aiahica
863 4166 1117 4229 Andalos,
1152 4184 1267 4233 qua:
1312 4174 1424 4221 tem
1463 4170 1850 4224 occidentalem

267 4258 570 4328 signiﬁcat.
608 4258 697 4319 Et,
740 4267 795 4311 ut
837 4260 1070 4323 videtur,
1116 4260 1339 4326 trimum
1380 4262 1666 4315 Andalusia
1712 4266 1854 4315 dice-

272 4350 444 4401 batur
485 4355 588 4400 tota
638 4346 917 4415 Hispania,
951 4348 1032 4401 vel
1064 4364 1249 4401 omnes
1279 4350 1382 4403 illa:
1424 4352 1705 4417 provincite
1735 4368 1853 4421 qum

272 4455 303 4492 ι
350 4436 549 4489 Mauris
589 4436 938 4499 tenebantur;
980 4437 1171 4491 deinde
1212 4438 1312 4493 hac
1349 4454 1539 4493 nomen
1588 4441 1739 4493 ltznst
1777 4442 1849 4494 ili

275 4527 453 4597 provi.
480 4528 571 4579 ei:e
595 4542 712 4595 qua:
738 4528 862 4581 olim
893 4527 1001 4581 fere
1030 4528 1218 4582 Βιριῖοη
1248 4539 1379 4595 erat,
1402 4543 1453 4584 et
1487 4534 1533 4582 in
1565 4548 1663 4600 qua
1687 4533 1851 4585 Mauri

273 4618 418 4671 diuti
444 4633 485 4670 is
514 4620 882 4673 constiterunt.
909 4620 1223 4673 Abunazarii
1255 4631 1424 4675 exstat
1452 4623 1513 4673 de
1537 4623 1735 4677 S'udiis
1765 4642 1857 4691 po-

276 4712 396 4778 puli
422 4711 735 4776 Andalut'az,
766 4713 865 4767 hoc
892 4721 975 4766 est
1012 4714 1276 4781 llispania:
1305 4714 1564 4777 Arabicae,
1595 4732 1771 4769 rarum
1804 4728 1857 4770 et

276 4799 504 4852 inventu
556 4801 769 4855 diflicile
823 4817 976 4870 opus.
1024 4803 1253 4855 Consule
1299 4802 1413 4855 Nic.
1465 4809 1752 4858 Antonium
1802 4807 1854 4861 in

279 4907 312 4958 p
346 4890 437 4944 :I-f.
478 4891 541 4944 ad
579 4890 734 4955 Bibl.,
779 4901 832 4947 et
876 4893 926 4945 in
968 4893 1218 4947 Biblioth.
1252 4893 1661 4965 Arabico-llisp.
1695 4898 1857 4952 verbo

279 4984 400 5032 Aw
449 4978 652 5034 Count
694 4982 1058 5045 Annuusws,
1103 4984 1189 5035 ubi
1224 4984 1373 5051 plura
1411 4984 1477 5039 de
1514 4984 1617 5040 hoc
1647 4988 1858 5041 nomine

279 5071 544 5138 disputat,
568 5084 619 5126 et
653 5073 955 5142 opinionem
985 5076 1257 5143 vulgarem
1285 5076 1479 5146 rejicit,
1507 5079 1647 5149 quod
1679 5081 1857 5133 Anda-

283 5164 427 5217 lusia
452 5182 479 5214 a
506 5164 756 5218 Vandalis
785 5168 921 5219 diota
958 5166 1136 5219 fuerit.

356 5256 464 5326 91
492 5258 607 5310 U7.
636 5257 764 5312 Utut
792 5260 839 5311 id
872 5269 974 5325 est,
1001 5260 1244 5328 Hispanis
1271 5260 1584 5331 Gothisque,
1612 5265 1699 5331 qtti
1729 5264 1859 5317 Van-

282 5347 529 5399 daloruio
571 5349 747 5403 hostes
779 5348 1005 5415 fuerant,
1039 5353 1331 5419 prieseriim
1365 5363 1642 5423 postquam
1673 5355 1723 5408 bi
1754 5356 1856 5410 im-

280 5437 542 5503 pietatem
573 5440 823 5493 Arianam
865 5440 1233 5508 ejuraverant,
1269 5444 1483 5497 minime
1526 5446 1735 5511 p3acere
1768 5461 1861 5511 νο-

284 5538 464 5580 terant
500 5528 680 5584 laudes
714 5531 905 5599 quibus
950 5534 1276 5589 Guntharius
1307 5550 1334 5588 a
1378 5537 1657 5590 Dracontio
1688 5538 1861 5593 fuerat

279 5620 608 5673 Cumulatus.
653 5622 746 5690 Et,
792 5624 886 5677 nisi
936 5627 1155 5678 n'miutn
1197 5627 1375 5693 fallor,
1421 5628 1534 5682 haec
1572 5643 1729 5682 causa
1763 5628 1859 5685 fuit

282 5712 557 5768 nonnulis
598 5730 693 5769 cur
739 5717 1001 5771 Dracoti
1047 5732 1314 5785 pinniaia,
1353 5722 1682 5787 potis~imtun
1730 5737 1857 5777 vero

1944 1887 2022 1956 (ut
2047 1890 2158 1955 ipse
2178 1886 2433 1955 putabat),
2457 1885 2734 1953 semiplena
2764 1888 2987 1955 supplev.’
2993 1903 3088 1950 sse,
3121 1890 3285 1956 fracta
3310 1897 3510 1942 conata.

1941 1977 2175 2038 bilivisse,
2208 1974 2378 2029 crebro
2407 1976 2618 2045 repetita
2648 1984 2884 2039 mutasse,
2912 1977 3183 2029 t'ersiculos
3212 1979 3510 2043 detraxisse,

1940 2067 2026 2132 qui
2058 2076 2102 2118 et
2130 2082 2275 2119 sensu
2301 2067 2475 2134 tepidi,
2508 2075 2556 2117 et
2580 2066 2737 2118 verbis
2768 2067 2984 2133 illepirli,
3014 2076 3057 2118 et
3086 2068 3228 2118 nulla
3255 2078 3398 2121 erant
3428 2086 3510 2121 ra-

1942 2157 2073 2209 tione
2100 2157 2322 2223 snbnixi,
2361 2158 2411 2209 in
2451 2157 2629 2225 quibus
2659 2155 2788 2210 nihil
2819 2159 3158 2226 reperiebatur
3187 2176 3284 2227 quo
3314 2160 3511 2213 lectoris

1942 2247 2139 2299 animus
2171 2257 2256 2299 aut
2298 2246 2600 2299 mulceretur
2630 2246 2824 2312 doctus,
2857 2257 2943 2299 aut
2975 2247 3237 2300 doceretur
3262 2249 3512 2301 indectus.

1944 2337 2084 2391 Nihil
2119 2347 2292 2391 autem
2326 2336 2473 2405 prius
2504 2336 2690 2390 habuit
2723 2337 3017 2405 Eugenius,
3052 2337 3165 2390 sive
3202 2336 3336 2390 alius
3368 2338 3514 2406 (nam

1946 2430 1977 2482 f.
2002 2440 2171 2483 rtasse
2197 2438 2317 2483 ante
2356 2427 2436 2483 vel
2468 2438 2583 2496 post
2612 2428 2905 2495 Eugenium
2937 2430 3071 2481 a'ius
3103 2426 3201 2481 fuit
3230 2430 3514 2498 interpola-

1946 2518 2073 2587 tor).
2098 2533 2254 2587 quam
2289 2528 2344 2571 nt
2376 2518 2685 2571 memoriam
2720 2533 2937 2572 omnem
2979 2520 3118 2587 regis
3154 2520 3513 2574 Vandalornm

1947 2608 2155 2673 penitus
2179 2607 2435 2671 aboleret,
2471 2623 2759 2677 versusque
2792 2610 2911 2663 ilfos
2940 2608 3209 2664 omitteret
3238 2628 3299 2665 ex
3326 2612 3513 2681 quibus

1946 2700 2156 2753 occasio
2195 2714 2296 2767 qua
2340 2699 2465 2765 seri,
2488 2705 2537 2753 ta
2588 2698 2685 2752 fuit
2721 2700 3018 2753 Satisiaetio
3064 2702 3263 2769 percipi
3314 2713 3511 2770 posset.

1948 2790 2079 2843 llinc
2113 2787 2455 2857 pranermissi
2484 2790 2702 2841 omnino
2723 2796 2849 2842 sunt
2878 2787 2930 2840 bi
2964 2802 3149 2841 versus
3174 2804 3189 2841 :

2133 2926 2352 2975 Nominis
2376 2925 2603 2986 Asdingu‘
2627 2925 2751 2974 bella
2778 2927 3160 2986 lrfumpliigera“
3398 2968 3410 2976 ς

2066 2990 2265 3046 Servet,
2290 2989 2363 3033 avi
2386 2995 2439 3035 ut
2463 2988 2633 3050 laudes
2650 2990 2823 3048 dicam,
2847 2990 3137 3049 patriasque,
3166 2989 3396 3050 tussiue,’

2133 3050 2328 3110 Perque
2351 3061 2462 3098 suas
2483 3048 2644 3111 proles
2667 3052 2801 3112 regia
2828 3057 2935 3099 vota
2954 3048 3135 3098 canam.

2024 3182 2146 3238 tl8.
2192 3181 2379 3237 Dedita
2427 3180 2586 3235 etiam
2618 3195 2775 3250 opera
2824 3181 3075 3249 postremi
3127 3180 3513 3236 Satisfartionis

1950 3288 2137 3328 versus
2168 3273 2349 3327 omissi
2393 3271 2667 3337 videntur,
2714 3272 2905 3339 quibus
2954 3286 3206 3326 aarumnaa
3247 3272 3512 3326 Dracontii

1950 3365 2148 3418 clarius
2186 3362 2586 3424 describuntur.
2635 3362 2941 3430 factumque
2984 3360 3107 3415 illud
3158 3371 3404 3415 narratur
3448 3378 3514 3418 ex

1949 3470 2055 3525 quo
2100 3462 2305 3508 veteres
2356 3468 2535 3523 regem
2586 3453 2674 3522 qui
2727 3451 3042 3505 laudabatur
3090 3461 3307 3521 possent
3353 3467 3514 3522 agno.

1950 3561 2098 3600 SCEI‘C
2125 3559 2139 3597 ε

2074 3684 2284 3735 heluus
2307 3684 2616 3743 armipotens.
2645 3690 2818 3732 vestra:
2840 3684 3035 3744 pietatFS
3052 3696 3092 3731 θ’
3110 3685 3205 3744 igo,

2135 3746 2242 3814 92
2266 3752 2320 3800 Et
2344 3754 2526 3807 doctus,
2555 3755 2700 3813 genio
2724 3756 2916 3812 proniOr
2939 3755 2995 3800 ad
3024 3759 3233 3812 veniam,

2077 3814 2179 3862 Non
2210 3816 2385 3861 homini
2413 3817 2629 3874 Ignosco,
2659 3814 2798 3870 dixit,
2826 3814 2912 3862 sed
2940 3814 3101 3871 lrngua
3130 3823 3351 3863 meretur
3378 3829 3388 3861 :

2140 3875 2228 3923 llic
2257 3888 2369 3924 rcus
2394 3884 2443 3923 et
2463 3876 2574 3923 doct
2609 3889 2632 3923 s
2660 3874 2961 3923 Vincomalus
2983 3874 3159 3923 fuerat.

1953 4002 2066 4058 Non
2108 4012 2282 4058 tamen
2326 4004 2561 4074 Eugenio
2600 4005 2966 4073 imputaveriin
2999 4006 3147 4074 'quod
3186 4005 3396 4073 _ti.tilum
3426 4008 3522 4062 Sa-

1956 4094 2289 4161 tisfacti-nis,
2322 4095 2471 4166 quasi
2500 4096 2564 4149 ad
2596 4079 2952 4151 Theodosium
2986 4096 3256 4152 Junimcm
3289 4099 3520 4167 scriptae,

1956 4188 2067 4255 ipse
2098 4190 2454 4257 supposuerit,
2488 4189 2649 4257 priori
2681 4189 3026 4256 inscriptione
3054 4190 3226 4244 deleta
3258 4206 3357 4257 qua
3386 4191 3523 4260 regis

1960 4279 2319 4332 Vandalorum
2367 4294 2561 4333 numen
2607 4294 2916 4341 expressum
2960 4292 3114 4345 crat;
3172 4298 3340 4349 neque
3384 4285 3524 4335 enim

1958 4368 2171 4423 credam
2192 4370 2361 4423 virum
2389 4372 2608 4436 probum
2634 4371 2976 4441 veritatisque
3000 4374 3297 4425 studiosum
3323 4382 3523 4425 tantum

1958 4459 2057 4513 sibi
2081 4475 2377 4528 arrogasse.
2398 4462 2499 4515 Aut
2520 4462 2679 4530 igitur
2703 4462 2811 4530 ipse
2835 4462 3091 4530 igztoraiit
3114 4464 3320 4515 cuinam
3344 4464 3522 4517 laudes

1958 4551 2193 4620 epistola:
2220 4551 2539 4615 dicerentur,
2560 4562 2610 4604 et
2639 4567 2701 4605 ex
2733 4553 3027 4619 temporum
3064 4552 3263 4605 ratione
3295 4554 3523 4621 conjecit

1958 4649 2383 4704 Satisfaetionem
2417 4650 2479 4702 ad
2516 4652 2889 4718 impr-ratorem
2929 4651 3077 4704 Theo
3100 4652 3289 4705 ’osium
3340 4653 3524 4713 Iunio.

1959 4757 2070 4795 rem
2105 4742 2312 4805 referri,
2339 4750 2448 4807 aut,
2483 4742 2621 4811 quod
2655 4742 2829 4796 verius
2863 4752 3009 4809 puto,
3040 4744 3262 4811 elegiam
3290 4746 3407 4801 sine
3447 4749 3523 4800 in-

1958 4834 2245 4902 scriptione
2286 4834 2399 4903 ipse
2448 4834 2676 4899 dimisit,
2718 4835 2801 4889 cui
2849 4834 2935 4887 alii
2977 4847 3154 4903 postea
3203 4852 3322 4891 eum
3366 4854 3524 4908 quem

1963 4942 2100 4981 nunc
2133 4926 2269 4995 apud
2300 4926 2633 4979 Sirmondum
2676 4924 2915 4994 legimus,
2952 4942 3015 4979 ex
3045 4930 3346 4995 conjectura
3377 4929 3525 4983 addi-

1964 5014 2153 5069 derunt
2187 5016 2417 5069 titulum.
2446 5016 2677 5069 Aliarum
2708 5016 2891 5068 mutati
2932 5033 3054 5069 nunt
3089 5034 3204 5086 qua:
3233 5018 3284 5072 in
3314 5028 3525 5074 senten-

1964 5105 2020 5159 tii
2036 5124 2049 5149 ς
2071 5106 2223 5158 aliter
2245 5122 2304 5157 ac
2335 5107 2445 5174 ipse
2472 5118 2655 5158 aue'or
2676 5105 2842 5159 voluit
2864 5107 3188 5174 explicandis
3211 5109 3358 5163 facta:
3381 5119 3524 5174 sunt,

1963 5212 2121 5249 unum
2159 5198 2238 5249 vel
2268 5198 2488 5249 alterunt
2521 5196 2779 5265 proferam
2814 5199 3139 5266 exemplum.

2035 5310 2153 5362 lli).
2191 5309 2500 5363 Dracontiu~
2554 5309 2933 5375 irovidentinm
2973 5310 3065 5363 Dei
3099 5310 3163 5367 de
3206 5313 3379 5377 bonis,
3411 5330 3527 5383 quia

1962 5400 2143 5465 donat,
2176 5417 2235 5454 ac
2266 5401 2330 5453 de
2363 5401 2533 5463 malis,
2566 5416 2681 5467 qua!
2720 5401 2995 5469 permi1tit,
3030 5403 3125 5455 hoc
3169 5419 3271 5455 uno
3301 5405 3527 5460 disticho

1963 5492 2264 5560 COIIlpICXIIS
2293 5500 2371 5543 est
2402 5505 2537 5543 vers.
2576 5492 2639 5544 l5
2666 5508 2677 5541 :

2087 5607 2321 5668 Qu'dniid
2362 5615 2509 5669 agunt
2554 5607 2805 5667 homines,
2854 5608 3005 5669 bona,
3052 5610 3225 5671 tristia,
3260 5625 3525 5675 prospera,

2149 5726 2248 5778 Hoc
2275 5728 2379 5780 ﬁeri
2402 5729 2650 5780 admittunt
2673 5732 2739 5780 ira
2758 5729 2986 5793 favorque
3005 5729 3114 5783 Dei.
3280 5674 3469 5763 “'ma'
