3942 6310
512 310 619 375 665

1889 300 2341 358 DRACONTIUS.

3658 306 3753 361 664

514 444 582 501 Ut
619 441 777 499 simili
821 439 978 494 modo
1013 440 1223 494 dixerat
1261 439 1354 494 lib.
1398 455 1443 504 ι,
1485 451 1624 492 vers.
1668 437 1767 501 l8,
1809 449 1975 490 carm.
2012 435 2079 490 de

2199 427 2247 467 aa
2276 428 2396 483 qua:
2435 412 2489 469 in
2521 410 2698 468 Gallia
2728 420 2885 487 sunt,
2928 428 2995 470 ex
3026 413 3401 471 emendatione
3424 414 3655 485 Eugenii
3686 421 3761 472 vi-

511 536 671 590 Deo:

631 623 802 672 Omnia
835 635 945 684 quae
978 622 1197 679 veniunt,
1218 622 1361 678 bona,
1386 620 1582 684 gaudia.
1605 620 1780 684 tristia,
1806 619 1981 670 acerba

630 681 949 734 Descendunt
972 696 1034 731 ex
1055 696 1169 732 arce
1193 684 1309 745 Dei,
1328 681 1529 733 de‘sede
1548 681 1798 732 Tonantis.

509 767 881 834 Interpolatori
908 766 1169 821 sententia
1193 766 1379 835 elegia:
1403 765 1533 819 dura
1550 765 1663 819 visa
1685 772 1794 819 est:
1821 762 1935 817 lucc
1953 776 2079 831 ergo

508 859 600 914 ille
631 858 737 913 duo
766 858 993 912 disticha
1023 858 1339 927 supposuit:

630 951 869 1050 Quidquid
903 958 1050 1012 agunt
1072 951 1312 1012 homines,
1336 951 1485 1010 bona,
1505 958 1757 1010 prospera,
1774 953 2078 1067 agnino-

692 1072 767 1121 Te
786 1071 1011 1128 faciente,
1038 1071 1174 1129 ﬁunt,
1199 1084 1297 1130 quo
1319 1070 1445 1118 bona
1469 1074 1638 1118 cuncta
1677 1069 1812 1125 ﬁunt,

632 1132 835 1181 Econtra
861 1134 1082 1191 adversa,
1109 1133 1357 1194 probrosa.
1382 1132 1612 1194 maligna,
1639 1130 1895 1179 inhonesta

694 1195 767 1243 Tu
794 1194 898 1242 ﬁeri
926 1190 1124 1257 pateris,
1146 1194 1225 1253 qui
1248 1192 1369 1241 mala
1394 1192 1521 1240 nulla
1540 1190 1671 1241 facis.

510 1279 594 1341 Et,
628 1288 685 1331 ut
726 1278 961 1345 apertius
990 1277 1172 1331 videas
1197 1276 1323 1346 quid
1354 1276 1721 1346 interpolatori
1770 1274 1821 1328 in
1854 1272 2081 1327 disticho

509 1366 783 1425 Dracontii
810 1366 1169 1435 displicuerit,
1211 1365 1629 1429 animadvertas,
1661 1379 1866 1433 quaeso,
1912 1372 2082 1416 Inttta—

510 1460 706 1513 tionem
745 1457 959 1513 distichi
990 1458 1295 1528 sequentis,
1332 1456 1471 1527 quod
1508 1456 1822 1510 Dracontius
1862 1455 1931 1507 ita
1968 1454 2080 1507 eili-

510 1549 699 1603 derat:

638 1639 741 1688 Hoc
765 1647 844 1687 tua
866 1639 1012 1686 verba
1036 1637 1239 1698 probant
1261 1637 1425 1685 Moseo
1445 1636 1567 1685 dicta
1592 1636 1851 1697 prepizetre,

702 1700 838 1758 Quod
860 1700 1125 1749 duraturus
1146 1712 1229 1748 cor
1253 1699 1512 1748 Pharaonis
1536 1711 1660 1746 eras.

2181 503 2374 558 dentur
2399 504 2743 572 processisse,
2784 514 3009 573 excepto
3044 505 3232 561 codice
3258 506 3549 561 Parisiensi
3586 507 3645 562 S.
3675 510 3764 564 V’i—

2180 596 2365 658 ctoris,
2394 608 2551 661 quem
2576 609 2676 659 ego
2699 601 2827 662 puto
2847 603 3122 649 exaratum
3148 609 3214 649 ex
3244 595 3428 663 aliquo
3453 598 3760 666 antiquiori,

2179 685 2323 738 solos
2348 698 2533 738 versus
2555 684 2621 738 de
2643 686 2816 751 Opere
2841 699 2935 739 sex
2960 684 3167 740 dierum
3191 687 3525 753 continente,
3549 690 3762 755 qualern

2179 773 2338 829 etiam
2366 782 2495 828 ante
2525 774 2819 843 Eugenium
2850 774 2982 829 vidit
3011 775 3263 829 Isidorus.
3312 776 3517 831 Verum
3549 777 3764 834 difﬁcile

2181 881 2288 919 non
2319 865 2416 919 fuit
2446 874 2502 918 ut
2532 875 2655 919 ante
2683 866 2741 921 S.
2775 864 2959 920 lsidori
3003 876 3248 935 tempora
3274 868 3447 924 codex
3478 870 3677 939 aliquis
3702 887 3765 926 ex

2182 956 2433 1024 Hispania
2459 956 2510 1010 in
2542 956 2745 1012 Italiam
2769 956 3143 1022 adveheretur,
3166 960 3258 1027 qui
3284 959 3554 1029 integrum
3579 975 3765 1029 poema

2180 1048 2248 1102 de
2272 1048 2400 1113 Deo,
2422 1056 2479 1105 et
2500 1048 2929 1104 Satisfactionem
2950 1050 3018 1105 ad
3039 1065 3218 1120 regem
3241 1050 3604 1107 Guntbarium
3623 1069 3767 1109 com-

2181 1138 2536 1206 prehenderet
2580 1156 2593 1192 :
2648 1138 2750 1194 nisi
2798 1139 3025 1195 velimus
3074 1141 3233 1195 etiam
3278 1142 3547 1211 suspicari
3594 1144 3764 1212 ipsum

2187 1229 2565 1294 Dracontium,
2609 1245 2825 1286 carcere
2857 1232 3071 1287 tandem
3104 1232 3417 1301 liberatum,
3465 1236 3519 1289 in
3565 1236 3763 1292 italiam

2185 1320 2419 1374 venisse.
2462 1319 2611 1376 Hanc
2639 1321 2778 1375 enim
2813 1321 2982 1378 habeo
3011 1324 3397 1393 conjecturam,
3429 1340 3595 1397 quam
3623 1342 3765 1383 nunc

2182 1421 2497 1477 proponam.

2256 1518 2381 1573 lii.
2421 1520 2675 1576 Sidonius
2705 1520 2757 1574 in
2791 1521 3104 1577 Excusator.
3140 1491 3205 1577 ad
3234 1523 3493 1591 Felicem,
3519 1541 3689 1582 carm.
3712 1530 3765 1593 9,

2183 1618 2291 1663 tres
2320 1620 2502 1679 poetas
2530 1610 2707 1664 laudat
2730 1612 2818 1680 qui
2849 1613 3086 1680 patribus
3111 1627 3212 1668 suo
3246 1625 3300 1669 et
3326 1613 3522 1670 Felicis
3562 1616 3767 1673 fuerant

2186 1701 2422 1766 sodales,
2450 1717 2677 1771 quorum
2709 1704 2923 1757 tertium
2950 1718 3054 1759 non
3084 1707 3339 1772 nominat,
3367 1707 3466 1763 sed
3492 1709 3548 1764 in
3578 1710 3770 1766 Bctica

510 1788 791 1843 Corrector
812 1790 978 1843 noluit
999 1789 1198 1844 dictqu
1225 1789 1364 1855 quod
1394 1789 1649 1843 Dominus
1669 1801 1765 1841 cor
1791 1785 2083 1839 Pharaonis
2121 1775 2161 1833 Β
2191 1802 2366 1847 narum
2396 1794 2544 1861 die“,
2575 1804 2630 1850 ει
2658 1796 2757 1849 alia
2784 1795 2851 1850 de
2880 1812 2944 1853 οο
2971 1810 3152 1853 narrat
3182 1800 3264 1855 his
3290 1802 3576 1857 versibus;

507 1881 894 1944 nbduraverit;
926 1882 993 1933 ita
1029 1881 1187 1949 igitur
1215 1880 1343 1935 ille:

633 1971 740 2041 93
768 1972 882 2021 Hzec
916 1980 994 2041 tua
1017 1972 1097 2041 lex
1123 1972 1186 2019 do
1216 1970 1465 2041 uit__hloyse
1492 1970 1765 2041 praescripta
1791 1971 2006 2025 notante,

700 2032 815 2090 Cum
843 2038 1151 2096 perduratum
1174 2046 1255 2080 cor
1273 2032 1533 2080 Pharaonis
1556 2032 1639 2077 ait.

508 2122 672 2191 Atqui
704 2117 1020 2174 Dracontius
1050 2114 1227 2170 Exodi
1254 2113 1414 2167 verba
1442 2126 1560 2179 cap.
1590 2125 1680 2173 vn,
1709 2125 1761 2162 v.
1785 2110 1839 2173 ὅ,
1861 2121 2083 2175 expres-

512 2215 599 2267 sit.
650 2211 754 2267 Sed
798 2210 882 2263 hic
923 2207 1068 2261 locus
1107 2221 1210 2259 non
1239 2213 1321 2259 est
1350 2212 1407 2258 ut
1435 2202 1775 2256 Dracontium
1808 2208 2083 2259 tueamur;

513 2317 717 2361 tantum
749 2319 887 2358 nunc
908 2298 1316 2368 discrepantiam
1340 2297 1479 2351 inter
1504 2293 1845 2349 Dracontium
1867 2290 2089 2359 ejusque

514 2406 871 2453 correctorem
890 2391 1243 2457 ostendimus,
1262 2404 1383 2461 qum
1408 2390 1460 2441 in
1482 2386 1667 2441 eadem
1694 2383 1804 2438 fere
1823 2381 2084 2437 sententia

517 2488 672 2557 paulo
702 2495 818 2555 post
850 2499 1036 2540 rursus
1062 2484 1297 2538 occurrit
1322 2497 1465 2537 vers.
1490 2480 1592 2533 27:

638 2578 755 2637 Quis
779 2578 865 2624 nisi
891 2576 1075 2623 caelesti
1100 2575 1147 2622 di
1167 2587 1307 2621 mens
1331 2586 1451 2631 com;
1471 2571 1603 2620 uisus
1624 2572 1685 2619 ab
1705 2572 1789 2625 ira,

698 2640 883 2700 ASpera
908 2645 1079 2685 cuncta
1100 2644 1250 2697 petat,
1274 2646 1500 2696 prospera
1525 2641 1694 2681 cuncta
1719 2631 1902 2693 neget?

516 2724 569 2781 In
597 2722 781 2779 codice
809 2719 1076 2776 Sirmondi
1109 2718 1207 2771 hoc
1232 2716 1496 2771 distichon
1526 2716 1594 2769 ita
1622 2714 1871 2767 ellcrtur:

636 2820 742 2878 Quo
766 2818 852 2866 nisi
877 2815 1094 2864 caelestis
1117 2812 1307 2860 Domini
1332 2818 1621 2869 conspectus
1645 2807 1922 2878 ad_azthram

698 2881 888 2940 ASpPrn
911 2883 1082 2925 cuucta
1110 2880 1356 2936 premunt,
1376 2868 1606 2933 prespera
1640 2868 1769 2916 nulla
1788 2872 1955 2928 juvant

518 2966 695 3023 Codex
722 2964 940 3032 Azagrm
968 2962 1020 3015 in
1044 2959 1276 3013 editione
1303 2954 1594 3011 Matritensi
1622 2952 1697 3005 sic
1724 2950 1881 3004 habet
1906 2966 1917 3000 :

639 3060 744 3116 Quo
770 3055 857 3102 nisi
882 3052 973 3101 etL-l
992 3052 1093 3099 istis
1120 3048 1310 3097 Domini
1334 3051 1598 3103 conceptus
1629 3043 1691 3116 al.)
1714 3041 1866 3116 aethra

699 3118 883 3178 Aspera
908 3121 1077 3161 cuncta
1104 3117 1308 3171 premat,
1333 3118 1561 3168 prospera
1588 3103 1714 3150 nulla
1728 3106 1913 3160 juvant.

522 3202 741 3257 Rivinus
769 3198 1084 3266 scripturam
1118 3190 1387 3249 Sirmondi
1419 3198 1574 3243 antea
1605 3184 2006 3249 sollicitaverat,
2037 3192 2090 3235 et

524 3293 721 3362 legerat
744 3307 759 3342 :

647 3381 803 3439 Quem
823 3378 912 3425 nisi
934 3374 1166 3424 salvasset
1194 3370 1381 3421 Domini
1406 3363 1968 3439 conspectus-abathra,

711 3440 896 3500 Aspera
916 3444 1086 3486 cuncta
1115 3439 1358 3495 premunt,
1383 3428 1612 3493 prospera
1634 3428 1760 3477 nulla
1782 3428 1971 3488 juvant.

525 3523 769 3581 Mendum
794 3520 1137 3583 viderat,'sed
1161 3533 1339 3572 veram
1366 3517 1644 3570 lectionem
1675 3531 1779 3569 non
1803 3514 1954 3576 vidLI,
1979 3528 2095 3580 qua:

526 3623 705 3672 exstat
737 3614 789 3668 in
819 3611 986 3682 elegia
1020 3625 1123 3663 non
1155 3610 1494 3675 interpo‘ata.
1547 3606 1846 3661 Absurdum
1882 3604 2097 3674 putabat

525 3716 797 3765 corrector
823 3704 969 3777 quod
989 3704 1179 3774 altqnis
1200 3702 1383 3756 τωιιιειὶ
1410 3699 1700 3771 compulsus
1722 3699 1782 3753 ab
1806 3699 1880 3751 ira
1908 3711 2095 3765 aspera

524 3809 715 3856 cuncta
742 3804 969 3869 peteret,
996 3810 1245 3865 prospera
1277 3803 1469 3848 cuncta
1498 3802 1735 3863 negaret.
1771 3796 1836 3845 At
1864 3791 2099 3844 Dracon-

528 3891 632 3945 tius
660 3891 761 3943 hoc
786 3888 982 3951 voluit,
1027 3886 1127 3939 hoc
1158 3885 1224 3939 de
1254 3886 1430 3953 seipso
1460 3884 1773 3943 affirmavit,
1813 3891 1867 3935 ut
1894 3897 1959 3934 ex
1991 3890 2097 3933 tota

528 3979 785 4035 orationis
813 3978 952 4033 serie
983 3976 1165 4045 liquet.
1221 3976 1275 4030 In
1316 3975 1418 4028 levi
1451 3976 1603 4027 unius
1631 3973 1776 4027 verbi
1808 3971 2100 4025 mutatione

531 4059 821 4126 studiosam
871 4067 1190 4123 correctoris
1243 4067 1566 4133 diligentiam
1619 4065 1742 4118 licet
1793 4064 2098 4117 observare.

530 4159 844 4214 Dracontius
873 4173 937 4212 ex
968 4171 1193 4223 pcrsma
1220 4154 1497 4208 Commodi
1526 4154 1745 4222 Augusti
1776 4154 1873 4206 hoc
1907 4166 2103 4221 prmce-

531 4262 676 4320 ptum
709 4249 884 4317 posuit
908 4262 1048 4302 vers.
1076 4247 1177 4301 189
1200 4263 1213 4298 :

655 4342 827 4394 Nobile
852 4348 1165 4405 praeceptum,
1191 4343 1429 4405 rectores,
1452 4337 1623 4405 discite
1647 4341 1753 4396 post
1775 4348 1855 4384 me
1878 4348 1888 4381 :

714 4406 787 4454 Sit
808 4398 960 4452 bonus
985 4398 1032 4450 in
1057 4404 1149 4450 vita
1174 4400 1257 4463 qui
1278 4398 1406 4448 volet
1431 4412 1542 4448 esse
1559 4399 1696 4445 deus.

535 4492 647 4547 "oc
694 4497 1019 4559 postremum
1067 4490 1285 4539 verbum
1333 4482 1679 4552 interpolator
1718 4490 1808 4535 aut
1856 4479 2102 4535 mendum
2140 4494 2187 4552 ι)

535 4582 738 4650 putavi:
778 4594 916 4645 esse,
959 4588 1047 4632 aut
1090 4576 1304 4632 tolerari
1349 4592 1453 4631 non
1502 4589 1679 4644 posse.
1727 4573 1887 4644 Igitur
1922 4587 2106 4627 emen-

532 4675 678 4729 davit
700 4690 714 4726 :

718 4766 794 4814 Sit
817 4765 969 4813 bonus
994 4763 1038 4809 in
1066 4762 1158 4810 vita
1182 4762 1263 4822 qui
1289 4759 1417 4809 volet
1440 4771 1552 4807 esse
1577 4759 1688 4807 Dii.

540 4873 605 4923 At
633 4867 979 4932 Commodus,
1007 4869 1093 4937 qui
1128 4867 1241 4919 haec
1274 4864 1429 4918 vrrba
1460 4862 1678 4931 profert,
1710 4859 1956 4927 intelligit
1980 4874 2107 4929 apo-

535 4961 743 5014 theosin
783 4959 1090 5029 gentilium,
1138 4972 1240 5026 qua
1282 4957 1631 5022 imperatores
1674 4960 1791 5022 post
1822 4952 2023 5006 obitum
2053 4951 2107 5005 in

534 5049 755 5104 deorum
784 5062 1063 5101 numerum
1092 5046 1477 5100 referebantur.

609 5159 732 5216 l20.
772 5159 927 5213 Plura
960 5158 1062 5212 alia
1092 5171 1233 5210 nunc
1259 5157 1469 5224 omitto,
1496 5172 1612 5223 quae
1640 5155 1829 5210 melius
1856 5156 2109 5225 patebunt

535 5267 656 5305 cum
687 5252 866 5321 Elegia
890 5266 955 5305 ex
983 5250 1168 5304 codice
1191 5248 1443 5303 Vaticano
1468 5249 1605 5303 edita
1633 5264 1753 5303 cum
1784 5250 2106 5305 variantibus

537 5341 853 5395 lectionibus
876 5340 987 5412 94
1020 5339 1264 5394 codicum
1299 5340 1657 5394 Sirmondiani
1701 5349 1755 5393 et
1792 5342 2109 5409 Azagrensis

529 5432 877 5487 conferetur:
899 5432 1003 5488 Sed
1030 5446 1151 5487 cum
1183 5442 1381 5485 tantum
1409 5432 1642 5485 studium
1670 5433 1961 5485 adhibitum
1994 5433 2107 5486 fue-

532 5526 604 5580 rit
632 5534 689 5580 ut
716 5526 983 5581 Dracontii
1011 5525 1248 5581 carmina
1276 5525 1338 5578 ad
1370 5533 1614 5593 posteros
1643 5527 1960 5596 interpolata
1989 5544 2108 5595 per-

533 5616 809 5681 venirent,
839 5625 1042 5685 qurcrat
1072 5617 1260 5684 aliquis
1288 5633 1388 5685 qua
1420 5618 1498 5669 via
1528 5627 1679 5671 extra
1712 5617 2013 5685 Hispaniam
2055 5630 2109 5673 et

533 5704 588 5756 in
618 5706 764 5760 italia
794 5708 907 5762 tunc
938 5709 1047 5774 ipsa
1080 5709 1282 5777 integra
1326 5710 1586 5764 asservari
1631 5710 1896 5780 potuerint
1922 5727 1937 5777 ;
1985 5727 2107 5766 nam

2437 1909 2509 1973 Ne
2534 1912 2617 1970 qui
2648 1911 2743 1971 jam
2772 1913 2987 1973 patribus
3014 1912 3154 1964 fuere
3176 1917 3353 1966 nostris

2437 1970 2597 2032 l‘rimo
2627 1970 2847 2032 tempore
2872 1978 3069 2023 maximi
3095 1977 3344 2026 sodales...

2432 2031 2528 2098 Sed
2543 2046 2647 2098 .nee
2669 2031 2842 2098 tertius
2866 2033 2945 2083 ille
2968 2049 3091 2084 nunc
3114 2036 3329 2098 legetur,

2436 2091 2601 2160 llic-tim
2628 2096 2711 2153 qui
2738 2097 2946 2160 patrium
2968 2098 3129 2160 semei
3153 2091 3441 2160 relinquens

2436 2151 2790 2216 yndostepetit
2811 2157 2940 2204 sitim
2966 2156 3225 2216 llavennte,

2435 2212 2699 2281 Elaitsore's
2724 2217 3057 2281 euilulgidam
3083 2212 3315 2281 Quirites,

2436 2272 2496 2342 ξξι
2515 2288 2652 2342 carus
2678 2272 3249 2342 p0pulariiate_prlnceps

2433 2334 2637 2394 'l'rajano
2659 2334 2862 2387 statuam
2884 2337 2988 2388 foro
3009 2334 3244 2392 locarunt.

2187 2438 2499 2510 Suspicatur
2538 2442 2858 2500 Sirmondus
2901 2444 2953 2501 in
2995 2445 3137 2501 notis
3183 2446 3249 2502 ad
3296 2447 3578 2505 Sidonium
3628 2450 3774 2509 hunc

2189 2543 2395 2601 poetam
2430 2535 2723 2603 lliSpanum
2753 2552 2872 2592 esse
2903 2538 3275 2593 Merobaudem
3294 2584 3310 2605 ,
3339 2542 3403 2595 de
3431 2557 3537 2611 quo
3568 2541 3775 2598 ldaeius

2188 2625 2252 2678 ad
2296 2641 2492 2679 annum
2539 2628 2683 2683 M5:
2727 2628 2930 2683 Asturio
2974 2631 3216 2700 magistro
3264 2633 3532 2702 utriusque
3574 2635 3772 2688 militia

2189 2733 2341 2782 gener
2382 2719 2542 2787 ipsius
2588 2736 2850 2774 successor
2888 2714 2991 2791 ipsi
3040 2724 3259 2776 mittitur
3301 2724 3402 2793 (ad
3455 2725 3767 2795 Hispanias)

2194 2806 2547 2872 Merobaudis,
2594 2821 2718 2863 natu
2768 2812 2981 2875 nobilis,
3031 2825 3078 2865 et
3126 2814 3427 2882 eloguentia:
3474 2819 3652 2870 merito
3697 2818 3772 2868 uel

2188 2901 2406 2953 maxime
2453 2903 2503 2953 in
2557 2904 2803 2968 poematis
2850 2905 3017 2957 studio
3066 2906 3313 2958 veteribus
3362 2909 3769 2974 comparandas,

2187 2993 2470 3045 testimonio
2508 2995 2660 3046 etiam
2700 2996 2989 3063 provehitur
3015 3005 3320 3051 atomorum.
3368 2997 3519 3052 Brevi
3551 3010 3773 3068 tempore

2194 3084 2453 3148 potestatis
2478 3099 2583 3136 sua:
2608 3086 3069 3139 Aracellitanorum
3097 3088 3286 3157 frangit
3316 3088 3641 3142 insolentiam
3673 3090 3771 3143 Ba-

2194 3174 2491 3226 raudarum.
2544 3171 2670 3227 Maia
2699 3171 3055 3228 nonnulloi‘unt
3086 3177 3284 3229 invidia
3328 3190 3666 3249 perurgente,
3708 3183 3771 3232 ad

2200 3265 2363 3316 urbem
2391 3263 2605 3317 Romam
2626 3280 2771 3317 sacra
2802 3268 3136 3334 praceptione
3160 3278 3444 3322 revocatur.
3477 3268 3639 3323 Addit
3668 3268 3775 3324 Sir-

2198 3374 2226 3407 ιι
2251 3356 2423 3410 ondus
2454 3357 2593 3410 hunc
2616 3371 2737 3410 esse
2764 3357 3141 3411 Mu'robaudem
3173 3359 3326 3424 cujus
3356 3368 3531 3414 exstat
3560 3375 3773 3414 carmen

2196 3443 2263 3498 de
2283 3443 2411 3498 Deo.
2448 3445 2612 3498 Acute
2638 3444 2751 3499 haec
2779 3445 3078 3512 excogitata
3107 3458 3248 3501 sunt.
3272 3448 3379 3519 95
3405 3448 3604 3505 Verum
3633 3449 3774 3504 idem

2198 3533 2514 3588 Sirmondtts
2543 3534 2792 3589 observat
2822 3550 2887 3589 eo
2917 3546 3159 3605 tempore
3188 3547 3387 3593 statuas
3419 3541 3470 3593 in
3501 3540 3620 3593 toro
3644 3539 3775 3594 Tra-

2193 3625 2322 3694 jano
2361 3625 2541 3680 multis
2581 3625 2746 3681 fuisse
2784 3626 3110 3691 COIIoCatas,
3157 3629 3297 3695 quod
3339 3630 3500 3683 etiam
3543 3631 3777 3699 antiquis

2202 3714 2632 3780 inscriptionibus
2662 3716 2872 3785 probat.
2923 3716 3093 3770 Locus
3124 3718 3282 3787 igitur
3308 3719 3484 3774 adhuc
3510 3721 3773 3789 relinqui-

2202 3816 2286 3859 tur
2306 3804 2580 3859 dubitandi
2611 3822 2676 3859 an
2698 3806 2765 3860 de
2787 3806 2892 3859 alio
2914 3806 3150 3874 Hispano
3172 3819 3327 3877 poeta
3356 3811 3535 3877 aptius
3557 3811 3777 3881 intelligi

2202 3899 2372 3967 possit
2395 3898 2661 3952 Sidonius.
2696 3897 2990 3951 Notandum
3022 3914 3148 3967 ergo
3172 3899 3565 3954 estSidoninm
3600 3912 3776 3955 natum

2206 3989 2367 4043 fuisse
2407 3988 2545 4044 circa
2579 4004 2773 4043 annum
2802 3990 2929 4055 428,
2973 4000 3020 4044 et
3064 3987 3332 4044 affirmare
3374 4003 3587 4061 poetam
3629 3994 3776 4046 illum

2206 4082 2456 4136 Basticum
2504 4082 2739 4135 sodalem
2782 4081 2942 4136 fuisse
2985 4082 3069 4135 sui
3114 4084 3275 4150 patris
3320 4084 3486 4149 primo
3527 4095 3779 4155 tempore,

2204 4174 2345 4242 quod
2376 4189 2475 4243 ego
2505 4175 2826 4242 interpretor
2875 4176 2926 4228 in
2975 4175 3088 4243 ipsa
3136 4175 3219 4229 sui
3266 4177 3429 4244 patris
3479 4178 3775 4245 iuventute.

2209 4266 2295 4319 Ait
2325 4275 2583 4335 praeterea
2612 4264 2863 4319 Sidonius
2900 4280 3025 4319 eum
3066 4275 3273 4333 poetam
3322 4266 3508 4320 Brtim
3554 4270 3780 4337 patrium

2207 4357 2372 4410 semel
2404 4356 2702 4425 reliquisse,
2750 4364 2803 4411 et
2849 4354 3154 4411 Ravennam
3189 4357 3431 4411 venisse:
3476 4374 3587 4427 quo
3617 4361 3782 4414 innuit

2214 4450 2478 4503 Ravenna:
2506 4464 2626 4503 cum
2659 4456 2808 4517 patre
2836 4464 2934 4502 suo
2969 4450 3256 4502 amicitiam
3288 4452 3650 4507 Contraxisse.
3706 4453 3783 4505 ln-

2215 4538 2394 4608 telligo
2439 4538 2599 4593 etiam
2650 4550 2859 4604 poetam
2909 4538 3195 4607 Hispanum
3241 4540 3447 4594 Sidonii
3495 4541 3683 4595 B.etim
3732 4541 3783 4595 in

2214 4637 2524 4697 perpetuum
2570 4628 2880 4697 reliquisse;
2931 4630 2980 4682 ῘιΙ
3031 4631 3172 4683 enim
3221 4630 3488 4698 significat
3530 4633 3630 4686 hoc
3670 4633 3785 4686 loco

2212 4717 2518 4772 adverbium
2544 4718 2719 4772 semel.
2772 4719 2867 4771 llis
2909 4719 2977 4771 ita
3025 4718 3212 4787 positis
3259 4720 3608 4790 Consequitur
3634 4721 3782 4775 Sido-

2212 4810 2354 4863 nium
2385 4812 2559 4863 minus
2587 4821 2945 4878 congruenter
2973 4811 3172 4877 exponi
3204 4811 3272 4865 de
3304 4812 3649 4874 Merobaude,
3696 4814 3789 4881 qui

2210 4917 2347 4955 anno
2370 4900 2475 4954 M3
2501 4901 2605 4955 dux
2637 4902 2749 4955 sive
2779 4904 3028 4971 magister
3058 4903 3337 4972 utriusque
3364 4904 3566 4958 militiae
3591 4903 3791 4960 missus

2213 4999 2293 5043 ost
2323 4991 2372 5043 in
2407 4990 2705 5058 Hispanias,
2738 5007 2856 5043 mox
2890 5006 3039 5044 sacra
3071 4995 3430 5060 praeceptione
3452 4992 3678 5047 Romam
3708 5010 3789 5048 rc-

2212 5090 2448 5137 vocatus.
2495 5080 2692 5135 Contra
2724 5080 3009 5135 Dracm’atio
3034 5083 3209 5135 omnia
3240 5083 3449 5137 Sidonii
3478 5084 3640 5138 verba
3671 5095 3790 5151 apte

2211 5172 2560 5227 conveniunt:
2587 5189 2706 5227 nam
2734 5183 2788 5226 et
2811 5173 3037 5227 Baeticus
3058 5183 3191 5237 erat,
3216 5183 3271 5228 et
3294 5176 3439 5229 circa
3465 5191 3664 5230 annum
3687 5176 3787 5231 421

2214 5265 2476 5319 Ravennae
2502 5266 2609 5332 jam
2642 5265 2809 5334 potuit
2837 5266 3194 5332 commorari,
3241 5276 3524 5337 postquam
3558 5269 3791 5337 patrium

2214 5356 2397 5409 Bmtim
2421 5356 2587 5411 semel
2617 5354 2936 5425 reliquisset.
2971 5355 3104 5411 Huic
3130 5357 3456 5424 conjectura:
3483 5358 3627 5414 favet
3648 5360 3788 5430 quod

2214 5444 2273 5499 S.
2301 5444 2663 5499 Columbanns
2698 5446 2929 5513 Elegiam
2963 5446 3234 5501 Dracontii
3275 5448 3539 5517 integram
3571 5450 3786 5520 legerat,

2214 5545 2266 5587 nt
2293 5550 2355 5587 ex
2387 5535 2627 5589 versibus
2657 5535 2798 5589 illius
2830 5551 2976 5589 num.
3009 5537 3041 5591 8
3070 5538 3243 5590 allatis
3272 5540 3538 5607 arguitur,
3569 5551 3624 5596 et
3647 5542 3783 5611 quod

2214 5624 2383 5679 codex
2423 5626 2689 5679 Dracontii
2727 5627 2776 5678 in
2805 5627 3049 5690 catalogo
3075 5628 3450 5697 antiquissimo
3482 5631 3783 5685 monasterii

2218 5714 2496 5769 Bobiensis
2525 5716 2589 5770 ab
2621 5715 2807 5772 eodem
2841 5715 2897 5772 S.
2932 5716 3262 5773 Columbano
3292 5719 3497 5776 fundati
3527 5722 3784 5791 reperitur
