3964 6296
132 370 235 424 1ἶὸ

1350 368 1704 429 Εριετοωε
1743 370 1833 425 ΕΤ
1874 372 2184 433 DECRE’I‘A

3324 393 3422 447 ΙΝ

139 486 303 552 ipsum
321 482 521 553 aliquid
548 490 663 539 hoc
694 492 927 550 valeret,
956 490 1060 539 hoc
1082 484 1412 552 intermisso,
1448 501 1551 540 non
1585 499 1730 539 mor-
1760 485 1806 545 Δ
1840 496 1962 549 talia
1993 497 2303 557 celebrare?
2334 503 2379 559 si
2411 504 2573 573 pudet
2605 515 2662 562 et
2688 508 2923 566 dedecus
2954 522 3067 583 est,
3103 515 3244 570 itane
3272 517 3422 571 salu-

140 577 236 631 bus
283 574 540 630 aeciderit
593 583 789 629 contra
829 590 987 645 quem
1025 575 1338 647 Lupercalia
1370 586 1583 645 reperta
1623 592 1729 632 non

137 675 287 732 sunt,
316 667 409 723 sed
469 668 690 722 feminae
737 682 1076 738 nequaquam
1104 684 1365 739 generare
1402 669 1726 737 debuerant,

136 777 235 833 pro
276 775 497 831 quarunt
540 759 872 814 fecunditate
906 761 1255 815 cuncinantur
1299 759 1537 816 inventa.
1590 761 1729 828 Quid

134 854 329 909 dicturi
381 854 508 907 esus
552 852 621 907 de
666 864 856 922 peSte,
900 853 969 907 de
1011 853 1330 921 sterilitate,
1367 853 1434 909 de
1464 854 1727 909 bellorum

134 957 455 1018 tempestate
496 947 790 1011 continua;
838 947 1074 1017 nunquid
1120 957 1175 1001 et
1206 947 1320 1002 haec
1350 957 1569 1017 propter
1603 949 1729 1003 sub-

132 1042 247 1097 lata
290 1039 602 1110 Lupercalia
653 1040 1036 1110 contigerunt?
1081 1038 1139 1095 Si
1168 1048 1345 1095 autem
1374 1056 1480 1095 non
1510 1051 1730 1111 propter

133 1135 240 1188 ista
270 1132 351 1186 vel
390 1132 632 1196 vitanda,
666 1132 752 1184 vel
798 1130 1067 1197 curanda,
1109 1131 1422 1197 Lupercalia
1446 1141 1572 1186 sunt
1603 1147 1725 1200 pro-

130 1226 278 1292 visa,
306 1223 434 1293 quid
478 1222 629 1277 inani
664 1221 968 1277 turbatione
993 1221 1309 1291 jactamini?
1348 1222 1472 1291 quid
1512 1218 1726 1289 Tuscia,

130 1316 261 1385 quid
290 1313 505 1369 Emilia
529 1357 543 1378 ,
580 1301 902 1384 ceteraeque
941 1315 1229 1385 provinciae
1250 1356 1266 1379 ,
1302 1316 1353 1369 in
1386 1315 1583 1385 quibus
1626 1317 1726 1371 lio-

129 1409 333 1464 minum
365 1422 541 1477 prOpe
593 1406 773 1461 nullus
813 1406 1029 1474 existit,
1064 1416 1123 1462 ut
1168 1408 1360 1462 bellica
1410 1404 1729 1467 necessitate

129 1500 584 1564 consumeretur,
632 1500 1067 1569 Lupercaliorum
1118 1500 1244 1555 fecit
1285 1500 1552 1567 otfensio,
1608 1516 1726 1572 quin

125 1597 287 1666 longe
310 1604 436 1650 ante
461 1602 683 1648 vastata:
712 1603 838 1648 sunt
866 1609 1023 1662 quam
1047 1594 1361 1664 Lupercalia
1385 1594 1725 1650 tollerentur?

123 1689 356 1756 Quando
382 1687 712 1743 Anthemius
744 1688 1036 1756 imperator
1063 1688 1286 1742 Romam
1316 1689 1483 1755 venit,
1522 1688 1727 1759 Luper-

122 1784 257 1839 cali:
289 1782 478 1852 utique
515 1783 866 1851 gerebantur,
900 1789 953 1835 et
1002 1790 1179 1835 tamen
1228 1782 1530 1851 pestilentia
1576 1791 1721 1838 tanta

122 1876 419 1946 subrepsit,
449 1887 509 1930 ut
536 1875 815 1931 toleranda
842 1876 931 1931 vix
953 1875 1133 1931 fuerit.
1164 1877 1410 1947 Nunquid
1445 1895 1540 1949 per
1565 1880 1722 1935 Cam-
1753 1855 1803 1916 Β

122 1970 343 2038 partiam
377 1968 693 2037 Lupercalia
731 1968 1072 2039 gerebantur,
1106 1986 1226 2040 qua:
1266 1972 1474 2026 sublata
1503 1975 1720 2029 morbos

123 2066 232 2120 illic
273 2074 335 2120 et
383 2063 744 2133 pestilentiam
795 2064 1319 2133 procrearent?‘Sed
1365 2065 1557 2120 dicturi
1592 2068 1720 2122 estis

122 2159 187 2212 ad
221 2157 457 2211 Romam
492 2167 745 2224 tanquam
794 2155 862 2209 ad
908 2166 1067 2225 caput
1098 2158 1276 2211 omnia
1321 2159 1622 2227 pertinuere,
1668 2171 1721 2215 et

122 2250 265 2322 quod
297 2250 386 2305 hic
416 2248 614 2304 factum
640 2263 747 2303 non
779 2258 882 2317 est,
912 2249 1137 2305 diversis
1175 2251 1464 2319 provinciis
1501 2253 1567 2307 ad
1603 2268 1717 2307 eam

121 2342 524 2413 pertinentibus
563 2339 825 2396 obfuisse.
860 2340 970 2396 Cur
1007 2358 1134 2412 ergo
1163 2354 1448 2414 antequam
1505 2345 1568 2399 ad
1615 2347 1723 2400 Ro-

122 2451 264 2489 mam
317 2434 435 2488 istac
466 2434 757 2503 provinciae
780 2434 1141 2503 pertinerent,
1174 2443 1367 2504 praeter
1409 2436 1720 2506 Lupercalia

120 2528 361 2598 pmpriis
382 2527 576 2595 Opibus
598 2525 931 2581 ﬂoruerunt?
959 2537 1016 2581 ut
1040 2528 1297 2583 sterilitas
1321 2530 1390 2583 sit
1412 2531 1717 2585 continuata

120 2632 395 2677 terrarum
428 2620 745 2690 Lupercalia
778 2620 986 2675 sublata
1018 2620 1287 2690 fecerunt,
1316 2638 1382 2677 an
1412 2635 1719 2681 nostrorum

118 2715 324 2769 merita
356 2712 734 2780 peccatorum?
766 2710 836 2767 de
884 2712 1078 2782 quibus
1107 2714 1235 2767 olim
1267 2714 1467 2769 dictum
1497 2726 1613 2782 est,
1667 2727 1719 2772 et

118 2807 382 2879 quidquid
410 2806 639 2861 Romani
662 2817 970 2862 meruerant
994 2808 1223 2877 perdere
1246 2790 1444 2879 mores,
1468 2812 1720 2880 sterilitas

116 2910 267 2956 certe
330 2899 648 2954 feminarum
701 2898 886 2954 debuit
930 2902 1249 2970 provenire,
1298 2913 1518 2974 propter
1559 2921 1718 2976 quam

116 2991 481 3047 anferendam
506 2990 817 3060 Lupercalia
841 2992 1080 3047 instituta
1102 2993 1392 3063 jactantur,
1426 3011 1532 3050 non
1564 2998 1719 3051 steri-

116 3086 243 3139 litas
278 3094 549 3138 terrarum
576 3124 591 3149 ,
627 3093 844 3153 propter
880 3100 1039 3154 quam
1088 3086 1402 3155 Lupercalia
1451 3105 1554 3142 non
1594 3099 1719 3146 sunt

117 3176 391 3244 instituta,
420 3176 769 3231 removenda.
794 3176 932 3242 Quid
956 3178 1007 3231 in
1031 3176 1231 3242 Africa,
1266 3178 1407 3234 unde
1434 3181 1713 3247 sterilitas;

118 3272 243 3341 quid
286 3272 341 3325 in
367 3242 597 3325 Galliis?
628 3270 945 3339 Lupercalia
979 3272 1078 3326 ista
1125 3272 1401 3339 fecerunt,
1448 3290 1514 3328 an
1548 3276 1714 3331 nostri
1745 3242 1792 3307 Ο

120 3379 335 3431 mores,
366 3362 532 3429 furta,
586 3362 908 3429 homicidia,
954 3361 1243 3429 adulteria,
1278 3364 1584 3432 injustitiae,
1616 3367 1717 3421 ini-

120 3457 376 3527 quitates,
414 3454 758 3519 ambitiones,
790 3454 1128 3524 cupiditates,
1155 3456 1410 3527 perjuria,
1446 3458 1575 3513 falsa
1611 3472 1717 3514 tes-

123 3548 373 3615 timonia,
389 3547 771 3616 oppressiones
784 3546 1127 3614 miserorum,
1152 3548 1411 3627 bonarum
1432 3565 1711 3606 causarum

123 3642 472 3715 impugnatio,
489 3641 860 3712 malarumque
880 3640 1141 3709 defensio,
1159 3651 1212 3697 et
1227 3644 1277 3697 in
1300 3644 1550 3698 omnibus
1567 3646 1715 3698 inau-

125 3733 232 3789 dita
266 3734 633 3804 perversitas;
664 3742 968 3802 postremo,
1012 3736 1154 3804 quod
1183 3751 1343 3805 supra
1375 3738 1554 3792 omnia
1594 3748 1710 3805 est,

128 3829 236 3885 Deo
265 3827 408 3884 fictae
454 3835 665 3883 mentes
722 3837 777 3883 et
836 3828 1152 3899 sacrilegia,
1192 3842 1445 3902 artesque
1492 3833 1714 3903 magicae

127 3924 285 3977 etiam
328 3924 551 3993 paganis
578 3920 915 3977 horrenda?
961 3922 1102 3978 Ecce
1143 3939 1262 3995 quae
1303 3925 1504 3981 faciunt
1532 3928 1711 3983 omnia

129 4016 369 4083 adversa,
401 4025 455 4071 et
484 4016 697 4072 inimica
728 4015 912 4081 nobis,
944 4031 1048 4070 non
1070 4017 1410 4087 Lupercalia,
1442 4035 1560 4089 quae
1590 4029 1715 4075 sunt

130 4125 228 4179 pro
260 4118 437 4164 vestra
467 4108 641 4164 salute
682 4108 913 4163 sublata.
959 4109 1065 4165 Sed
1095 4109 1221 4180 quid
1264 4112 1439 4167 dicitis
1471 4128 1565 4168 vos
1612 4114 1712 4183 ipsi
1746 4162 1749 4167 ,

130 4202 211 4270 qui
238 4200 559 4271 Lupercalia
592 4200 877 4256 defenditis
896 4241 911 4267 ,
939 4210 994 4256 et
1021 4204 1223 4272 agenda
1250 4204 1577 4272 proponitis?
1608 4206 1712 4260 Vos

130 4291 307 4346 eadem
336 4293 612 4363 pretiatis,
646 4305 743 4346 vos
770 4305 959 4346 eorum
1006 4292 1207 4347 cultum
1234 4293 1712 4365 'celebritatemque

132 4382 285 4436 vilem
310 4383 699 4451 vulgaremque
727 4382 973 4439 redditis.
1005 4382 1060 4438 Si
1103 4385 1341 4439 ostensio
1368 4384 1711 4454 Lupercalio-

133 4491 239 4530 rum
267 4478 425 4532 nobis
454 4476 684 4529 adversa
717 4478 1051 4546 procuravit,
1082 4487 1260 4531 vestra
1291 4478 1444 4546 culpa
1475 4488 1586 4543 est;
1620 4480 1710 4549 qui

134 4570 261 4637 quod
286 4570 445 4625 vobis
473 4569 816 4638 singulariter
838 4569 1093 4639 prodesse
1124 4571 1341 4640 putatis,
1365 4572 1708 4642 negligentis-

136 4666 276 4733 sime,
306 4676 363 4722 et
394 4681 505 4721 non
537 4668 695 4733 longe
720 4667 911 4735 impari
941 4667 1087 4722 cultu
1116 4676 1172 4721 et
1202 4666 1486 4723 devotione
1521 4682 1581 4720 ea
1613 4666 1712 4719 du-

137 4756 245 4809 citis
265 4758 770 4824 celebranda,quam
792 4758 1128 4827 profanitatis
1146 4767 1338 4814 vestra:
1360 4758 1709 4821 celebravere

139 4849 378 4913 majores.
410 4849 568 4917 Apud
602 4849 724 4904 illos
752 4850 892 4904 enim
940 4850 1146 4905 nobiles
1169 4850 1271 4920 ipsi
1306 4852 1627 4917 currebant,
1657 4862 1712 4906 et

136 4948 390 4996 matronae
442 4944 647 4998 nudato
693 4945 904 5013 publice
945 4960 1171 5013 corpore
1210 4947 1550 5015 vapulabant.
1604 4947 1710 5002 Vos

136 5047 256 5102 ergo
281 5035 436 5102 primi
478 5036 529 5088 in
562 5034 877 5103 Lupercalia
909 5037 1255 5093 commisistis
1286 5054 1300 5092 :
1335 5039 1502 5093 satius
1538 5037 1709 5094 fuerat

136 5140 234 5180 non
264 5140 424 5195 agere
450 5142 611 5197 quam
651 5141 712 5181 ea
737 5142 860 5182 cum
887 5128 1078 5197 injuria
1116 5130 1433 5195 celebrare;
1480 5132 1573 5187 sed
1613 5132 1707 5187 de-

136 5219 353 5273 duxistis
380 5219 745 5274 venerandum
777 5220 930 5275 vobis
972 5222 1173 5289 cultum
1199 5264 1215 5290 ,
1275 5232 1330 5278 et
1371 5224 1705 5280 salutiferam

137 5325 284 5377 quem
316 5312 538 5381 putatis,
570 5312 635 5367 ad
667 5314 801 5368 viles
829 5312 1175 5386 trivialesque
1206 5331 1468 5386 personas
1488 5359 1503 5383 ,
1530 5318 1711 5388 abjecc

139 5410 212 5455 tus
241 5413 295 5458 et
321 5406 558 5458 intimos.
586 5404 643 5459 Si
671 5420 798 5461 vere
827 5422 957 5478 ergo
983 5408 1307 5478 profitemini
1340 5410 1442 5465 hoc
1468 5427 1704 5481 sacrum,

136 5484 191 5547 ae
213 5495 391 5564 potius
419 5507 884 5553 exsecramentum
909 5540 924 5565 ,
958 5502 1110 5557 vobis
1139 5516 1259 5557 esse
1287 5503 1521 5558 salutare
1542 5545 1556 5568 ,
1610 5504 1710 5574 ipsi

139 5586 398 5643 celebrate
421 5603 574 5643 more
599 5590 884 5658 majorum,
916 5592 1014 5661 ipsi
1039 5607 1161 5647 cum
1189 5594 1419 5649 amiculo
1446 5596 1570 5650 nudi
1602 5596 1712 5651 dis-

139 5678 323 5731 currite
344 5719 359 5741 ,
408 5686 469 5733 ut
497 5679 600 5734 rite
626 5688 820 5734 vestra:
842 5682 1028 5735 salutis
1060 5682 1286 5738 ludibria
1324 5687 1612 5756 peragatis.
1652 5686 1712 5743 Si

141 5781 319 5837 magna
345 5778 508 5836 sunt,
548 5770 595 5824 si
641 5770 841 5836 divina,
889 5774 931 5825 si
956 5772 1263 5840 salutifera,
1308 5777 1427 5832 siin
1475 5779 1557 5834 his
1588 5780 1709 5836 vitae

143 5869 321 5919 vestra
344 5860 549 5934 pendet
568 5861 866 5935 integritas,
898 5878 993 5924 cur
1018 5879 1113 5925 vos
1135 5866 1297 5936 pudet
1324 5883 1418 5940 per
1442 5889 1535 5929 vos
1564 5874 1711 5943 ipsos

1734 4615 1790 4677 D

1838 591 2049 647 tiferum
2105 601 2265 649 estet
2310 596 2550 653 divinum
2584 601 2954 673 profuturum,
3005 606 3148 675 quod
3175 623 3271 663 vos
3320 608 3419 677 ipsi

1834 682 2069 740 dedecus
2093 702 2217 744 esse
2240 689 2550 747 fateamini?
2572 695 2740 749 Nemo
2769 696 3083 765 religionem
3114 701 3418 770 profitetur,

1832 793 1990 846 quam
2024 795 2119 848 per
2168 798 2226 837 se
2273 787 2491 854 exsequi
2541 802 2761 857 prorsus
2791 792 3059 847 erubescit
3089 803 3142 849 et
3189 794 3416 864 refugit;

1834 874 2308 958 ipsa‘verecundia
2340 890 2514 935 vestra
2546 898 2638 936 vos
2670 885 2860 941 doceat
2904 888 3107 943 crimen
3158 904 3281 944 esse
3322 894 3419 958 pti-

1834 948 2054 1034 blicum,
2090 985 2194 1025 non
2222 974 2443 1028 salutem
2473 1016 2485 1031 .
2530 986 2583 1029 et
2608 993 2712 1031 non
2757 978 3059 1035 Divinitatis
3083 983 3319 1047 cultum,
3349 983 3452 1063 de;

1831 1075 1938 1128 quo
1969 1060 2183 1128 sapiens
2210 1065 2385 1118 nullus
2416 1066 2715 1131 erubescit,
2750 1071 2845 1125 sed
2900 1072 3251 1129 instrumenta
3295 1089 3418 1143 pra-

1832 1152 2077 1221 vitatum,
2106 1158 2302 1219 quibus
2336 1173 2487 1212 mens
2516 1171 2693 1215 vestra
2713 1171 2897 1217 contra
2930 1167 3274 1235 semetipsam
3301 1178 3413 1223 tes-

1832 1245 2110 1301 timonium
2170 1250 2381 1315 ferens,
2419 1253 2557 1321 quod
2611 1255 2901 1323 gerendum
2957 1258 3259 1327 profitetur,
3292 1275 3416 1314 eru-

1831 1338 1999 1393 bescit
2028 1341 2274 1410 implrre.
2302 1343 2551 1399 Castores
2580 1350 2740 1401 vestri
2771 1359 2937 1416 certe,
2964 1366 2991 1403 a
3015 1368 3240 1421 quorum
3268 1355 3412 1410 cultu

1830 1434 2094 1490 desistere
2127 1436 2375 1492 noluisds
2399 1479 2413 1501 ,
2445 1455 2541 1493 cur
2572 1442 2723 1498 vobis
2752 1454 3049 1513 Opportuna
3100 1449 3262 1501 maria
3308 1449 3411 1503 mi-

1829 1526 1973 1580 nime
2018 1528 2391 1598 praebuerunt,
2426 1540 2484 1585 ut
2513 1532 2703 1588 hiemis
2748 1545 2987 1606 tempore
3018 1540 3262 1594 venirent
3307 1540 3412 1595 huc

1829 1619 2032 1689 navigia
2064 1636 2183 1676 cum
2218 1625 2532 1693 frumentis,
2566 1638 2619 1681 et
2648 1631 2837 1686 civitas
2870 1634 3046 1703 inopia
3090 1635 3310 1690 minimc
3333 1636 3414 1689 la—

1827 1711 2080 1767 boraret?
2135 1730 2200 1769 an
2246 1717 2434 1773 diebus
2481 1724 2826 1788 sequentibus
2882 1727 2983 1781 hoc
3036 1728 3270 1783 futurum
3328 1742 3411 1789 est

1828 1806 2052 1874 aestatis,
2085 1822 2114 1860 a
2145 1808 2256 1863 Deo
2283 1814 2627 1867 conSIitutum
2659 1816 2979 1873 beneficium
3006 1830 3105 1885 est,
3138 1838 3242 1875 non
3273 1820 3407 1878 Cas-

1831 1905 2007 1952 torum
2035 1914 2170 1955 vana
2224 1906 2532 1971 persuasio?
2563 1906 2729 1961 Dicite
2760 1911 2915 1963 nobis
2948 1928 3046 1967 nec
3087 1914 3408 1979 Christiani,

1826 2005 1925 2044 nec
1968 1994 2183 2061 pagani,
2214 1995 2413 2064 ubique
2447 1999 2655 2067 perfidi,
2688 2017 2945 2070 nusquam
2978 2004 3179 2067 ﬁdeles,
3212 2007 3407 2084 ubique

1824 2085 2086 2152 corrupti,
2122 2102 2383 2157 nusquam
2411 2090 2627 2160 integri,
2658 2095 2745 2162 qui
2778 2101 2882 2147 tam
2913 2104 3199 2165 utrumque
3222 2110 3408 2153 tenere

1825 2189 1930 2229 non
1965 2179 2187 2245 potestis
2212 2220 2227 2245 ,
2270 2196 2427 2249 quam
2481 2184 2582 2236 sibi
2610 2192 2892 2255 utrumque
2924 2190 3249 2243 contrarium
3299 2200 3403 2245 est.

1826 2268 1995 2324 Dicite
2020 2313 2034 2336 ,
2086 2273 2302 2342 inquam
2325 2315 2338 2338 ,
2390 2275 2830 2347 Lupercaliorum
2864 2284 3092 2349 patroni,
3133 2291 3186 2337 ct
3219 2298 3408 2340 revera

1828 2364 2126 2420 Divinitatis
2166 2368 2409 2435 ludibrii,
2441 2381 2491 2423 et
2533 2373 2921 2439 cantilenarum
2956 2376 3187 2445 turpium
3224 2377 3407 2432 defen-

1825 2472 1993 2525 sores,
2030 2460 2171 2529 digiti
2216 2462 2453 2532 magistri
2488 2467 2750 2534 vesaniae,
2785 2475 2839 2521 et
2868 2471 2953 2536 qui
2980 2484 3083 2523 non
3108 2470 3224 2525 sine
3248 2485 3408 2525 causa

1826 2566 1951 2604 sana
1985 2552 2156 2621 capita
2185 2569 2288 2608 n0n
2316 2556 2544 2623 habetis,
2573 2558 2717 2629 digni
2743 2561 2839 2613 hac
2868 2562 3145 2631 religione,
3172 2580 3289 2635 qua:
3312 2566 3407 2620 ob-

1824 2644 2139 2699 scenitatum
2170 2656 2223 2701 et
2266 2647 2584 2717 flagitiorum
2619 2653 2839 2707 vocibus
2882 2656 3222 2711 celebratur:
3260 2658 3407 2712 vide-

1826 2737 1940 2791 ritis
1992 2738 2090 2806 ipsi
2124 2740 2245 2807 quid
2293 2740 2443 2796 vobis
2482 2744 2669 2798 salutis
2700 2747 3013 2814 impendat,
3054 2765 3173 2816 quae
3204 2759 3407 2805 tantam

1826 2830 2063 2883 morith
2094 2831 2264 2886 labem
2290 2827 2691 2905 'perniciemqne
2723 2841 2990 2907 proponit.
3018 2842 3125 2896 Nec
3154 2852 3236 2897 est
3264 2845 3409 2912 quod

1823 2918 2013 2975 dit-alis
2048 2923 2222 2991 petitis
2250 2924 2365 2979 haec
2392 2927 2619 2996 agendo,
2644 2938 2695 2983 et
2725 2930 2959 2985 facinora
2990 2933 3409 3002 uniuscujusque

1822 3014 2111 3084 vnlgando,
2146 3017 2422 3073 deterrere
2452 3036 2481 3075 a
2512 3022 2703 3077 talibus
2736 3026 3037 3081 commissis
3076 3028 3283 3084 animos
3308 3072 3322 3096 ,
3355 3039 3409 3089 el

1824 3110 2030 3179 pudore
2070 3111 2367 3181 refrenari,
2402 3130 2467 3169 ne
2494 3115 2559 3169 de
2588 3116 2669 3171 his
2715 3119 2922 3187 publica
2965 3136 3096 3177 voce
3135 3132 3404 3191 cantetur,

1824 3204 2058 3271 quando,
2092 3206 2227 3261 sicut
2253 3208 2340 3263 ille
2366 3212 2460 3272 ait,
2482 3226 2587 3264 non
2616 3220 2720 3264 tant
2745 3212 3018 3270 deterrere
3040 3232 3197 3286 quam
3219 3218 3409 3271 admo-

1825 3313 1951 3352 nere
2001 3299 2208 3353 animos
2260 3300 2375 3356 haec
2423 3302 2651 3358 ludibria
2682 3306 2990 3373 vndeantnr,
3034 3318 3088 3363 et
3132 3312 3271 3364 sient
3318 3302 3441 3367 ille,

1818 3390 1951 3445 dixit
2000 3410 2013 3443 :
2062 3391 2199 3447 Iram
2249 3402 2409 3460 atque
2457 3396 2665 3452 animos
2706 3414 2731 3451 a
2764 3401 2991 3455 crimine
3040 3411 3291 3467 sumunt;
3344 3420 3411 3458 eo

1820 3482 2246 3551 impudentiores
2276 3485 2473 3552 ell'ecti,
2506 3502 2612 3557 quo
2642 3489 2867 3545 crimine
2902 3490 3197 3561 publicato,
3231 3509 3406 3563 expo-

1817 3575 2024 3642 sitaque
2055 3578 2414 3641 verecundia,
2451 3580 2524 3632 nil
2573 3591 2818 3643 superest
2864 3585 3084 3640 omnino
3122 3588 3263 3655 quod
3306 3605 3408 3658 pu-

1817 3665 1959 3729 deat,
1986 3681 2084 3721 ncc
2110 3667 2422 3737 habetquod
2447 3679 2645 3725 metuat
2667 3673 2947 3741 publicari,
2970 3676 3181 3743 sedjam
3204 3678 3408 3732 solidu-

1818 3759 2243 3823 cialiterexerat,
2268 3761 2447 3831 qualis
2474 3761 2524 3814 in
2552 3764 2853 3830 propatulo,
2880 3780 2985 3817 non
3012 3780 3104 3831 per
3126 3767 3407 3819 coercitio.

1817 3866 1956 3915 nem,
1974 3851 2065 3906 sed
2086 3852 2261 3919 potius
2284 3867 2379 3921 per
2400 3851 2686 3921 quamdam
2708 3853 2941 3908 laetitiam
2964 3865 3017 3909 et
3034 3856 3407 3912 celebritatem

1818 3943 2092 3997 nominum
2117 3943 2395 3998 decantata
2422 3954 2503 3997 est
2522 3945 2772 4013 quaelibet
2801 3946 2887 4001 illa
2921 3964 3178 4017 persona,
3212 3951 3322 4005 imo
3352 3962 3407 4008 et

1815 4033 2077 4101 religione
2134 4049 2192 4088 se
2221 4044 2478 4103 prmSIare
2508 4037 2756 4101 conlidit;
2811 4048 2871 4093 ut
2899 4041 3034 4103 sint.
3071 4042 3210 4098 unde
3242 4047 3409 4099 nomi‘

1814 4139 1939 4177 num
1981 4124 2241 4179 solemnia
2290 4126 2651 4193 celebrentur,
2698 4146 2815 4198 qua:
2844 4131 2947 4185 nisi
2987 4133 3270 4189 criminum
3312 4136 3408 4191 de-

1814 4215 2205 4272 cantationibus
2232 4232 2338 4271 non
2369 4220 2639 4274 coluntur.
2687 4220 2856 4277 Dicite
2910 4224 3063 4277 nobis
3106 4224 3286 4295 itaque
3315 4228 3407 4297 qui

1814 4311 2144 4367 voluntatem
2170 4310 2509 4381 profanitatis
2530 4312 2759 4381 habetis,
2778 4315 2928 4384 cujus
2948 4331 3139 4372 causas
3163 4332 3408 4377 asserere

1813 4418 1918 4457 non
1977 4406 2234 4472 potestis,
2269 4406 2359 4473 qui
2400 4405 2612 4459 tuenda:
2662 4406 2871 4461 habetis
2900 4410 3229 4477 propositum
3262 4411 3408 4467 falsi-

1815 4497 1941 4551 tatis
1969 4510 2127 4563 quam
2160 4495 2452 4551 defendere
2482 4512 2590 4551 non
2615 4499 2871 4565 potestis;
2903 4500 3027 4568 quid
3051 4500 3245 4555 dicturi
3275 4505 3407 4558 estis

1814 4587 1882 4641 de
1911 4588 2172 4651 siccitate,
2205 4589 2273 4642 de
2298 4588 2579 4658 grandine,
2616 4587 2682 4642 de
2715 4590 2957 4655 turbine,
2990 4591 3057 4647 de
3081 4596 3407 4661 tempestati-

1821 4681 1938 4744 bus,
1972 4680 2241 4749 variisque
2287 4680 2551 4746 cladibus,
2576 4696 2695 4749 quae
2729 4697 2824 4750 pro
2856 4697 3065 4736 morum
3099 4694 3408 4740 nostrorum

1820 4770 2074 4839 qualitate
2099 4772 2463 4840 proveniunt?
2484 4771 2858 4842 Nunquidnam
2892 4785 2942 4829 et
2972 4774 3084 4830 hsce
3109 4778 3284 4830 omnia
3310 4792 3407 4845 pro

1818 4862 2042 4918 sublatis
2074 4862 2458 4932 Lupercalibus
2488 4864 2846 4933 contigerunt,
2877 4881 2942 4919 an
2975 4867 3026 4920 in
3060 4869 3213 4920 malis
3243 4868 3407 4921 mori-

1819 4955 1918 5009 bus
1963 4955 2287 5025 castigandis
2327 4954 2539 5010 meritis
2586 4955 3025 5011 retributionibus
3072 4958 3406 5015 inferuntur?

1818 5047 1922 5103 Sed
1954 5063 2057 5101 non
2087 5048 2282 5102 mirum
2308 5058 2390 5102 est
2419 5048 2670 5101 homines
2702 5062 2808 5100 non
2834 5048 3036 5115 judicio
3064 5047 3246 5103 divino
3267 5050 3407 5106 velle

1822 5144 1920 5195 ista
1948 5140 2282 5211 contingere,
2309 5140 2403 5195 sed
2427 5155 2579 5193 vanae
2597 5140 2997 5207 superstitionis
3024 5141 3260 5209 incursu;
3291 5145 3409 5213 qui-

1820 5233 1920 5288 bus
1950 5249 2045 5288 sua
2087 5235 2313 5288 crimina
2344 5241 2397 5288 et
2423 5231 2705 5288 malefacta
2748 5234 3093 5304 coopet-iant,
3122 5237 3410 5293 auctorita-

1820 5334 1924 5379 tem
1956 5326 2149 5389 cualis,
2204 5326 2378 5379 sidera
2444 5325 2729 5394 perhibent
2782 5327 3039 5384 adhibere
3092 5339 3145 5400 et
3189 5329 3444 5383 fatalem‘

1818 5420 1996 5473 imluci
2021 5435 2301 5487 errorem,
2356 5421 2842 5492 necessitatemque
2889 5420 3172 5490 peccandi,
3199 5420 3415 5474 facino-

1815 5528 1980 5581 raque
2010 5527 2104 5565 sua
2136 5526 2241 5565 non
2295 5512 2363 5567 de
2391 5512 2572 5567 cordis
2603 5513 2806 5582 pr0prii
2844 5512 3190 5579 perversitate
3218 5525 3399 5579 proce-

1815 5603 1964 5667 dere,
1997 5602 2090 5657 sed
2105 5602 2246 5657 ctelo
2277 5612 2497 5673 auctore
2522 5604 2775 5670 pendere.
2802 5600 3092 5668 Proponite
3124 5601 3282 5671 igitur
3310 5618 3408 5672 pro

1816 5695 2010 5764 quibus
2055 5707 2145 5748 aut
2196 5695 2580 5751 submovendis
2637 5695 2830 5758 malis,
2884 5703 2977 5749 aut
3035 5698 3407 5765 promerendis

1772 5826 1777 5831 .
1820 5786 1973 5840 bonis
2027 5785 2340 5855 Lupercalia
2383 5796 2558 5843 vestra
2594 5785 2791 5840 fuerint
2819 5785 3096 5857 instituta,
3140 5798 3192 5844 et
3222 5788 3404 5843 videa-

1822 5892 1940 5933 mus
1967 5893 2090 5943 quae
2118 5879 2206 5933 illa
2234 5879 2373 5935 bona
2416 5880 2794 5945 provenerint,
2822 5892 2940 5937 cum
2971 5879 3286 5948 anerCalia
3309 5892 3405 5947 ae-
