3942 6310
125 300 240 356 665

1522 286 2027 348 PROLEGOMENA
2038 330 2053 347 .

3295 295 3399 355 666

127 414 456 485 descriptus.
491 413 547 468 ιιι
576 412 718 469 enim
745 409 905 465 simul
934 424 1054 465 cum
1081 407 1284 465 Sidonii
1309 407 1550 462 versibus
1578 421 1715 460 uon—
1742 406 1796 464 Α
1822 408 1878 464 ln
1910 412 2150 466 carmine
2180 428 2306 467 vero
2336 414 2431 468 lib.
2464 430 2543 480 Ill,
2571 430 2715 470 vers.
2748 414 2871 482 576,
2908 424 3028 486 post
3055 415 3217 470 multa
3246 416 3347 472 alia
3378 433 3394 469 :

128 508 336 563 nullam
363 519 577 559 causam
605 502 806 572 prtebet
828 499 1134 570 suspicandi
1158 499 1498 553 Dracontium
1529 497 1580 550 in
1610 495 1714 550 lta-

128 600 206 652 lia
235 597 454 651 vixisse.

209 690 337 745 122.
378 687 692 742 Dracontius
719 685 893 749 enim,
933 684 976 739 si
1005 683 1300 737 libertatem
1330 681 1555 749 adeptus
1584 678 1714 745 fuit,

130 795 195 838 ut
222 782 323 837 sibi
361 780 666 836 consuleret
706 795 769 833 ac
810 793 869 833 se
904 775 1293 831 calamitatibus
1324 774 1516 844 quibus
1544 785 1716 826 vexa-

130 873 298 929 batur
323 871 574 941 Hispania
612 869 970 936 subtraheret,
1004 870 1172 922 otium
1204 866 1597 932 honestumque
1627 876 1715 917 se-

131 979 350 1020 cessum
391 977 572 1019 amare
611 962 833 1017 debuit:
879 962 986 1015 imo
1025 960 1128 1015 hoc
1157 959 1324 1014 Deum
1355 966 1602 1028 precatus
1634 962 1719 1009 est

128 1055 233 1111 lib.
261 1070 317 1110 ιιι
345 1054 414 1109 de
444 1054 574 1117 Deo,
601 1067 742 1108 vers.
770 1052 906 1107 647:

266 1147 364 1206 Me,
391 1158 531 1207 rogo,
552 1145 648 1204 jam
674 1157 845 1207 repara
867 1143 960 1191 sub
985 1142 1212 1207 libertate
1236 1140 1469 1201 solutum,

266 1203 412 1257 Clade
433 1203 716 1256 catenarum
737 1203 922 1253 ferrato
943 1203 1156 1264 pondere
1168 1215 1431 1264 pressum.

266 1270 344 1317 Sit
362 1270 473 1317 vitae
498 1269 714 1329 requies,
743 1268 915 1313 animas
932 1263 1026 1313 sint
1044 1266 1142 1312 otia
1160 1263 1321 1324 fessae,

266 1331 341 1380 Sit
363 1342 532 1379 secura
555 1324 715 1391 quies,
740 1329 800 1376 sit
825 1339 916 1374 nox
938 1339 1047 1375 cum
1070 1338 1278 1375 munere
1302 1325 1470 1375 noctis.

136 1412 297 1480 Quod
328 1411 467 1466 enim
496 1410 690 1481 pergit,
719 1408 798 1463 Sit
827 1409 1033 1479 fortuna
1062 1409 1242 1473 redux,
1267 1418 1399 1475 etc.,
1423 1420 1484 1460 ea
1515 1413 1719 1459 tantum

136 1506 374 1561 fortuna:
397 1505 534 1558 bona
553 1502 760 1557 videtur
780 1501 1047 1570 postulare
1067 1517 1185 1570 qua:
1205 1501 1314 1554 otio
1335 1501 1526 1554 anima:
1545 1498 1720 1563 fessa},

136 1612 208 1653 ac
237 1612 439 1652 securae
466 1593 631 1664 quieti
675 1592 891 1647 minimc
921 1592 1290 1647 adversantur.
1343 1591 1537 1646 Fuerat
1578 1590 1720 1643 enim

128 1688 435 1761 palatinus,
466 1695 520 1740 ut
544 1683 735 1753 conjici
768 1693 941 1754 potest
970 1698 1033 1737 ex
1062 1683 1172 1737 suis
1201 1681 1462 1747 versibus,
1488 1690 1541 1735 et
1569 1680 1725 1749 plane

136 1779 433 1835 affirmavit
460 1792 620 1847 supra
648 1792 794 1831 num.
822 1776 889 1828 52
917 1773 1201 1829 Goldastns
1241 1773 1350 1845 96
1392 1772 1575 1827 nescio
1615 1786 1721 1840 quo
1753 1763 1798 1821 Β

137 1880 403 1925 auctore:
447 1868 511 1923 ad
555 1867 829 1923 minimum
868 1874 982 1920 erat
1011 1864 1159 1919 dives
1199 1873 1253 1918 et
1291 1863 1512 1926 nrvbitis,
1559 1870 1619 1917 ut
1657 1877 1723 1916 ex

138 1977 293 2016 vers.
318 1960 422 2015 589
449 1959 540 2013 lib.
567 1974 624 2012 ιιι
651 1958 899 2027 co'ligere
928 1957 996 2011 lic
1033 1967 1050 2009 t
1076 1973 1088 2008 :

274 2052 479 2113 Agmina
499 2062 753 2099 servorum
777 2048 994 2109 fugiunt,
1013 2056 1260 2109 tempserc
1286 2048 1515 2097 clientes.

141 2132 201 2187 ld
237 2132 377 2187 enim
411 2139 651 2185 recenset
685 2131 821 2184 inter
845 2131 975 2183 alias
1008 2131 1278 2185 mole5tias
1307 2128 1728 2201 quibusafllige-

143 2225 331 2278 batur.

740 2290 963 2346 CAPUT
1001 2290 1137 2345 Xlll.

454 2382 714 2452 Confessio
742 2393 789 2436 et
819 2384 1105 2451 paenitentia
1138 2382 1420 2437 Dracontii.

220 2501 348 2556 123.
389 2500 498 2555 lloc
525 2500 807 2555 discrimen
837 2500 1056 2554 interest
1092 2501 1228 2553 inter
1256 2516 1471 2556 carmen
1511 2501 1578 2555 de
1614 2502 1724 2556 Deo

140 2604 197 2650 et
235 2593 498 2663 Elegiam,
541 2592 682 2661 quod
723 2592 777 2645 in
822 2592 996 2662 Elegia
1027 2593 1342 2648 Dracontius
1382 2608 1558 2662 regem
1588 2595 1722 2647 allo-

142 2698 344 2753 qucns,
365 2682 587 2752 ejusque
606 2683 825 2752 gratiam
850 2683 1113 2738 demereri
1138 2684 1379 2749 cupiens,
1403 2685 1536 2753 petit
1558 2686 1721 2739 vitam

142 2773 254 2829 sibi
271 2774 541 2842 prorogari
565 2782 620 2828 ut
640 2774 823 2828 laudes
839 2773 1190 2828 Vandalorum
1207 2784 1389 2838 canat;
1416 2774 1465 2828 in
1488 2777 1725 2830 carmine

146 2872 277 2932 post
304 2863 652 2917 humillimam
680 2863 961 2917 criminum
987 2879 1204 2918 suorum
1229 2864 1619 2921 confessionem
1646 2866 1725 2921 sic

145 2953 320 3009 Deum
352 2963 596 3021 precatur
622 2968 765 3008 vers.
790 2953 894 3008 665
922 2954 1014 3006 lib.
1037 2969 1093 3007 ut
1118 2971 1131 3006 :

275 3043 535 3105 Servatum
560 3056 789 3104 reparare
804 3045 923 3101 jube
948 3045 1132 3105 pietate
1155 3052 1314 3105 sueta,

281 3103 347 3152 Ut
370 3116 563 3153 merear
586 3103 782 3153 cantare
807 3113 913 3153 tuas
937 3103 1024 3166 per
1048 3107 1256 3153 carmina
1273 3104 1457 3152 laudes.

217 3186 352 3241 124.
393 3186 656 3242 Praeterea
693 3186 1223 3241 animadvertendum
1264 3195 1345 3240 est
1386 3184 1722 3239 Dracontium

146 3277 198 3331 in
231 3275 422 3344 Elegia
452 3275 675 3331 innuere
701 3276 902 3330 crimen
929 3290 1083 3329 suum
1116 3290 1218 3329 non
1252 3274 1392 3329 aliud
1427 3274 1589 3328 fuisse
1622 3274 1723 3330 nisi

144 3370 291 3440 quod
322 3368 529 3423 hostem
559 3366 786 3436 aliquem
824 3367 964 3434 regis
989 3363 1348 3419 Vandalorum
1375 3364 1610 3419 carmine
1634 3378 1725 3419 ce-

145 3461 440 3515 Iebrasset.
493 3457 580 3521 Et,
612 3466 667 3510 ut
694 3454 1019 3525 conjecturis
1056 3455 1451 3524 indulgeamus,
1500 3454 1725 3509 fortasse

126 3547 401 3615 _Castinus
444 3545 542 3601 fuit
583 3545 671 3599 ille
707 3559 864 3614 quem
906 3543 1214 3599 laudaverat
1254 3544 1586 3599 Dracontius.
1633 3543 1724 3599 Sic

144 3640 291 3695 enim
341 3637 504 3692 habet
541 3637 746 3692 ldacius
788 3637 854 3691 ad
901 3651 1026 3690 ann.
1050 3635 1192 3690 ὀξὶς
1226 3636 1461 3690 Castinus
1489 3636 1725 3707 magister

144 3730 371 3784 militum
398 3743 511 3781 tum
542 3743 725 3799 magna
753 3743 906 3779 manu
936 3737 979 3778 et
1005 3727 1210 3780 auxiliis
1232 3724 1511 3781 Gothorum
1535 3726 1724 3780 bellum

145 3822 195 3873 in
223 3819 420 3872 Βιττίδα
474 3816 717 3873 Vandalis
750 3818 938 3885 infert;
979 3834 1101 3886 quas
1142 3833 1256 3869 cum
1295 3817 1364 3870 ad
1399 3818 1622 3887 inapiam
1677 3819 1725 3872 vi

144 3911 428 3965 obsidionis
457 3918 704 3976 arctat-et,
743 3911 868 3963 adeo
906 3924 961 3963 ut
998 3926 1051 3963 se
1087 3910 1284 3963 tradere
1313 3912 1426 3980 jam
1453 3919 1723 3980 pararent,

145 4002 436 4057 inconsulte
484 4000 681 4070 publica
734 4001 1006 4053 certamine
1055 4003 1364 4070 conﬂigens,
1413 4001 1725 4054 auxiliorum

146 4094 338 4163 fraude
372 4093 629 4160 deceptus,
669 4091 737 4143 ad
772 4090 1110 4145 Tarraconam
1146 4094 1303 4146 victus
1343 4091 1540 4163 effugit.
1594 4092 1723 4146 Dum

149 4181 379 4238 Vandali
409 4182 457 4234 vi
490 4180 782 4234 obsidionis
809 4180 874 4234 ad
905 4180 1132 4249 inOpiam
1166 4182 1363 4235 redacti
1392 4192 1565 4245 erant,
1594 4191 1725 4236 tem-

146 4288 243 4342 pus
276 4270 452 4342 potuit
483 4269 649 4325 videri
674 4280 1028 4339 opportunum
1069 4281 1124 4327 ut
1162 4273 1352 4341 aliquis
1376 4274 1463 4343 qui
1492 4272 1725 4328 nondum

147 4367 321 4420 corde
343 4364 666 4433 fsocietatem
710 4364 1068 4419 Romanorum
1110 4368 1417 4434 expulerat,
1451 4365 1724 4421 Castinnm

148 4457 345 4512 ducem
373 4455 615 4510 versibus
650 4455 953 4509 extolleret.
1001 4456 1252 4522 Quamvis
1298 4469 1474 4511 autem
1523 4459 1723 4511 nullum

150 4548 435 4618 vestigium
466 4548 717 4603 carminis
742 4550 885 4618 quod
926 4558 1053 4603 tunc
1091 4549 1403 4606 Drac-entius
1429 4553 1727 4619 composuit

151 4639 214 4693 ad
247 4654 352 4693 nos
381 4639 704 4707 pervenerit,
731 4639 847 4708 ejus
875 4648 1051 4696 tamen
1084 4641 1387 4695 testimoqu
1412 4654 1617 4696 certum
1645 4651 1727 4697 est

154 4730 358 4784 editum
390 4730 457 4783 ab
487 4730 575 4785 illo
604 4731 765 4786 fuisse
803 4746 1018 4787 carmen
1063 4748 1167 4802 quo
1210 4748 1300 4787 rex
1343 4734 1578 4789 offensus
1607 4735 1723 4788 fuit.

155 4820 261 4877 Nec
294 4820 595 4875 mirandum
622 4832 705 4876 est
734 4821 835 4876 hoc
865 4837 969 4877 non
998 4836 1275 4891 superesse
1303 4837 1548 4887 carmen,
1586 4823 1725 4893 quod

155 4912 405 4978 Vandali,
435 4913 523 4981 qui
553 4914 604 4967 in
634 4914 825 4970 Bmtica
857 4923 980 4971 tunc
1008 4932 1183 4971 rerum
1214 4915 1565 4985 potiebantur,
1602 4932 1729 4987 sup-

154 5004 394 5072 primere
416 5003 734 5059 debuerunt.

223 5094 355 5152 125.
398 5094 712 5151 Dracontius
742 5098 794 5151 in
824 5097 1062 5154 carmine
1086 5098 1153 5153 de
1183 5098 1310 5164 Deo,
1342 5097 1431 5153 ubi
1465 5114 1530 5154 ex
1566 5099 1729 5155 animi

156 5188 420 5243 sententia
451 5197 664 5257 peccata
690 5205 783 5243 sua
811 5190 1003 5245 fatetur
1027 5205 1203 5245 coram
1235 5191 1361 5255 Deo,
1389 5193 1457 5247 de
1482 5191 1585 5246 hoc
1611 5208 1729 5247 car-

158 5279 305 5332 mine
333 5278 551 5332 omnino
568 5280 673 5350 97
692 5278 834 5345 silet,
860 5279 1083 5335 fortasse
1108 5280 1228 5351 quia
1259 5282 1474 5348 putabat
1503 5283 1605 5336 alia
1631 5282 1731 5337 sibi

157 5384 278 5424 esse
309 5371 530 5425 crimina
570 5372 812 5443 graviora
841 5389 959 5442 qua:
997 5382 1055 5427 ut
1094 5374 1304 5441 puniret
1336 5375 1496 5441 Deus,
1527 5391 1647 5431 eum
1676 5378 1729 5431 in

163 5458 259 5513 bas
286 5475 419 5531 quas
446 5462 750 5531 patiebatur
773 5464 1102 5520 calamitates
1129 5465 1365 5520 incidere
1390 5467 1727 5535 permiserat.

161 5547 219 5605 In
250 5550 425 5622 Elegia
451 5569 592 5608 vers.
619 5553 721 5609 105
744 5556 854 5610 ait:

283 5639 541 5709 Te_coram
567 5645 767 5709 prirnum
787 5657 864 5709 me
886 5648 1111 5694 carminis
1136 5645 1259 5709 illius
1282 5659 1420 5709 ausu,

348 5703 484 5767 Quod
510 5703 634 5756 male
658 5706 889 5767 disposui,
917 5711 1117 5767 puinitet
1142 5716 1192 5759 et
1214 5708 1387 5760 fateor.

1941 502 2033 568 ﬂei
2062 504 2214 568 mihi!
2240 504 2367 568 quod
2392 506 2573 555 facinus
2597 520 2691 555 non
2716 520 2811 556 uno
2836 512 3061 567 tempore
3084 512 3297 568 gestum,

1945 563 2008 613 Ut
2031 578 2139 614 mea
2168 563 2290 616 facta
2323 566 2468 628 luam,
2497 574 2693 629 tempus
2714 563 3011 616 convenit‘in
3031 563 3198 617 un'um.

1818 646 1961 714 Quot
1984 655 2159 702 autem
2190 658 2241 702 et
2271 649 2444 717 qualia
2484 647 2683 702 fuerint
2713 649 2825 703 haec
2854 647 3055 703 scelera
3086 663 3309 716 quorum
3338 661 3401 704 se

1820 752 1973 793 reum
2003 747 2216 793 accusat
2243 738 2580 803 Dracontius,
2606 755 2713 793 non
2746 739 2975 809 explicat
3001 738 3281 801 distincte;
3304 740 3400 795 sed

1822 827 2103 881 innumera
2149 836 2205 882 et
2250 826 2527 882 horribilia
2558 828 2744 895 fuisse,
2772 844 2839 883 ex
2872 830 3113 885 versibus
3142 832 3231 900 qui
3264 845 3401 900 pra:-

1820 917 2015 973 cedunt
2037 917 2276 972 nonnulli
2303 918 2576 987 coliigent.
2610 918 2699 973 Sic
2721 909 2860 974 enim
2891 918 2966 990 ait
2992 938 3006 976 :

1948 1027 2367 1093 Quorumprimus
2389 1042 2484 1092 ego
2505 1028 2756 1093 plusquam
2782 1038 3004 1091 peccator
3032 1030 3301 1081 habendus.

1948 1091 2147 1148 Quando
2167 1089 2353 1140 fatebor
2372 1089 2761 1140 enim'scelerum
2784 1089 3059 1148 numerum,
3072 1098 3215 1150 atque
3232 1096 3400 1142 reatus

1949 1152 2169 1200 Pectoris
2192 1160 2242 1200 et
2265 1154 2425 1201 carnis
2440 1153 2464 1201 ?
2486 1164 2580 1200 non
2605 1154 2643 1200 si
2666 1152 2782 1201 mihi
2802 1152 2966 1201 ferrea
2997 1166 3086 1201 vox
3113 1154 3194 1212 sit,

1948 1212 2045 1274 Ora
2071 1217 2148 1274 tot
2163 1220 2431 1274 exsurgant
2453 1220 2570 1273 quot
2590 1212 2766 1262 dentes
2789 1215 2978 1261 ossibus
2994 1214 3176 1268 albent.

1950 1273 2049 1336 ᾼιιι
2071 1272 2186 1320 mihi
2213 1272 2514 1336 sintilinguas
2536 1279 2741 1334 quantos
2761 1281 2907 1336 caput
2930 1287 3073 1336 omne
3094 1274 3289 1336 capillos

1950 1334 2189 1396 Pectinat,
2212 1334 2425 1396 explebo
2450 1347 2702 1383 numerum
2725 1336 2831 1383 sine
2854 1334 3021 1382 fraude
3042 1335 3253 1383 fidelem.

1950 1394 2049 1442 Sed
2070 1394 2187 1442 satis
2211 1394 2292 1445 est
2309 1397 2492 1445 dixisse
2515 1408 2654 1443 reum
2675 1398 2766 1444 sub
2783 1397 2985 1444 crimine
3008 1404 3200 1445 cuncto.

1948 1456 2085 1510 Quod
2105 1460 2185 1503 tua
2207 1456 2339 1515 jussa
2364 1462 2548 1515 vetant,
2573 1455 2707 1505 solus
2726 1468 2957 1517 peccasse
2982 1456 3188 1515 fatebor,

1948 1516 2103 1577 ane
2130 1517 2255 1575 quod
2281 1518 2525 1565 horrescis
2550 1530 2643 1566 non
2662 1516 2740 1565 me
2759 1517 2933 1566 fecisse
2955 1518 3207 1577 negabo...

1950 1576 2082 1637 Ergo
2108 1589 2205 1636 ego
2227 1579 2461 1627 conllteor
2487 1578 2754 1626 miseranda
2778 1584 2945 1627 mente
2967 1576 3154 1626 reatum

1952 1638 2178 1694 Plenum,
2203 1639 2389 1697 grande
2414 1638 2591 1686 malum
2617 1650 2710 1686 non
2730 1652 2827 1687 uno
2848 1640 3051 1688 crimine
3082 1646 3287 1697 partum.

1948 1697 2065 1745 Nam
2088 1699 2249 1747 seelus
2270 1712 2412 1747 omne
2437 1711 2599 1747 meum
2619 1712 2850 1748 numeros
2870 1699 3123 1757 superabit
3147 1711 3310 1748 arena!

1950 1758 2166 1821 bittoris.
2193 1769 2239 1809 et
2262 1760 2425 1819 pelagi
2448 1762 2636 1808 vincent
2663 1760 2783 1808 mala
2811 1769 2970 1808 nostra
2997 1760 3227 1821 liquores.

1950 1819 2055 1868 Non
2082 1829 2193 1879 puto
2218 1820 2445 1870 diluvium
2470 1826 2628 1869 tantos
2650 1822 2848 1881 punisse
2871 1829 3035 1869 reatus

1951 1883 2164 1943 Quantos
2190 1884 2294 1942 ipse
2318 1894 2441 1941 gero
2459 1881 2705 1943 culparum
2733 1882 2947 1943 pondere
2973 1894 3185 1942 pressus.

1951 1941 2171 2005 Flumina
2198 1941 2278 1989 me
2299 1941 2551 1991 scelerum
2564 1941 2775 2005 rapiunt,
2807 1941 3127 2003 quatiuntque
3154 1941 3397 2005 procellae,

1955 2003 2010 2049 l-It
2035 2010 2342 2062 peccatorum
2368 2010 2559 2051 torrens
2582 2003 2723 2051 simul
2750 2005 2912 2052 obruit
2931 2005 3073 2052 unda.

1957 2062 2033 2110 Me
2057 2063 2347 2112 delictvrum
2364 2072 2645 2112 merSerunt
2667 2066 2888 2113 ﬂuctibus
2906 2077 3092 2121 amnes,

1951 2124 2119 2186 Usque
2141 2126 2345 2173 animam
2372 2126 2505 2175 venit
2529 2125 2656 2174 unda
2681 2138 2856 2187 meam,
2884 2127 3046 2188 gravis
3067 2126 3236 2246 horrrEr
3253 2138 3397 2185 aqua~

3211 2200 3336 2235 rum.

3211 2200 3336 2235 rum.

1828 2264 1949 2319 [iace
1972 2266 2146 2318 omnia
2181 2265 2278 2319 nisi
2310 2274 2629 2335 exaggerata
2664 2283 2693 2321 a
2728 2268 3013 2322 Dracontio
3041 2282 3163 2323 esse
3183 2282 3399 2323 censea~

1828 2372 1963 2419 mus,
1993 2356 2391 2410 sceleratiorem
2428 2372 2493 2411 eo
2522 2358 2789 2412 neminem
2822 2358 2985 2412 fuisse
3023 2358 3328 2413 credemus.

1899 2446 2018 2500 1.26.
2048 2445 2103 2499 In
2136 2446 2530 2515 prolegomenis
2558 2446 2626 2502 ad
2653 2446 3001 2503 Prudentium
3022 2464 3141 2519 cap.
3170 2449 3226 2515 2,
3252 2464 3399 2503 num.

1825 2535 1893 2589 41
1925 2545 1978 2593 et
2007 2552 2157 2606 seqq.
2190 2539 2419 2607 probare
2449 2548 2673 2593 conatus
2711 2554 2827 2594 sum
2867 2540 3027 2595 verba
3071 2541 3266 2610 quibus
3307 2554 3400 2596 sua

1826 2629 2046 2682 crimina
2082 2628 2405 2684 Prudentius
2453 2630 2504 2684 in
2552 2631 2865 2700 pra'fatione
2890 2642 3128 2699 accusat,
3159 2648 3189 2687 a
3221 2633 3403 2689 mode-

1826 2720 1925 2772 stia
1954 2728 2009 2773 et
2039 2720 2338 2775 humilitate
2365 2723 2474 2791 98
2501 2720 2993 2791 Christianisjnstis
3023 2723 3215 2778 usitata
3244 2738 3400 2791 posse

1827 2809 2042 2878 intelligi
2072 2810 2329 2878 profecta,
2369 2827 2540 2882 neque
2590 2813 2809 2869 innuere
2861 2814 3129 2869 hominem
3177 2816 3397 2886 insigni-

1826 2907 1908 2952 ter
1950 2900 2265 2955 sceleratum
2297 2911 2352 2957 et
2389 2902 2676 2970 perditum,
2705 2913 2763 2959 ut
2799 2905 2888 2959 alii
2926 2907 3084 2976 vulgo
3131 2907 3399 2977 interpre-

1828 2988 2093 3044 tabantur.
2125 2990 2308 3061 Neque
2331 3008 2471 3048 nunc
2496 2994 2712 3064 quidem
2742 2995 2897 3050 aliter
2926 2997 3098 3051 sentio
3122 3014 3135 3048 :
3160 2998 3265 3051 imo
3287 3000 3400 3051 hare

1829 3078 1937 3144 ipsa
1972 3077 2238 3134 Dracontii
2277 3082 2460 3149 verba,
2503 3100 2621 3153 qua:
2661 3086 2902 3154 graviora
2949 3088 3213 3156 plerisque
3254 3088 3399 3143 vide-

1829 3166 2047 3236 buntur,
2080 3170 2270 3225 eodem
2299 3187 2459 3227 sensu
2484 3174 2708 3244 accipio.
2737 3176 2841 3231 Sed
2864 3178 3002 3247 quod
3025 3177 3091 3232 de
3116 3179 3400 3233 Prudentio

1828 3266 1953 3312 tunc
1983 3262 2113 3314 satis
2141 3271 2324 3330 aperte
2370 3264 2618 3332 iudicavi,
2650 3282 2791 3321 nunc
2818 3268 2962 3324 clare
2990 3270 3261 3339 profiteor.
3292 3285 3399 3325 non

1828 3348 1895 3401 ita
1937 3364 2022 3403 me
2072 3350 2206 3405 hanc
2249 3365 2463 3406 causam
2496 3369 2675 3425 agere,
2707 3360 2857 3426 quasi
2888 3368 2979 3412 aut
3022 3358 3089 3413 de
3129 3359 3398 3415 Prudentii

1825 3446 1915 3490 ant
1942 3438 2008 3492 de
2038 3438 2303 3494 Dracontii
2338 3442 2643 3499 innocentia
2673 3446 2893 3516 liqueat,
2925 3448 3017 3503 sed
3048 3448 3097 3503 id
3127 3465 3285 3503 unum
3317 3465 3401 3505 as-

1826 3540 2029 3593 serere,
2075 3543 2140 3582 ex
2187 3528 2372 3586 humili
2413 3548 2600 3589 eorum
2643 3537 2982 3593 confessione
3029 3552 3399 3608 argumentum

1828 3620 1933 3688 poti
1976 3634 2079 3674 non
2122 3620 2318 3676 debere
2359 3624 2423 3678 ad
2469 3627 2780 3695 gravissima
2812 3628 2879 3683 de
2907 3630 2987 3684 eis
3024 3630 3223 3685 scelera
3252 3630 3398 3685 afﬁr-

1827 3708 2037 3765 mando.
2075 3710 2421 3766 Luculentum
2462 3716 2765 3784 exemplum
2812 3734 2951 3771 nunc
2985 3719 3204 3773 afferam
3242 3734 3306 3773 ex
3337 3719 3397 3773 S.

1827 3799 2046 3869 Eugenii
2093 3800 2338 3855 Toletani
2384 3796 2630 3861 versibus
2677 3806 2728 3859 in
2775 3806 3033 3862 Lameuto
3062 3809 3130 3864 de
3169 3810 3398 3863 adventu

1828 3889 2054 3958 propriae
2083 3893 2394 3956 senectutis,
2422 3892 2517 3946 lib.
2548 3910 2584 3958 ι,
2611 3909 2779 3949 carm.
2815 3894 2879 3948 li
2908 3913 2922 3950 :

1953 3978 2384 4045 Oppressi,rrapui,
2406 3984 2599 4043 nudavi,
2624 3987 2823 4034 crimina
2848 3985 2983 4045 finxi,

2012 4042 2251 4101 Pauperis
2268 4044 2325 4091 ad
2350 4058 2517 4093 vocem
2544 4058 2681 4094 mens
2700 4059 2808 4095 mea
2827 4042 2978 4095 surda
2996 4046 3103 4098 fuit.

1952 4101 2150 4168 Corruit
2177 4108 2420 4168 proprium
2448 4105 2622 4155 lascivo
2647 4108 2851 4157 vulnere
2877 4122 3067 4168 corpus,

1979 4225 1991 4233 ο
2014 4164 2137 4233 [line
2158 4164 2325 4222 miser,
2348 4167 2459 4214 hinc
2482 4169 2701 4233 pavidus,
2727 4168 2839 4217 hinc
2861 4164 3157 4233 temulentus
3181 4183 3258 4221 eo.

1954 4224 2093 4291 Nulla
2116 4239 2252 4291 meas
2272 4224 2492 4291 unquam
2510 4230 2650 4276 venia
2677 4224 2974 4289 compescuit
2999 4231 3116 4291 iras,

2012 4286 2115 4336 Nec
2135 4289 2241 4337 sine
2266 4286 2381 4337 felle
2405 4289 2591 4349 furens,
2617 4302 2709 4339 nec
2736 4286 2845 4340 sine
2870 4292 3004 4341 caede
3029 4286 3114 4341 fui.

1829 4372 1906 4425 Ac
1938 4386 2002 4423 ue
2028 4370 2146 4439 quis
2176 4370 2243 4425 de
2284 4381 2504 4426 auctore
2541 4372 2766 4438 dubitet,
2813 4389 3003 4429 nomen
3040 4374 3091 4429 iu
3135 4384 3404 4445 postremo

1757 4482 1808 4542 ο
1832 4460 2162 4531 pentametro
2191 4463 2440 4530 exprimit
2464 4480 2476 4512 :

2020 4550 2241 4613 Eugenio
2265 4554 2441 4601 misero
2465 4552 2546 4611 sit,
2574 4564 2710 4613 rogo,
2736 4565 2874 4614 paena
2895 4553 3029 4602 levis.

1831 4632 1999 4688 Nemo
2047 4637 2321 4703 negaverit
2368 4632 2634 4687 difficilius
2677 4648 2796 4688 esse
2838 4635 2951 4689 haec
2987 4634 3147 4690 verba
3183 4635 3402 4706 Eugenii

1835 4722 2062 4793 benigne
2096 4723 2457 4792 interpretari,
2491 4737 2648 4792 quam
2688 4738 2807 4793 qua:
2848 4740 2876 4777 a
2921 4723 3203 4781 Dracontio
3230 4728 3282 4781 in
3312 4744 3403 4797 ge-

1834 4830 1963 4870 nere
1993 4822 2194 4868 tantum
2222 4813 2563 4882 proferuntur
2594 4830 2605 4865 :
2633 4828 2753 4867 nam
2785 4813 3053 4882 Eugenius
3092 4814 3158 4869 ad
3197 4818 3404 4885 species

1836 4909 1976 4977 ipsas
2008 4906 2287 4962 horrenda:
2315 4905 2593 4976 cujusdam
2642 4907 2934 4978 iniquitatis
2969 4907 3292 4964 descendere
3321 4910 3405 4963 vi-

1836 4999 2025 5055 detur.

1907 5088 2029 5143 127.
2062 5085 2306 5141 Profecto
2351 5086 2618 5151 Barthius,
2648 5089 2736 5159 qui
2770 5090 2860 5144 lib.
2897 5106 2959 5144 Lv
2995 5089 3241 5156 Advers.,
3283 5104 3400 5158 cap.

1837 5178 1922 5242 il,
1955 5176 2055 5231 hoc
2079 5190 2292 5230 carmen
2321 5175 2541 5245 Eugenii
2573 5177 2971 5247 interpretatur,
2993 5181 3263 5249 conceptis
3284 5195 3405 5233 ver-

1832 5269 1915 5323 bis
1940 5269 2013 5322 ait
2045 5285 2058 5320 :
2090 5266 2387 5335 Corrapisse
2424 5283 2479 5321 se
2507 5270 2769 5339 proprium
2808 5286 2992 5339 corpus
3020 5269 3404 5323 scortationibus

1833 5357 2022 5411 dicit...
2066 5356 2248 5411 Fuisse
2281 5366 2449 5409 autem
2478 5356 2546 5410 ad
2574 5359 2681 5411 Iure
2710 5359 2891 5411 delicta
2920 5360 3205 5429 proniorem
3237 5355 3405 5426 Euge-

1834 5432 1992 5506 nium.
2025 5469 2087 5507 ex
2128 5454 2491 5523 epigrammate
2529 5455 2682 5507 etiam
2717 5454 2863 5507 tertio
2902 5453 3071 5506 doceri
3112 5466 3403 5523 possumus,

1833 5543 1919 5596 ubi
1944 5544 2016 5596 ait
2043 5558 2062 5596 :

1962 5652 2098 5701 Nunc
2125 5656 2311 5700 rectum
2330 5651 2738 5713 sequimur,nunr
2764 5663 2955 5709 pravum
2982 5649 3129 5702 corde
3149 5658 3401 5711 tenemus;

1958 5714 2097 5766 Nunc
2117 5715 2265 5765 sancti
2285 5716 2498 5774 castique
2521 5727 2703 5774 sutnus,
2724 5726 2848 5761 nunc
2870 5720 3025 5765 scorta
3048 5713 3281 5764 fovemus.
