3942 6310
568 347 670 402 667

1973 336 2417 395 ΜΗΕΟΝΤΙΗΞ.

3704 344 3794 399 66‘

576 458 686 511 Etsi
709 457 841 509 enim
870 473 926 509 eo
954 457 1064 510 loco
1092 455 1367 527 generatim
1404 453 1639 523 loquntur
1679 454 1740 506 de
1781 451 1957 505 mentis
2003 452 2140 519 apud
2168 454 2214 506 A
2245 457 2353 501 tum
2385 451 2561 513 mittit,
2595 451 2855 515 celebrat;
2892 451 3135 506 eumdem
3177 451 3664 519 Chindasuinthttm
3696 457 3795 509 ηιξ.

571 565 743 602 omnes
774 549 996 601 homines
1021 548 1358 601 inconstantia
1394 554 1439 599 et
1481 546 1737 615 {utilitate,
1768 560 1860 597 sua
1885 552 2047 595 tamen
2074 557 2135 593 ea:

571 639 779 708 propria
822 638 1125 691 conscientia
1164 648 1221 699 et,
1251 638 1366 689 vita:
1406 646 1651 688 anteacta:
1692 633 1997 699 experientia
2038 632 2134 683 ista

571 728 742 782 omnia
781 736 997 781 recenset
1040 737 1187 797 atque
1215 729 1527 791 detestatur;
1558 728 1742 796 fatetur
1767 733 1931 783 autem
1960 722 2133 776 eodem

572 816 639 871 12
659 818 883 870 carmine
904 819 1055 871 etiam
1080 819 1216 871 ccede
1239 818 1349 887 99
1371 834 1423 870 se
1448 832 1630 881 purum
1660 832 1760 868 non
1802 814 1976 883 fuisse.
2012 811 2132 864 Non

568 910 699 960 enim
728 908 873 959 aliter
901 925 1053 976 quam
1083 913 1385 973 uti‘sonant,
1419 908 1715 977 simpliciter
1746 922 1805 957 ea
1845 903 1990 958 verba
2018 912 2133 955 sunt

568 997 962 1065 intelligenda...
994 996 1316 1049 Juveututem
1350 1013 1401 1048 se
1432 1013 1518 1062 per
1549 996 1818 1046 libidinum
1847 993 2015 1045 omnia
2049 1008 2133 1061 ge-

568 1104 687 1141 nera
709 1089 986 1140 decurrisse
1015 1091 1179 1152 [assus
1208 1097 1298 1140 est.
1332 1087 1456 1140 llazc
1496 1086 1761 1147 Barthius,
1783 1084 1870 1152 qui
1897 1084 1940 1137 si
1973 1082 2135 1134 vidis-

566 1188 647 1232 set
671 1179 770 1230 alia
804 1179 1034 1230 carmina
1064 1178 1279 1246 Eugenii
1311 1193 1372 1230 ex
1403 1177 1585 1230 codice
1624 1174 1904 1243 Azagrcnsi
1942 1172 2133 1225 Matriti

567 1274 731 1336 edita,
761 1274 974 1327 uberius
1005 1273 1309 1340 opinionem
1330 1286 1481 1325 suam
1513 1269 1879 1324 conﬁrmasset
1900 1265 2135 1320 carmine

572 1368 592 1417 1
631 1365 720 1417 lib.
756 1381 809 1427 ιι,
839 1364 977 1433 quod
1007 1363 1225 1431 incipit:

815 1453 939 1501 Mole
973 1453 1219 1513 culparum
1244 1454 1456 1513 graviter
1481 1458 1702 1513 onustus,

818 1515 1027 1563 Crimine
1052 1512 1285 1575 Summus,
1314 1515 1438 1561 illiis
1466 1512 1728 1559 abundans.

645 1596 761 1648 l28.
799 1595 1013 1647 Barthio
1043 1609 1105 1647 ex
1138 1595 1247 1646 sola
1284 1593 1501 1661 Eugenii
1530 1590 1863 1645 confessione
1885 1586 2132 1641 assentiri

567 1700 671 1739 non
698 1685 972 1749 auderem,
1001 1684 1207 1738 etiamsi
1240 1684 1339 1737 alia
1370 1683 1615 1737 deessent
1650 1690 1988 1735 monumenta
2016 1693 2134 1748 quae

568 1775 828 1844 ejusmodi
858 1775 1056 1828 scelera
1088 1774 1153 1827 ab
1194 1774 1429 1842 Eugenio
1467 1774 1783 1837 repellerent
1810 1789 1820 1824 :
1846 1787 1987 1825 nunc
2014 1786 2131 1825 cum
2168 1793 2212 1851 Β

573 1868 686 1920 haec
724 1867 917 1930 adsint,
969 1867 1123 1935 plane
1164 1866 1439 1919 dissentio.
1485 1866 1617 1918 Audi
1667 1863 2134 1932 locupletiss'mum

568 1965 757 2009 testem
783 1956 1099 2011 lldelonsum
1133 1958 1184 2010 in
1210 1957 1426 2025 Eugenii
1453 1956 1565 2009 Vita
1592 1971 1605 2008 :
1640 1956 1742 2008 llic
1773 1971 1888 2007 cum
1914 1956 2137 2008 ecclesia:

567 2048 719 2115 regia:
756 2050 965 2101 clericus
1005 2059 1130 2102 esset
1173 2050 1424 2119 egregius,
1456 2052 1554 2102 vita
1591 2049 1826 2101 monachi
1862 2049 2135 2101 delectatus

564 2146 661 2188 est.
698 2138 797 2203 Qui
833 2139 1001 2207 sagaci
1037 2139 1160 2209 fuga
1196 2140 1366 2193 urbem
1395 2140 1905 2205 Ctesarangnstanam
1944 2150 2131 2208 petens,

570 2225 676 2276 illic
707 2236 989 2295 martyrum
1019 2229 1259 2293 sepulcris
1295 2230 1513 2293 inhaesit,
1544 2230 1707 2295 ibique
1737 2230 1905 2281 studia
1930 2230 2132 2297 sapien-

566 2318 649 2367 tite
692 2325 737 2366 et
783 2317 1089 2383 propositum
1141 2319 1372 2371 monac/ti
1420 2320 1650 2372 decenter
1697 2320 1905 2373 incoluit
1950 2336 1968 2373 :
2004 2321 2136 2373 unde

570 2405 838 2470 principali
866 2407 1098 2459 violentia
1123 2409 1362 2461 reductus
1385 2420 1533 2477 atque
1560 2410 1609 2461 in
1640 2412 1981 2477 pontiﬁcatum
2004 2411 2133 2463 asci—

569 2502 667 2553 tus,
699 2495 846 2545 vitam
872 2494 984 2562 plus
1008 2496 1244 2547 virtutum
1266 2499 1453 2549 meritis
1481 2514 1631 2565 quam
1656 2499 1840 2551 viribus
1862 2499 1979 2567 egit.
2010 2497 2132 2553 Fuit

572 2583 702 2634 enim
749 2580 955 2649 corpore
995 2588 1177 2651 tenuis,
1224 2604 1409 2655 part-us
1439 2590 1635 2653 robore,
1665 2590 1750 2641 sed
1779 2591 1940 2644 valide
1970 2595 2131 2659 ferre-

565 2690 707 2727 scens
744 2678 951 2743 spiritus
982 2677 1180 2730 virtute.
1212 2678 1433 2733 Cadilne
1469 2680 1518 2731 id
1548 2680 1773 2746 elogium
1808 2683 1856 2733 in
1887 2698 2005 2735 eum
2040 2683 2133 2735 ho-

566 2765 759 2818 minem
792 2767 999 2834 qualem
1029 2769 1181 2822 nobis
1211 2769 1461 2823 describit
1511 2770 1788 2825 Barthius?
1830 2773 2006 2841 Neque
2037 2788 2135 2841 op-

567 2875 730 2926 ponas
765 2862 1049 2927 Eugenium
1095 2862 1385 2930 juventutis
1434 2879 1543 2917 suae
1583 2864 1799 2917 crimina
1850 2880 2129 2929 accusare;

564 2962 683 3000 nam
735 2948 981 3003 lldefuusi
1034 2952 1388 3005 testimonium
1449 2953 1610 3006 vitam
1668 2954 1719 3007 in
1774 2954 2131 3008 ado'esrentia

566 3040 770 3107 integre
816 3050 862 3092 et
906 3042 988 3108 pie
1026 3052 1196 3095 actam
1224 3043 1523 3110 conﬁrmat,
1558 3056 1609 3097 et
1641 3046 1754 3112 ipse
1787 3047 2051 3115 Eugenius
2080 3048 2128 3099 in

564 3221 687 3274 inde
717 3224 863 3289 quasi
896 3224 959 3277 ad
987 3225 1187 3279 obitum
1221 3242 1387 3295 usque
1417 3230 1706 3283 sceleribus
1736 3232 1891 3283 tuerit
1918 3232 2123 3301 involu-

563 3322 664 3363 tus.
698 3312 832 3377 Quid
878 3313 1033 3381 igitur
1076 3324 1255 3375 restat,
1306 3317 1404 3369 nisi
1453 3329 1507 3369 ut
1547 3318 1784 3371 dicamus
1834 3319 2123 3389 Eugenium

561 3402 785 3469 quodam
836 3417 996 3457 sensu
1048 3406 1221 3457 minus
1267 3409 1498 3475 prOprio,
1544 3411 1634 3463 sed
1681 3425 1808 3464 vero
1851 3421 1902 3464 et
1942 3411 2124 3467 humili

562 3492 723 3560 loqui,
755 3503 807 3547 ut
838 3496 1030 3549 veritas
1062 3499 1113 3550 in
1147 3499 1258 3565 ejus
1286 3500 1438 3553 dictis
1471 3516 1591 3554 eum
1630 3502 1923 3556 humilitate
1953 3505 2127 3559 colite-

558 3590 690 3646 reat,
738 3599 906 3653 neque
949 3588 1108 3641 verba
1158 3600 1211 3641 ut
1257 3602 1446 3644 sonant
1487 3602 1576 3645 aut
1622 3608 1815 3649 sonare
1860 3596 2122 3661 videntur,

554 3673 866 3742 Simpliciter
892 3678 1285 3746 intelligantur?

632 3766 750 3824 129.
798 3770 1065 3839 Eugenius
1095 3785 1267 3826 autem
1312 3793 1413 3830 non
1445 3793 1503 3832 se
1530 3780 1698 3833 solum
1732 3782 1903 3837 verbis
1933 3798 2009 3836 ex.
2031 3784 2126 3838 hu-

558 3861 778 3915 militate
822 3860 1118 3919 Christiana
1172 3870 1450 3935 proiectis,
1504 3888 1689 3925 verum
1740 3876 1939 3939 etiam,
1982 3878 2123 3945 quod

557 3949 786 4016 mireris,
831 3952 1306 4010 (‘Jiindasuinthuni
1360 3975 1533 4027 regem
1588 3963 1743 4016 simili
1793 3965 1971 4030 modo,
2013 3976 2127 4019 tan-

556 4054 708 4105 quam
745 4040 1040 4107 improbum
1073 4054 1125 4095 ct
1157 4048 1408 4100 nefarium
1444 4050 1705 4104 hominem
1736 4052 2035 4122 descripsit.
2071 4056 2122 4109 Ιιι

555 4125 691 4178 libro
723 4144 755 4179 tt
787 4131 1076 4185 carminum
1107 4134 1320 4202 Eugeuii
1350 4153 1411 4189 ex
1444 4139 1627 4193 codice
1657 4144 1896 4210 Azagrce,
1930 4143 1981 4196 in
2013 4145 2124 4199 edi-

554 4217 695 4270 tione
740 4218 1049 4283 Matritensi,
1082 4238 1296 4278 carmen
1329 4229 1392 4280 ’ῖὸ
1430 4239 1510 4282 cst
1542 4229 1872 4301 Epitaphium
1900 4234 2126 4288 Chiuda-

554 4308 755 4359 suintlto
796 4310 900 4379 regi
928 4316 1285 4383 conscriptum,
1319 4318 1402 4370 tibi
1435 4319 1571 4373 inter
1594 4322 1695 4374 alia
1727 4323 1986 4392 Eugenitts
2013 4326 2124 4381 huic

553 4398 625 4450 ait
658 4414 671 4449 :

679 4472 833 4587 ίῳ
854 4484 997 4531 Chiud
1016 4488 1249 4535 .sninthns
1266 4502 1359 4548 ego
1386 4503 1615 4540 noxarum
1639 4507 1835 4557 semper
1859 4502 1961 4548 atni‘
1983 4514 2055 4560 us,

760 4543 953 4587 ’atralnr
972 4547 1210 4587 scola-rum
1237 4550 1441 4587 t‘himinc
1463 4556 1635 4587 iinllsne
1659 4569 1754 4587 οηη

760 4543 953 4616 ’atrator
972 4547 1210 4595 scelerum
1237 4543 1441 4616 (Iliiudas
1463 4556 1638 4603 iinlhns
1659 4543 1772 4616 ego:

672 4598 866 4680 Impius,
893 4609 1240 4680 Olh'Cf‘lllUS,-|tl'~
1266 4598 1447 4680 hrosus,
1476 4619 1646 4675 turpis,
1670 4598 1879 4680 ihiquns.

733 4664 918 4735 Optima
946 4667 1072 4735 nulla
1099 4664 1282 4731 solens,
1314 4664 1515 4733 pessima
1550 4664 1923 4730 éudoih‘iatais.

674 4724 909 4803 Quidquid
932 4732 1052 4790 agit,
1078 4737 1157 4803 qui
1187 4724 1327 4803 prava
1350 4740 1502 4803 cupit,
1529 4724 1987 4803 quirino—xiawquierit,

734 4785 902 4856 Qntnia
922 4785 1151 4856 commisi,
1176 4785 1307 4856 pejor
1334 4806 1385 4846 et
1407 4785 1517 4847 inde
1540 4785 1620 4848 iui.

671 4845 807 4925 Nulla
831 4851 916 4921 fuit
943 4845 1249 4925 culisauitatn'
1271 4845 1688 4925 ttottcomuutt—cre
1716 4864 1909 4925 vellem,

732 4909 966 4961 Maximus
991 4909 1037 4960 in
1060 4909 1202 4979 vitiis,
1230 4927 1280 4967 et
1304 4922 1431 4980 prior
1453 4923 1554 4983 ipse
1577 4924 1660 4972 fui.

550 4988 774 5045 Re~titui
805 4996 947 5064 pejor
976 5013 1069 5062 pro
1099 5002 1260 5068 pejus,
1296 5004 1431 5069 quod
1461 5004 1652 5074 legitur
1679 5008 1728 5060 in
1755 5008 1985 5063 editione
2011 5012 2120 5065 Ma-

549 5081 776 5135 tritensi.
818 5084 871 5136 ln
924 5084 1003 5139 his
1043 5090 1285 5143 versibus
1328 5093 1551 5160 primum
1593 5113 1728 5165 agno
1760 5113 1821 5151 co
1861 5100 2115 5155 humilem

545 5176 1005 5243 exaggerationem
1046 5179 1289 5234 vitiomin
1328 5184 1764 5253 Chindisuinthi;
1808 5192 2000 5247 deinde
2032 5211 2117 5248 ar-

546 5277 670 5329 guo,
714 5280 817 5317 non
862 5267 929 5319 ab
982 5267 1236 5338 Eugenio,
1280 5275 1371 5326 sed
1422 5277 1489 5328 ah
1538 5280 1650 5347 ipso
1694 5283 2116 5341 Chindasuintho

547 5352 871 5421 epitaphium
907 5358 1063 5414 fuisse
1091 5365 1460 5429 coittpositum.
1491 5368 1589 5433 Qui
1624 5373 1762 5424 enim
1795 5374 1908 5428 ﬁeri
1949 5378 2115 5444 potuit

548 5452 602 5492 ut
632 5443 897 5512 Eugenius
921 5462 1008 5502 aut
1032 5450 1237 5506 vivente
1267 5454 1710 5523 Chiudasuintho,
1741 5472 1829 5516 aut
1856 5443 1969 5532 post
2001 5466 2115 5533 ejus

545 5533 745 5586 oh'tum
779 5544 853 5589 tot
886 5547 1093 5609 tamque
1120 5545 1296 5612 gravia
1329 5546 1547 5600 crimina
1574 5550 1643 5603 illi
1674 5554 1987 5619 imputaret?

620 5623 737 5676 150.
768 5623 1221 5699 Prwlargissimam
1245 5637 1479 5702 pietatem
1510 5638 1914 5697 Chiudasuittlhi
1940 5644 2111 5713 Euge-

548 5710 663 5762 nius
694 5713 809 5780 ipse
841 5717 891 5771 in
922 5723 1140 5784 cpistola
1170 5742 1268 5788 qua
1302 5729 1641 5787 Dracontiutn
1688 5749 1714 5789 a
1762 5750 1819 5791 se
1860 5710 2111 5794 emenda-

2235 542 2405 608 gionis
2441 536 2757 609 pietatisque
2802 543 2954 596 laude
3003 542 3244 599 ﬂoruisse
3282 554 3512 609 constat,
3542 548 3630 615 qui
3657 550 3791 602 etiarr

2237 634 2487 687 'l‘aionem
2522 633 2742 686 Romam
2769 634 2994 701 legatum
3026 636 3188 700 misit,
3222 645 3278 689 ut
3312 638 3457 691 varia
3488 638 3548 693 S.
3578 638 3795 709 Gregori

2233 739 2391 792 opera
2424 767 2435 783 ,
2467 741 2582 793 quae
2622 728 2673 779 in
2708 726 2953 795 llispania
2984 728 3449 795 desiderabantur,
3494 742 3801 799 asportaret,

2232 826 2285 871 et
2332 818 2564 882 Eugenio
2615 820 2921 871 mandatum
2973 819 3118 872 dedit
3167 830 3226 873 ut
3278 821 3553 875 Dracontii
3606 823 3801 878 libellos

2233 908 2542 977 corrigeret.
2587 909 2756 962 Unum
2791 911 2840 962 in
2874 926 2936 963 eo
2969 912 3169 975 vitium,
3202 913 3351 980 cujus
3381 913 3638 967 distincta
3670 930 3797 970 men-

2235 1000 2306 1053 tio
2334 1001 2383 1053 in
2416 1002 2686 1070 epitaphio
2718 1018 2822 1056 non
2850 1013 2953 1069 est,
2984 1004 3211 1057 Mariana
3244 1005 3334 1059 lib.
3379 1021 3430 1059 vn
3468 1006 3610 1060 llist.
3644 1009 3799 1077 tlisp.,

2233 1107 2349 1158 cap.
2391 1092 2442 1157 8,
2487 1101 2652 1159 notat,
2699 1095 2953 1163 reliquam
2997 1095 3154 1148 vitam
3199 1096 3417 1150 laudat:
3454 1098 3691 1168 Regnum
3726 1117 3798 1169 pa

2234 1183 2552 1252 tyrannidem
2584 1196 2883 1252 occupatum
2926 1188 3043 1239 bene
3089 1188 3260 1255 gessit,
3296 1189 3710 1258 inaugurationis
3735 1192 3801 1243 ri-

2233 1275 2353 1326 tiunt
2394 1276 2547 1327 totius
2578 1277 2690 1327 vitat
2721 1278 2962 1343 probitate
2994 1287 3142 1345 atque
3169 1281 3459 1355 constantia
3489 1298 3799 1350 compensare

2234 1375 2485 1432 satagens.
2520 1366 2631 1418 Non
2663 1382 2788 1434 ergo
2820 1366 3074 1436 Eugenio,
3108 1369 3199 1423 sed
3245 1371 3341 1438 ipsi
3385 1371 3803 1428 Chindasuintbo

2235 1453 2571 1507 tribuendum
2602 1466 2680 1509 est
2708 1457 2807 1510 hoc
2836 1458 3186 1527 epitaphium.
3214 1460 3395 1530 Neque
3426 1461 3697 1518 immerito
3726 1480 3803 1519 so-

2235 1547 2550 1601 lertissimus
2586 1548 2760 1601 editor
2799 1550 3084 1605 cardinalis
3128 1552 3431 1607 [.urenrana
3466 1567 3592 1609 ante
3621 1556 3802 1611 librum

2236 1638 2525 1691 secundum
2570 1640 2770 1692 monuit
2799 1655 2901 1693 non
2940 1656 3127 1695 omnes
3176 1658 3360 1697 versus
3391 1646 3481 1713 qui
3514 1645 3569 1699 iu
3598 1662 3662 1700 eo
3689 1661 3806 1714 pro-

2239 1727 2494 1792 feriuntur,
2524 1733 2893 1799 reprtcsentari
2927 1744 3172 1801 tanquam
3202 1751 3489 1803 germanos
3522 1738 3662 1793 fetus
3708 1739 3805 1793 Eu-

2239 1819 2398 1883 genii,
2432 1822 2675 1887 quamvis
2722 1822 2771 1873 in
2817 1822 2999 1877 codice
3042 1825 3326 1891 Azagrensi
3362 1841 3555 1882 omnes
3582 1830 3679 1884 sub
3706 1846 3805 1884 uno

2242 1910 2461 1978 Eugenii
2494 1912 2705 1966 nomine
2736 1914 2922 1967 ordine
2951 1917 3201 1969 continuo
3232 1920 3568 1986 reperiantur
3602 1923 3802 1990 scripti,

2236 2010 2288 2053 et
2316 2002 2562 2067 permixti
2596 2003 2697 2055 illis
2738 2019 2870 2072 quos
2907 2005 3015 2072 jam
3052 2017 3173 2061 ante
3204 2007 3521 2063 Sirmondus
3548 2012 3804 2067 ediderat.

2240 2090 2382 2144 Inter
2410 2091 2526 2144 illos
2556 2091 2697 2161 ipsos
2727 2108 2859 2160 quos
2891 2095 3202 2150 Sirmondus
3246 2099 3577 2168 vulgaverat,
3633 2104 3806 2171 plures

2236 2194 2354 2233 esse
2384 2182 2470 2248 qui
2505 2181 2792 2250 Eugenium
2822 2199 2922 2236 non
2948 2186 3143 2239 habent
3164 2198 3454 2250 auctorem,
3483 2190 3639 2244 facile
3670 2204 3806 2248 esset

2236 2272 2535 2337 ostendere,
2571 2282 2627 2325 ut
2656 2289 2868 2329 carmen
2896 2276 2956 2328 21
2993 2276 3058 2330 de
3088 2278 3455 2334 inventoribus
3485 2282 3804 2348 litterarum,

2234 2361 2373 2429 quod
2422 2363 2471 2415 in
2520 2364 2835 2432 Authologia
2884 2365 3065 2420 Latina
3112 2371 3397 2437 reperitur.
3450 2371 3515 2425 Et
3557 2375 3808 2442 quoniam

2234 2453 2556 2518 epitaphium
2588 2453 2994 2511 Chimlasuinthi
3036 2458 3158 2513 huic
3194 2462 3559 2528 ascripsimus,
3591 2480 3806 2519 carmen

2235 2540 2294 2594 51
2333 2541 2445 2595 libri
2473 2558 2485 2594 ι
2508 2543 2571 2595 de
2596 2542 2762 2596 Morte
2795 2547 2943 2615 Ῑοι
2971 2550 3199 2617 conjugis
3228 2549 3625 2604 Citindasuintlsi
3648 2557 3801 2623 regis,

2234 2645 2338 2698 quo
2370 2646 2457 2684 rex
2486 2632 2772 2700 alloquitur
2799 2635 3055 2703 reginam,
3091 2638 3218 2690 nihil
3252 2639 3500 2706 prohibet
3525 2645 3805 2710 quominus

2234 2720 2406 2775 cidem
2467 2724 2574 2792 regi
2628 2724 3008 2792 adjudiccmus.
3058 2727 3205 2793 Quod
3252 2731 3295 2783 si
3346 2729 3804 2788 Chindasuinthus

2234 2823 2420 2865 auctor
2459 2816 2539 2866 sui
2572 2815 2824 2883 epitaphii
2866 2818 3119 2882 creditur,
3154 2834 3247 2888 pro
3278 2836 3384 2875 uno
3418 2826 3669 2890 exeniplo
3708 2827 3806 2880 Eu-

2233 2902 2371 2968 genii
2405 2904 2544 2969 quod
2572 2894 2977 2971 proposueram,
3006 2908 3113 2974 jam
3156 2909 3260 2961 duo
3289 2920 3448 2963 erunt
3477 2913 3805 2983 distinguen-

2233 2992 2297 3043 da
2322 3007 2337 3043 :
2362 3008 2425 3045 ex
2456 3010 2560 3059 quo
2582 2996 2746 3059 magis
2766 2998 3162 3052 conﬁrmabitur
3186 3000 3436 3054 humilem
3466 3017 3803 3070 peccatorum

2234 3082 2624 3138 coM'essionem
2672 3085 2936 3140 Drtacontii
2989 3088 3103 3143 sine
3148 3089 3397 3159 improha:
3439 3094 3803 3150 vitm'iufamia

2230 3264 2414 3317 stinnm
2450 3283 2511 3319 ex
2553 3267 2799 3335 Hispanis
2822 3272 2925 3324 sint
2953 3275 3134 3339 petita,
3166 3290 3296 3327 nova
3325 3278 3633 3345 conjectura
3658 3296 3804 3336 acce-

2232 3353 2343 3417 det,
2378 3358 2418 3407 si
2454 3371 2624 3410 tamen
2666 3374 2751 3412 res
2798 3377 2899 3415 non
2939 3364 3161 3417 obscura
3201 3368 3526 3435 conjecturis
3559 3388 3803 3440 campi-0:

2230 3443 2396 3496 bands
2429 3454 2529 3509 est,
2555 3457 2609 3500 ut
2632 3463 2694 3502 ex
2720 3451 2879 3505 simili
2906 3453 3163 3508 modestia
3188 3456 3437 3523 Hispanis
3469 3462 3608 3524 polis
3642 3465 3800 3516 intum

2230 3536 2419 3589 usitata
2475 3538 2780 3607 Hispaniam
2816 3543 3104 3622 .Dracontii
3164 3551 3383 3616 patriam
3440 3568 3563 3607 esse
3611 3554 3802 3608 mulir-

2228 3642 2363 3682 mem
2375 3643 2453 3684 US.

2810 3726 3033 3783 CAPUT
3076 3730 3213 3787 XIV.

2443 3812 2640 3883 Stylt's,
2676 3817 2923 3885 latinitas,
2954 3834 2999 3874 et
3036 3825 3275 3890 prosodia
3305 3825 3590 3885 Dracontii.

2303 3924 2425 3977 t3l.
2459 3924 2525 3978 lJt
2553 3926 2618 3980 de
2661 3929 2780 3982 aliis
2808 3932 3051 3985 omnibus
3082 3935 3451 4003 scriptoribus,
3484 3938 3554 3991 ita
3584 3940 3651 3995 de
3674 3942 3803 3996 Dra-

2228 4014 2410 4067 cuntio
2440 4016 2647 4070 diversa
2680 4032 2801 4071 sunt
2835 4021 2975 4074 inter
3004 4037 3061 4075 se
3102 4022 3379 4079 doctorum
3413 4028 3693 4084 hominum
3719 4033 3800 4099 ju.

2227 4110 2385 4169 dicia.
2422 4113 2699 4180 Dupiuius,
2736 4115 2984 4169 Biblioth.
3030 4118 3163 4171 Nuv.
3212 4129 3338 4172 tom.
3370 4120 3459 4186 IV,
3510 4139 3629 4192 pag.
3667 4124 3797 4189 2N),

2229 4204 2514 4258 barbarum
2548 4215 2603 4259 et
2636 4207 2962 4261 inconditum
3000 4209 3205 4264 dicendi
3238 4226 3403 4279 genus
3434 4214 3485 4266 in
3518 4215 3798 4269 Dracontio

2228 4301 2388 4346 taxat.
2412 4293 2731 4359 Ceillierius,
2759 4306 2887 4349 tom.
2910 4297 2999 4350 XV
3020 4298 3085 4352 de
3105 4291 3298 4366 Scrip't.
3323 4302 3545 4367 eccles.,
3572 4304 3796 4370 cap.29,

2230 4384 2361 4437 nihil
2396 4386 2445 4438 in
2492 4387 2759 4442 Dracontii
2807 4401 3053 4454 poemate
3100 4391 3533 4447 consideratione
3580 4395 3797 4464 dignum

2150 4511 2199 4571 Β
2227 4491 2346 4531 esse
2376 4478 2683 4533 arbitratur.
2729 4474 3017 4535 Goldastus
3065 4482 3114 4534 in
3161 4483 3384 4551 epistola
3418 4486 3482 4537 ad
3513 4485 3798 4540 Wcitzium

2122 4567 2182 4593 "
2208 4568 2297 4619 -.iit
2322 4584 2334 4620 :
2370 4567 2675 4622 Dracontius
2705 4571 2894 4640 probus
2938 4583 3115 4625 arctor
3142 4583 3231 4637 est,
3282 4577 3587 4639 concinnus,
3615 4588 3665 4631 et
3693 4579 3799 4645 ipsa

2223 4658 2463 4711 brevitate
2491 4662 2937 4725 commendabilis,
2972 4663 3058 4714 sed
3097 4663 3158 4714 ab
3186 4680 3290 4716 two
3329 4667 3579 4734 sequiori:
3614 4669 3666 4719 in
3702 4684 3799 4735 quo

2222 4758 2322 4801 tam
2339 4766 2387 4802 in
2431 4752 2759 4804 consimiliter
2798 4762 2850 4805 ut
2897 4754 2946 4804 in
2980 4752 3263 4807 Prudentia
3292 4758 3658 4825 elvgantiarum
3694 4762 3800 4827 ﬁo»

2218 4841 2349 4894 sculi
2374 4858 2462 4894 cett
2491 4859 2729 4911 purpura!
2749 4846 2979 4913 quietiam
3004 4846 3170 4898 insitm
3190 4847 3488 4900 interlucent
3513 4865 3570 4899 ac
3590 4849 3799 4901 scintil-

2218 4929 2342 4983 lunt.
2370 4930 2668 4997 Fabricius,
2699 4926 2898 4987 comm.
2929 4936 2981 4989 in
3022 4936 3171 4989 Puet.
3206 4936 3430 5001 Christ.,
3462 4937 3623 4991 verbo
3653 4938 3799 4992 Das-

2222 5036 2438 5077 CUNTIUS
2472 5041 2483 5077 :
2518 5024 2647 5091 Ejus
2695 5041 2895 5078 carmen
2944 5027 3196 5079 eruditum
3252 5039 3403 5091 atque
3446 5030 3644 5099 insigne
3702 5043 3796 5086 est.

2221 5113 2498 5168 Cunradus
2532 5115 2922 5169 Rittershusius
2949 5116 2999 5169 in
3024 5117 3120 5169 oda
3145 5118 3208 5169 ad
3232 5117 3515 5172 Weitzium
3546 5138 3558 5175 :

2587 5204 2710 5255 Huic
2726 5204 2820 5263 iam
2840 5206 2870 5253 it
2895 5219 3059 5254 comes
3081 5205 3391 5267 Dracontius,

2343 5263 2645 5325 Sublimique
2681 5267 2806 5314 canit
2834 5280 2973 5314 versu
3000 5268 3253 5327 primordia
3272 5263 3456 5317 rerum.

2591 5327 2747 5375 Multis
2782 5328 2860 5374 ditt
2888 5328 3189 5387 ignorabilis,

2341 5386 2445 5435 Non
2466 5387 2596 5436 bene
2620 5390 2699 5448 qui
2735 5389 2890 5445 la'uit,
2912 5386 2994 5437 tua
3020 5386 3184 5438 donec
3206 5402 3320 5439 cura
3338 5391 3430 5439 sub
3453 5405 3565 5441 oras

2586 5448 2743 5507 Ipsum
2772 5451 2968 5499 reduxit
2990 5450 3185 5500 luminis

2347 5508 2414 5557 Ex
2444 5511 2683 5575 tenebris,
2710 5520 2977 5575 monstrans
2997 5513 3124 5560 t‘lnl‘t’
3148 5520 3261 5570 quot
3286 5513 3359 5575 \jia
3392 5523 3591 5575 reperta

2589 5570 2756 5630 Pugno
2781 5572 2863 5620 ille
2896 5575 3137 5632 concludo:
3167 5574 3320 5622 brevi.

2218 5651 2462 5704 Meudum
2488 5652 2692 5705 videtur
2717 5663 2835 5719 quot
2866 5656 2944 5707 vin
2968 5672 2984 5706 :
3009 5655 3143 5707 forte
3162 5656 3553 5712 liittcrshusius
3578 5658 3781 5727 scripsit

2215 5756 2332 5803 qnot
2364 5746 2445 5798 a'ia
2476 5756 2667 5807 reperta
2710 5748 2951 5803 Barthius
2978 5764 3116 5816 saepe
3144 5748 3524 5817 elegantiarum
3554 5752 3785 5807 ltracon-
