3942 6310
130 321 239 379 ὃῧθ

134 525 231 580 lib.
267 536 340 574 VII
383 516 636 578 Advers.,
667 522 785 575 cap.
827 504 896 557 20
924 520 935 554 :
967 500 1253 553 Plurimum
1287 493 1472 564 ingenii
1505 492 1609 558 fuit
1659 490 1711 543 in

134 609 446 670 Christianis
479 600 724 658 veteribus
753 595 967 657 vatibus,
996 600 1042 645 et
1072 588 1274 658 quidem
1300 598 1433 652 sa’pe
1465 582 1593 635 adeo
1622 596 1708 633 ea:-

135 702 388 765 cellentis,
420 707 471 751 ut
502 696 623 747 dum
650 691 906 743 illustrare
932 676 1370 747 coluntque-dant,
1399 672 1569 725 omnia
1591 686 1714 722 cou-

136 794 385 867 [undanh
422 788 561 843 Sane
591 778 896 835 Dracontius
928 772 1189 842 Hispanus
1215 768 1341 819 adeo
1363 772 1509 819 acute
1529 771 1573 813 et
1604 775 1714 811 ner-

137 851 258 942 i-ose
286 884 348 937 de
372 879 626 947 plerisque
665 865 999 926 incidentibus
1028 860 1268 930 loquitur,
1298 867 1353 908 ut
1382 854 1462 906 vix
1492 851 1714 917 seipsum

134 985 267 1038 satis
290 946 597 1032 intellexisse
623 967 874 1027 videatur,
906 968 1100 1012 tantum
1122 953 1255 1006 abest
1285 958 1338 1002 ut
1360 947 1423 1000 ab
1448 946 1509 998 iis
1537 955 1713 1015 potue-

134 1076 205 1127 rit
237 1067 479 1124 sententia
512 1063 619 1130 ejus
644 1054 837 1125 percipi
867 1050 950 1119 qui
992 1055 1162 1099 nostra
1179 1049 1332 1095 relate
1362 1039 1413 1091 in
1442 1052 1501 1089 ea
1529 1050 1584 1086 re
1607 1041 1715 1084 stu-

138 1165 387 1215 duerunl.
419 1117 697 1207 Nonnullis
728 1145 829 1197 hoc
877 1117 1124 1194 laudandi
1155 1144 1320 1202 genus
1351 1117 1635 1182 obscurum
1661 1131 1713 1176 et

146 1250 448 1316 )tltbigtttlnt
478 1240 642 1294 videri
677 1234 865 1305 possit,
912 1228 1006 1284 sed
1039 1224 1162 1295 quid
1194 1220 1421 1276 voluerit
1468 1214 1713 1270 Barthius

136 1343 326 1396 dicere
348 1336 477 1391 satis
506 1327 843 1395 intelligitur:
869 1336 988 1375 esse
1009 1317 1213 1373 scilicet
1227 1310 1490 1381 quoddam
1517 1304 1712 1375 ingenii

134 1444 393 1494 acumen,
420 1422 559 1494 quod
587 1420 710 1474 dum
743 1412 990 1470 subtilius
1019 1409 1070 1462 in
1106 1407 1265 1460 rebus
1295 1409 1556 1459 versatur.
1584 1410 1717 1448 non-

136 1523 346 1579 nullam
378 1485 753 1572 obscuritatem
787 1504 957 1574 paritt
984 1498 1122 1569 apud
1166 1509 1258 1550 eos
1302 1489 1595 1560 praesertim
1625 1485 1713 1555 qui

140 1626 336 1683 parum
367 1606 578 1674 ingenio
615 1599 812 1653 valent.
853 1590 1017 1647 Paulo
1042 1596 1160 1659 post
1187 1586 1260 1638 ait
1305 1579 1548 1637 Barthius
1581 1577 1714 1629 Dra-

139 1702 384 1762 contium
414 1705 564 1753 acute
587 1689 905 1757 conciseque
950 1677 1200 1747 loquendi
1230 1675 1485 1729 artiﬁcem
1520 1668 1713 1731 fuisse,

139 1808 200 1853 et
231 1802 418 1849 natura
449 1799 667 1855 mvoque
699 1795 764 1834 eo
792 1777 1097 1831 inclinasse.

222 1905 343 1957 132.
380 1892 511 1954 Jure
561 1887 935 1949 animadvertit
983 1883 1122 1938 idem
1168 1877 1417 1933 Barthius
1464 1874 1565 1927 loc.
1597 1871 1712 1936 cit.,

141 1995 372 2052 omnino
404 1986 744 2043 Dracontium
778 1977 985 2034 mendis
1013 1972 1185 2028 adhuc
1215 1966 1457 2040 plurimis
1486 1971 1712 2027 scatere,

139 2102 264 2157 qua:
296 2082 395 2137 uisi
424 2079 693 2138 tollantur,
724 2073 913 2125 frustra
947 2063 1106 2120 notha
1136 2077 1232 2131 pro
1259 2056 1510 2127 legitimis
1543 2095 1559 2123 ,
1591 2066 1717 2120 sup-

142 2144 322 2247 posita
356 2185 449 2241 pro
482 2163 727 2238 genuinis
751 2155 1087 2227 interpretari
1116 2153 1343 2206 labores.
1376 2146 1443 2200 Et
1475 2148 1526 2199 in
1554 2144 1716 2196 acutis

140 2236 341 2337 incidit)
357 2236 447 2314 bis
469 2236 778 2323 concisisque
800 2245 1125 2317 scriptoribus
1142 2240 1305 2295 multa
1331 2236 1567 2307 infercire
1587 2248 1719 2303 pra:-

138 2362 470 2427 sumpserunt
501 2346 883 2413 transcriptores
926 2336 1231 2408 sequentium
1272 2342 1573 2400 temporum,
1604 2340 1717 2377 cum

140 2462 295 2502 nemo
324 2460 421 2497 non
457 2440 610 2512 paulo
642 2434 819 2489 litteris
853 2429 1088 2484 imbutior
1126 2426 1219 2477 Itoc
1262 2436 1442 2491 genere
1468 2414 1718 2471 scribendi

140 2538 498 2595 delectaretur,
533 2544 689 2597 usque
716 2524 846 2579 adeo
884 2520 1086 2591 quidem
1117 2513 1341 2583 improbe
1360 2553 1373 2575 ,
1404 2518 1455 2562 ut
1486 2508 1719 2560 universa

139 2628 352 2682 tandem
369 2620 653 2690 eloquentia
680 2617 757 2669 Itis
780 2613 986 2683 argutiis
1005 2608 1241 2663 intercisa
1259 2604 1345 2657 sit.
1363 2598 1515 2667 Quod
1542 2604 1717 2651 autem

139 2719 290 2774 idem
323 2713 602 2775 Barthius,
636 2709 727 2761 lib.
773 2720 888 2768 uv,
922 2716 1042 2769 cap.
1071 2700 1137 2761 9,
1169 2694 1514 2750 Dracontium
1564 2695 1721 2741 vocat

138 2817 346 2881 poetam
369 2818 517 2857 sensu
539 2809 586 2855 et
617 2796 920 2855 eruditione,
942 2806 1091 2859 quam
1123 2784 1410 2855 eloquentia
1442 2782 1590 2848 longe
1619 2791 1722 2828 me-

141 2903 332 2956 liorem
361 2906 406 2949 et
437 2891 839 2952 instructiorem,
873 2896 1031 2951 atque
1082 2878 1206 2933 alibi
1255 2874 1470 2944 phrasin
1501 2871 1615 2938 ejus
1644 2869 1721 2920 in-

138 2989 472 3045 tricatiorem
513 2982 671 3043 dicit,
702 2977 751 3031 id
781 2975 973 3031 eodem
1006 2969 1276 3041 pertinet,
1310 2973 1371 3018 ut
1407 2958 1721 3015 Dracontius

141 3080 341 3153 partim
375 3086 585 3139 natura,
612 3069 801 3141 partim
846 3067 926 3123 Sui
958 3062 1136 3117 steculi
1165 3072 1335 3120 more,
1362 3052 1549 3123 partim
1579 3059 1723 3102 tran-

141 3173 467 3240 scriptorum
493 3166 644 3233 culpa
687 3160 907 3214 nimium
944 3156 1017 3209 sit
1057 3162 1241 3207 acutus
1281 3156 1335 3201 et
1384 3142 1720 3212 ingeniosus,

143 3276 313 3333 atque
362 3261 459 3315 hac
489 3265 638 3328 parte
678 3269 706 3306 a
737 3266 860 3305 vera
889 3243 1191 3315 eloquentia
1218 3232 1589 3292 declinaverit.
1623 3227 1720 3282 Mi-

144 3361 293 3414 nime
346 3325 522 3407 autem
571 3346 753 3403 dubito
786 3343 911 3411 quin
967 3338 1179 3392 diverso
1225 3329 1387 3386 modo
1434 3325 1725 3394 iudicasset

146 3442 422 3505 Barthius,
455 3443 498 3495 si
531 3435 865 3493 Dracontium
897 3428 1069 3498 qualis
1094 3441 1122 3477 a
1148 3423 1300 3476 nobis
1342 3417 1624 3473 exhibetur
1647 3414 1725 3465 vi-

145 3542 339 3594 disset.
383 3533 510 3588 Nam
545 3530 772 3599 primum
811 3520 1055 3575 Barthius
1085 3512 1301 3583 putabat
1356 3508 1721 3562 Hexaemeron

146 3627 291 3697 quod
314 3635 441 3679 tunc
466 3619 726 3679 exstabat,
751 3613 1018 3681 epitomen
1042 3620 1159 3660 esse
1180 3600 1433 3657 carminis
1457 3594 1723 3649 Dracmitii

147 3720 212 3774 de
243 3720 423 3786 Opere
452 3728 542 3767 sex
575 3710 801 3771 dierum,
826 3704 1066 3768 duosque
1091 3704 1338 3750 auctores
1359 3706 1422 3744 ex
1447 3689 1585 3758 stylo
1614 3684 1724 3741 col-

149 3812 381 3881 ligebat,
420 3814 475 3859 ut
524 3802 631 3857 dixi
681 3813 831 3853 num.
862 3793 951 3847 ‘29.
992 3792 1125 3844 Cum
1156 3802 1285 3841 vero
1332 3796 1473 3837 nunc
1515 3786 1724 3831 constet

154 3899 504 3958 Dracontium
536 3909 638 3948 non
671 3891 767 3945 sibi
794 3885 1132 3957 proposuisse
1156 3886 1523 3948 argumentum
1547 3870 1726 3940 operis

148 4012 241 4050 sex
295 3991 537 4051 dierum,
586 3982 677 4037 sed
724 3976 1017 4047 maiestatis
1066 3973 1318 4027 diviutee
1348 3967 1505 4020 rebus
1533 3960 1725 4015 creatis

152 4078 539 4142 laudandam
569 4074 719 4145 103
752 4071 908 4136 hujus
934 4066 1078 4135 scopi
1103 4062 1361 4117 rationem
1391 4057 1458 4111 de
1484 4058 1727 4121 poemate

152 4171 500 4243 iudicandum
532 4177 613 4221 est
640 4183 653 4215 :
687 4173 740 4217 et
781 4171 927 4215 recte
954 4154 1166 4227 quidem
1198 4152 1249 4206 iri
1296 4163 1361 4203 eo
1388 4145 1564 4201 omnia
1596 4155 1722 4212 pro.

153 4266 378 4321 cedunt.

222 4356 356 4410 153.
391 4349 592 4405 Deinde
613 4346 713 4400 etsi
738 4340 1059 4398 Dracontius
1077 4335 1311 4390 nondum
1328 4343 1433 4386 tam
1456 4335 1726 4385 correctus

156 4445 380 4514 prodeat
418 4454 574 4508 quant
607 4443 750 4490 esset
796 4431 1113 4501 optandum,
1144 4436 1320 4479 tamen
1366 4422 1528 4475 multa
1578 4419 1628 4471 in
1661 4431 1725 4470 eo

157 4542 257 4606 iam
294 4541 553 4604 apparent
600 4530 793 4583 lumina
847 4523 1161 4591 eloquentia:
1221 4534 1323 4572 non
1376 4513 1640 4589 vulgaris,
1675 4510 1725 4562 in

158 4632 343 4700 Elegia
371 4625 690 4697 prmsertim,
725 4621 810 4673 ubi
856 4614 1274 4671 emendatiorem
1322 4610 1557 4663 codicem
1589 4602 1727 4658 nacti

161 4737 364 4778 sumus.
385 4720 441 4773 In
464 4718 697 4772 carmine
722 4726 849 4766 vero
865 4710 931 4764 de
956 4709 1062 4762 Deo
1084 4720 1225 4773 smpe
1250 4698 1506 4756 orationis
1529 4704 1730 4750 tractus

162 4819 226 4869 ita
252 4811 534 4878 :cquabilis
558 4808 694 4872 ﬂuit,
719 4813 776 4858 ut
805 4799 1259 4856 evidentisdmum
1283 4794 1353 4846 sit
1373 4792 1423 4845 in
1451 4789 1571 4842 aliis
1600 4786 1729 4840 locis

162 4905 247 4959 ubi
299 4900 592 4956 intricatior
617 4907 699 4951 est
726 4907 923 4955 sermo,
970 4904 1075 4943 non
1104 4883 1367 4945 allclttl‘is,
1400 4880 1489 4934 sed
1522 4876 1729 4930 exscri-

164 5004 375 5062 ptorum
406 5001 495 5043 aut
529 4985 967 5055 interpolatorum
996 4978 1202 5045 culpam
1234 4988 1374 5027 esse.
1401 4971 1513 5024 Non
1549 4979 1722 5021 tamen

163 5084 353 5140 iverim
377 5079 581 5135 inﬁcias
606 5093 637 5132 e
658 5076 1005 5131 barbarorum
1035 5067 1358 5124 commercio
1387 5064 1619 5131 aliquam
1651 5060 1726 5113 la-

165 5174 407 5230 beculam
459 5171 598 5241 ston
647 5163 919 5222 Dracontii
960 5160 1278 5221 adhaesisse;
1332 5153 1623 5210 sententias
1671 5158 1726 5204 et

166 5280 310 5333 saepe
338 5262 493 5317 verba
525 5260 710 5315 eadem
742 5257 1043 5324 frequenter
1079 5263 1198 5304 esse
1229 5246 1452 5313 repetita
1473 5287 1486 5309 ,
1534 5251 1589 5296 et
1618 5241 1723 5294 ior-

168 5365 308 5409 tasse
352 5368 527 5407 rerum
574 5349 816 5404 ordinem
863 5357 1048 5414 parum
1089 5348 1339 5394 accurate
1386 5332 1724 5402 dispositum.

170 5447 273 5502 Sed
323 5455 469 5500 recte
512 5443 681 5497 aiebat
715 5438 966 5501 Ovidius,
998 5436 1157 5490 etiam
1200 5430 1385 5488 leviori
1412 5426 1732 5482 ,ca'amitate

168 5552 473 5607 oppressus,
500 5534 593 5588 lib.
620 5550 633 5586 ι
661 5532 821 5586 Trist.
857 5529 990 5597 eleg.
1027 5528 1048 5580 l
1083 5545 1093 5579 ε

289 5648 402 5695 Ητρο
424 5659 521 5707 quo
539 5658 617 5703 tne
643 5656 750 5707 qua:
771 5640 892 5707 faeie
915 5639 1057 5707 itldt’!_
1087 5636 1337 5707 mirabitur:
1364 5644 1547 5707 :thllls,

350 5694 630 5765 εει-ἷρωίιιρ
657 5694 760 5753 ium
784 5694 925 5753 venia,
948 5698 1299 5760 Itualtaruuque
1328 5694 1483 5755 leget.

1518 289 1875 345 PROLEGOM
1884 289 2011 345 ENA
2022 329 2038 344 .

133 435 195 490 lii
226 426 477 487 ﬂosculos
525 418 760 481 iudicat,
799 414 951 484 102
995 407 1260 477 ingenium
1290 415 1416 457 vero
1456 398 1706 469 prmdicat
1736 401 1789 460 Α

3277 302 3383 358 670

1938 402 2019 474 Da.
2032 402 2146 450 mihi
2163 401 2474 474 .ltlteontdem,
2495 405 2549 474 et
2570 392 2643 474 tot
2661 391 2981 474 circumspice
3000 418 3140 455 casus

2003 461 2256 522 Ingenium
2275 464 2418 513 lautis
2444 444 2643 513 ἑχῖῑόᾶῐ
2659 444 2981 514 ὄὶὶιῖιῖἱῆἕὶἷεῖ
3002 444 3158 501 ““””έ’

1814 569 2130 623 Dracontius
2156 568 2206 620 iu
2235 568 2439 622 catenis
2457 567 2748 623 etviuculis
2775 569 3063 624 scribebat.
3089 570 3226 637 Quid
3254 587 3381 643 ergo

1814 664 2005 718 mirum
2037 662 2080 715 si
2111 662 2205 715 Dei
2225 659 2598 729 benignitatem
2624 670 2676 713 et
2699 659 3034 714 clementiam
3062 665 3260 729 passim
3283 666 3381 718 im-

1814 752 2008 820 ploret,
2040 751 2199 825 etiam
2224 750 2309 802 ubi
2352 764 2439 803 res
2480 750 2531 803 id
2559 765 2665 802 non
2688 750 2959 819 postulare
2990 752 3270 807 videatur?
3291 765 3383 811 aut

1815 842 1859 896 si
1893 841 2199 894 varietatem
2230 840 2497 909 phrasium
2518 840 2905 910 verberumque
2928 842 3190 911 negligat?
3219 852 3309 897 aut
3336 846 3383 899 si

1815 929 2125 1000 perturbato
2157 945 2534 998 nonnunquam
2565 908 2858 998 argumenti
2884 908 3382 1001 ordine—procedat?

1817 1024 2019 1078 Interea
2068 1023 2248 1091 negari
2300 1023 2480 1090 nequit
2531 1022 2871 1090 gravissimas
2918 1031 2971 1076 et
3015 1022 3080 1077 ad
3130 1025 3383 1092 pietatem

1815 1116 2169 1170 Christianam
2216 1114 2445 1167 maxime
2471 1112 2835 1167 conformatas
2878 1114 3168 1169 sententias
3192 1115 3243 1168 in
3268 1115 3386 1185 ejus

1816 1206 2141 1261 carminibus
2167 1206 2419 1267 emicare,
2449 1219 2478 1258 e
2507 1204 2674 1257 sacris
2699 1204 2918 1259 Litteris
2948 1207 3249 1275 sanctisque
3288 1207 3386 1260 Pa.

1816 1298 1985 1351 tribus
2007 1297 2219 1364 petitas,
2246 1306 2304 1349 ut
2335 1311 2458 1350 vere
2481 1295 2818 1363 Sirmondus,
2849 1297 2936 1366 qui
2966 1298 3235 1352 minimam
3266 1315 3387 1367 par-

1819 1398 1923 1440 tem
1962 1401 2145 1440 eorum
2173 1385 2397 1447 viderat,
2429 1384 2624 1439 dixerit
2651 1386 2701 1437 in
2725 1385 2945 1454 epistola
2971 1386 3292 1441 dedicatoria
3322 1388 3386 1441 ad

1819 1479 2103 1533 llenricum
2129 1476 2447 1531 Borhonium
2470 1477 2610 1544 reg‘s
2636 1476 2819 1541 lilium,
2845 1476 3009 1545 episc.
3035 1477 3285 1533 Metens.:
3308 1477 3387 1530 Ad

1823 1571 1913 1624 Dei
1946 1569 2122 1622 laudes
2164 1567 2542 1620 admirabilium
2579 1571 2690 1639 ejus
2738 1583 2943 1637 aperum
2971 1568 3387 1635 contemplatione

1819 1662 2059 1715 subt‘eltet
2108 1660 2438 1713 Dracontius.
2472 1658 2670 1712 Omitto
2719 1671 2858 1711 nunc
2899 1657 3220 1727 singularem
3260 1658 3386 1711 Dra~

1744 1743 1790 1802 Β
1820 1752 1985 1808 contii
2012 1751 2097 1804 dor
2118 1751 2333 1815 trinam,
2369 1758 2421 1803 et
2447 1748 2797 1802 eruditionem
2828 1762 2933 1800 non
2964 1748 3133 1799 solum
3157 1760 3386 1807 sacram.

1821 1858 2004 1897 verum
2034 1841 2194 1895 etiam
2231 1839 2525 1907 profanam,
2555 1854 2671 1907 qua:
2700 1852 2885 1892 versus
2916 1837 3053 1891 illius
3096 1836 3387 1907 legentibus

1819 1938 1930 2003 ipsa
1956 1934 2069 1986 sine
2098 1930 2272 1985 indice
2298 1945 2357 1984 se
2385 1929 2578 1998 prodit.

1891 2044 2014 2099 45L
2067 2042 2218 2108 Quod
2266 2041 2454 2095 attinet
2495 2039 2561 2094 ad
2604 2040 2829 2094 nitorem
2877 2039 3142 2093 sermonis
3188 2038 3385 2103 Latini,

1824 2136 1986 2189 multa
2014 2140 2301 2188 occurrunt
2334 2131 2384 2184 iu
2419 2130 2705 2184 Dracontio
2737 2145 2865 2198 pure
2894 2138 2946 2182 et
2975 2138 3196 2184 venuste
3226 2127 3390 2191 dicta,

1822 2228 1984 2281 multa
2042 2227 2203 2280 etiam
2251 2239 2316 2277 ex
2365 2222 2687 2292 Optimorum
2734 2228 3005 2289 poetarum
3058 2218 3385 2282 imitatione,

1819 2332 1953 2385 quos
1976 2317 2113 2383 ipse,
2148 2323 2204 2368 ut
2234 2321 2397 2383 patet,
2432 2311 2618 2365 sedulo
2648 2311 2870 2380 legerat,
2902 2318 2957 2364 et
2990 2309 3288 2365 Christiane
3314 2308 3392 2362 lo-

1820 2408 1907 2476 qui
1949 2405 2340 2476 quodam-modo
2382 2404 2544 2473 cogit.
2574 2402 2823 2467 Quaedam
2866 2410 3042 2456 tamen
3078 2398 3232 2470 ι,οῆ
3269 2408 3393 2453 sunt

1820 2499 1918 2552 alia
1946 2512 2063 2566 quae
2092 2510 2195 2550 non
2219 2495 2442 2549 barbara
2468 2492 2685 2562 quidem
2709 2490 2975 2546 censenda
2992 2498 3136 2553 sunt,
3170 2489 3263 2543 sed
3293 2488 3393 2543 mi-

1822 2588 1964 2640 nime
2009 2583 2352 2655 proponenda
2399 2590 2457 2636 ut
2484 2596 2545 2635 ea
2601 2580 2873 2635 imitentur
2913 2580 2948 2633 ii
2993 2579 3080 2648 qui
3110 2577 3173 2630 ad
3217 2592 3393 2633 aurea!

1822 2677 1995 2731 aetatis
2018 2683 2228 2745 gustum
2283 2672 2449 2727 velint
2495 2685 2796 2725 sermonem
2842 2684 2994 2722 suum
3036 2667 3391 2723 conformare.

1823 2768 1927 2822 Sed
1961 2765 2200 2847 habenda
2232 2776 2309 2820 est
2342 2764 2502 2817 etiam
2555 2761 2691 2814 ratio
2721 2760 3040 2828 argumenti,
3070 2759 3210 2825 quod
3239 2774 3268 2812 a
3298 2775 3390 2813 ve-

1824 2859 2027 2913 teribus
2057 2855 2290 2925 profanis
2317 2853 2485 2921 poetis
2526 2851 2781 2905 intactum
2821 2863 2979 2904 voces
3021 2848 3271 2917 quasdam
3302 2849 3389 2901 ad-

1825 2948 1984 3002 mittit
2015 2948 2083 3000 ab
2132 2948 2210 3000 eis
2258 2958 2361 2998 non
2394 2950 2706 3011 usurpatas,
2739 2940 3035 3010 przesertim
3063 2955 3182 3009 quae
3223 2940 3385 2995 eccle-

1827 3042 2098 3096 siasticum
2130 3037 2411 3109 quemdam
2443 3051 2689 3105 saperem
2740 3034 2957 3098 habent,
3002 3032 3142 3102 quod
3168 3049 3199 3087 e
3227 3032 3394 3087 sacris

1747 3101 1795 3165 ϐ
1828 3133 2045 3187 Litteris
2071 3140 2123 3185 et
2154 3146 2251 3184 usu
2280 3101 2535 3182 Ecclesitc
2564 3124 2814 3194 profecta:
2836 3123 2961 3177 sint.
2990 3124 3127 3176 Sane
3160 3123 3246 3191 qui
3278 3137 3393 3176 ser-

1830 3222 2000 3276 monis
2044 3220 2219 3274 Latini
2249 3217 2505 3273 terminos
2535 3230 2635 3283 qua
2668 3214 2772 3267 late
2803 3221 2983 3282 patent
3010 3226 3167 3265 nosse
3195 3210 3395 3275 velint,

1828 3321 2013 3383 poetas
2044 3311 2277 3380 aequales
2325 3306 2593 3361 Dracontii
2633 3304 2851 3358 minime
2896 3303 3138 3371 ignorare
3165 3300 3352 3355 debent
3376 3341 3394 3366 ,

1826 3419 1945 3457 cum
1974 3402 2007 3454 ii
2032 3416 2062 3453 e
2092 3412 2223 3467 pura
2250 3397 2536 3453 Latinitate
2568 3394 2794 3462 plurima
2820 3391 3071 3451 vocabula
3101 3391 3250 3444 nobis
3271 3404 3395 3444 con-

1826 3491 2192 3553 servaverint,
2224 3488 2325 3543 alia
2378 3485 2674 3554 adjecerint
2702 3500 2818 3553 qua:
2859 3498 2957 3536 suo
2986 3492 3221 3554 tempore
3248 3492 3395 3536 erant

1828 3586 1879 3639 in
1913 3599 2033 3647 usu,
2068 3594 2240 3649 neque
2271 3577 2483 3646 indigna
2516 3584 2637 3630 sunt
2669 3548 2905 3627 utetiam
2935 3548 3115 3626 uestio
3138 3585 3399 3639 usurpen-

1829 3687 1933 3733 tur.
1979 3672 2229 3742 Quamvis
2282 3682 2457 3723 autem
2501 3671 2551 3722 in
2583 3667 2722 3721 netis
2761 3665 3239 3719 animadvertemus
3276 3677 3395 3730 qutc

1828 3770 1936 3822 sint
1963 3778 2122 3819 voces
2152 3762 2483 3832 phrasesqne
2514 3758 2742 3828 preprite
2774 3755 3064 3819 Dracontii,
3102 3763 3191 3808 aut
3217 3754 3395 3822 paucis

1827 3876 1946 3917 cum
1982 3860 2095 3927 ipso
2135 3851 2478 3919 communes,
2524 3851 2723 3922 juvabit
2772 3850 2945 3905 ta'men
2978 3864 3116 3904 nunc
3154 3848 3395 3919 quasdam

1825 3950 2128 4004 observare.

1899 4041 2017 4094 155.
2047 4039 2161 4092 Lib.
2186 4053 2197 4089 ι
2220 4037 2286 4092 de
2315 4037 2443 4102 Deo,
2469 4050 2606 4090 vers.
2630 4036 2683 4100 4,
2716 4049 2840 4089 usus
2866 4041 2942 4087 est
2970 4025 3222 4086 adve'rbio
3246 4047 3395 4084 vene-

1827 4142 2020 4194 ranter.
2071 4140 2236 4195 atque
2279 4130 2470 4183 iterum
2509 4128 2603 4183 lib.
2653 4143 2730 4191 tu,
2759 4141 2897 4179 vers.
2930 4125 3064 4188 672,
3099 4138 3203 4193 quo
3220 4112 3429 4181 etiam.

1826 4224 2209 4285 Tertullianus,
2244 4222 2355 4273 sive
2384 4221 2683 4288 quicunque
2712 4218 2845 4271 alius
2891 4228 3076 4270 auctor
3105 4217 3398 4271 carminum

1827 4315 1926 4368 sub
1960 4313 2117 4376 hujus
2149 4311 2385 4373 nomine.
2417 4319 2469 4363 et
2491 4309 2757 4369 Sedulius,
2794 4308 2869 4359 usi
2901 4316 3041 4361 sunt.
3074 4307 3185 4359 Alia
3210 4307 3398 4360 similia

1831 4404 2079 4460 adverbia
2106 4402 2354 4455 furtttavll
2379 4401 2714 4463 Dracontius,
2740 4408 2795 4451 ut
2824 4399 2911 4451 lib.
2941 4414 2975 4461 t,
3011 4411 3146 4451 vers.
3177 4396 3264 4459 94,
3291 4413 3400 4448 mo-

1830 4500 2097 4563 deranter;
2125 4497 2249 4550 ibiti.
2277 4511 2417 4549 vers.
2444 4495 2565 4557 5³51,
2592 4486 2933 4551 dominan'ter;
2959 4489 3083 4541 ibid.
3110 4504 3245 4541 vers.
3271 4488 3397 4554 609,

1832 4592 2162 4645 inces'anler.
2196 4589 2311 4641 Lib.
2342 4603 2419 4651 nt,
2458 4599 2598 4639 vers.
2632 4583 2756 4650 “2'25,
2790 4590 3052 4644 tonanter;
3097 4580 3222 4633 ibid.
3254 4594 3395 4635 vers.

1832 4682 1926 4735 6η
1950 4721 1963 4738 .
1994 4687 2277 4731 trentrntrr.

1904 4772 2025 4827 156.
2057 4769 2278 4823 Nomine
2308 4767 2564 4820 mcdestus
2607 4764 2794 4818 mirum
2836 4771 3085 4831 quantum
3109 4762 3402 4817 delectatus

1834 4863 1901 4916 sit
1930 4860 2265 4915 Dracontius.
2296 4859 2411 4912 Lib.
2442 4874 2475 4923 ι,
2506 4871 2646 4910 vers.
2676 4856 2766 4916 29,
2797 4854 2862 4908 de
2887 4855 3081 4921 pietate
3110 4854 3198 4907 Dei
3222 4854 3403 4906 virtute

1830 4953 2057 5007 modesta
2083 4960 2177 5004 est.
2202 4949 2331 5003 Ibid.
2365 4962 2500 5002 vers.
2521 4945 2645 5010 455,
2668 4945 2735 5000 de
2768 4944 3092 5009 Deo,rirtute
3122 4944 3397 4999 modestus.

1833 5043 1945 5097 Lih.
1966 5058 2023 5107 tt,
2060 5056 2201 5095 vers.
2228 5038 2315 5101 70,
2336 5036 2403 5091 de
2430 5037 2560 5099 Deo,
2583 5035 2768 5103 pietate
2796 5033 3079 5095 modestus;
3104 5032 3229 5084 ibid.
3256 5046 3396 5083 vers.

1832 5133 1953 5197 508,
1984 5150 2083 5186 non
2105 5136 2227 5203 jure
2272 5130 2495 5182 modesto
2522 5144 2539 5191 ;
2571 5127 2697 5181 ibid.
2730 5140 2873 5181 vers.
2919 5125 3040 5185 758,
3082 5123 3147 5177 tle
3177 5122 3398 5175 Tabitha

1833 5227 2073 5276 modesta.
2106 5222 2223 5275 Lib.
2275 5236 2362 5281 Ill,
2395 5234 2531 5272 vers.
2562 5218 2695 5278 579,
2730 5215 2895 5268 vultus
2938 5213 3207 5265 modestos.
3252 5212 3398 5279 Eleg.

1834 5332 1971 5372 vers.
2002 5316 2089 5380 93,
2123 5313 2358 5368 dominos
2386 5312 2590 5366 reticere
2620 5310 2893 5363 modestos.
2924 5308 2995 5361 De
3019 5321 3144 5360 voce
3173 5305 3402 5374 placidus

1836 5408 1957 5462 vide
1987 5421 2134 5459 num.
2171 5404 2290 5458 HS.

1914 5500 2033 5553 l57.
2063 5497 2217 5562 Saepe
2259 5494 2418 5546 etiam
2462 5491 2773 5545 Dracontius
2826 5486 3141 5555 adjeCtitum
3191 5484 3404 5537 anhelus

1840 5591 1946 5655 igni
1970 5597 2062 5641 aut
2088 5587 2184 5641 soli
2219 5584 2421 5648 tribuit,
2451 5592 2506 5636 nt
2546 5584 2638 5635 lih.
2673 5598 2717 5643 I,
2747 5596 2884 5633 vers.
2916 5580 3019 5642 :26,
3048 5577 3166 5630 solis
3197 5575 3401 5639 anheli;

1841 5681 1971 5736 ibid.
2008 5695 2147 5735 vers.
2186 5680 2307 5739 187,
2342 5677 2533 5732 iterum
2570 5675 2689 5728 satis
2721 5673 2927 5736 (καιρίῃ
2962 5672 3087 5727 ibid.
3115 5687 3252 5727 vers.
3278 5669 3401 5739 659,.
