  <div class='ocr_page' id='page_1' title='image "/cluster/home/n/w/nwhite01/storage/ocr_20150623/59/hvd.32044073505257/1083.png"; bbox 0 0 3942 6310; ppageno 0'>
   <div class='ocr_carea' id='block_1_1' title="bbox 526 346 626 402">
    <p class='ocr_par' dir='ltr' id='par_1_1' title="bbox 526 346 626 402">
     <span class='ocr_line' id='line_1_1' title="bbox 526 346 626 402; baseline -0.02 -1"><span class='ocrx_word' id='word_1_1' title='bbox 526 346 626 402; x_wconf 81' lang='grc'>671</span> 
     </span>
    </p>
   </div>
   <div class='ocr_carea' id='block_1_2' title="bbox 1928 336 2371 393">
    <p class='ocr_par' dir='ltr' id='par_1_2' title="bbox 1928 336 2371 393">
     <span class='ocr_line' id='line_1_2' title="bbox 1928 336 2371 393; baseline -0.007 -1"><span class='ocrx_word' id='word_1_2' title='bbox 1928 336 2371 393; x_wconf 70' lang='lat' dir='ltr'><strong>DllACONTlUS.</strong></span> 
     </span>
    </p>
   </div>
   <div class='ocr_carea' id='block_1_3' title="bbox 3648 341 3752 395">
    <p class='ocr_par' dir='ltr' id='par_1_3' title="bbox 3648 341 3752 395">
     <span class='ocr_line' id='line_1_3' title="bbox 3648 341 3752 395; baseline -0.019 -1"><span class='ocrx_word' id='word_1_3' title='bbox 3648 341 3752 395; x_wconf 67' lang='grc' dir='ltr'><strong>Ε»ῖί</strong></span> 
     </span>
    </p>
   </div>
   <div class='ocr_carea' id='block_1_4' title="bbox 529 450 3774 531">
    <p class='ocr_par' dir='ltr' id='par_1_4' title="bbox 529 450 3774 531">
     <span class='ocr_line' id='line_1_4' title="bbox 529 450 3774 531; baseline -0.001 -19"><span class='ocrx_word' id='word_1_4' title='bbox 529 460 662 531; x_wconf 84' lang='lat' dir='ltr'><strong>ignis</strong></span> <span class='ocrx_word' id='word_1_5' title='bbox 705 459 917 522; x_wconf 75' lang='lat' dir='ltr'><strong>anheli;</strong></span> <span class='ocrx_word' id='word_1_6' title='bbox 945 458 1038 512; x_wconf 85' lang='lat' dir='ltr'><strong>lib.</strong></span> <span class='ocrx_word' id='word_1_7' title='bbox 1082 474 1140 523; x_wconf 87' lang='lat' dir='ltr'><strong>lt,</strong></span> <span class='ocrx_word' id='word_1_8' title='bbox 1174 473 1313 511; x_wconf 87' lang='lat' dir='ltr'><strong>vers.</strong></span> <span class='ocrx_word' id='word_1_9' title='bbox 1360 457 1447 521; x_wconf 86' lang='lat'><strong>9|,</strong></span> <span class='ocrx_word' id='word_1_10' title='bbox 1482 458 1613 527; x_wconf 83' lang='lat' dir='ltr'><strong>ignis</strong></span> <span class='ocrx_word' id='word_1_11' title='bbox 1657 454 1857 515; x_wconf 71' lang='lat' dir='ltr'><strong>anheli;</strong></span> <span class='ocrx_word' id='word_1_12' title='bbox 1891 451 1983 504; x_wconf 90' lang='lat' dir='ltr'><strong>lib.</strong></span> <span class='ocrx_word' id='word_1_13' title='bbox 2016 465 2095 512; x_wconf 89' lang='lat' dir='ltr'><strong>Ill,</strong></span> <span class='ocrx_word' id='word_1_14' title='bbox 2127 451 2173 509; x_wconf 76' lang='grc' dir='ltr'><strong>Α</strong></span> <span class='ocrx_word' id='word_1_15' title='bbox 2204 459 2255 502; x_wconf 83' lang='lat' dir='ltr'><strong>ut</strong></span> <span class='ocrx_word' id='word_1_16' title='bbox 2296 450 2444 514; x_wconf 75' lang='lat' dir='ltr'><strong>libet,</strong></span> <span class='ocrx_word' id='word_1_17' title='bbox 2478 454 2625 505; x_wconf 89' lang='lat' dir='ltr'><strong>modo</strong></span> <span class='ocrx_word' id='word_1_18' title='bbox 2664 456 2905 519; x_wconf 79' lang='lat' dir='ltr'><strong>correptis</strong></span> <span class='ocrx_word' id='word_1_19' title='bbox 2937 455 3161 507; x_wconf 77' lang='lat' dir='ltr'><strong>videlicet</strong></span> <span class='ocrx_word' id='word_1_20' title='bbox 3198 457 3429 525; x_wconf 79' lang='lat' dir='ltr'><strong>syllabis,</strong></span> <span class='ocrx_word' id='word_1_21' title='bbox 3466 458 3617 509; x_wconf 84' lang='lat' dir='ltr'><strong>modo</strong></span> <span class='ocrx_word' id='word_1_22' title='bbox 3662 476 3774 522; x_wconf 64' lang='lat' dir='ltr'><strong>pro.</strong></span> 
     </span>
    </p>
   </div>
   <div class='ocr_carea' id='block_1_5' title="bbox 529 544 2097 617">
    <p class='ocr_par' dir='ltr' id='par_1_5' title="bbox 529 544 2097 617">
     <span class='ocr_line' id='line_1_5' title="bbox 529 544 2097 617; baseline -0.006 -16"><span class='ocrx_word' id='word_1_23' title='bbox 529 563 670 603; x_wconf 86' lang='lat' dir='ltr'><strong>vers.</strong></span> <span class='ocrx_word' id='word_1_24' title='bbox 699 550 787 614; x_wconf 84' lang='lat'><strong>70,</strong></span> <span class='ocrx_word' id='word_1_25' title='bbox 816 548 1107 601; x_wconf 80' lang='lat' dir='ltr'><strong>anhelantes</strong></span> <span class='ocrx_word' id='word_1_26' title='bbox 1151 551 1381 617; x_wconf 70' lang='lat' dir='ltr'><strong>ﬂammas</strong></span> <span class='ocrx_word' id='word_1_27' title='bbox 1411 563 1428 611; x_wconf 90' lang='lat'><strong>;</strong></span> <span class='ocrx_word' id='word_1_28' title='bbox 1461 564 1599 600; x_wconf 88' lang='lat' dir='ltr'><strong>vers.</strong></span> <span class='ocrx_word' id='word_1_29' title='bbox 1630 546 1748 609; x_wconf 76' lang='lat'><strong>169,</strong></span> <span class='ocrx_word' id='word_1_30' title='bbox 1786 561 1885 597; x_wconf 86' lang='lat' dir='ltr'><strong>non</strong></span> <span class='ocrx_word' id='word_1_31' title='bbox 1930 544 2097 612; x_wconf 74' lang='lat' dir='ltr'><strong>[error</strong></span> 
     </span>
    </p>
   </div>
   <div class='ocr_carea' id='block_1_6' title="bbox 529 638 1652 705">
    <p class='ocr_par' dir='ltr' id='par_1_6' title="bbox 529 638 1652 705">
     <span class='ocr_line' id='line_1_6' title="bbox 529 638 1652 705; baseline -0.004 -12"><span class='ocrx_word' id='word_1_32' title='bbox 529 639 765 703; x_wconf 83' lang='lat' dir='ltr'><strong>anhelat;</strong></span> <span class='ocrx_word' id='word_1_33' title='bbox 796 654 938 692; x_wconf 97' lang='lat' dir='ltr'><strong>vers.</strong></span> <span class='ocrx_word' id='word_1_34' title='bbox 966 638 1090 700; x_wconf 79' lang='lat'><strong>508,</strong></span> <span class='ocrx_word' id='word_1_35' title='bbox 1119 638 1403 690; x_wconf 70' lang='lat' dir='ltr'><strong>anhelantis</strong></span> <span class='ocrx_word' id='word_1_36' title='bbox 1432 638 1652 705; x_wconf 74' lang='lat' dir='ltr'><strong>uaporis.</strong></span> 
     </span>
    </p>
   </div>
   <div class='ocr_carea' id='block_1_7' title="bbox 603 721 2095 783">
    <p class='ocr_par' dir='ltr' id='par_1_7' title="bbox 603 721 2095 783">
     <span class='ocr_line' id='line_1_7' title="bbox 603 721 2095 783; baseline -0.006 -1"><span class='ocrx_word' id='word_1_37' title='bbox 603 729 726 783; x_wconf 79' lang='grc'><strong>158.</strong></span> <span class='ocrx_word' id='word_1_38' title='bbox 761 727 1015 781; x_wconf 84' lang='lat' dir='ltr'><strong>Weitzius</strong></span> <span class='ocrx_word' id='word_1_39' title='bbox 1060 728 1111 781; x_wconf 90' lang='lat' dir='ltr'><strong>in</strong></span> <span class='ocrx_word' id='word_1_40' title='bbox 1144 727 1292 780; x_wconf 91' lang='lat' dir='ltr'><strong>initio</strong></span> <span class='ocrx_word' id='word_1_41' title='bbox 1317 727 1505 780; x_wconf 83' lang='lat' dir='ltr'><strong>indicis</strong></span> <span class='ocrx_word' id='word_1_42' title='bbox 1548 726 1627 780; x_wconf 89' lang='lat' dir='ltr'><strong>sui</strong></span> <span class='ocrx_word' id='word_1_43' title='bbox 1657 725 1707 778; x_wconf 91' lang='lat' dir='ltr'><strong>in</strong></span> <span class='ocrx_word' id='word_1_44' title='bbox 1757 721 2095 777; x_wconf 85' lang='lat' dir='ltr'><strong>Dracontium</strong></span> 
     </span>
    </p>
   </div>
   <div class='ocr_carea' id='block_1_8' title="bbox 530 810 2097 885">
    <p class='ocr_par' dir='ltr' id='par_1_8' title="bbox 530 810 2097 885">
     <span class='ocr_line' id='line_1_8' title="bbox 530 810 2097 885; baseline -0.007 -12"><span class='ocrx_word' id='word_1_45' title='bbox 530 829 712 873; x_wconf 89' lang='lat' dir='ltr'><strong>monet</strong></span> <span class='ocrx_word' id='word_1_46' title='bbox 740 818 861 872; x_wconf 88' lang='lat' dir='ltr'><strong>bina</strong></span> <span class='ocrx_word' id='word_1_47' title='bbox 893 816 1127 885; x_wconf 88' lang='lat' dir='ltr'><strong>epitheta</strong></span> <span class='ocrx_word' id='word_1_48' title='bbox 1170 817 1283 870; x_wconf 86' lang='lat' dir='ltr'><strong>sive</strong></span> <span class='ocrx_word' id='word_1_49' title='bbox 1330 816 1587 884; x_wconf 80' lang='lat' dir='ltr'><strong>adjectiva</strong></span> <span class='ocrx_word' id='word_1_50' title='bbox 1633 815 1700 868; x_wconf 89' lang='lat' dir='ltr'><strong>ab</strong></span> <span class='ocrx_word' id='word_1_51' title='bbox 1736 829 1801 867; x_wconf 89' lang='lat' dir='ltr'><strong>eo</strong></span> <span class='ocrx_word' id='word_1_52' title='bbox 1841 812 1978 866; x_wconf 88' lang='lat' dir='ltr'><strong>uniri</strong></span> <span class='ocrx_word' id='word_1_53' title='bbox 2008 810 2097 863; x_wconf 91' lang='lat' dir='ltr'><strong>nui</strong></span> 
     </span>
    </p>
   </div>
   <div class='ocr_carea' id='block_1_9' title="bbox 531 905 2099 973">
    <p class='ocr_par' dir='ltr' id='par_1_9' title="bbox 531 905 2099 973">
     <span class='ocr_line' id='line_1_9' title="bbox 531 905 2099 973; baseline -0.006 -12"><span class='ocrx_word' id='word_1_54' title='bbox 531 906 882 971; x_wconf 79' lang='lat' dir='ltr'><strong>substantive,</strong></span> <span class='ocrx_word' id='word_1_55' title='bbox 926 919 981 961; x_wconf 81' lang='lat' dir='ltr'><strong>ut</strong></span> <span class='ocrx_word' id='word_1_56' title='bbox 1018 923 1159 961; x_wconf 89' lang='lat' dir='ltr'><strong>vers.</strong></span> <span class='ocrx_word' id='word_1_57' title='bbox 1192 907 1299 961; x_wconf 81' lang='grc'>180</span> <span class='ocrx_word' id='word_1_58' title='bbox 1348 908 1438 961; x_wconf 90' lang='lat' dir='ltr'><strong>lib.</strong></span> <span class='ocrx_word' id='word_1_59' title='bbox 1473 924 1509 971; x_wconf 83' lang='grc' dir='ltr'>ι,</span> <span class='ocrx_word' id='word_1_60' title='bbox 1544 905 1809 973; x_wconf 74' lang='lat' dir='ltr'><strong>odoriferis</strong></span> <span class='ocrx_word' id='word_1_61' title='bbox 1841 908 2099 969; x_wconf 76' lang='lat' dir='ltr'><strong>nunquam</strong></span> 
     </span>
    </p>
   </div>
   <div class='ocr_carea' id='block_1_10' title="bbox 533 994 2096 1069">
    <p class='ocr_par' dir='ltr' id='par_1_10' title="bbox 533 994 2096 1069">
     <span class='ocr_line' id='line_1_10' title="bbox 533 994 2096 1069; baseline -0.004 -16"><span class='ocrx_word' id='word_1_62' title='bbox 533 1001 866 1054; x_wconf 71' lang='lat' dir='ltr'><strong>marcentibus</strong></span> <span class='ocrx_word' id='word_1_63' title='bbox 917 998 1119 1064; x_wconf 81' lang='lat' dir='ltr'><strong>herbis,</strong></span> <span class='ocrx_word' id='word_1_64' title='bbox 1171 1010 1329 1068; x_wconf 84' lang='lat' dir='ltr'><strong>alque</strong></span> <span class='ocrx_word' id='word_1_65' title='bbox 1382 1000 1535 1069; x_wconf 77' lang='lat'><strong>105</strong></span> <span class='ocrx_word' id='word_1_66' title='bbox 1583 997 1727 1050; x_wconf 85' lang='lat' dir='ltr'><strong>alibi.</strong></span> <span class='ocrx_word' id='word_1_67' title='bbox 1778 994 2096 1062; x_wconf 77' lang='lat' dir='ltr'><strong>Exemplum</strong></span> 
     </span>
    </p>
   </div>
   <div class='ocr_carea' id='block_1_11' title="bbox 537 1084 2097 1162">
    <p class='ocr_par' dir='ltr' id='par_1_11' title="bbox 537 1084 2097 1162">
     <span class='ocr_line' id='line_1_11' title="bbox 537 1084 2097 1162; baseline -0.008 -15"><span class='ocrx_word' id='word_1_68' title='bbox 537 1093 913 1162; x_wconf 90' lang='lat' dir='ltr'><strong>complosiouis</strong></span> <span class='ocrx_word' id='word_1_69' title='bbox 951 1092 1152 1161; x_wconf 71' lang='lat' dir='ltr'><strong>profert</strong></span> <span class='ocrx_word' id='word_1_70' title='bbox 1176 1108 1240 1144; x_wconf 82' lang='lat' dir='ltr'><strong>cx</strong></span> <span class='ocrx_word' id='word_1_71' title='bbox 1265 1106 1404 1145; x_wconf 91' lang='lat' dir='ltr'><strong>vers.</strong></span> <span class='ocrx_word' id='word_1_72' title='bbox 1435 1090 1539 1143; x_wconf 71' lang='lat'><strong>396</strong></span> <span class='ocrx_word' id='word_1_73' title='bbox 1574 1090 1665 1142; x_wconf 87' lang='lat' dir='ltr'><strong>lib.</strong></span> <span class='ocrx_word' id='word_1_74' title='bbox 1690 1103 1739 1141; x_wconf 90' lang='lat' dir='ltr'><strong>t:</strong></span> <span class='ocrx_word' id='word_1_75' title='bbox 1775 1086 1958 1138; x_wconf 81' lang='lat' dir='ltr'><strong><em>Omnia</em></strong></span> <span class='ocrx_word' id='word_1_76' title='bbox 1978 1084 2097 1153; x_wconf 80' lang='lat' dir='ltr'><strong>pul-</strong></span> 
     </span>
    </p>
   </div>
   <div class='ocr_carea' id='block_1_12' title="bbox 539 1178 2097 1255">
    <p class='ocr_par' dir='ltr' id='par_1_12' title="bbox 539 1178 2097 1255">
     <span class='ocr_line' id='line_1_12' title="bbox 539 1178 2097 1255; baseline -0.006 -16"><span class='ocrx_word' id='word_1_77' title='bbox 539 1188 658 1239; x_wconf 84' lang='lat' dir='ltr'><strong>chra</strong></span> <span class='ocrx_word' id='word_1_78' title='bbox 686 1202 880 1255; x_wconf 80' lang='lat' dir='ltr'><strong><em>gerem,</em></strong></span> <span class='ocrx_word' id='word_1_79' title='bbox 912 1186 1106 1250; x_wconf 85' lang='lat' dir='ltr'><strong>oculos,</strong></span> <span class='ocrx_word' id='word_1_80' title='bbox 1142 1201 1215 1237; x_wconf 92' lang='lat' dir='ltr'><strong>os.</strong></span> <span class='ocrx_word' id='word_1_81' title='bbox 1252 1183 1329 1237; x_wconf 79' lang='lat' dir='ltr'><strong>Ad</strong></span> <span class='ocrx_word' id='word_1_82' title='bbox 1378 1182 1587 1253; x_wconf 84' lang='lat' dir='ltr'><strong>hyphen</strong></span> <span class='ocrx_word' id='word_1_83' title='bbox 1638 1181 1800 1235; x_wconf 75' lang='lat' dir='ltr'><strong>refert</strong></span> <span class='ocrx_word' id='word_1_84' title='bbox 1840 1194 1977 1232; x_wconf 91' lang='lat' dir='ltr'><strong>vers.</strong></span> <span class='ocrx_word' id='word_1_85' title='bbox 2006 1178 2097 1231; x_wconf 90' lang='lat' dir='ltr'><strong>cit.</strong></span> 
     </span>
    </p>
   </div>
   <div class='ocr_carea' id='block_1_13' title="bbox 538 1267 2098 1344">
    <p class='ocr_par' dir='ltr' id='par_1_13' title="bbox 538 1267 2098 1344">
     <span class='ocr_line' id='line_1_13' title="bbox 538 1267 2098 1344; baseline -0.007 -15"><span class='ocrx_word' id='word_1_86' title='bbox 538 1276 662 1341; x_wconf 84' lang='grc'>180,</span> <span class='ocrx_word' id='word_1_87' title='bbox 680 1274 1320 1344; x_wconf 74' lang='lat' dir='ltr'><strong>nunquam-marcentibus,</strong></span> <span class='ocrx_word' id='word_1_88' title='bbox 1345 1282 1397 1326; x_wconf 91' lang='lat' dir='ltr'><strong>et</strong></span> <span class='ocrx_word' id='word_1_89' title='bbox 1422 1272 1632 1334; x_wconf 69' lang='lat' dir='ltr'><strong>simifia,</strong></span> <span class='ocrx_word' id='word_1_90' title='bbox 1664 1279 1720 1323; x_wconf 85' lang='lat' dir='ltr'><strong>ut</strong></span> <span class='ocrx_word' id='word_1_91' title='bbox 1740 1267 2098 1331; x_wconf 82' lang='lat' dir='ltr'><strong>male-virenti,</strong></span> 
     </span>
    </p>
   </div>
   <div class='ocr_carea' id='block_1_14' title="bbox 534 1360 2101 1436">
    <p class='ocr_par' dir='ltr' id='par_1_14' title="bbox 534 1360 2101 1436">
     <span class='ocr_line' id='line_1_14' title="bbox 534 1360 2101 1436; baseline -0.006 -17"><span class='ocrx_word' id='word_1_92' title='bbox 534 1367 951 1434; x_wconf 76' lang='lat' dir='ltr'><strong>semper-vestita.</strong></span> <span class='ocrx_word' id='word_1_93' title='bbox 983 1364 1062 1420; x_wconf 85' lang='lat' dir='ltr'><strong>Ad</strong></span> <span class='ocrx_word' id='word_1_94' title='bbox 1094 1367 1351 1436; x_wconf 76' lang='grc' dir='ltr'><strong>ὀξύμωρα,</strong></span> <span class='ocrx_word' id='word_1_95' title='bbox 1381 1380 1623 1432; x_wconf 76' lang='lat' dir='ltr'><strong>oxgmora</strong></span> <span class='ocrx_word' id='word_1_96' title='bbox 1661 1370 1877 1416; x_wconf 88' lang='lat' dir='ltr'><strong>revocat</strong></span> <span class='ocrx_word' id='word_1_97' title='bbox 1921 1360 2101 1429; x_wconf 78' lang='lat' dir='ltr'><strong>funera</strong></span> 
     </span>
    </p>
   </div>
   <div class='ocr_carea' id='block_1_15' title="bbox 535 1448 2101 1521">
    <p class='ocr_par' dir='ltr' id='par_1_15' title="bbox 535 1448 2101 1521">
     <span class='ocr_line' id='line_1_15' title="bbox 535 1448 2101 1521; baseline -0.004 -12"><span class='ocrx_word' id='word_1_98' title='bbox 535 1457 672 1521; x_wconf 75' lang='lat' dir='ltr'><strong>viva,</strong></span> <span class='ocrx_word' id='word_1_99' title='bbox 708 1458 850 1509; x_wconf 73' lang='lat' dir='ltr'><strong>vivax</strong></span> <span class='ocrx_word' id='word_1_100' title='bbox 878 1458 1090 1509; x_wconf 78' lang='lat' dir='ltr'><strong>cadaver</strong></span> <span class='ocrx_word' id='word_1_101' title='bbox 1138 1456 1229 1510; x_wconf 85' lang='lat' dir='ltr'><strong>lib.</strong></span> <span class='ocrx_word' id='word_1_102' title='bbox 1276 1471 1312 1517; x_wconf 88' lang='grc' dir='ltr'>ι,</span> <span class='ocrx_word' id='word_1_103' title='bbox 1359 1468 1497 1509; x_wconf 89' lang='lat' dir='ltr'><strong>vers.</strong></span> <span class='ocrx_word' id='word_1_104' title='bbox 1531 1454 1663 1516; x_wconf 68' lang='grc' dir='ltr'><strong>(ΒΗ,</strong></span> <span class='ocrx_word' id='word_1_105' title='bbox 1690 1452 1882 1521; x_wconf 85' lang='lat' dir='ltr'><strong>quibus</strong></span> <span class='ocrx_word' id='word_1_106' title='bbox 1928 1448 2101 1503; x_wconf 89' lang='lat' dir='ltr'><strong>verbis</strong></span> 
     </span>
    </p>
   </div>
   <div class='ocr_carea' id='block_1_16' title="bbox 536 1539 2103 1619">
    <p class='ocr_par' dir='ltr' id='par_1_16' title="bbox 536 1539 2103 1619">
     <span class='ocr_line' id='line_1_16' title="bbox 536 1539 2103 1619; baseline -0.007 -16"><span class='ocrx_word' id='word_1_107' title='bbox 536 1548 828 1619; x_wconf 80' lang='lat' dir='ltr'><strong>oxymoris,</strong></span> <span class='ocrx_word' id='word_1_108' title='bbox 850 1548 951 1602; x_wconf 91' lang='lat' dir='ltr'><strong>hoc</strong></span> <span class='ocrx_word' id='word_1_109' title='bbox 972 1556 1050 1602; x_wconf 88' lang='lat' dir='ltr'><strong>est</strong></span> <span class='ocrx_word' id='word_1_110' title='bbox 1073 1548 1221 1616; x_wconf 69' lang='lat' dir='ltr'><strong>quasi</strong></span> <span class='ocrx_word' id='word_1_111' title='bbox 1244 1545 1573 1608; x_wconf 85' lang='lat' dir='ltr'><strong>acutistultis,</strong></span> <span class='ocrx_word' id='word_1_112' title='bbox 1594 1545 1713 1610; x_wconf 88' lang='lat' dir='ltr'><strong>quia</strong></span> <span class='ocrx_word' id='word_1_113' title='bbox 1738 1541 1897 1595; x_wconf 90' lang='lat' dir='ltr'><strong>stulta</strong></span> <span class='ocrx_word' id='word_1_114' title='bbox 1924 1539 2103 1594; x_wconf 88' lang='lat' dir='ltr'><strong>viden-</strong></span> 
     </span>
    </p>
   </div>
   <div class='ocr_carea' id='block_1_17' title="bbox 539 1632 2105 1710">
    <p class='ocr_par' dir='ltr' id='par_1_17' title="bbox 539 1632 2105 1710">
     <span class='ocr_line' id='line_1_17' title="bbox 539 1632 2105 1710; baseline -0.007 -15"><span class='ocrx_word' id='word_1_115' title='bbox 539 1651 625 1695; x_wconf 91' lang='lat' dir='ltr'><strong>tur</strong></span> <span class='ocrx_word' id='word_1_116' title='bbox 654 1642 826 1710; x_wconf 89' lang='lat' dir='ltr'><strong>primo</strong></span> <span class='ocrx_word' id='word_1_117' title='bbox 853 1649 1090 1709; x_wconf 78' lang='lat' dir='ltr'><strong>aspectu,</strong></span> <span class='ocrx_word' id='word_1_118' title='bbox 1123 1639 1215 1694; x_wconf 87' lang='lat' dir='ltr'><strong>sed</strong></span> <span class='ocrx_word' id='word_1_119' title='bbox 1244 1648 1367 1693; x_wconf 90' lang='lat' dir='ltr'><strong>sunt</strong></span> <span class='ocrx_word' id='word_1_120' title='bbox 1395 1646 1547 1691; x_wconf 89' lang='lat' dir='ltr'><strong>acuta</strong></span> <span class='ocrx_word' id='word_1_121' title='bbox 1568 1678 1581 1702; x_wconf 95' lang='lat'><strong>,</strong></span> <span class='ocrx_word' id='word_1_122' title='bbox 1613 1636 1800 1705; x_wconf 86' lang='lat' dir='ltr'><strong>plenus</strong></span> <span class='ocrx_word' id='word_1_123' title='bbox 1849 1643 1930 1688; x_wconf 88' lang='lat' dir='ltr'><strong>est</strong></span> <span class='ocrx_word' id='word_1_124' title='bbox 1976 1632 2105 1686; x_wconf 90' lang='lat' dir='ltr'><strong>Dra-</strong></span> 
     </span>
    </p>
   </div>
   <div class='ocr_carea' id='block_1_18' title="bbox 538 1732 763 1787">
    <p class='ocr_par' dir='ltr' id='par_1_18' title="bbox 538 1732 763 1787">
     <span class='ocr_line' id='line_1_18' title="bbox 538 1732 763 1787; baseline 0.004 -2"><span class='ocrx_word' id='word_1_125' title='bbox 538 1732 763 1787; x_wconf 81' lang='lat' dir='ltr'><strong>comins.</strong></span> 
     </span>
    </p>
   </div>
   <div class='ocr_carea' id='block_1_19' title="bbox 608 1807 2183 1905">
    <p class='ocr_par' dir='ltr' id='par_1_19' title="bbox 608 1807 2183 1905">
     <span class='ocr_line' id='line_1_19' title="bbox 608 1807 2183 1905; baseline -0.005 -32"><span class='ocrx_word' id='word_1_126' title='bbox 608 1822 728 1877; x_wconf 76' lang='grc'><strong>139.</strong></span> <span class='ocrx_word' id='word_1_127' title='bbox 774 1822 1010 1891; x_wconf 88' lang='lat' dir='ltr'><strong>Denique</strong></span> <span class='ocrx_word' id='word_1_128' title='bbox 1035 1832 1104 1905; x_wconf 34' lang='grc' dir='ltr'><strong>ἰιι</strong></span> <span class='ocrx_word' id='word_1_129' title='bbox 1143 1821 1208 1875; x_wconf 88' lang='lat' dir='ltr'><strong>de</strong></span> <span class='ocrx_word' id='word_1_130' title='bbox 1260 1819 1506 1890; x_wconf 88' lang='lat' dir='ltr'><strong>prosodia</strong></span> <span class='ocrx_word' id='word_1_131' title='bbox 1552 1818 1818 1873; x_wconf 65' lang='lat' dir='ltr'><strong>Drtcmttii</strong></span> <span class='ocrx_word' id='word_1_132' title='bbox 1866 1815 2101 1870; x_wconf 79' lang='lat' dir='ltr'><strong>nonnihil</strong></span> <span class='ocrx_word' id='word_1_133' title='bbox 2138 1807 2183 1865; x_wconf 82' lang='grc' dir='ltr'><strong>Β</strong></span> 
     </span>
    </p>
   </div>
   <div class='ocr_carea' id='block_1_20' title="bbox 538 1907 2108 1981">
    <p class='ocr_par' dir='ltr' id='par_1_20' title="bbox 538 1907 2108 1981">
     <span class='ocr_line' id='line_1_20' title="bbox 538 1907 2108 1981; baseline -0.002 -17"><span class='ocrx_word' id='word_1_134' title='bbox 538 1910 805 1977; x_wconf 83' lang='lat' dir='ltr'><strong>dicamus,</strong></span> <span class='ocrx_word' id='word_1_135' title='bbox 859 1927 980 1965; x_wconf 90' lang='lat' dir='ltr'><strong>raro</strong></span> <span class='ocrx_word' id='word_1_136' title='bbox 1028 1929 1056 1965; x_wconf 92' lang='lat' dir='ltr'><strong>a</strong></span> <span class='ocrx_word' id='word_1_137' title='bbox 1103 1913 1255 1967; x_wconf 91' lang='lat' dir='ltr'><strong>metri</strong></span> <span class='ocrx_word' id='word_1_138' title='bbox 1310 1912 1515 1981; x_wconf 79' lang='lat' dir='ltr'><strong>legibus</strong></span> <span class='ocrx_word' id='word_1_139' title='bbox 1564 1910 1753 1977; x_wconf 80' lang='lat' dir='ltr'><strong>quibus</strong></span> <span class='ocrx_word' id='word_1_140' title='bbox 1810 1907 2108 1963; x_wconf 78' lang='lat' dir='ltr'><strong>severiores</strong></span> 
     </span>
    </p>
   </div>
   <div class='ocr_carea' id='block_1_21' title="bbox 540 1998 2109 2069">
    <p class='ocr_par' dir='ltr' id='par_1_21' title="bbox 540 1998 2109 2069">
     <span class='ocr_line' id='line_1_21' title="bbox 540 1998 2109 2069; baseline -0.003 -15"><span class='ocrx_word' id='word_1_141' title='bbox 540 2010 707 2069; x_wconf 69' lang='lat' dir='ltr'><strong>poeta:</strong></span> <span class='ocrx_word' id='word_1_142' title='bbox 738 2002 919 2068; x_wconf 77' lang='lat' dir='ltr'><strong>Optimi</strong></span> <span class='ocrx_word' id='word_1_143' title='bbox 952 2017 1009 2055; x_wconf 89' lang='lat' dir='ltr'><strong>se</strong></span> <span class='ocrx_word' id='word_1_144' title='bbox 1039 2002 1455 2066; x_wconf 77' lang='lat' dir='ltr'><strong>obstrinxerunt,</strong></span> <span class='ocrx_word' id='word_1_145' title='bbox 1488 2000 1712 2055; x_wconf 67' lang='lat' dir='ltr'><strong>recedit.</strong></span> <span class='ocrx_word' id='word_1_146' title='bbox 1743 1998 1889 2065; x_wconf 84' lang='lat' dir='ltr'><strong>Quod</strong></span> <span class='ocrx_word' id='word_1_147' title='bbox 1920 1998 2109 2049; x_wconf 77' lang='lat' dir='ltr'><strong>idolum</strong></span> 
     </span>
    </p>
   </div>
   <div class='ocr_carea' id='block_1_22' title="bbox 540 2088 2107 2159">
    <p class='ocr_par' dir='ltr' id='par_1_22' title="bbox 540 2088 2107 2159">
     <span class='ocr_line' id='line_1_22' title="bbox 540 2088 2107 2159; baseline -0.004 -14"><span class='ocrx_word' id='word_1_148' title='bbox 540 2092 771 2146; x_wconf 82' lang='lat' dir='ltr'><strong>secunda</strong></span> <span class='ocrx_word' id='word_1_149' title='bbox 816 2092 959 2146; x_wconf 93' lang='lat' dir='ltr'><strong>brevi</strong></span> <span class='ocrx_word' id='word_1_150' title='bbox 991 2092 1169 2159; x_wconf 69' lang='lat' dir='ltr'><strong>cll‘ert,</strong></span> <span class='ocrx_word' id='word_1_151' title='bbox 1201 2106 1482 2146; x_wconf 88' lang='lat' dir='ltr'><strong>commune</strong></span> <span class='ocrx_word' id='word_1_152' title='bbox 1515 2090 1615 2143; x_wconf 88' lang='lat' dir='ltr'><strong>hoc</strong></span> <span class='ocrx_word' id='word_1_153' title='bbox 1658 2089 1842 2141; x_wconf 91' lang='lat' dir='ltr'><strong>vitium</strong></span> <span class='ocrx_word' id='word_1_154' title='bbox 1874 2088 1952 2139; x_wconf 86' lang='lat' dir='ltr'><strong>illi</strong></span> <span class='ocrx_word' id='word_1_155' title='bbox 1996 2095 2107 2151; x_wconf 89' lang='lat' dir='ltr'><strong>est,</strong></span> 
     </span>
    </p>
   </div>
   <div class='ocr_carea' id='block_1_23' title="bbox 539 2175 2110 2246">
    <p class='ocr_par' dir='ltr' id='par_1_23' title="bbox 539 2175 2110 2246">
     <span class='ocr_line' id='line_1_23' title="bbox 539 2175 2110 2246; baseline -0.003 -15"><span class='ocrx_word' id='word_1_156' title='bbox 539 2180 583 2232; x_wconf 89' lang='lat' dir='ltr'><strong>si</strong></span> <span class='ocrx_word' id='word_1_157' title='bbox 613 2188 788 2234; x_wconf 90' lang='lat' dir='ltr'><strong>tamen</strong></span> <span class='ocrx_word' id='word_1_158' title='bbox 817 2190 899 2234; x_wconf 89' lang='lat' dir='ltr'><strong>est</strong></span> <span class='ocrx_word' id='word_1_159' title='bbox 930 2181 1145 2246; x_wconf 90' lang='lat' dir='ltr'><strong>vitium,</strong></span> <span class='ocrx_word' id='word_1_160' title='bbox 1174 2196 1295 2234; x_wconf 89' lang='lat' dir='ltr'><strong>cum</strong></span> <span class='ocrx_word' id='word_1_161' title='bbox 1335 2179 1623 2234; x_wconf 86' lang='lat' dir='ltr'><strong>Prudentio</strong></span> <span class='ocrx_word' id='word_1_162' title='bbox 1664 2178 1885 2245; x_wconf 83' lang='lat' dir='ltr'><strong>aliisque</strong></span> <span class='ocrx_word' id='word_1_163' title='bbox 1930 2175 2110 2227; x_wconf 86' lang='lat' dir='ltr'><strong>multis</strong></span> 
     </span>
    </p>
   </div>
   <div class='ocr_carea' id='block_1_24' title="bbox 541 2266 2112 2340">
    <p class='ocr_par' dir='ltr' id='par_1_24' title="bbox 541 2266 2112 2340">
     <span class='ocr_line' id='line_1_24' title="bbox 541 2266 2112 2340; baseline -0.005 -17"><span class='ocrx_word' id='word_1_164' title='bbox 541 2270 711 2338; x_wconf 88' lang='lat' dir='ltr'><strong>poetis</strong></span> <span class='ocrx_word' id='word_1_165' title='bbox 739 2268 1053 2325; x_wconf 81' lang='lat' dir='ltr'><strong>Christianis</strong></span> <span class='ocrx_word' id='word_1_166' title='bbox 1074 2288 1090 2339; x_wconf 21' lang='grc' dir='ltr'><strong>ηε</strong></span> <span class='ocrx_word' id='word_1_167' title='bbox 1122 2271 1274 2338; x_wconf 84' lang='lat' dir='ltr'><strong>cujus</strong></span> <span class='ocrx_word' id='word_1_168' title='bbox 1314 2270 1530 2340; x_wconf 78' lang='lat' dir='ltr'><strong>syllaba:</strong></span> <span class='ocrx_word' id='word_1_169' title='bbox 1560 2266 1908 2335; x_wconf 70' lang='lat' dir='ltr'><strong>corripienda:</strong></span> <span class='ocrx_word' id='word_1_170' title='bbox 1952 2267 2112 2317; x_wconf 91' lang='lat' dir='ltr'><strong>ratio-</strong></span> 
     </span>
    </p>
   </div>
   <div class='ocr_carea' id='block_1_25' title="bbox 542 2354 2113 2429">
    <p class='ocr_par' dir='ltr' id='par_1_25' title="bbox 542 2354 2113 2429">
     <span class='ocr_line' id='line_1_25' title="bbox 542 2354 2113 2429; baseline -0.003 -18"><span class='ocrx_word' id='word_1_171' title='bbox 542 2373 662 2411; x_wconf 92' lang='lat' dir='ltr'><strong>nem</strong></span> <span class='ocrx_word' id='word_1_172' title='bbox 705 2359 908 2412; x_wconf 85' lang='lat' dir='ltr'><strong>reddidi</strong></span> <span class='ocrx_word' id='word_1_173' title='bbox 948 2360 999 2413; x_wconf 92' lang='lat' dir='ltr'><strong>in</strong></span> <span class='ocrx_word' id='word_1_174' title='bbox 1042 2361 1331 2429; x_wconf 85' lang='lat' dir='ltr'><strong>prolegom.</strong></span> <span class='ocrx_word' id='word_1_175' title='bbox 1374 2359 1439 2412; x_wconf 90' lang='lat' dir='ltr'><strong>ad</strong></span> <span class='ocrx_word' id='word_1_176' title='bbox 1488 2358 1829 2411; x_wconf 72' lang='lat' dir='ltr'><strong>Prudentium</strong></span> <span class='ocrx_word' id='word_1_177' title='bbox 1880 2371 1998 2424; x_wconf 89' lang='lat' dir='ltr'><strong>cap.</strong></span> <span class='ocrx_word' id='word_1_178' title='bbox 2042 2354 2113 2408; x_wconf 70' lang='grc'>21</span> 
     </span>
    </p>
   </div>
   <div class='ocr_carea' id='block_1_26' title="bbox 540 2448 2111 2521">
    <p class='ocr_par' dir='ltr' id='par_1_26' title="bbox 540 2448 2111 2521">
     <span class='ocr_line' id='line_1_26' title="bbox 540 2448 2111 2521; baseline -0.003 -16"><span class='ocrx_word' id='word_1_179' title='bbox 540 2461 595 2505; x_wconf 90' lang='lat' dir='ltr'><strong>et</strong></span> <span class='ocrx_word' id='word_1_180' title='bbox 633 2467 783 2521; x_wconf 83' lang='lat' dir='ltr'><strong>seqq.</strong></span> <span class='ocrx_word' id='word_1_181' title='bbox 813 2452 1087 2506; x_wconf 88' lang='lat' dir='ltr'><strong>Peculiare</strong></span> <span class='ocrx_word' id='word_1_182' title='bbox 1134 2453 1417 2505; x_wconf 87' lang='lat' dir='ltr'><strong>Dracontio</strong></span> <span class='ocrx_word' id='word_1_183' title='bbox 1458 2462 1569 2511; x_wconf 75' lang='lat' dir='ltr'><strong>est,</strong></span> <span class='ocrx_word' id='word_1_184' title='bbox 1602 2450 1741 2519; x_wconf 84' lang='lat' dir='ltr'><strong>quod</strong></span> <span class='ocrx_word' id='word_1_185' title='bbox 1794 2451 2033 2516; x_wconf 53' lang='lat' dir='ltr'><strong>primani;</strong></span> <span class='ocrx_word' id='word_1_186' title='bbox 2060 2448 2111 2500; x_wconf 89' lang='lat' dir='ltr'><strong>in</strong></span> 
     </span>
    </p>
   </div>
   <div class='ocr_carea' id='block_1_27' title="bbox 542 2539 2111 2611">
    <p class='ocr_par' dir='ltr' id='par_1_27' title="bbox 542 2539 2111 2611">
     <span class='ocr_line' id='line_1_27' title="bbox 542 2539 2111 2611; baseline -0.001 -17"><span class='ocrx_word' id='word_1_187' title='bbox 542 2542 752 2595; x_wconf 92' lang='lat' dir='ltr'><strong>thronus</strong></span> <span class='ocrx_word' id='word_1_188' title='bbox 780 2542 1063 2611; x_wconf 89' lang='lat' dir='ltr'><strong>producat;</strong></span> <span class='ocrx_word' id='word_1_189' title='bbox 1094 2540 1191 2596; x_wconf 88' lang='lat' dir='ltr'><strong>sed</strong></span> <span class='ocrx_word' id='word_1_190' title='bbox 1221 2542 1377 2595; x_wconf 89' lang='lat' dir='ltr'><strong>etiam</strong></span> <span class='ocrx_word' id='word_1_191' title='bbox 1409 2541 1456 2593; x_wconf 88' lang='lat' dir='ltr'><strong>id</strong></span> <span class='ocrx_word' id='word_1_192' title='bbox 1489 2541 1699 2595; x_wconf 81' lang='lat' dir='ltr'><strong>delendi</strong></span> <span class='ocrx_word' id='word_1_193' title='bbox 1734 2550 1903 2609; x_wconf 77' lang='lat' dir='ltr'><strong>poti-st</strong></span> <span class='ocrx_word' id='word_1_194' title='bbox 1934 2555 1995 2593; x_wconf 74' lang='lat' dir='ltr'><strong>ex</strong></span> <span class='ocrx_word' id='word_1_195' title='bbox 2032 2539 2111 2592; x_wconf 89' lang='lat' dir='ltr'><strong>his</strong></span> 
     </span>
    </p>
   </div>
   <div class='ocr_carea' id='block_1_28' title="bbox 542 2629 2113 2703">
    <p class='ocr_par' dir='ltr' id='par_1_28' title="bbox 542 2629 2113 2703">
     <span class='ocr_line' id='line_1_28' title="bbox 542 2629 2113 2703; baseline -0.003 -17"><span class='ocrx_word' id='word_1_196' title='bbox 542 2648 660 2703; x_wconf 72' lang='lat' dir='ltr'><strong>qua:</strong></span> <span class='ocrx_word' id='word_1_197' title='bbox 692 2634 793 2687; x_wconf 85' lang='lat' dir='ltr'><strong>loc.</strong></span> <span class='ocrx_word' id='word_1_198' title='bbox 827 2633 921 2687; x_wconf 91' lang='lat' dir='ltr'><strong>cit.</strong></span> <span class='ocrx_word' id='word_1_199' title='bbox 953 2632 1178 2686; x_wconf 86' lang='lat' dir='ltr'><strong>disserui</strong></span> <span class='ocrx_word' id='word_1_200' title='bbox 1206 2648 1219 2685; x_wconf 90' lang='lat'><strong>:</strong></span> <span class='ocrx_word' id='word_1_201' title='bbox 1252 2632 1351 2685; x_wconf 89' lang='lat' dir='ltr'><strong>nisi</strong></span> <span class='ocrx_word' id='word_1_202' title='bbox 1384 2634 1605 2685; x_wconf 75' lang='lat' dir='ltr'><strong>fortasse</strong></span> <span class='ocrx_word' id='word_1_203' title='bbox 1629 2629 1795 2685; x_wconf 77' lang='lat' dir='ltr'><strong>codex</strong></span> <span class='ocrx_word' id='word_1_204' title='bbox 1832 2640 2113 2696; x_wconf 77' lang='lat' dir='ltr'><strong>corruptus</strong></span> 
     </span>
    </p>
   </div>
   <div class='ocr_carea' id='block_1_29' title="bbox 546 2720 2111 2791">
    <p class='ocr_par' dir='ltr' id='par_1_29' title="bbox 546 2720 2111 2791">
     <span class='ocr_line' id='line_1_29' title="bbox 546 2720 2111 2791; baseline -0.004 -14"><span class='ocrx_word' id='word_1_205' title='bbox 546 2732 627 2777; x_wconf 87' lang='lat' dir='ltr'><strong>est</strong></span> <span class='ocrx_word' id='word_1_206' title='bbox 670 2722 875 2776; x_wconf 87' lang='lat' dir='ltr'><strong>duobus</strong></span> <span class='ocrx_word' id='word_1_207' title='bbox 906 2723 956 2776; x_wconf 90' lang='lat' dir='ltr'><strong>in</strong></span> <span class='ocrx_word' id='word_1_208' title='bbox 987 2722 1115 2777; x_wconf 91' lang='lat' dir='ltr'><strong>locis</strong></span> <span class='ocrx_word' id='word_1_209' title='bbox 1160 2722 1350 2791; x_wconf 87' lang='lat' dir='ltr'><strong>quibus</strong></span> <span class='ocrx_word' id='word_1_210' title='bbox 1391 2720 1492 2775; x_wconf 90' lang='lat' dir='ltr'><strong>hoc</strong></span> <span class='ocrx_word' id='word_1_211' title='bbox 1530 2720 1748 2774; x_wconf 84' lang='lat' dir='ltr'><strong>verbum</strong></span> <span class='ocrx_word' id='word_1_212' title='bbox 1807 2720 2111 2774; x_wconf 75' lang='lat' dir='ltr'><strong>adhibetur.</strong></span> 
     </span>
    </p>
   </div>
   <div class='ocr_carea' id='block_1_30' title="bbox 545 2814 2113 2885">
    <p class='ocr_par' dir='ltr' id='par_1_30' title="bbox 545 2814 2113 2885">
     <span class='ocr_line' id='line_1_30' title="bbox 545 2814 2113 2885; baseline -0.003 -16"><span class='ocrx_word' id='word_1_213' title='bbox 545 2816 601 2870; x_wconf 90' lang='lat' dir='ltr'><strong>In</strong></span> <span class='ocrx_word' id='word_1_214' title='bbox 653 2816 819 2871; x_wconf 73' lang='lat' dir='ltr'><strong>verbo</strong></span> <span class='ocrx_word' id='word_1_215' title='bbox 870 2817 998 2885; x_wconf 76' lang='lat' dir='ltr'><strong>ﬁant</strong></span> <span class='ocrx_word' id='word_1_216' title='bbox 1050 2816 1227 2870; x_wconf 86' lang='lat' dir='ltr'><strong>varius</strong></span> <span class='ocrx_word' id='word_1_217' title='bbox 1277 2824 1359 2869; x_wconf 83' lang='lat' dir='ltr'><strong>est</strong></span> <span class='ocrx_word' id='word_1_218' title='bbox 1410 2814 1722 2868; x_wconf 80' lang='lat' dir='ltr'><strong>Dracontius</strong></span> <span class='ocrx_word' id='word_1_219' title='bbox 1764 2831 1777 2866; x_wconf 90' lang='lat'><strong>:</strong></span> <span class='ocrx_word' id='word_1_220' title='bbox 1828 2814 2113 2882; x_wconf 88' lang='lat' dir='ltr'><strong>aliquanto</strong></span> 
     </span>
    </p>
   </div>
   <div class='ocr_carea' id='block_1_31' title="bbox 544 2904 2111 2975">
    <p class='ocr_par' dir='ltr' id='par_1_31' title="bbox 544 2904 2111 2975">
     <span class='ocr_line' id='line_1_31' title="bbox 544 2904 2111 2975; baseline -0.004 -15"><span class='ocrx_word' id='word_1_221' title='bbox 544 2907 787 2975; x_wconf 88' lang='lat' dir='ltr'><strong>producit</strong></span> <span class='ocrx_word' id='word_1_222' title='bbox 812 2922 931 2960; x_wconf 91' lang='lat' dir='ltr'><strong>cum</strong></span> <span class='ocrx_word' id='word_1_223' title='bbox 960 2905 1187 2975; x_wconf 89' lang='lat' dir='ltr'><strong>antiquis</strong></span> <span class='ocrx_word' id='word_1_224' title='bbox 1213 2906 1415 2975; x_wconf 90' lang='lat' dir='ltr'><strong>poetis,</strong></span> <span class='ocrx_word' id='word_1_225' title='bbox 1446 2904 1729 2974; x_wconf 85' lang='lat' dir='ltr'><strong>aliquando</strong></span> <span class='ocrx_word' id='word_1_226' title='bbox 1752 2904 1970 2969; x_wconf 88' lang='lat' dir='ltr'><strong>corripit</strong></span> <span class='ocrx_word' id='word_1_227' title='bbox 1993 2918 2111 2956; x_wconf 88' lang='lat' dir='ltr'><strong>cum</strong></span> 
     </span>
    </p>
   </div>
   <div class='ocr_carea' id='block_1_32' title="bbox 544 2992 2112 3064">
    <p class='ocr_par' dir='ltr' id='par_1_32' title="bbox 544 2992 2112 3064">
     <span class='ocr_line' id='line_1_32' title="bbox 544 2992 2112 3064; baseline -0.004 -14"><span class='ocrx_word' id='word_1_228' title='bbox 544 2995 834 3050; x_wconf 83' lang='lat' dir='ltr'><strong>Prudentia</strong></span> <span class='ocrx_word' id='word_1_229' title='bbox 891 3004 945 3051; x_wconf 89' lang='lat' dir='ltr'><strong>et</strong></span> <span class='ocrx_word' id='word_1_230' title='bbox 1008 2996 1182 3049; x_wconf 87' lang='lat' dir='ltr'><strong>aliis:</strong></span> <span class='ocrx_word' id='word_1_231' title='bbox 1226 3009 1528 3064; x_wconf 85' lang='lat' dir='ltr'><strong>quanquam</strong></span> <span class='ocrx_word' id='word_1_232' title='bbox 1585 2995 1835 3047; x_wconf 88' lang='lat' dir='ltr'><strong>mendum</strong></span> <span class='ocrx_word' id='word_1_233' title='bbox 1902 2992 2112 3061; x_wconf 83' lang='lat' dir='ltr'><strong>aliquod</strong></span> 
     </span>
    </p>
   </div>
   <div class='ocr_carea' id='block_1_33' title="bbox 546 3085 2111 3155">
    <p class='ocr_par' dir='ltr' id='par_1_33' title="bbox 546 3085 2111 3155">
     <span class='ocr_line' id='line_1_33' title="bbox 546 3085 2111 3155; baseline -0.003 -14"><span class='ocrx_word' id='word_1_234' title='bbox 546 3088 803 3155; x_wconf 85' lang='lat' dir='ltr'><strong>suspicari</strong></span> <span class='ocrx_word' id='word_1_235' title='bbox 838 3087 959 3140; x_wconf 89' lang='lat' dir='ltr'><strong>licet</strong></span> <span class='ocrx_word' id='word_1_236' title='bbox 998 3086 1082 3140; x_wconf 88' lang='lat' dir='ltr'><strong>ubi</strong></span> <span class='ocrx_word' id='word_1_237' title='bbox 1123 3101 1151 3138; x_wconf 88' lang='lat' dir='ltr'><strong>a</strong></span> <span class='ocrx_word' id='word_1_238' title='bbox 1188 3086 1468 3138; x_wconf 86' lang='lat' dir='ltr'><strong>Dracontio</strong></span> <span class='ocrx_word' id='word_1_239' title='bbox 1507 3086 1811 3152; x_wconf 85' lang='lat' dir='ltr'><strong>corripitur.</strong></span> <span class='ocrx_word' id='word_1_240' title='bbox 1853 3085 1984 3139; x_wconf 74' lang='lat' dir='ltr'><strong>Vide</strong></span> <span class='ocrx_word' id='word_1_241' title='bbox 2023 3099 2111 3137; x_wconf 90' lang='lat' dir='ltr'><strong>no-</strong></span> 
     </span>
    </p>
   </div>
   <div class='ocr_carea' id='block_1_34' title="bbox 2200 542 3771 613">
    <p class='ocr_par' dir='ltr' id='par_1_34' title="bbox 2200 542 3771 613">
     <span class='ocr_line' id='line_1_34' title="bbox 2200 542 3771 613; baseline 0.004 -19"><span class='ocrx_word' id='word_1_242' title='bbox 2200 542 2383 597; x_wconf 87' lang='lat' dir='ltr'><strong>ductis.</strong></span> <span class='ocrx_word' id='word_1_243' title='bbox 2409 542 2539 597; x_wconf 79' lang='lat' dir='ltr'><strong>Inde</strong></span> <span class='ocrx_word' id='word_1_244' title='bbox 2560 546 2759 597; x_wconf 80' lang='lat' dir='ltr'><strong>illustre</strong></span> <span class='ocrx_word' id='word_1_245' title='bbox 2783 546 3017 598; x_wconf 77' lang='lat' dir='ltr'><strong>utendum</strong></span> <span class='ocrx_word' id='word_1_246' title='bbox 3038 547 3179 600; x_wconf 82' lang='lat' dir='ltr'><strong>video</strong></span> <span class='ocrx_word' id='word_1_247' title='bbox 3202 550 3254 600; x_wconf 86' lang='lat' dir='ltr'><strong>in</strong></span> <span class='ocrx_word' id='word_1_248' title='bbox 3275 549 3451 600; x_wconf 82' lang='lat' dir='ltr'><strong>eodem</strong></span> <span class='ocrx_word' id='word_1_249' title='bbox 3478 548 3771 613; x_wconf 83' lang='lat' dir='ltr'><strong>Dracontio,</strong></span> 
     </span>
    </p>
   </div>
   <div class='ocr_carea' id='block_1_35' title="bbox 2199 636 3775 706">
    <p class='ocr_par' dir='ltr' id='par_1_35' title="bbox 2199 636 3775 706">
     <span class='ocr_line' id='line_1_35' title="bbox 2199 636 3775 706; baseline 0.003 -17"><span class='ocrx_word' id='word_1_250' title='bbox 2199 644 2303 689; x_wconf 90' lang='lat' dir='ltr'><strong>etc.</strong></span> <span class='ocrx_word' id='word_1_251' title='bbox 2334 639 2412 689; x_wconf 86' lang='lat' dir='ltr'><strong>An</strong></span> <span class='ocrx_word' id='word_1_252' title='bbox 2444 637 2509 690; x_wconf 87' lang='lat' dir='ltr'><strong>de</strong></span> <span class='ocrx_word' id='word_1_253' title='bbox 2540 636 2639 691; x_wconf 85' lang='lat' dir='ltr'><strong>hoc</strong></span> <span class='ocrx_word' id='word_1_254' title='bbox 2667 636 2859 692; x_wconf 88' lang='lat' dir='ltr'><strong>mendo</strong></span> <span class='ocrx_word' id='word_1_255' title='bbox 2888 653 3015 692; x_wconf 85' lang='lat' dir='ltr'><strong>vere</strong></span> <span class='ocrx_word' id='word_1_256' title='bbox 3041 638 3357 706; x_wconf 85' lang='lat' dir='ltr'><strong>judicaverit</strong></span> <span class='ocrx_word' id='word_1_257' title='bbox 3387 639 3649 701; x_wconf 75' lang='lat' dir='ltr'><strong>Barthius,</strong></span> <span class='ocrx_word' id='word_1_258' title='bbox 3681 656 3775 693; x_wconf 87' lang='lat' dir='ltr'><strong>suo</strong></span> 
     </span>
    </p>
   </div>
   <div class='ocr_carea' id='block_1_36' title="bbox 2199 724 2535 781">
    <p class='ocr_par' dir='ltr' id='par_1_36' title="bbox 2199 724 2535 781">
     <span class='ocr_line' id='line_1_36' title="bbox 2199 724 2535 781; baseline 0.003 -3"><span class='ocrx_word' id='word_1_259' title='bbox 2199 724 2314 778; x_wconf 88' lang='lat' dir='ltr'><strong>loco</strong></span> <span class='ocrx_word' id='word_1_260' title='bbox 2341 726 2535 781; x_wconf 88' lang='lat' dir='ltr'><strong>dicam.</strong></span> 
     </span>
    </p>
   </div>
   <div class='ocr_carea' id='block_1_37' title="bbox 2275 816 3779 887">
    <p class='ocr_par' dir='ltr' id='par_1_37' title="bbox 2275 816 3779 887">
     <span class='ocr_line' id='line_1_37' title="bbox 2275 816 3779 887; baseline 0.005 -19"><span class='ocrx_word' id='word_1_261' title='bbox 2275 816 2396 870; x_wconf 75' lang='lat' dir='ltr'><strong>Ml.</strong></span> <span class='ocrx_word' id='word_1_262' title='bbox 2432 816 2547 871; x_wconf 80' lang='lat' dir='ltr'><strong>Non</strong></span> <span class='ocrx_word' id='word_1_263' title='bbox 2579 828 2660 871; x_wconf 81' lang='lat' dir='ltr'><strong>est</strong></span> <span class='ocrx_word' id='word_1_264' title='bbox 2690 828 2863 872; x_wconf 91' lang='lat' dir='ltr'><strong>tamen</strong></span> <span class='ocrx_word' id='word_1_265' title='bbox 2906 820 3119 873; x_wconf 91' lang='lat' dir='ltr'><strong>silentio</strong></span> <span class='ocrx_word' id='word_1_266' title='bbox 3166 821 3597 885; x_wconf 68' lang='lat' dir='ltr'><strong>praetereundum</strong></span> <span class='ocrx_word' id='word_1_267' title='bbox 3640 823 3779 887; x_wconf 74' lang='lat' dir='ltr'><strong>ipsos</strong></span> 
     </span>
    </p>
   </div>
   <div class='ocr_carea' id='block_1_38' title="bbox 2200 907 3779 979">
    <p class='ocr_par' dir='ltr' id='par_1_38' title="bbox 2200 907 3779 979">
     <span class='ocr_line' id='line_1_38' title="bbox 2200 907 3779 979; baseline 0.003 -20"><span class='ocrx_word' id='word_1_268' title='bbox 2200 907 2358 960; x_wconf 87' lang='lat' dir='ltr'><strong>etiam</strong></span> <span class='ocrx_word' id='word_1_269' title='bbox 2402 916 2585 975; x_wconf 86' lang='lat' dir='ltr'><strong>poetas</strong></span> <span class='ocrx_word' id='word_1_270' title='bbox 2614 908 2949 961; x_wconf 88' lang='lat' dir='ltr'><strong>Christianos</strong></span> <span class='ocrx_word' id='word_1_271' title='bbox 2993 910 3271 977; x_wconf 87' lang='lat' dir='ltr'><strong>agnovisse</strong></span> <span class='ocrx_word' id='word_1_272' title='bbox 3318 913 3535 962; x_wconf 86' lang='lat' dir='ltr'><strong>nomina</strong></span> <span class='ocrx_word' id='word_1_273' title='bbox 3569 913 3779 979; x_wconf 69' lang='lat' dir='ltr'><strong>propzis</strong></span> 
     </span>
    </p>
   </div>
   <div class='ocr_carea' id='block_1_39' title="bbox 2202 1000 3781 1070">
    <p class='ocr_par' dir='ltr' id='par_1_39' title="bbox 2202 1000 3781 1070">
     <span class='ocr_line' id='line_1_39' title="bbox 2202 1000 3781 1070; baseline 0.005 -21"><span class='ocrx_word' id='word_1_274' title='bbox 2202 1000 2494 1068; x_wconf 88' lang='lat' dir='ltr'><strong>quantitate</strong></span> <span class='ocrx_word' id='word_1_275' title='bbox 2539 1010 2684 1053; x_wconf 89' lang='lat' dir='ltr'><strong>certa</strong></span> <span class='ocrx_word' id='word_1_276' title='bbox 2717 1000 3040 1070; x_wconf 87' lang='lat' dir='ltr'><strong>syllabarum</strong></span> <span class='ocrx_word' id='word_1_277' title='bbox 3081 1001 3333 1068; x_wconf 70' lang='lat' dir='ltr'><strong>gaudere,</strong></span> <span class='ocrx_word' id='word_1_278' title='bbox 3359 1018 3521 1069; x_wconf 90' lang='lat' dir='ltr'><strong>quam</strong></span> <span class='ocrx_word' id='word_1_279' title='bbox 3568 1018 3781 1057; x_wconf 82' lang='lat' dir='ltr'><strong>servare</strong></span> 
     </span>
    </p>
   </div>
   <div class='ocr_carea' id='block_1_40' title="bbox 2203 1088 3781 1159">
    <p class='ocr_par' dir='ltr' id='par_1_40' title="bbox 2203 1088 3781 1159">
     <span class='ocr_line' id='line_1_40' title="bbox 2203 1088 3781 1159; baseline 0.005 -18"><span class='ocrx_word' id='word_1_280' title='bbox 2203 1097 2433 1155; x_wconf 80' lang='lat' dir='ltr'><strong>oportet.</strong></span> <span class='ocrx_word' id='word_1_281' title='bbox 2461 1088 2618 1143; x_wconf 84' lang='lat' dir='ltr'><strong>Multa</strong></span> <span class='ocrx_word' id='word_1_282' title='bbox 2647 1099 2769 1143; x_wconf 90' lang='lat' dir='ltr'><strong>sunt</strong></span> <span class='ocrx_word' id='word_1_283' title='bbox 2790 1092 3030 1158; x_wconf 79' lang='lat' dir='ltr'><strong>exempla</strong></span> <span class='ocrx_word' id='word_1_284' title='bbox 3056 1102 3329 1159; x_wconf 82' lang='lat' dir='ltr'><strong>poetarum</strong></span> <span class='ocrx_word' id='word_1_285' title='bbox 3352 1094 3781 1149; x_wconf 70' lang='lat' dir='ltr'><strong>Chri~tianornm</strong></span> 
     </span>
    </p>
   </div>
   <div class='ocr_carea' id='block_1_41' title="bbox 2204 1180 3784 1249">
    <p class='ocr_par' dir='ltr' id='par_1_41' title="bbox 2204 1180 3784 1249">
     <span class='ocr_line' id='line_1_41' title="bbox 2204 1180 3784 1249; baseline 0.007 -20"><span class='ocrx_word' id='word_1_286' title='bbox 2204 1188 2440 1233; x_wconf 85' lang='lat' dir='ltr'><strong>veterum</strong></span> <span class='ocrx_word' id='word_1_287' title='bbox 2480 1181 2565 1247; x_wconf 88' lang='lat' dir='ltr'><strong>qui</strong></span> <span class='ocrx_word' id='word_1_288' title='bbox 2600 1180 2902 1235; x_wconf 90' lang='lat' dir='ltr'><strong>nominibus</strong></span> <span class='ocrx_word' id='word_1_289' title='bbox 2936 1182 3016 1235; x_wconf 89' lang='lat' dir='ltr'><strong>his</strong></span> <span class='ocrx_word' id='word_1_290' title='bbox 3046 1184 3274 1249; x_wconf 67' lang='lat' dir='ltr'><strong>proliriis</strong></span> <span class='ocrx_word' id='word_1_291' title='bbox 3313 1198 3501 1237; x_wconf 86' lang='lat' dir='ltr'><strong>contra</strong></span> <span class='ocrx_word' id='word_1_292' title='bbox 3550 1198 3784 1240; x_wconf 81' lang='lat' dir='ltr'><strong>metrum</strong></span> 
     </span>
    </p>
   </div>
   <div class='ocr_carea' id='block_1_42' title="bbox 2205 1270 3788 1345">
    <p class='ocr_par' dir='ltr' id='par_1_42' title="bbox 2205 1270 3788 1345">
     <span class='ocr_line' id='line_1_42' title="bbox 2205 1270 3788 1345; baseline 0.005 -24"><span class='ocrx_word' id='word_1_293' title='bbox 2205 1271 2277 1321; x_wconf 91' lang='lat' dir='ltr'><strong>uti</strong></span> <span class='ocrx_word' id='word_1_294' title='bbox 2306 1285 2406 1321; x_wconf 91' lang='lat' dir='ltr'><strong>non</strong></span> <span class='ocrx_word' id='word_1_295' title='bbox 2436 1270 2730 1338; x_wconf 88' lang='lat' dir='ltr'><strong>audebant,</strong></span> <span class='ocrx_word' id='word_1_296' title='bbox 2762 1280 2852 1324; x_wconf 89' lang='lat' dir='ltr'><strong>aut</strong></span> <span class='ocrx_word' id='word_1_297' title='bbox 2876 1271 3081 1325; x_wconf 86' lang='lat' dir='ltr'><strong>veniam</strong></span> <span class='ocrx_word' id='word_1_298' title='bbox 3114 1272 3493 1341; x_wconf 58' lang='lat' dir='ltr'><strong>pra&#39;l‘abantnr,</strong></span> <span class='ocrx_word' id='word_1_299' title='bbox 3524 1277 3788 1345; x_wconf 83' lang='lat' dir='ltr'><strong>siquando</strong></span> 
     </span>
    </p>
   </div>
   <div class='ocr_carea' id='block_1_43' title="bbox 2204 1362 3788 1436">
    <p class='ocr_par' dir='ltr' id='par_1_43' title="bbox 2204 1362 3788 1436">
     <span class='ocr_line' id='line_1_43' title="bbox 2204 1362 3788 1436; baseline 0.007 -24"><span class='ocrx_word' id='word_1_300' title='bbox 2204 1362 2359 1415; x_wconf 87' lang='lat' dir='ltr'><strong>aliter</strong></span> <span class='ocrx_word' id='word_1_301' title='bbox 2391 1362 2501 1415; x_wconf 89' lang='lat' dir='ltr'><strong>ﬁeri</strong></span> <span class='ocrx_word' id='word_1_302' title='bbox 2545 1378 2648 1414; x_wconf 90' lang='lat' dir='ltr'><strong>non</strong></span> <span class='ocrx_word' id='word_1_303' title='bbox 2696 1373 2919 1432; x_wconf 77' lang='lat' dir='ltr'><strong>potrral.</strong></span> <span class='ocrx_word' id='word_1_304' title='bbox 2963 1364 3068 1419; x_wconf 87' lang='lat' dir='ltr'><strong>Sed</strong></span> <span class='ocrx_word' id='word_1_305' title='bbox 3114 1363 3373 1419; x_wconf 85' lang='lat' dir='ltr'><strong>adducam</strong></span> <span class='ocrx_word' id='word_1_306' title='bbox 3405 1369 3713 1436; x_wconf 76' lang='lat' dir='ltr'><strong>exemplum</strong></span> <span class='ocrx_word' id='word_1_307' title='bbox 3757 1386 3788 1423; x_wconf 79' lang='grc' dir='ltr'><strong><em>ο</em></strong></span> 
     </span>
    </p>
   </div>
   <div class='ocr_carea' id='block_1_44' title="bbox 2205 1451 3789 1524">
    <p class='ocr_par' dir='ltr' id='par_1_44' title="bbox 2205 1451 3789 1524">
     <span class='ocr_line' id='line_1_44' title="bbox 2205 1451 3789 1524; baseline 0.005 -21"><span class='ocrx_word' id='word_1_308' title='bbox 2205 1451 2414 1505; x_wconf 72' lang='lat' dir='ltr'><strong>stet-niis</strong></span> <span class='ocrx_word' id='word_1_309' title='bbox 2454 1452 2712 1506; x_wconf 79' lang='lat' dir='ltr'><strong>barbaris.</strong></span> <span class='ocrx_word' id='word_1_310' title='bbox 2743 1452 3011 1507; x_wconf 80' lang='lat' dir='ltr'><strong>Galfridns</strong></span> <span class='ocrx_word' id='word_1_311' title='bbox 3040 1453 3107 1506; x_wconf 91' lang='lat' dir='ltr'><strong>de</strong></span> <span class='ocrx_word' id='word_1_312' title='bbox 3142 1452 3275 1507; x_wconf 83' lang='lat' dir='ltr'><strong>Vino</strong></span> <span class='ocrx_word' id='word_1_313' title='bbox 3302 1454 3490 1523; x_wconf 87' lang='lat' dir='ltr'><strong>Salvo,</strong></span> <span class='ocrx_word' id='word_1_314' title='bbox 3527 1458 3616 1524; x_wconf 89' lang='lat' dir='ltr'><strong>qui</strong></span> <span class='ocrx_word' id='word_1_315' title='bbox 3646 1474 3789 1511; x_wconf 89' lang='lat' dir='ltr'><strong>anno</strong></span> 
     </span>
    </p>
   </div>
   <div class='ocr_carea' id='block_1_45' title="bbox 2209 1543 3791 1606">
    <p class='ocr_par' dir='ltr' id='par_1_45' title="bbox 2209 1543 3791 1606">
     <span class='ocr_line' id='line_1_45' title="bbox 2209 1543 3791 1606; baseline 0.005 -10"><span class='ocrx_word' id='word_1_316' title='bbox 2209 1543 2343 1597; x_wconf 73' lang='grc'>1216</span> <span class='ocrx_word' id='word_1_317' title='bbox 2374 1543 2613 1606; x_wconf 86' lang='lat' dir='ltr'><strong>vivebat,</strong></span> <span class='ocrx_word' id='word_1_318' title='bbox 2662 1544 2710 1597; x_wconf 89' lang='lat' dir='ltr'><strong>in</strong></span> <span class='ocrx_word' id='word_1_319' title='bbox 2747 1545 2954 1598; x_wconf 76' lang='lat' dir='ltr'><strong>Poetria</strong></span> <span class='ocrx_word' id='word_1_320' title='bbox 3000 1546 3076 1599; x_wconf 70' lang='lat' dir='ltr'><strong>sic</strong></span> <span class='ocrx_word' id='word_1_321' title='bbox 3119 1545 3482 1600; x_wconf 86' lang='lat' dir='ltr'><strong>Innocentium</strong></span> <span class='ocrx_word' id='word_1_322' title='bbox 3516 1562 3791 1603; x_wconf 85' lang='lat' dir='ltr'><strong>summum</strong></span> 
     </span>
    </p>
   </div>
   <div class='ocr_carea' id='block_1_46' title="bbox 2209 1634 2857 1702">
    <p class='ocr_par' dir='ltr' id='par_1_46' title="bbox 2209 1634 2857 1702">
     <span class='ocr_line' id='line_1_46' title="bbox 2209 1634 2857 1702; baseline 0.003 -16"><span class='ocrx_word' id='word_1_323' title='bbox 2209 1634 2506 1702; x_wconf 69' lang='lat' dir='ltr'><strong>pontiﬁcem</strong></span> <span class='ocrx_word' id='word_1_324' title='bbox 2535 1636 2639 1687; x_wconf 91' lang='lat' dir='ltr'><strong>allo</strong></span> <span class='ocrx_word' id='word_1_325' title='bbox 2661 1637 2817 1700; x_wconf 66' lang='lat' dir='ltr'><strong>,nitur</strong></span> <span class='ocrx_word' id='word_1_326' title='bbox 2841 1652 2857 1689; x_wconf 90' lang='lat'><strong>:</strong></span> 
     </span>
    </p>
   </div>
   <div class='ocr_carea' id='block_1_47' title="bbox 2334 1724 3580 1785">
    <p class='ocr_par' dir='ltr' id='par_1_47' title="bbox 2334 1724 3580 1785">
     <span class='ocr_line' id='line_1_47' title="bbox 2334 1724 3580 1785; baseline 0.002 -14"><span class='ocrx_word' id='word_1_327' title='bbox 2334 1724 2479 1783; x_wconf 81' lang='lat' dir='ltr'><strong>Papa,</strong></span> <span class='ocrx_word' id='word_1_328' title='bbox 2501 1733 2669 1780; x_wconf 81' lang='lat' dir='ltr'><strong>stupor</strong></span> <span class='ocrx_word' id='word_1_329' title='bbox 2702 1725 2882 1780; x_wconf 85' lang='lat' dir='ltr'><strong>mundi,</strong></span> <span class='ocrx_word' id='word_1_330' title='bbox 2912 1726 2951 1773; x_wconf 83' lang='lat' dir='ltr'><strong>si</strong></span> <span class='ocrx_word' id='word_1_331' title='bbox 2977 1726 3167 1783; x_wconf 75' lang='lat' dir='ltr'><strong>dixero,</strong></span> <span class='ocrx_word' id='word_1_332' title='bbox 3190 1727 3318 1785; x_wconf 81' lang='lat' dir='ltr'><strong>Papa</strong></span> <span class='ocrx_word' id='word_1_333' title='bbox 3345 1726 3580 1783; x_wconf 78' lang='lat' dir='ltr'><strong>Nncmt,</strong></span> 
     </span>
    </p>
   </div>
   <div class='ocr_carea' id='block_1_48' title="bbox 2332 1785 3669 1846">
    <p class='ocr_par' dir='ltr' id='par_1_48' title="bbox 2332 1785 3669 1846">
     <span class='ocr_line' id='line_1_48' title="bbox 2332 1785 3669 1846; baseline 0.004 -14"><span class='ocrx_word' id='word_1_334' title='bbox 2332 1785 2629 1843; x_wconf 77' lang='lat' dir='ltr'><strong>Arephalnm</strong></span> <span class='ocrx_word' id='word_1_335' title='bbox 2655 1800 2827 1833; x_wconf 82' lang='lat' dir='ltr'><strong>nomen</strong></span> <span class='ocrx_word' id='word_1_336' title='bbox 2852 1788 3056 1834; x_wconf 72' lang='lat' dir='ltr'><strong>tribuam</strong></span> <span class='ocrx_word' id='word_1_337' title='bbox 3092 1789 3207 1843; x_wconf 83' lang='lat' dir='ltr'><strong>tibi;</strong></span> <span class='ocrx_word' id='word_1_338' title='bbox 3237 1790 3275 1835; x_wconf 87' lang='lat' dir='ltr'><strong>si</strong></span> <span class='ocrx_word' id='word_1_339' title='bbox 3306 1799 3449 1845; x_wconf 85' lang='lat' dir='ltr'><strong>caput</strong></span> <span class='ocrx_word' id='word_1_340' title='bbox 3471 1790 3669 1846; x_wconf 77' lang='lat' dir='ltr'><strong>addam,</strong></span> 
     </span>
    </p>
   </div>
   <div class='ocr_carea' id='block_1_49' title="bbox 2342 1846 3500 1898">
    <p class='ocr_par' dir='ltr' id='par_1_49' title="bbox 2342 1846 3500 1898">
     <span class='ocr_line' id='line_1_49' title="bbox 2342 1846 3500 1898; baseline 0.004 -5"><span class='ocrx_word' id='word_1_341' title='bbox 2342 1846 2508 1894; x_wconf 79' lang='lat' dir='ltr'><strong>Hostis</strong></span> <span class='ocrx_word' id='word_1_342' title='bbox 2527 1860 2625 1894; x_wconf 71' lang='lat' dir='ltr'><strong>eris</strong></span> <span class='ocrx_word' id='word_1_343' title='bbox 2650 1848 2807 1894; x_wconf 83' lang='lat' dir='ltr'><strong>metri.</strong></span> <span class='ocrx_word' id='word_1_344' title='bbox 2836 1847 3021 1894; x_wconf 73' lang='lat' dir='ltr'><strong>Nomen</strong></span> <span class='ocrx_word' id='word_1_345' title='bbox 3051 1849 3133 1894; x_wconf 90' lang='lat' dir='ltr'><strong>tibi</strong></span> <span class='ocrx_word' id='word_1_346' title='bbox 3159 1850 3257 1896; x_wconf 76' lang='lat' dir='ltr'><strong>\ult</strong></span> <span class='ocrx_word' id='word_1_347' title='bbox 3278 1852 3500 1898; x_wconf 88' lang='lat' dir='ltr'><strong>similari.</strong></span> 
     </span>
    </p>
   </div>
   <div class='ocr_carea' id='block_1_50' title="bbox 2336 1906 3589 1961">
    <p class='ocr_par' dir='ltr' id='par_1_50' title="bbox 2336 1906 3589 1961">
     <span class='ocr_line' id='line_1_50' title="bbox 2336 1906 3589 1961; baseline 0.006 -8"><span class='ocrx_word' id='word_1_348' title='bbox 2336 1906 2438 1953; x_wconf 73' lang='lat' dir='ltr'><strong>Nec</strong></span> <span class='ocrx_word' id='word_1_349' title='bbox 2463 1920 2637 1955; x_wconf 89' lang='lat' dir='ltr'><strong>nomen</strong></span> <span class='ocrx_word' id='word_1_350' title='bbox 2662 1913 2834 1956; x_wconf 83' lang='lat' dir='ltr'><strong>metro.</strong></span> <span class='ocrx_word' id='word_1_351' title='bbox 2863 1921 2955 1955; x_wconf 79' lang='lat' dir='ltr'><strong>nec</strong></span> <span class='ocrx_word' id='word_1_352' title='bbox 2974 1910 3073 1955; x_wconf 88' lang='lat' dir='ltr'><strong>vult</strong></span> <span class='ocrx_word' id='word_1_353' title='bbox 3096 1917 3174 1955; x_wconf 75' lang='lat' dir='ltr'><strong>tua</strong></span> <span class='ocrx_word' id='word_1_354' title='bbox 3199 1913 3406 1957; x_wconf 68' lang='lat' dir='ltr'><strong>maxima</strong></span> <span class='ocrx_word' id='word_1_355' title='bbox 3433 1914 3589 1961; x_wconf 80' lang='lat' dir='ltr'><strong>virtus</strong></span> 
     </span>
    </p>
   </div>
   <div class='ocr_carea' id='block_1_51' title="bbox 2335 1967 3543 2028">
    <p class='ocr_par' dir='ltr' id='par_1_51' title="bbox 2335 1967 3543 2028">
     <span class='ocr_line' id='line_1_51' title="bbox 2335 1967 3543 2028; baseline 0.003 -12"><span class='ocrx_word' id='word_1_356' title='bbox 2335 1967 2498 2016; x_wconf 82' lang='lat' dir='ltr'><strong>Claudi</strong></span> <span class='ocrx_word' id='word_1_357' title='bbox 2535 1981 2781 2015; x_wconf 82' lang='lat' dir='ltr'><strong>mensura.</strong></span> <span class='ocrx_word' id='word_1_358' title='bbox 2808 1968 2941 2015; x_wconf 68' lang='lat' dir='ltr'><strong>Nihil</strong></span> <span class='ocrx_word' id='word_1_359' title='bbox 2964 1977 3057 2026; x_wconf 78' lang='lat' dir='ltr'><strong>est,</strong></span> <span class='ocrx_word' id='word_1_360' title='bbox 3079 1984 3174 2028; x_wconf 75' lang='lat' dir='ltr'><strong>quo</strong></span> <span class='ocrx_word' id='word_1_361' title='bbox 3198 1973 3370 2018; x_wconf 81' lang='lat' dir='ltr'><strong>metiar</strong></span> <span class='ocrx_word' id='word_1_362' title='bbox 3390 1972 3543 2020; x_wconf 86' lang='lat' dir='ltr'><strong>illam.</strong></span> 
     </span>
    </p>
   </div>
   <div class='ocr_carea' id='block_1_52' title="bbox 2334 2028 3621 2080">
    <p class='ocr_par' dir='ltr' id='par_1_52' title="bbox 2334 2028 3621 2080">
     <span class='ocr_line' id='line_1_52' title="bbox 2334 2028 3621 2080; baseline 0.003 -4"><span class='ocrx_word' id='word_1_363' title='bbox 2334 2028 2525 2077; x_wconf 81' lang='lat' dir='ltr'><strong>Transit</strong></span> <span class='ocrx_word' id='word_1_364' title='bbox 2550 2042 2799 2077; x_wconf 80' lang='lat' dir='ltr'><strong>mensuras</strong></span> <span class='ocrx_word' id='word_1_365' title='bbox 2824 2031 3079 2076; x_wconf 58' lang='lat' dir='ltr'><strong>hominum.</strong></span> <span class='ocrx_word' id='word_1_366' title='bbox 3111 2032 3204 2076; x_wconf 55' lang='lat' dir='ltr'><strong>Sed</strong></span> <span class='ocrx_word' id='word_1_367' title='bbox 3228 2032 3389 2078; x_wconf 72' lang='lat' dir='ltr'><strong>divide</strong></span> <span class='ocrx_word' id='word_1_368' title='bbox 3418 2046 3479 2079; x_wconf 86' lang='lat' dir='ltr'><strong>no</strong></span> <span class='ocrx_word' id='word_1_369' title='bbox 3502 2047 3621 2080; x_wconf 85' lang='lat' dir='ltr'><strong>uen.</strong></span> 
     </span>
    </p>
   </div>
   <div class='ocr_carea' id='block_1_53' title="bbox 2336 2089 3571 2151">
    <p class='ocr_par' dir='ltr' id='par_1_53' title="bbox 2336 2089 3571 2151">
     <span class='ocr_line' id='line_1_53' title="bbox 2336 2089 3571 2151; baseline 0.001 -14"><span class='ocrx_word' id='word_1_370' title='bbox 2741 2128 2770 2138; x_wconf 94' lang='lat'><strong>..</strong></span> <span class='ocrx_word' id='word_1_371' title='bbox 2816 2089 2865 2137; x_wconf 66' lang='lat' dir='ltr'><strong>Is</strong></span> <span class='ocrx_word' id='word_1_372' title='bbox 2896 2090 3089 2150; x_wconf 66' lang='grc' dir='ltr'><strong>μαντον,</strong></span> <span class='ocrx_word' id='word_1_373' title='bbox 3114 2100 3161 2138; x_wconf 89' lang='lat' dir='ltr'><strong>et</strong></span> <span class='ocrx_word' id='word_1_374' title='bbox 3192 2093 3313 2140; x_wconf 90' lang='lat' dir='ltr'><strong>adde</strong></span> <span class='ocrx_word' id='word_1_375' title='bbox 3339 2092 3571 2151; x_wconf 67' lang='lat' dir='ltr'><strong>Nom-nrt,</strong></span> 
     </span>
    </p>
   </div>
   <div class='ocr_carea' id='block_1_54' title="bbox 2334 2151 3487 2211">
    <p class='ocr_par' dir='ltr' id='par_1_54' title="bbox 2334 2151 3487 2211">
     <span class='ocr_line' id='line_1_54' title="bbox 2334 2151 3487 2211; baseline 0.001 -12"><span class='ocrx_word' id='word_1_376' title='bbox 2334 2151 2650 2211; x_wconf 66' lang='lat' dir='ltr'><strong>Eﬁit&#39;iturque</strong></span> <span class='ocrx_word' id='word_1_377' title='bbox 2669 2166 2727 2199; x_wconf 88' lang='lat' dir='ltr'><strong>co</strong></span> <span class='ocrx_word' id='word_1_378' title='bbox 2749 2164 2834 2197; x_wconf 80' lang='lat' dir='ltr'><strong>nes</strong></span> <span class='ocrx_word' id='word_1_379' title='bbox 2853 2154 2993 2198; x_wconf 70' lang='lat' dir='ltr'><strong>metri</strong></span> <span class='ocrx_word' id='word_1_380' title='bbox 3019 2166 3027 2196; x_wconf 93' lang='lat'><strong>:</strong></span> <span class='ocrx_word' id='word_1_381' title='bbox 3055 2156 3121 2197; x_wconf 85' lang='lat' dir='ltr'><strong>sic</strong></span> <span class='ocrx_word' id='word_1_382' title='bbox 3147 2160 3198 2199; x_wconf 77' lang='lat' dir='ltr'><strong>et</strong></span> <span class='ocrx_word' id='word_1_383' title='bbox 3224 2160 3301 2198; x_wconf 84' lang='lat' dir='ltr'><strong>tua</strong></span> <span class='ocrx_word' id='word_1_384' title='bbox 3335 2156 3487 2200; x_wconf 81' lang='lat' dir='ltr'><strong>virtus</strong></span> 
     </span>
    </p>
   </div>
   <div class='ocr_carea' id='block_1_55' title="bbox 2338 2212 3465 2271">
    <p class='ocr_par' dir='ltr' id='par_1_55' title="bbox 2338 2212 3465 2271">
     <span class='ocr_line' id='line_1_55' title="bbox 2338 2212 3465 2271; baseline -0.001 -11"><span class='ocrx_word' id='word_1_385' title='bbox 2338 2212 2563 2261; x_wconf 84' lang='lat' dir='ltr'><strong>Pluribus</strong></span> <span class='ocrx_word' id='word_1_386' title='bbox 2584 2224 2799 2265; x_wconf 68' lang='lat' dir='ltr'><strong>aequatur</strong></span> <span class='ocrx_word' id='word_1_387' title='bbox 2816 2213 2982 2268; x_wconf 70' lang='lat' dir='ltr'><strong>divisa,</strong></span> <span class='ocrx_word' id='word_1_388' title='bbox 3009 2213 3093 2259; x_wconf 73' lang='lat' dir='ltr'><strong>sed</strong></span> <span class='ocrx_word' id='word_1_389' title='bbox 3122 2215 3309 2271; x_wconf 73' lang='lat' dir='ltr'><strong>integra</strong></span> <span class='ocrx_word' id='word_1_390' title='bbox 3332 2214 3465 2260; x_wconf 88' lang='lat' dir='ltr'><strong>nulli.</strong></span> 
     </span>
    </p>
   </div>
   <div class='ocr_carea' id='block_1_56' title="bbox 2214 2293 3802 2364">
    <p class='ocr_par' dir='ltr' id='par_1_56' title="bbox 2214 2293 3802 2364">
     <span class='ocr_line' id='line_1_56' title="bbox 2214 2293 3802 2364; baseline 0.001 -17"><span class='ocrx_word' id='word_1_391' title='bbox 2214 2293 2286 2347; x_wconf 82' lang='lat' dir='ltr'><strong>Ita</strong></span> <span class='ocrx_word' id='word_1_392' title='bbox 2317 2294 2585 2348; x_wconf 83' lang='lat' dir='ltr'><strong>Gall&#39;ridns</strong></span> <span class='ocrx_word' id='word_1_393' title='bbox 2610 2293 2827 2347; x_wconf 88' lang='lat' dir='ltr'><strong>delicias</strong></span> <span class='ocrx_word' id='word_1_394' title='bbox 2851 2294 2965 2345; x_wconf 81' lang='lat' dir='ltr'><strong>facit</strong></span> <span class='ocrx_word' id='word_1_395' title='bbox 2996 2294 3047 2345; x_wconf 91' lang='lat' dir='ltr'><strong>in</strong></span> <span class='ocrx_word' id='word_1_396' title='bbox 3072 2295 3284 2347; x_wconf 71' lang='lat' dir='ltr'><strong>nomine</strong></span> <span class='ocrx_word' id='word_1_397' title='bbox 3314 2293 3624 2359; x_wconf 76' lang='lat' dir='ltr'><strong>Innocentii,</strong></span> <span class='ocrx_word' id='word_1_398' title='bbox 3652 2300 3802 2364; x_wconf 75' lang='lat' dir='ltr'><strong>qum!</strong></span> 
     </span>
    </p>
   </div>
   <div class='ocr_carea' id='block_1_57' title="bbox 2213 2384 3803 2455">
    <p class='ocr_par' dir='ltr' id='par_1_57' title="bbox 2213 2384 3803 2455">
     <span class='ocr_line' id='line_1_57' title="bbox 2213 2384 3803 2455; baseline 0.002 -16"><span class='ocrx_word' id='word_1_399' title='bbox 2213 2401 2369 2440; x_wconf 88' lang='lat' dir='ltr'><strong>versu</strong></span> <span class='ocrx_word' id='word_1_400' title='bbox 2401 2387 2713 2439; x_wconf 81' lang='lat' dir='ltr'><strong>hexametro</strong></span> <span class='ocrx_word' id='word_1_401' title='bbox 2738 2399 2857 2439; x_wconf 49' lang='lat' dir='ltr'><strong>con.</strong></span> <span class='ocrx_word' id='word_1_402' title='bbox 2879 2384 2984 2437; x_wconf 88' lang='lat' dir='ltr'><strong>lttdi</strong></span> <span class='ocrx_word' id='word_1_403' title='bbox 3018 2387 3215 2453; x_wconf 78' lang='lat' dir='ltr'><strong>nequit.</strong></span> <span class='ocrx_word' id='word_1_404' title='bbox 3252 2385 3610 2440; x_wconf 78' lang='lat' dir='ltr'><strong>Nihilominus</strong></span> <span class='ocrx_word' id='word_1_405' title='bbox 3642 2392 3803 2455; x_wconf 71' lang='lat' dir='ltr'><strong>[mult</strong></span> 
     </span>
    </p>
   </div>
   <div class='ocr_carea' id='block_1_58' title="bbox 2216 2473 3664 2545">
    <p class='ocr_par' dir='ltr' id='par_1_58' title="bbox 2216 2473 3664 2545">
     <span class='ocr_line' id='line_1_58' title="bbox 2216 2473 3664 2545; baseline 0.005 -21"><span class='ocrx_word' id='word_1_406' title='bbox 2216 2486 2332 2545; x_wconf 86' lang='lat' dir='ltr'><strong>post</strong></span> <span class='ocrx_word' id='word_1_407' title='bbox 2358 2478 2408 2529; x_wconf 92' lang='lat' dir='ltr'><strong>in</strong></span> <span class='ocrx_word' id='word_1_408' title='bbox 2433 2474 2665 2543; x_wconf 76' lang='lat' dir='ltr'><strong>Gregorii</strong></span> <span class='ocrx_word' id='word_1_409' title='bbox 2696 2475 2909 2528; x_wconf 88' lang='lat' dir='ltr'><strong>nomine</strong></span> <span class='ocrx_word' id='word_1_410' title='bbox 2931 2473 3075 2542; x_wconf 80' lang='lat' dir='ltr'><strong>leges</strong></span> <span class='ocrx_word' id='word_1_411' title='bbox 3109 2477 3261 2528; x_wconf 87' lang='lat' dir='ltr'><strong>metri</strong></span> <span class='ocrx_word' id='word_1_412' title='bbox 3291 2479 3621 2545; x_wconf 85' lang='lat' dir='ltr'><strong>contempsit</strong></span> <span class='ocrx_word' id='word_1_413' title='bbox 3649 2496 3664 2531; x_wconf 89' lang='lat'><strong>:</strong></span> 
     </span>
    </p>
   </div>
   <div class='ocr_carea' id='block_1_59' title="bbox 2339 2587 3676 2651">
    <p class='ocr_par' dir='ltr' id='par_1_59' title="bbox 2339 2587 3676 2651">
     <span class='ocr_line' id='line_1_59' title="bbox 2339 2587 3676 2651; baseline 0.003 -15"><span class='ocrx_word' id='word_1_414' title='bbox 2339 2588 2550 2648; x_wconf 90' lang='lat' dir='ltr'><strong>Desine;</strong></span> <span class='ocrx_word' id='word_1_415' title='bbox 2578 2587 2806 2649; x_wconf 81' lang='lat' dir='ltr'><strong>Gregori,</strong></span> <span class='ocrx_word' id='word_1_416' title='bbox 2829 2588 3073 2646; x_wconf 77' lang='lat' dir='ltr'><strong>subsiste;</strong></span> <span class='ocrx_word' id='word_1_417' title='bbox 3103 2590 3214 2649; x_wconf 86' lang='lat' dir='ltr'><strong>quid</strong></span> <span class='ocrx_word' id='word_1_418' title='bbox 3246 2589 3446 2651; x_wconf 65' lang='lat' dir='ltr'><strong>eloquar</strong></span> <span class='ocrx_word' id='word_1_419' title='bbox 3469 2595 3676 2640; x_wconf 71' lang='lat' dir='ltr'><strong>omnes!</strong></span> 
     </span>
    </p>
   </div>
   <div class='ocr_carea' id='block_1_60' title="bbox 2218 2690 3788 2760">
    <p class='ocr_par' dir='ltr' id='par_1_60' title="bbox 2218 2690 3788 2760">
     <span class='ocr_line' id='line_1_60' title="bbox 2218 2690 3788 2760; baseline 0.003 -15"><span class='ocrx_word' id='word_1_420' title='bbox 2218 2692 2277 2745; x_wconf 84' lang='lat' dir='ltr'><strong>Et</strong></span> <span class='ocrx_word' id='word_1_421' title='bbox 2315 2692 2481 2760; x_wconf 88' lang='lat' dir='ltr'><strong>potuit</strong></span> <span class='ocrx_word' id='word_1_422' title='bbox 2522 2701 2695 2744; x_wconf 90' lang='lat' dir='ltr'><strong>tamen</strong></span> <span class='ocrx_word' id='word_1_423' title='bbox 2734 2691 2842 2743; x_wconf 85' lang='lat' dir='ltr'><strong>a‘io</strong></span> <span class='ocrx_word' id='word_1_424' title='bbox 2870 2690 3029 2743; x_wconf 91' lang='lat' dir='ltr'><strong>modo</strong></span> <span class='ocrx_word' id='word_1_425' title='bbox 3060 2705 3269 2744; x_wconf 85' lang='lat' dir='ltr'><strong>versum</strong></span> <span class='ocrx_word' id='word_1_426' title='bbox 3301 2693 3573 2760; x_wconf 76' lang='lat' dir='ltr'><strong>ordinare,</strong></span> <span class='ocrx_word' id='word_1_427' title='bbox 3612 2706 3673 2745; x_wconf 89' lang='lat' dir='ltr'><strong>ut</strong></span> <span class='ocrx_word' id='word_1_428' title='bbox 3722 2711 3788 2749; x_wconf 76' lang='lat' dir='ltr'><strong>se</strong></span> 
     </span>
    </p>
   </div>
   <div class='ocr_carea' id='block_1_61' title="bbox 2214 2780 3790 2852">
    <p class='ocr_par' dir='ltr' id='par_1_61' title="bbox 2214 2780 3790 2852">
     <span class='ocr_line' id='line_1_61' title="bbox 2214 2780 3790 2852; baseline 0.003 -18"><span class='ocrx_word' id='word_1_429' title='bbox 2214 2784 2438 2835; x_wconf 69' lang='lat' dir='ltr'><strong>cunilam</strong></span> <span class='ocrx_word' id='word_1_430' title='bbox 2480 2796 2583 2834; x_wconf 88' lang='lat' dir='ltr'><strong>non</strong></span> <span class='ocrx_word' id='word_1_431' title='bbox 2644 2782 2795 2850; x_wconf 77' lang='lat'><strong>107</strong></span> <span class='ocrx_word' id='word_1_432' title='bbox 2850 2781 3188 2848; x_wconf 80' lang='lat' dir='ltr'><strong>produceret.</strong></span> <span class='ocrx_word' id='word_1_433' title='bbox 3221 2780 3548 2835; x_wconf 71' lang='lat' dir='ltr'><strong>Concludatur</strong></span> <span class='ocrx_word' id='word_1_434' title='bbox 3604 2785 3790 2852; x_wconf 75' lang='lat' dir='ltr'><strong>igitur</strong></span> 
     </span>
    </p>
   </div>
   <div class='ocr_carea' id='block_1_62' title="bbox 2215 2871 3805 2940">
    <p class='ocr_par' dir='ltr' id='par_1_62' title="bbox 2215 2871 3805 2940">
     <span class='ocr_line' id='line_1_62' title="bbox 2215 2871 3805 2940; baseline 0.001 -14"><span class='ocrx_word' id='word_1_435' title='bbox 2215 2874 2545 2927; x_wconf 63' lang='lat' dir='ltr'><strong>Christianis</strong></span> <span class='ocrx_word' id='word_1_436' title='bbox 2599 2881 2781 2937; x_wconf 84' lang='lat' dir='ltr'><strong>poetas</strong></span> <span class='ocrx_word' id='word_1_437' title='bbox 2832 2871 3135 2925; x_wconf 89' lang='lat' dir='ltr'><strong>nominibus</strong></span> <span class='ocrx_word' id='word_1_438' title='bbox 3187 2874 3439 2940; x_wconf 71' lang='lat' dir='ltr'><strong>propriis,</strong></span> <span class='ocrx_word' id='word_1_439' title='bbox 3484 2879 3805 2938; x_wconf 69' lang='lat' dir='ltr'><strong>prtesertitn</strong></span> 
     </span>
    </p>
   </div>
   <div class='ocr_carea' id='block_1_63' title="bbox 2215 2964 3814 3032">
    <p class='ocr_par' dir='ltr' id='par_1_63' title="bbox 2215 2964 3814 3032">
     <span class='ocr_line' id='line_1_63' title="bbox 2215 2964 3814 3032; baseline 0.004 -17"><span class='ocrx_word' id='word_1_440' title='bbox 2215 2979 2334 3032; x_wconf 66' lang='lat' dir='ltr'><strong>rpite</strong></span> <span class='ocrx_word' id='word_1_441' title='bbox 2364 2980 2428 3018; x_wconf 80' lang='lat' dir='ltr'><strong>ex</strong></span> <span class='ocrx_word' id='word_1_442' title='bbox 2461 2966 2568 3017; x_wconf 87' lang='lat' dir='ltr'><strong>a&#39;io</strong></span> <span class='ocrx_word' id='word_1_443' title='bbox 2604 2964 2857 3019; x_wconf 84' lang='lat' dir='ltr'><strong>idiomate</strong></span> <span class='ocrx_word' id='word_1_444' title='bbox 2899 2966 3157 3031; x_wconf 67' lang='lat' dir='ltr'><strong>originem</strong></span> <span class='ocrx_word' id='word_1_445' title='bbox 3194 2966 3437 3028; x_wconf 83' lang='lat' dir='ltr'><strong>traluutt,</strong></span> <span class='ocrx_word' id='word_1_446' title='bbox 3472 2968 3649 3021; x_wconf 85' lang='lat' dir='ltr'><strong>libere</strong></span> <span class='ocrx_word' id='word_1_447' title='bbox 3686 2986 3814 3022; x_wconf 76' lang='lat' dir='ltr'><strong>Issm</strong></span> 
     </span>
    </p>
   </div>
   <div class='ocr_carea' id='block_1_64' title="bbox 2218 3054 3815 3123">
    <p class='ocr_par' dir='ltr' id='par_1_64' title="bbox 2218 3054 3815 3123">
     <span class='ocr_line' id='line_1_64' title="bbox 2218 3054 3815 3123; baseline 0.003 -18"><span class='ocrx_word' id='word_1_448' title='bbox 2218 3054 2269 3106; x_wconf 87' lang='lat' dir='ltr'><strong>in</strong></span> <span class='ocrx_word' id='word_1_449' title='bbox 2317 3068 2506 3117; x_wconf 90' lang='lat' dir='ltr'><strong>versu,</strong></span> <span class='ocrx_word' id='word_1_450' title='bbox 2551 3055 2742 3123; x_wconf 87' lang='lat' dir='ltr'><strong>partim</strong></span> <span class='ocrx_word' id='word_1_451' title='bbox 2774 3055 2915 3122; x_wconf 88' lang='lat' dir='ltr'><strong>quod</strong></span> <span class='ocrx_word' id='word_1_452' title='bbox 2942 3056 3210 3123; x_wconf 81' lang='lat' dir='ltr'><strong>vulgarent</strong></span> <span class='ocrx_word' id='word_1_453' title='bbox 3239 3058 3701 3112; x_wconf 74' lang='lat' dir='ltr'><strong>consuetudinem</strong></span> <span class='ocrx_word' id='word_1_454' title='bbox 3758 3078 3815 3117; x_wconf 69' lang='lat' dir='ltr'><strong>ea</strong></span> 
     </span>
    </p>
   </div>
   <div class='ocr_carea' id='block_1_65' title="bbox 550 3144 3817 3239">
    <p class='ocr_par' dir='ltr' id='par_1_65' title="bbox 550 3144 3817 3239">
     <span class='ocr_line' id='line_1_65' title="bbox 550 3144 3817 3239; baseline 0 -9"><span class='ocrx_word' id='word_1_455' title='bbox 550 3144 656 3232; x_wconf 74' lang='lat' dir='ltr'><strong>Iani</strong></span> <span class='ocrx_word' id='word_1_456' title='bbox 693 3180 757 3233; x_wconf 86' lang='lat' dir='ltr'><strong>ad</strong></span> <span class='ocrx_word' id='word_1_457' title='bbox 806 3195 944 3233; x_wconf 77' lang='lat' dir='ltr'><strong>vers.</strong></span> <span class='ocrx_word' id='word_1_458' title='bbox 974 3177 1053 3233; x_wconf 69' lang='lat'><strong>82‘</strong></span> <span class='ocrx_word' id='word_1_459' title='bbox 1092 3178 1182 3231; x_wconf 90' lang='lat' dir='ltr'><strong>ltb.</strong></span> <span class='ocrx_word' id='word_1_460' title='bbox 1224 3192 1270 3239; x_wconf 87' lang='grc' dir='ltr'>ι,</span> <span class='ocrx_word' id='word_1_461' title='bbox 1302 3187 1353 3231; x_wconf 88' lang='lat' dir='ltr'><strong>et</strong></span> <span class='ocrx_word' id='word_1_462' title='bbox 1400 3177 1494 3231; x_wconf 85' lang='grc'><strong>191</strong></span> <span class='ocrx_word' id='word_1_463' title='bbox 1531 3177 1621 3231; x_wconf 89' lang='lat' dir='ltr'><strong>lib.</strong></span> <span class='ocrx_word' id='word_1_464' title='bbox 1650 3144 1703 3230; x_wconf 80' lang='lat' dir='ltr'><strong>it.</strong></span> <span class='ocrx_word' id='word_1_465' title='bbox 1740 3176 1941 3230; x_wconf 82' lang='lat' dir='ltr'><strong>Paucas</strong></span> <span class='ocrx_word' id='word_1_466' title='bbox 1986 3162 2187 3229; x_wconf 73' lang='lat' dir='ltr'><strong>aliztsC</strong></span> <span class='ocrx_word' id='word_1_467' title='bbox 2219 3144 2470 3198; x_wconf 48' lang='lat' dir='ltr'><strong>canendi</strong></span> <span class='ocrx_word' id='word_1_468' title='bbox 2515 3153 2886 3210; x_wconf 58' lang='lat' dir='ltr'><strong>aequoreum&quot;</strong></span> <span class='ocrx_word' id='word_1_469' title='bbox 2934 3146 3121 3212; x_wconf 56' lang='lat' dir='ltr'><strong>parum</strong></span> <span class='ocrx_word' id='word_1_470' title='bbox 3166 3147 3303 3214; x_wconf 69' lang='grc'><strong>⁶¹¹¹⁰⁴¹</strong></span> <span class='ocrx_word' id='word_1_471' title='bbox 3360 3148 3567 3201; x_wconf 50' lang='lat' dir='ltr'><strong>“cuius</strong></span> <span class='ocrx_word' id='word_1_472' title='bbox 3622 3150 3683 3203; x_wconf 69' lang='lat' dir='ltr'><strong>in</strong></span> <span class='ocrx_word' id='word_1_473' title='bbox 3737 3150 3817 3203; x_wconf 71' lang='grc' dir='ltr'><strong>¹¹ί¹</strong></span> 
     </span>
    </p>
   </div>
   <div class='ocr_carea' id='block_1_66' title="bbox 548 3267 2118 3339">
    <p class='ocr_par' dir='ltr' id='par_1_66' title="bbox 548 3267 2118 3339">
     <span class='ocr_line' id='line_1_66' title="bbox 548 3267 2118 3339; baseline -0.001 -17"><span class='ocrx_word' id='word_1_474' title='bbox 548 3286 740 3332; x_wconf 66' lang='lat' dir='ltr'><strong>vocrs,</strong></span> <span class='ocrx_word' id='word_1_475' title='bbox 787 3285 919 3339; x_wconf 88' lang='lat' dir='ltr'><strong>quas</strong></span> <span class='ocrx_word' id='word_1_476' title='bbox 968 3268 1278 3322; x_wconf 84' lang='lat' dir='ltr'><strong>Dracontius</strong></span> <span class='ocrx_word' id='word_1_477' title='bbox 1325 3267 1537 3322; x_wconf 91' lang='lat' dir='ltr'><strong>diverso</strong></span> <span class='ocrx_word' id='word_1_478' title='bbox 1586 3267 1909 3331; x_wconf 89' lang='lat' dir='ltr'><strong>intervallo,</strong></span> <span class='ocrx_word' id='word_1_479' title='bbox 1957 3276 2118 3335; x_wconf 65' lang='lat' dir='ltr'><strong>atque</strong></span> 
     </span>
    </p>
   </div>
   <div class='ocr_carea' id='block_1_67' title="bbox 546 3359 2119 3429">
    <p class='ocr_par' dir='ltr' id='par_1_67' title="bbox 546 3359 2119 3429">
     <span class='ocr_line' id='line_1_67' title="bbox 546 3359 2119 3429; baseline -0.003 -13"><span class='ocrx_word' id='word_1_480' title='bbox 546 3362 672 3423; x_wconf 89' lang='lat' dir='ltr'><strong>alii,</strong></span> <span class='ocrx_word' id='word_1_481' title='bbox 708 3361 938 3429; x_wconf 79' lang='lat' dir='ltr'><strong>profert,</strong></span> <span class='ocrx_word' id='word_1_482' title='bbox 986 3361 1095 3414; x_wconf 89' lang='lat' dir='ltr'><strong>suis</strong></span> <span class='ocrx_word' id='word_1_483' title='bbox 1148 3361 1276 3414; x_wconf 88' lang='lat' dir='ltr'><strong>locis</strong></span> <span class='ocrx_word' id='word_1_484' title='bbox 1303 3360 1587 3413; x_wconf 90' lang='lat' dir='ltr'><strong>adnotabo.</strong></span> <span class='ocrx_word' id='word_1_485' title='bbox 1632 3359 1882 3413; x_wconf 88' lang='lat' dir='ltr'><strong>Solemne</strong></span> <span class='ocrx_word' id='word_1_486' title='bbox 1910 3373 2119 3427; x_wconf 83' lang='lat' dir='ltr'><strong>quoque</strong></span> 
     </span>
    </p>
   </div>
   <div class='ocr_carea' id='block_1_68' title="bbox 547 3450 2117 3519">
    <p class='ocr_par' dir='ltr' id='par_1_68' title="bbox 547 3450 2117 3519">
     <span class='ocr_line' id='line_1_68' title="bbox 547 3450 2117 3519; baseline -0.003 -12"><span class='ocrx_word' id='word_1_487' title='bbox 547 3462 628 3507; x_wconf 90' lang='lat' dir='ltr'><strong>est</strong></span> <span class='ocrx_word' id='word_1_488' title='bbox 660 3452 963 3513; x_wconf 85' lang='lat' dir='ltr'><strong>Dracontio,</strong></span> <span class='ocrx_word' id='word_1_489' title='bbox 997 3461 1052 3505; x_wconf 90' lang='lat' dir='ltr'><strong>ut</strong></span> <span class='ocrx_word' id='word_1_490' title='bbox 1082 3451 1199 3504; x_wconf 81' lang='lat' dir='ltr'><strong>aliis</strong></span> <span class='ocrx_word' id='word_1_491' title='bbox 1229 3451 1397 3519; x_wconf 88' lang='lat' dir='ltr'><strong>poetis</strong></span> <span class='ocrx_word' id='word_1_492' title='bbox 1427 3450 1689 3519; x_wconf 89' lang='lat' dir='ltr'><strong>sequioris</strong></span> <span class='ocrx_word' id='word_1_493' title='bbox 1718 3450 1813 3502; x_wconf 74' lang='lat' dir='ltr'><strong>mvi</strong></span> <span class='ocrx_word' id='word_1_494' title='bbox 1838 3491 1851 3513; x_wconf 90' lang='lat'><strong>,</strong></span> <span class='ocrx_word' id='word_1_495' title='bbox 1881 3452 2117 3503; x_wconf 88' lang='lat' dir='ltr'><strong>vocalem</strong></span> 
     </span>
    </p>
   </div>
   <div class='ocr_carea' id='block_1_69' title="bbox 546 3542 2115 3611">
    <p class='ocr_par' dir='ltr' id='par_1_69' title="bbox 546 3542 2115 3611">
     <span class='ocr_line' id='line_1_69' title="bbox 546 3542 2115 3611; baseline -0.001 -14"><span class='ocrx_word' id='word_1_496' title='bbox 546 3544 759 3597; x_wconf 82' lang='lat' dir='ltr'><strong>brevem</strong></span> <span class='ocrx_word' id='word_1_497' title='bbox 790 3544 991 3596; x_wconf 84' lang='lat' dir='ltr'><strong>ratione</strong></span> <span class='ocrx_word' id='word_1_498' title='bbox 1035 3543 1199 3595; x_wconf 83' lang='lat' dir='ltr'><strong>solius</strong></span> <span class='ocrx_word' id='word_1_499' title='bbox 1229 3556 1447 3597; x_wconf 62' lang='lat' dir='ltr'><strong>caesura:</strong></span> <span class='ocrx_word' id='word_1_500' title='bbox 1491 3542 1807 3611; x_wconf 86' lang='lat' dir='ltr'><strong>producere,</strong></span> <span class='ocrx_word' id='word_1_501' title='bbox 1852 3552 1906 3593; x_wconf 92' lang='lat' dir='ltr'><strong>ut</strong></span> <span class='ocrx_word' id='word_1_502' title='bbox 1947 3542 2037 3596; x_wconf 87' lang='lat' dir='ltr'><strong>lib.</strong></span> <span class='ocrx_word' id='word_1_503' title='bbox 2072 3557 2115 3607; x_wconf 91' lang='lat' dir='ltr'><strong>t,</strong></span> 
     </span>
    </p>
   </div>
   <div class='ocr_carea' id='block_1_70' title="bbox 547 3628 2117 3700">
    <p class='ocr_par' dir='ltr' id='par_1_70' title="bbox 547 3628 2117 3700">
     <span class='ocr_line' id='line_1_70' title="bbox 547 3628 2117 3700; baseline 0.001 -17"><span class='ocrx_word' id='word_1_504' title='bbox 547 3645 687 3685; x_wconf 87' lang='lat' dir='ltr'><strong>vers.</strong></span> <span class='ocrx_word' id='word_1_505' title='bbox 724 3629 851 3696; x_wconf 75' lang='grc'>450,</span> <span class='ocrx_word' id='word_1_506' title='bbox 883 3628 1143 3700; x_wconf 81' lang='lat' dir='ltr'><strong>Projirere</strong></span> <span class='ocrx_word' id='word_1_507' title='bbox 1173 3646 1269 3695; x_wconf 28' lang='lat' dir='ltr'><strong>nec,</strong></span> <span class='ocrx_word' id='word_1_508' title='bbox 1296 3632 1495 3697; x_wconf 85' lang='lat' dir='ltr'><strong>plasma</strong></span> <span class='ocrx_word' id='word_1_509' title='bbox 1524 3647 1691 3685; x_wconf 89' lang='lat' dir='ltr'><strong>suum.</strong></span> <span class='ocrx_word' id='word_1_510' title='bbox 1730 3631 1928 3685; x_wconf 69' lang='lat' dir='ltr'><strong>Alli‘llbl</strong></span> <span class='ocrx_word' id='word_1_511' title='bbox 1960 3632 2117 3685; x_wconf 75' lang='lat' dir='ltr'><strong>etiam</strong></span> 
     </span>
    </p>
   </div>
   <div class='ocr_carea' id='block_1_71' title="bbox 548 3720 2119 3790">
    <p class='ocr_par' dir='ltr' id='par_1_71' title="bbox 548 3720 2119 3790">
     <span class='ocr_line' id='line_1_71' title="bbox 548 3720 2119 3790; baseline -0.002 -14"><span class='ocrx_word' id='word_1_512' title='bbox 548 3722 615 3776; x_wconf 90' lang='lat' dir='ltr'><strong>ob</strong></span> <span class='ocrx_word' id='word_1_513' title='bbox 644 3720 810 3775; x_wconf 88' lang='lat' dir='ltr'><strong>solam</strong></span> <span class='ocrx_word' id='word_1_514' title='bbox 851 3721 1226 3790; x_wconf 83' lang='lat' dir='ltr'><strong>aSpirationetn</strong></span> <span class='ocrx_word' id='word_1_515' title='bbox 1261 3722 1439 3775; x_wconf 90' lang='lat' dir='ltr'><strong>brevis</strong></span> <span class='ocrx_word' id='word_1_516' title='bbox 1477 3736 1504 3774; x_wconf 90' lang='lat' dir='ltr'><strong>a</strong></span> <span class='ocrx_word' id='word_1_517' title='bbox 1549 3722 1831 3775; x_wconf 77' lang='lat' dir='ltr'><strong>Drtcoutio</strong></span> <span class='ocrx_word' id='word_1_518' title='bbox 1875 3722 2119 3789; x_wconf 87' lang='lat' dir='ltr'><strong>produci-</strong></span> 
     </span>
    </p>
   </div>
   <div class='ocr_carea' id='block_1_72' title="bbox 548 3812 2119 3882">
    <p class='ocr_par' dir='ltr' id='par_1_72' title="bbox 548 3812 2119 3882">
     <span class='ocr_line' id='line_1_72' title="bbox 548 3812 2119 3882; baseline 0.001 -16"><span class='ocrx_word' id='word_1_519' title='bbox 548 3823 653 3878; x_wconf 89' lang='lat' dir='ltr'><strong>tur,</strong></span> <span class='ocrx_word' id='word_1_520' title='bbox 682 3812 823 3882; x_wconf 89' lang='lat' dir='ltr'><strong>quod</strong></span> <span class='ocrx_word' id='word_1_521' title='bbox 850 3821 905 3867; x_wconf 87' lang='lat' dir='ltr'><strong>et</strong></span> <span class='ocrx_word' id='word_1_522' title='bbox 948 3816 1173 3878; x_wconf 87' lang='lat' dir='ltr'><strong>ratione,</strong></span> <span class='ocrx_word' id='word_1_523' title='bbox 1203 3823 1257 3865; x_wconf 89' lang='lat' dir='ltr'><strong>et</strong></span> <span class='ocrx_word' id='word_1_524' title='bbox 1299 3822 1536 3867; x_wconf 87' lang='lat' dir='ltr'><strong>veterum</strong></span> <span class='ocrx_word' id='word_1_525' title='bbox 1578 3813 1824 3881; x_wconf 64' lang='lat' dir='ltr'><strong>exemplo</strong></span> <span class='ocrx_word' id='word_1_526' title='bbox 1869 3813 2119 3867; x_wconf 67' lang='lat' dir='ltr'><strong>suszi..cri</strong></span> 
     </span>
    </p>
   </div>
   <div class='ocr_carea' id='block_1_73' title="bbox 549 3915 744 3973">
    <p class='ocr_par' dir='ltr' id='par_1_73' title="bbox 549 3915 744 3973">
     <span class='ocr_line' id='line_1_73' title="bbox 549 3915 744 3973; baseline 0 -14"><span class='ocrx_word' id='word_1_527' title='bbox 549 3915 744 3973; x_wconf 87' lang='lat' dir='ltr'><strong>potest.</strong></span> 
     </span>
    </p>
   </div>
   <div class='ocr_carea' id='block_1_74' title="bbox 629 3995 2119 4065">
    <p class='ocr_par' dir='ltr' id='par_1_74' title="bbox 629 3995 2119 4065">
     <span class='ocr_line' id='line_1_74' title="bbox 629 3995 2119 4065; baseline -0.001 -16"><span class='ocrx_word' id='word_1_528' title='bbox 629 3995 753 4051; x_wconf 75' lang='lat' dir='ltr'><strong>M0.</strong></span> <span class='ocrx_word' id='word_1_529' title='bbox 808 3995 865 4049; x_wconf 89' lang='lat' dir='ltr'><strong>In</strong></span> <span class='ocrx_word' id='word_1_530' title='bbox 919 3996 1219 4051; x_wconf 73' lang='lat' dir='ltr'><strong>nominibus</strong></span> <span class='ocrx_word' id='word_1_531' title='bbox 1273 3997 1500 4065; x_wconf 64' lang='lat' dir='ltr'><strong>propriis</strong></span> <span class='ocrx_word' id='word_1_532' title='bbox 1557 4011 1799 4065; x_wconf 78' lang='lat' dir='ltr'><strong>magnam</strong></span> <span class='ocrx_word' id='word_1_533' title='bbox 1851 3996 2119 4050; x_wconf 71' lang='lat' dir='ltr'><strong>licentiam</strong></span> 
     </span>
    </p>
   </div>
   <div class='ocr_carea' id='block_1_75' title="bbox 506 4089 2117 4159">
    <p class='ocr_par' dir='ltr' id='par_1_75' title="bbox 506 4089 2117 4159">
     <span class='ocr_line' id='line_1_75' title="bbox 506 4089 2117 4159; baseline -0.001 -16"><span class='ocrx_word' id='word_1_534' title='bbox 506 4140 513 4149; x_wconf 90' lang='grc'><strong>,</strong></span> <span class='ocrx_word' id='word_1_535' title='bbox 550 4099 722 4159; x_wconf 67' lang='lat' dir='ltr'><strong>poetae</strong></span> <span class='ocrx_word' id='word_1_536' title='bbox 750 4089 1032 4143; x_wconf 84' lang='lat' dir='ltr'><strong>Christiani</strong></span> <span class='ocrx_word' id='word_1_537' title='bbox 1071 4102 1227 4159; x_wconf 91' lang='lat' dir='ltr'><strong>atque</strong></span> <span class='ocrx_word' id='word_1_538' title='bbox 1258 4090 1333 4143; x_wconf 91' lang='lat' dir='ltr'><strong>illi</strong></span> <span class='ocrx_word' id='word_1_539' title='bbox 1375 4092 1532 4143; x_wconf 72' lang='lat' dir='ltr'><strong>etiam</strong></span> <span class='ocrx_word' id='word_1_540' title='bbox 1569 4090 1775 4157; x_wconf 80' lang='lat' dir='ltr'><strong>profani</strong></span> <span class='ocrx_word' id='word_1_541' title='bbox 1808 4092 1895 4157; x_wconf 91' lang='lat' dir='ltr'><strong>qui</strong></span> <span class='ocrx_word' id='word_1_542' title='bbox 1933 4090 2117 4143; x_wconf 77' lang='lat' dir='ltr'><strong>eodem</strong></span> 
     </span>
    </p>
   </div>
   <div class='ocr_carea' id='block_1_76' title="bbox 549 4179 2119 4247">
    <p class='ocr_par' dir='ltr' id='par_1_76' title="bbox 549 4179 2119 4247">
     <span class='ocr_line' id='line_1_76' title="bbox 549 4179 2119 4247; baseline -0.002 -14"><span class='ocrx_word' id='word_1_543' title='bbox 549 4191 790 4247; x_wconf 88' lang='lat' dir='ltr'><strong>tempore</strong></span> <span class='ocrx_word' id='word_1_544' title='bbox 820 4180 1152 4243; x_wconf 84' lang='lat' dir='ltr'><strong>scribebant,</strong></span> <span class='ocrx_word' id='word_1_545' title='bbox 1187 4180 1285 4232; x_wconf 90' lang='lat' dir='ltr'><strong>sibi</strong></span> <span class='ocrx_word' id='word_1_546' title='bbox 1329 4180 1627 4233; x_wconf 87' lang='lat' dir='ltr'><strong>sumebant.</strong></span> <span class='ocrx_word' id='word_1_547' title='bbox 1674 4180 2017 4241; x_wconf 85' lang='lat' dir='ltr'><strong>Dracontius,</strong></span> <span class='ocrx_word' id='word_1_548' title='bbox 2050 4179 2119 4230; x_wconf 89' lang='lat' dir='ltr'><strong>si-</strong></span> 
     </span>
    </p>
   </div>
   <div class='ocr_carea' id='block_1_77' title="bbox 550 4267 2118 4337">
    <p class='ocr_par' dir='ltr' id='par_1_77' title="bbox 550 4267 2118 4337">
     <span class='ocr_line' id='line_1_77' title="bbox 550 4267 2118 4337; baseline 0 -16"><span class='ocrx_word' id='word_1_549' title='bbox 550 4267 662 4321; x_wconf 91' lang='lat' dir='ltr'><strong>mili</strong></span> <span class='ocrx_word' id='word_1_550' title='bbox 712 4267 953 4321; x_wconf 89' lang='lat' dir='ltr'><strong>libertate</strong></span> <span class='ocrx_word' id='word_1_551' title='bbox 1000 4282 1152 4331; x_wconf 90' lang='lat' dir='ltr'><strong>usus,</strong></span> <span class='ocrx_word' id='word_1_552' title='bbox 1202 4269 1415 4321; x_wconf 86' lang='lat' dir='ltr'><strong>nomina</strong></span> <span class='ocrx_word' id='word_1_553' title='bbox 1472 4270 1679 4337; x_wconf 88' lang='lat' dir='ltr'><strong>propria</strong></span> <span class='ocrx_word' id='word_1_554' title='bbox 1723 4278 1779 4322; x_wconf 81' lang='lat' dir='ltr'><strong>ut</strong></span> <span class='ocrx_word' id='word_1_555' title='bbox 1826 4270 2118 4321; x_wconf 84' lang='lat' dir='ltr'><strong>collibitum</strong></span> 
     </span>
    </p>
   </div>
   <div class='ocr_carea' id='block_1_78' title="bbox 548 4359 2119 4429">
    <p class='ocr_par' dir='ltr' id='par_1_78' title="bbox 548 4359 2119 4429">
     <span class='ocr_line' id='line_1_78' title="bbox 548 4359 2119 4429; baseline -0.002 -16"><span class='ocrx_word' id='word_1_556' title='bbox 548 4359 621 4414; x_wconf 86' lang='lat' dir='ltr'><strong>illi</strong></span> <span class='ocrx_word' id='word_1_557' title='bbox 651 4366 732 4414; x_wconf 89' lang='lat' dir='ltr'><strong>est</strong></span> <span class='ocrx_word' id='word_1_558' title='bbox 760 4369 931 4413; x_wconf 89' lang='lat' dir='ltr'><strong>metro</strong></span> <span class='ocrx_word' id='word_1_559' title='bbox 958 4359 1165 4429; x_wconf 79' lang='lat' dir='ltr'><strong>alligat,</strong></span> <span class='ocrx_word' id='word_1_560' title='bbox 1190 4368 1243 4412; x_wconf 89' lang='lat' dir='ltr'><strong>et</strong></span> <span class='ocrx_word' id='word_1_561' title='bbox 1281 4359 1417 4411; x_wconf 81' lang='lat' dir='ltr'><strong>idem</strong></span> <span class='ocrx_word' id='word_1_562' title='bbox 1449 4374 1638 4413; x_wconf 85' lang='lat' dir='ltr'><strong>nomen</strong></span> <span class='ocrx_word' id='word_1_563' title='bbox 1670 4359 1826 4413; x_wconf 91' lang='lat' dir='ltr'><strong>modo</strong></span> <span class='ocrx_word' id='word_1_564' title='bbox 1858 4359 2007 4413; x_wconf 90' lang='lat' dir='ltr'><strong>brevi</strong></span> <span class='ocrx_word' id='word_1_565' title='bbox 2037 4360 2119 4411; x_wconf 84' lang='lat' dir='ltr'><strong>in-</strong></span> 
     </span>
    </p>
   </div>
   <div class='ocr_carea' id='block_1_79' title="bbox 549 4450 2114 4517">
    <p class='ocr_par' dir='ltr' id='par_1_79' title="bbox 549 4450 2114 4517">
     <span class='ocr_line' id='line_1_79' title="bbox 549 4450 2114 4517; baseline -0.001 -12"><span class='ocrx_word' id='word_1_566' title='bbox 549 4450 799 4516; x_wconf 83' lang='lat' dir='ltr'><strong>tervallo,</strong></span> <span class='ocrx_word' id='word_1_567' title='bbox 845 4450 1002 4503; x_wconf 89' lang='lat' dir='ltr'><strong>modo</strong></span> <span class='ocrx_word' id='word_1_568' title='bbox 1046 4450 1204 4517; x_wconf 77' lang='lat' dir='ltr'><strong>longo</strong></span> <span class='ocrx_word' id='word_1_569' title='bbox 1236 4450 1559 4516; x_wconf 87' lang='lat' dir='ltr'><strong>pronuntiat.</strong></span> <span class='ocrx_word' id='word_1_570' title='bbox 1614 4450 1701 4505; x_wconf 89' lang='lat' dir='ltr'><strong>Sic</strong></span> <span class='ocrx_word' id='word_1_571' title='bbox 1753 4450 1844 4504; x_wconf 91' lang='lat' dir='ltr'><strong>lib.</strong></span> <span class='ocrx_word' id='word_1_572' title='bbox 1875 4466 1941 4517; x_wconf 82' lang='lat' dir='ltr'><strong>tt,</strong></span> <span class='ocrx_word' id='word_1_573' title='bbox 1973 4466 2114 4505; x_wconf 90' lang='lat' dir='ltr'><strong>vers.</strong></span> 
     </span>
    </p>
   </div>
   <div class='ocr_carea' id='block_1_80' title="bbox 551 4540 1732 4611">
    <p class='ocr_par' dir='ltr' id='par_1_80' title="bbox 551 4540 1732 4611">
     <span class='ocr_line' id='line_1_80' title="bbox 551 4540 1732 4611; baseline -0.003 -15"><span class='ocrx_word' id='word_1_574' title='bbox 551 4540 684 4607; x_wconf 72' lang='lat'><strong>572,</strong></span> <span class='ocrx_word' id='word_1_575' title='bbox 715 4540 939 4609; x_wconf 90' lang='lat' dir='ltr'><strong>primam</strong></span> <span class='ocrx_word' id='word_1_576' title='bbox 968 4542 1069 4595; x_wconf 89' lang='lat' dir='ltr'><strong>rite</strong></span> <span class='ocrx_word' id='word_1_577' title='bbox 1095 4544 1315 4611; x_wconf 87' lang='lat' dir='ltr'><strong>corripit</strong></span> <span class='ocrx_word' id='word_1_578' title='bbox 1347 4540 1397 4593; x_wconf 91' lang='lat' dir='ltr'><strong>in</strong></span> <span class='ocrx_word' id='word_1_579' title='bbox 1424 4540 1732 4611; x_wconf 72' lang='lat' dir='ltr'><strong>Stephanus,</strong></span> 
     </span>
    </p>
   </div>
   <div class='ocr_carea' id='block_1_81' title="bbox 672 4631 1933 4696">
    <p class='ocr_par' dir='ltr' id='par_1_81' title="bbox 672 4631 1933 4696">
     <span class='ocr_line' id='line_1_81' title="bbox 672 4631 1933 4696; baseline 0.002 -18"><span class='ocrx_word' id='word_1_580' title='bbox 672 4631 947 4692; x_wconf 74' lang='lat' dir='ltr'><strong>Martyrium</strong></span> <span class='ocrx_word' id='word_1_581' title='bbox 970 4631 1218 4692; x_wconf 82' lang='lat' dir='ltr'><strong>Stephano</strong></span> <span class='ocrx_word' id='word_1_582' title='bbox 1238 4633 1321 4693; x_wconf 90' lang='lat' dir='ltr'><strong>qui</strong></span> <span class='ocrx_word' id='word_1_583' title='bbox 1341 4631 1543 4689; x_wconf 79' lang='lat' dir='ltr'><strong>fecerat,</strong></span> <span class='ocrx_word' id='word_1_584' title='bbox 1580 4633 1693 4681; x_wconf 89' lang='lat' dir='ltr'><strong>inde</strong></span> <span class='ocrx_word' id='word_1_585' title='bbox 1724 4634 1933 4696; x_wconf 74' lang='lat' dir='ltr'><strong>recepit,</strong></span> 
     </span>
    </p>
   </div>
   <div class='ocr_carea' id='block_1_82' title="bbox 550 4713 1821 4783">
    <p class='ocr_par' dir='ltr' id='par_1_82' title="bbox 550 4713 1821 4783">
     <span class='ocr_line' id='line_1_82' title="bbox 550 4713 1821 4783; baseline 0.002 -15"><span class='ocrx_word' id='word_1_586' title='bbox 550 4715 602 4768; x_wconf 92' lang='lat' dir='ltr'><strong>in</strong></span> <span class='ocrx_word' id='word_1_587' title='bbox 626 4713 807 4783; x_wconf 86' lang='lat' dir='ltr'><strong>Elegia</strong></span> <span class='ocrx_word' id='word_1_588' title='bbox 835 4730 962 4769; x_wconf 90' lang='lat' dir='ltr'><strong>vero</strong></span> <span class='ocrx_word' id='word_1_589' title='bbox 987 4715 1229 4767; x_wconf 86' lang='lat' dir='ltr'><strong>eamdem</strong></span> <span class='ocrx_word' id='word_1_590' title='bbox 1263 4714 1502 4781; x_wconf 86' lang='lat' dir='ltr'><strong>producit</strong></span> <span class='ocrx_word' id='word_1_591' title='bbox 1528 4730 1671 4769; x_wconf 91' lang='lat' dir='ltr'><strong>vers.</strong></span> <span class='ocrx_word' id='word_1_592' title='bbox 1700 4716 1821 4780; x_wconf 83' lang='lat' dir='ltr'><strong>l7l,</strong></span> 
     </span>
    </p>
   </div>
   <div class='ocr_carea' id='block_1_83' title="bbox 673 4806 2058 4870">
    <p class='ocr_par' dir='ltr' id='par_1_83' title="bbox 673 4806 2058 4870">
     <span class='ocr_line' id='line_1_83' title="bbox 673 4806 2058 4870; baseline -0.001 -16"><span class='ocrx_word' id='word_1_593' title='bbox 673 4806 953 4868; x_wconf 83' lang='lat' dir='ltr'><strong>Stephanus</strong></span> <span class='ocrx_word' id='word_1_594' title='bbox 980 4814 1094 4855; x_wconf 86' lang='lat' dir='ltr'><strong>ante</strong></span> <span class='ocrx_word' id='word_1_595' title='bbox 1120 4806 1236 4854; x_wconf 79' lang='lat' dir='ltr'><strong>alios</strong></span> <span class='ocrx_word' id='word_1_596' title='bbox 1260 4806 1466 4867; x_wconf 78' lang='lat' dir='ltr'><strong>ltpidum</strong></span> <span class='ocrx_word' id='word_1_597' title='bbox 1491 4807 1581 4853; x_wconf 91' lang='lat' dir='ltr'><strong>sub</strong></span> <span class='ocrx_word' id='word_1_598' title='bbox 1600 4808 1836 4868; x_wconf 84' lang='lat' dir='ltr'><strong>grandine</strong></span> <span class='ocrx_word' id='word_1_599' title='bbox 1861 4816 2058 4870; x_wconf 81' lang='lat' dir='ltr'><strong>martyr,</strong></span> 
     </span>
    </p>
   </div>
   <div class='ocr_carea' id='block_1_84' title="bbox 555 4887 2118 4958">
    <p class='ocr_par' dir='ltr' id='par_1_84' title="bbox 555 4887 2118 4958">
     <span class='ocr_line' id='line_1_84' title="bbox 555 4887 2118 4958; baseline 0.003 -18"><span class='ocrx_word' id='word_1_600' title='bbox 555 4888 709 4957; x_wconf 72' lang='lat'><strong>106</strong></span> <span class='ocrx_word' id='word_1_601' title='bbox 723 4887 1016 4942; x_wconf 88' lang='lat' dir='ltr'><strong>uisiconlra</strong></span> <span class='ocrx_word' id='word_1_602' title='bbox 1036 4890 1402 4942; x_wconf 88' lang='lat' dir='ltr'><strong>auctoritatem</strong></span> <span class='ocrx_word' id='word_1_603' title='bbox 1419 4889 1660 4943; x_wconf 88' lang='lat' dir='ltr'><strong>codicum</strong></span> <span class='ocrx_word' id='word_1_604' title='bbox 1681 4890 1833 4944; x_wconf 91' lang='lat' dir='ltr'><strong>malis</strong></span> <span class='ocrx_word' id='word_1_605' title='bbox 1852 4892 2118 4958; x_wconf 83' lang='lat' dir='ltr'><strong>trajicere,</strong></span> 
     </span>
    </p>
   </div>
   <div class='ocr_carea' id='block_1_85' title="bbox 550 4980 2122 5049">
    <p class='ocr_par' dir='ltr' id='par_1_85' title="bbox 550 4980 2122 5049">
     <span class='ocr_line' id='line_1_85' title="bbox 550 4980 2122 5049; baseline 0.001 -15"><span class='ocrx_word' id='word_1_606' title='bbox 550 4982 678 5034; x_wconf 81' lang='lat' dir='ltr'><strong>Ante</strong></span> <span class='ocrx_word' id='word_1_607' title='bbox 705 4980 834 5033; x_wconf 88' lang='lat' dir='ltr'><strong>alios</strong></span> <span class='ocrx_word' id='word_1_608' title='bbox 864 4980 1154 5049; x_wconf 76' lang='lat' dir='ltr'><strong>Stephanus</strong></span> <span class='ocrx_word' id='word_1_609' title='bbox 1182 4980 1439 5048; x_wconf 86' lang='lat' dir='ltr'><strong>lapidum,</strong></span> <span class='ocrx_word' id='word_1_610' title='bbox 1466 4990 1571 5035; x_wconf 92' lang='lat' dir='ltr'><strong>etc.</strong></span> <span class='ocrx_word' id='word_1_611' title='bbox 1598 4981 1789 5035; x_wconf 87' lang='lat' dir='ltr'><strong>Verum</strong></span> <span class='ocrx_word' id='word_1_612' title='bbox 1823 4982 1961 5035; x_wconf 87' lang='lat' dir='ltr'><strong>idem</strong></span> <span class='ocrx_word' id='word_1_613' title='bbox 1997 4982 2122 5035; x_wconf 92' lang='lat' dir='ltr'><strong>Dra-</strong></span> 
     </span>
    </p>
   </div>
   <div class='ocr_carea' id='block_1_86' title="bbox 548 5067 2083 5138">
    <p class='ocr_par' dir='ltr' id='par_1_86' title="bbox 548 5067 2083 5138">
     <span class='ocr_line' id='line_1_86' title="bbox 548 5067 2083 5138; baseline 0.001 -13"><span class='ocrx_word' id='word_1_614' title='bbox 548 5070 758 5125; x_wconf 89' lang='lat' dir='ltr'><strong>contius</strong></span> <span class='ocrx_word' id='word_1_615' title='bbox 783 5069 835 5123; x_wconf 89' lang='lat' dir='ltr'><strong>in</strong></span> <span class='ocrx_word' id='word_1_616' title='bbox 866 5067 983 5122; x_wconf 88' lang='lat' dir='ltr'><strong>Isac</strong></span> <span class='ocrx_word' id='word_1_617' title='bbox 1012 5070 1234 5138; x_wconf 86' lang='lat' dir='ltr'><strong>primam</strong></span> <span class='ocrx_word' id='word_1_618' title='bbox 1270 5072 1524 5138; x_wconf 88' lang='lat' dir='ltr'><strong>corripuit</strong></span> <span class='ocrx_word' id='word_1_619' title='bbox 1557 5071 1649 5124; x_wconf 89' lang='lat' dir='ltr'><strong>lib.</strong></span> <span class='ocrx_word' id='word_1_620' title='bbox 1679 5087 1756 5132; x_wconf 87' lang='lat' dir='ltr'><strong>tu.</strong></span> <span class='ocrx_word' id='word_1_621' title='bbox 1789 5086 1926 5125; x_wconf 89' lang='lat' dir='ltr'><strong>vers.</strong></span> <span class='ocrx_word' id='word_1_622' title='bbox 1958 5073 2083 5135; x_wconf 78' lang='grc'>159,</span> 
     </span>
    </p>
   </div>
   <div class='ocr_carea' id='block_1_87' title="bbox 674 5158 2060 5223">
    <p class='ocr_par' dir='ltr' id='par_1_87' title="bbox 674 5158 2060 5223">
     <span class='ocr_line' id='line_1_87' title="bbox 674 5158 2060 5223; baseline 0.003 -16"><span class='ocrx_word' id='word_1_623' title='bbox 674 5160 797 5219; x_wconf 87' lang='lat' dir='ltr'><strong>Quid</strong></span> <span class='ocrx_word' id='word_1_624' title='bbox 822 5166 963 5222; x_wconf 87' lang='lat' dir='ltr'><strong>pater</strong></span> <span class='ocrx_word' id='word_1_625' title='bbox 977 5158 1236 5221; x_wconf 82' lang='lat' dir='ltr'><strong>Abraham,</strong></span> <span class='ocrx_word' id='word_1_626' title='bbox 1265 5161 1378 5221; x_wconf 89' lang='lat' dir='ltr'><strong>quid</strong></span> <span class='ocrx_word' id='word_1_627' title='bbox 1404 5160 1507 5209; x_wconf 87' lang='lat' dir='ltr'><strong>lsac</strong></span> <span class='ocrx_word' id='word_1_628' title='bbox 1525 5163 1767 5210; x_wconf 70' lang='lat' dir='ltr'><strong>meruisse</strong></span> <span class='ocrx_word' id='word_1_629' title='bbox 1790 5161 2060 5223; x_wconf 82' lang='lat' dir='ltr'><strong>leguntur?</strong></span> 
     </span>
    </p>
   </div>
   <div class='ocr_carea' id='block_1_88' title="bbox 548 5250 1795 5321">
    <p class='ocr_par' dir='ltr' id='par_1_88' title="bbox 548 5250 1795 5321">
     <span class='ocr_line' id='line_1_88' title="bbox 548 5250 1795 5321; baseline 0.002 -15"><span class='ocrx_word' id='word_1_630' title='bbox 548 5260 603 5306; x_wconf 87' lang='lat' dir='ltr'><strong>et</strong></span> <span class='ocrx_word' id='word_1_631' title='bbox 632 5250 877 5321; x_wconf 83' lang='lat' dir='ltr'><strong>produxit</strong></span> <span class='ocrx_word' id='word_1_632' title='bbox 906 5250 1058 5320; x_wconf 88' lang='lat' dir='ltr'><strong>paulo</strong></span> <span class='ocrx_word' id='word_1_633' title='bbox 1082 5258 1199 5320; x_wconf 84' lang='lat' dir='ltr'><strong>post</strong></span> <span class='ocrx_word' id='word_1_634' title='bbox 1225 5267 1364 5306; x_wconf 90' lang='lat' dir='ltr'><strong>vers.</strong></span> <span class='ocrx_word' id='word_1_635' title='bbox 1397 5254 1516 5320; x_wconf 80' lang='grc'>155,</span> <span class='ocrx_word' id='word_1_636' title='bbox 1790 5312 1795 5319; x_wconf 22' lang='grc' dir='ltr'>κ</span> 
     </span>
    </p>
   </div>
   <div class='ocr_carea' id='block_1_89' title="bbox 676 5342 1779 5405">
    <p class='ocr_par' dir='ltr' id='par_1_89' title="bbox 676 5342 1779 5405">
     <span class='ocr_line' id='line_1_89' title="bbox 676 5342 1779 5405; baseline 0.002 -13"><span class='ocrx_word' id='word_1_637' title='bbox 676 5342 845 5392; x_wconf 83' lang='lat' dir='ltr'><strong>Omnia</strong></span> <span class='ocrx_word' id='word_1_638' title='bbox 870 5348 1109 5405; x_wconf 86' lang='lat' dir='ltr'><strong>perpetuo</strong></span> <span class='ocrx_word' id='word_1_639' title='bbox 1132 5344 1305 5403; x_wconf 87' lang='lat' dir='ltr'><strong>generi</strong></span> <span class='ocrx_word' id='word_1_640' title='bbox 1334 5343 1632 5394; x_wconf 80' lang='lat' dir='ltr'><strong>manifestius</strong></span> <span class='ocrx_word' id='word_1_641' title='bbox 1653 5344 1779 5394; x_wconf 88' lang='lat' dir='ltr'><strong>Isac.</strong></span> 
     </span>
    </p>
   </div>
   <div class='ocr_carea' id='block_1_90' title="bbox 552 5434 2126 5504">
    <p class='ocr_par' dir='ltr' id='par_1_90' title="bbox 552 5434 2126 5504">
     <span class='ocr_line' id='line_1_90' title="bbox 552 5434 2126 5504; baseline 0.003 -15"><span class='ocrx_word' id='word_1_642' title='bbox 552 5434 820 5501; x_wconf 84' lang='lat' dir='ltr'><strong>Barthius,</strong></span> <span class='ocrx_word' id='word_1_643' title='bbox 858 5435 952 5489; x_wconf 87' lang='lat' dir='ltr'><strong>lib.</strong></span> <span class='ocrx_word' id='word_1_644' title='bbox 984 5448 1036 5490; x_wconf 72' lang='lat' dir='ltr'><strong>lx</strong></span> <span class='ocrx_word' id='word_1_645' title='bbox 1076 5434 1326 5500; x_wconf 84' lang='lat' dir='ltr'><strong>Advers.,</strong></span> <span class='ocrx_word' id='word_1_646' title='bbox 1358 5449 1476 5504; x_wconf 80' lang='lat' dir='ltr'><strong>Cap.</strong></span> <span class='ocrx_word' id='word_1_647' title='bbox 1511 5438 1563 5499; x_wconf 89' lang='lat'><strong>7,</strong></span> <span class='ocrx_word' id='word_1_648' title='bbox 1600 5447 1654 5490; x_wconf 91' lang='lat' dir='ltr'><strong>ut</strong></span> <span class='ocrx_word' id='word_1_649' title='bbox 1699 5438 1980 5504; x_wconf 86' lang='lat' dir='ltr'><strong>quemdam</strong></span> <span class='ocrx_word' id='word_1_650' title='bbox 2014 5454 2126 5493; x_wconf 82' lang='lat' dir='ltr'><strong>ver-</strong></span> 
     </span>
    </p>
   </div>
   <div class='ocr_carea' id='block_1_91' title="bbox 553 5528 2130 5597">
    <p class='ocr_par' dir='ltr' id='par_1_91' title="bbox 553 5528 2130 5597">
     <span class='ocr_line' id='line_1_91' title="bbox 553 5528 2130 5597; baseline 0.001 -15"><span class='ocrx_word' id='word_1_651' title='bbox 553 5544 673 5583; x_wconf 89' lang='lat' dir='ltr'><strong>sum</strong></span> <span class='ocrx_word' id='word_1_652' title='bbox 722 5528 988 5583; x_wconf 88' lang='lat' dir='ltr'><strong>Dracontii</strong></span> <span class='ocrx_word' id='word_1_653' title='bbox 1038 5531 1316 5593; x_wconf 88' lang='lat' dir='ltr'><strong>restituat,</strong></span> <span class='ocrx_word' id='word_1_654' title='bbox 1364 5529 1434 5582; x_wconf 90' lang='lat' dir='ltr'><strong>ita</strong></span> <span class='ocrx_word' id='word_1_655' title='bbox 1488 5529 1741 5597; x_wconf 72' lang='lat' dir='ltr'><strong>prmfatur</strong></span> <span class='ocrx_word' id='word_1_656' title='bbox 1786 5548 1797 5584; x_wconf 92' lang='lat'>:</span> <span class='ocrx_word' id='word_1_657' title='bbox 1851 5531 2130 5585; x_wconf 77' lang='lat' dir='ltr'><strong>Poetarum</strong></span> 
     </span>
    </p>
   </div>
   <div class='ocr_carea' id='block_1_92' title="bbox 552 5621 2133 5691">
    <p class='ocr_par' dir='ltr' id='par_1_92' title="bbox 552 5621 2133 5691">
     <span class='ocr_line' id='line_1_92' title="bbox 552 5621 2133 5691; baseline 0.001 -16"><span class='ocrx_word' id='word_1_658' title='bbox 552 5621 957 5677; x_wconf 87' lang='lat' dir='ltr'><strong>Christianorum</strong></span> <span class='ocrx_word' id='word_1_659' title='bbox 985 5640 1092 5677; x_wconf 89' lang='lat' dir='ltr'><strong>mos</strong></span> <span class='ocrx_word' id='word_1_660' title='bbox 1120 5623 1254 5677; x_wconf 80' lang='lat' dir='ltr'><strong>velut</strong></span> <span class='ocrx_word' id='word_1_661' title='bbox 1283 5633 1389 5691; x_wconf 87' lang='lat' dir='ltr'><strong>est,</strong></span> <span class='ocrx_word' id='word_1_662' title='bbox 1421 5624 1733 5679; x_wconf 77' lang='lat' dir='ltr'><strong>consuetudo</strong></span> <span class='ocrx_word' id='word_1_663' title='bbox 1764 5634 1923 5691; x_wconf 78' lang='lat' dir='ltr'><strong>certe,</strong></span> <span class='ocrx_word' id='word_1_664' title='bbox 1968 5626 2133 5678; x_wconf 89' lang='lat' dir='ltr'><strong>nomi-</strong></span> 
     </span>
    </p>
   </div>
   <div class='ocr_carea' id='block_1_93' title="bbox 554 5710 2131 5786">
    <p class='ocr_par' dir='ltr' id='par_1_93' title="bbox 554 5710 2131 5786">
     <span class='ocr_line' id='line_1_93' title="bbox 554 5710 2131 5786; baseline 0.006 -26"><span class='ocrx_word' id='word_1_665' title='bbox 554 5710 699 5764; x_wconf 78' lang='lat' dir='ltr'><strong>nibus</strong></span> <span class='ocrx_word' id='word_1_666' title='bbox 728 5727 838 5773; x_wconf 77' lang='lat' dir='ltr'><strong>qucr</strong></span> <span class='ocrx_word' id='word_1_667' title='bbox 870 5716 1081 5778; x_wconf 83' lang='lat' dir='ltr'><strong>prapria</strong></span> <span class='ocrx_word' id='word_1_668' title='bbox 1116 5714 1374 5781; x_wconf 53' lang='lat' dir='ltr'><strong>appellant</strong></span> <span class='ocrx_word' id='word_1_669' title='bbox 1412 5716 1759 5786; x_wconf 66' lang='lat' dir='ltr'><strong>grammatici,</strong></span> <span class='ocrx_word' id='word_1_670' title='bbox 1795 5718 1867 5769; x_wconf 86' lang='lat' dir='ltr'><strong>uti</strong></span> <span class='ocrx_word' id='word_1_671' title='bbox 1909 5717 1958 5769; x_wconf 87' lang='lat' dir='ltr'><strong>in</strong></span> <span class='ocrx_word' id='word_1_672' title='bbox 1991 5732 2131 5769; x_wconf 77' lang='lat' dir='ltr'><strong>versa</strong></span> 
     </span>
    </p>
   </div>
   <div class='ocr_carea' id='block_1_94' title="bbox 2224 3235 3821 3305">
    <p class='ocr_par' dir='ltr' id='par_1_94' title="bbox 2224 3235 3821 3305">
     <span class='ocr_line' id='line_1_94' title="bbox 2224 3235 3821 3305; baseline 0.007 -20"><span class='ocrx_word' id='word_1_673' title='bbox 2224 3250 2380 3303; x_wconf 83' lang='lat' dir='ltr'><strong>quam</strong></span> <span class='ocrx_word' id='word_1_674' title='bbox 2424 3237 2475 3289; x_wconf 92' lang='lat' dir='ltr'><strong>in</strong></span> <span class='ocrx_word' id='word_1_675' title='bbox 2521 3236 2638 3288; x_wconf 88' lang='lat' dir='ltr'><strong>aliis</strong></span> <span class='ocrx_word' id='word_1_676' title='bbox 2667 3235 2932 3290; x_wconf 87' lang='lat' dir='ltr'><strong>licentiam</strong></span> <span class='ocrx_word' id='word_1_677' title='bbox 2965 3237 3230 3305; x_wconf 87' lang='lat' dir='ltr'><strong>poeticam</strong></span> <span class='ocrx_word' id='word_1_678' title='bbox 3265 3238 3435 3292; x_wconf 90' lang='lat' dir='ltr'><strong>locum</strong></span> <span class='ocrx_word' id='word_1_679' title='bbox 3465 3239 3678 3295; x_wconf 85' lang='lat' dir='ltr'><strong>habere</strong></span> <span class='ocrx_word' id='word_1_680' title='bbox 3706 3244 3821 3296; x_wconf 60' lang='lat' dir='ltr'><strong>esi.</strong></span> 
     </span>
    </p>
   </div>
   <div class='ocr_carea' id='block_1_95' title="bbox 2222 3325 3820 3397">
    <p class='ocr_par' dir='ltr' id='par_1_95' title="bbox 2222 3325 3820 3397">
     <span class='ocr_line' id='line_1_95' title="bbox 2222 3325 3820 3397; baseline 0.004 -19"><span class='ocrx_word' id='word_1_681' title='bbox 2222 3326 2524 3379; x_wconf 82' lang='lat' dir='ltr'><strong>stimarent.</strong></span> <span class='ocrx_word' id='word_1_682' title='bbox 2558 3325 2753 3378; x_wconf 73' lang='lat' dir='ltr'><strong>Verum</strong></span> <span class='ocrx_word' id='word_1_683' title='bbox 2784 3326 2850 3379; x_wconf 90' lang='lat' dir='ltr'><strong>de</strong></span> <span class='ocrx_word' id='word_1_684' title='bbox 2895 3326 2975 3379; x_wconf 90' lang='lat' dir='ltr'><strong>bis</strong></span> <span class='ocrx_word' id='word_1_685' title='bbox 3003 3328 3250 3381; x_wconf 92' lang='lat' dir='ltr'><strong>omnibus</strong></span> <span class='ocrx_word' id='word_1_686' title='bbox 3294 3344 3413 3397; x_wconf 71' lang='lat' dir='ltr'><strong>qtae</strong></span> <span class='ocrx_word' id='word_1_687' title='bbox 3454 3330 3523 3382; x_wconf 85' lang='lat' dir='ltr'><strong>ad</strong></span> <span class='ocrx_word' id='word_1_688' title='bbox 3572 3334 3820 3397; x_wconf 59' lang='lat' dir='ltr'><strong>peculim</strong></span> 
     </span>
    </p>
   </div>
   <div class='ocr_carea' id='block_1_96' title="bbox 2225 3414 3819 3486">
    <p class='ocr_par' dir='ltr' id='par_1_96' title="bbox 2225 3414 3819 3486">
     <span class='ocr_line' id='line_1_96' title="bbox 2225 3414 3819 3486; baseline 0.005 -18"><span class='ocrx_word' id='word_1_689' title='bbox 2225 3430 2334 3468; x_wconf 90' lang='lat' dir='ltr'><strong>rem</strong></span> <span class='ocrx_word' id='word_1_690' title='bbox 2357 3414 2678 3469; x_wconf 77' lang='lat' dir='ltr'><strong>ChriStiante</strong></span> <span class='ocrx_word' id='word_1_691' title='bbox 2700 3416 2894 3469; x_wconf 90' lang='lat' dir='ltr'><strong>veteris</strong></span> <span class='ocrx_word' id='word_1_692' title='bbox 2924 3430 3147 3485; x_wconf 88' lang='lat' dir='ltr'><strong>poeseos</strong></span> <span class='ocrx_word' id='word_1_693' title='bbox 3171 3418 3465 3484; x_wconf 90' lang='lat' dir='ltr'><strong>prosodiam</strong></span> <span class='ocrx_word' id='word_1_694' title='bbox 3500 3421 3787 3486; x_wconf 85' lang='lat' dir='ltr'><strong>pertinent</strong></span> <span class='ocrx_word' id='word_1_695' title='bbox 3806 3466 3819 3485; x_wconf 83' lang='grc'><strong>,</strong></span> 
     </span>
    </p>
   </div>
   <div class='ocr_carea' id='block_1_97' title="bbox 2225 3505 3821 3575">
    <p class='ocr_par' dir='ltr' id='par_1_97' title="bbox 2225 3505 3821 3575">
     <span class='ocr_line' id='line_1_97' title="bbox 2225 3505 3821 3575; baseline 0.006 -19"><span class='ocrx_word' id='word_1_696' title='bbox 2225 3506 2336 3558; x_wconf 78' lang='lat' dir='ltr'><strong>fuse</strong></span> <span class='ocrx_word' id='word_1_697' title='bbox 2365 3513 2420 3558; x_wconf 92' lang='lat' dir='ltr'><strong>et</strong></span> <span class='ocrx_word' id='word_1_698' title='bbox 2466 3505 2641 3559; x_wconf 86' lang='lat' dir='ltr'><strong>dedita</strong></span> <span class='ocrx_word' id='word_1_699' title='bbox 2690 3521 2851 3574; x_wconf 91' lang='lat' dir='ltr'><strong>opera</strong></span> <span class='ocrx_word' id='word_1_700' title='bbox 2878 3506 2964 3574; x_wconf 89' lang='lat' dir='ltr'><strong>&#39;egi</strong></span> <span class='ocrx_word' id='word_1_701' title='bbox 3014 3508 3066 3560; x_wconf 93' lang='lat' dir='ltr'><strong>in</strong></span> <span class='ocrx_word' id='word_1_702' title='bbox 3112 3508 3502 3575; x_wconf 84' lang='lat' dir='ltr'><strong>prolegomenis</strong></span> <span class='ocrx_word' id='word_1_703' title='bbox 3548 3510 3616 3563; x_wconf 85' lang='lat' dir='ltr'><strong>ad</strong></span> <span class='ocrx_word' id='word_1_704' title='bbox 3678 3512 3821 3566; x_wconf 87' lang='lat' dir='ltr'><strong>Pru-</strong></span> 
     </span>
    </p>
   </div>
   <div class='ocr_carea' id='block_1_98' title="bbox 2223 3594 3820 3671">
    <p class='ocr_par' dir='ltr' id='par_1_98' title="bbox 2223 3594 3820 3671">
     <span class='ocr_line' id='line_1_98' title="bbox 2223 3594 3820 3671; baseline 0.004 -24"><span class='ocrx_word' id='word_1_705' title='bbox 2223 3594 2460 3649; x_wconf 86' lang='lat' dir='ltr'><strong>dentium</strong></span> <span class='ocrx_word' id='word_1_706' title='bbox 2480 3637 2494 3657; x_wconf 88' lang='lat'><strong>,</strong></span> <span class='ocrx_word' id='word_1_707' title='bbox 2523 3611 2638 3664; x_wconf 75' lang='lat' dir='ltr'><strong>qua:</strong></span> <span class='ocrx_word' id='word_1_708' title='bbox 2670 3611 2806 3649; x_wconf 88' lang='lat' dir='ltr'><strong>nunc</strong></span> <span class='ocrx_word' id='word_1_709' title='bbox 2837 3606 3079 3665; x_wconf 89' lang='lat' dir='ltr'><strong>repetere</strong></span> <span class='ocrx_word' id='word_1_710' title='bbox 3113 3612 3333 3652; x_wconf 88' lang='lat' dir='ltr'><strong>necesse</strong></span> <span class='ocrx_word' id='word_1_711' title='bbox 3363 3613 3467 3651; x_wconf 89' lang='lat' dir='ltr'><strong>non</strong></span> <span class='ocrx_word' id='word_1_712' title='bbox 3499 3608 3613 3661; x_wconf 88' lang='lat' dir='ltr'><strong>est;</strong></span> <span class='ocrx_word' id='word_1_713' title='bbox 3658 3602 3820 3671; x_wconf 68' lang='lat' dir='ltr'><strong>plIITJ</strong></span> 
     </span>
    </p>
   </div>
   <div class='ocr_carea' id='block_1_99' title="bbox 2225 3684 3822 3751">
    <p class='ocr_par' dir='ltr' id='par_1_99' title="bbox 2225 3684 3822 3751">
     <span class='ocr_line' id='line_1_99' title="bbox 2225 3684 3822 3751; baseline 0.008 -16"><span class='ocrx_word' id='word_1_714' title='bbox 2225 3692 2401 3737; x_wconf 90' lang='lat' dir='ltr'><strong>autem</strong></span> <span class='ocrx_word' id='word_1_715' title='bbox 2428 3684 2529 3737; x_wconf 89' lang='lat' dir='ltr'><strong>alia</strong></span> <span class='ocrx_word' id='word_1_716' title='bbox 2563 3685 2667 3739; x_wconf 87' lang='lat' dir='ltr'><strong>illis</strong></span> <span class='ocrx_word' id='word_1_717' title='bbox 2702 3685 2920 3751; x_wconf 87' lang='lat' dir='ltr'><strong>addere,</strong></span> <span class='ocrx_word' id='word_1_718' title='bbox 2952 3686 3158 3741; x_wconf 84' lang='lat' dir='ltr'><strong>etiamsi</strong></span> <span class='ocrx_word' id='word_1_719' title='bbox 3189 3686 3239 3741; x_wconf 91' lang='lat' dir='ltr'><strong>id</strong></span> <span class='ocrx_word' id='word_1_720' title='bbox 3285 3687 3395 3741; x_wconf 83' lang='lat' dir='ltr'><strong>ﬁeri</strong></span> <span class='ocrx_word' id='word_1_721' title='bbox 3425 3689 3573 3743; x_wconf 87' lang='lat' dir='ltr'><strong>nullo</strong></span> <span class='ocrx_word' id='word_1_722' title='bbox 3625 3692 3822 3747; x_wconf 80' lang='lat' dir='ltr'><strong>laboro</strong></span> 
     </span>
    </p>
   </div>
   <div class='ocr_carea' id='block_1_100' title="bbox 2226 3776 3209 3843">
    <p class='ocr_par' dir='ltr' id='par_1_100' title="bbox 2226 3776 3209 3843">
     <span class='ocr_line' id='line_1_100' title="bbox 2226 3776 3209 3843; baseline 0.003 -14"><span class='ocrx_word' id='word_1_723' title='bbox 2226 3776 2419 3843; x_wconf 91' lang='lat' dir='ltr'><strong>possit,</strong></span> <span class='ocrx_word' id='word_1_724' title='bbox 2452 3785 2810 3843; x_wconf 80' lang='lat' dir='ltr'><strong>opportunum</strong></span> <span class='ocrx_word' id='word_1_725' title='bbox 2845 3793 2949 3831; x_wconf 91' lang='lat' dir='ltr'><strong>non</strong></span> <span class='ocrx_word' id='word_1_726' title='bbox 2979 3778 3209 3832; x_wconf 84' lang='lat' dir='ltr'><strong>videtur.</strong></span> 
     </span>
    </p>
   </div>
   <div class='ocr_carea' id='block_1_101' title="bbox 2828 3889 3208 3945">
    <p class='ocr_par' dir='ltr' id='par_1_101' title="bbox 2828 3889 3208 3945">
     <span class='ocr_line' id='line_1_101' title="bbox 2828 3889 3208 3945; baseline 0.003 -3"><span class='ocrx_word' id='word_1_727' title='bbox 2828 3889 3052 3945; x_wconf 79' lang='lat' dir='ltr'><strong>CAPUT</strong></span> <span class='ocrx_word' id='word_1_728' title='bbox 3098 3891 3208 3943; x_wconf 74' lang='lat' dir='ltr'><strong>XV.</strong></span> 
     </span>
    </p>
   </div>
   <div class='ocr_carea' id='block_1_102' title="bbox 2410 3979 3611 4038">
    <p class='ocr_par' dir='ltr' id='par_1_102' title="bbox 2410 3979 3611 4038">
     <span class='ocr_line' id='line_1_102' title="bbox 2410 3979 3611 4038; baseline 0.004 -6"><span class='ocrx_word' id='word_1_729' title='bbox 2410 3979 2683 4033; x_wconf 78' lang='lat' dir='ltr'><strong>Met/rodas</strong></span> <span class='ocrx_word' id='word_1_730' title='bbox 2707 3981 2758 4032; x_wconf 86' lang='lat' dir='ltr'><strong>in</strong></span> <span class='ocrx_word' id='word_1_731' title='bbox 2786 3980 3006 4033; x_wconf 77' lang='lat' dir='ltr'><strong>editione</strong></span> <span class='ocrx_word' id='word_1_732' title='bbox 3043 3982 3303 4035; x_wconf 82' lang='lat' dir='ltr'><strong>Dracontii</strong></span> <span class='ocrx_word' id='word_1_733' title='bbox 3329 3985 3611 4038; x_wconf 67' lang='lat' dir='ltr'><strong>observata.</strong></span> 
     </span>
    </p>
   </div>
   <div class='ocr_carea' id='block_1_103' title="bbox 2300 4080 3822 4158">
    <p class='ocr_par' dir='ltr' id='par_1_103' title="bbox 2300 4080 3822 4158">
     <span class='ocr_line' id='line_1_103' title="bbox 2300 4080 3822 4158; baseline 0.009 -26"><span class='ocrx_word' id='word_1_734' title='bbox 2300 4081 2421 4134; x_wconf 68' lang='grc'><strong>142.</strong></span> <span class='ocrx_word' id='word_1_735' title='bbox 2460 4080 2712 4134; x_wconf 84' lang='lat' dir='ltr'><strong>Weitzius</strong></span> <span class='ocrx_word' id='word_1_736' title='bbox 2758 4082 2808 4134; x_wconf 92' lang='lat' dir='ltr'><strong>in</strong></span> <span class='ocrx_word' id='word_1_737' title='bbox 2862 4084 3082 4151; x_wconf 89' lang='lat' dir='ltr'><strong>prologo</strong></span> <span class='ocrx_word' id='word_1_738' title='bbox 3122 4084 3368 4139; x_wconf 87' lang='lat' dir='ltr'><strong>editionis</strong></span> <span class='ocrx_word' id='word_1_739' title='bbox 3411 4087 3689 4143; x_wconf 86' lang='lat' dir='ltr'><strong>Dracontii</strong></span> <span class='ocrx_word' id='word_1_740' title='bbox 3738 4096 3822 4158; x_wconf 85' lang='lat' dir='ltr'><strong>jn-</strong></span> 
     </span>
    </p>
   </div>
   <div class='ocr_carea' id='block_1_104' title="bbox 2227 4173 3821 4245">
    <p class='ocr_par' dir='ltr' id='par_1_104' title="bbox 2227 4173 3821 4245">
     <span class='ocr_line' id='line_1_104' title="bbox 2227 4173 3821 4245; baseline 0.006 -20"><span class='ocrx_word' id='word_1_741' title='bbox 2227 4173 2426 4226; x_wconf 90' lang='lat' dir='ltr'><strong>dicium</strong></span> <span class='ocrx_word' id='word_1_742' title='bbox 2461 4173 2559 4226; x_wconf 89' lang='lat' dir='ltr'><strong>hoc</strong></span> <span class='ocrx_word' id='word_1_743' title='bbox 2592 4174 2688 4225; x_wconf 91' lang='lat' dir='ltr'><strong>viri</strong></span> <span class='ocrx_word' id='word_1_744' title='bbox 2718 4174 2991 4241; x_wconf 75' lang='lat' dir='ltr'><strong>cujusdam</strong></span> <span class='ocrx_word' id='word_1_745' title='bbox 3023 4175 3301 4229; x_wconf 81' lang='lat' dir='ltr'><strong>clarissimi</strong></span> <span class='ocrx_word' id='word_1_746' title='bbox 3332 4180 3551 4245; x_wconf 73' lang='lat' dir='ltr'><strong>exponit</strong></span> <span class='ocrx_word' id='word_1_747' title='bbox 3582 4196 3593 4230; x_wconf 91' lang='lat'>:</span> <span class='ocrx_word' id='word_1_748' title='bbox 3638 4179 3821 4235; x_wconf 74' lang='lat' dir='ltr'><strong>Potito</strong></span> 
     </span>
    </p>
   </div>
   <div class='ocr_carea' id='block_1_105' title="bbox 2224 4264 3820 4337">
    <p class='ocr_par' dir='ltr' id='par_1_105' title="bbox 2224 4264 3820 4337">
     <span class='ocr_line' id='line_1_105' title="bbox 2224 4264 3820 4337; baseline 0.003 -19"><span class='ocrx_word' id='word_1_749' title='bbox 2224 4265 2486 4329; x_wconf 81' lang='lat' dir='ltr'><strong>scriptori,</strong></span> <span class='ocrx_word' id='word_1_750' title='bbox 2515 4264 2680 4331; x_wconf 72' lang='lat' dir='ltr'><strong>gua&#39;is</strong></span> <span class='ocrx_word' id='word_1_751' title='bbox 2717 4264 2795 4315; x_wconf 88' lang='lat' dir='ltr'><strong>hic</strong></span> <span class='ocrx_word' id='word_1_752' title='bbox 2833 4273 3000 4316; x_wconf 85' lang='lat' dir='ltr'><strong>noster</strong></span> <span class='ocrx_word' id='word_1_753' title='bbox 3032 4275 3129 4328; x_wconf 83' lang='lat' dir='ltr'><strong>est,</strong></span> <span class='ocrx_word' id='word_1_754' title='bbox 3161 4267 3329 4318; x_wconf 79' lang='lat' dir='ltr'><strong>omnia</strong></span> <span class='ocrx_word' id='word_1_755' title='bbox 3370 4268 3480 4329; x_wconf 82' lang='lat' dir='ltr'><strong>iure</strong></span> <span class='ocrx_word' id='word_1_756' title='bbox 3530 4271 3820 4337; x_wconf 71' lang='lat' dir='ltr'><strong>ttteritogns</strong></span> 
     </span>
    </p>
   </div>
   <div class='ocr_carea' id='block_1_106' title="bbox 2224 4352 3820 4422">
    <p class='ocr_par' dir='ltr' id='par_1_106' title="bbox 2224 4352 3820 4422">
     <span class='ocr_line' id='line_1_106' title="bbox 2224 4352 3820 4422; baseline 0.006 -19"><span class='ocrx_word' id='word_1_757' title='bbox 2224 4354 2420 4422; x_wconf 67' lang='lat' dir='ltr'><strong>integra</strong></span> <span class='ocrx_word' id='word_1_758' title='bbox 2464 4370 2569 4404; x_wconf 78' lang='lat' dir='ltr'><strong>csse</strong></span> <span class='ocrx_word' id='word_1_759' title='bbox 2606 4352 2808 4413; x_wconf 82' lang='lat' dir='ltr'><strong>debere,</strong></span> <span class='ocrx_word' id='word_1_760' title='bbox 2844 4354 3246 4422; x_wconf 70' lang='lat' dir='ltr'><strong>levissimumque</strong></span> <span class='ocrx_word' id='word_1_761' title='bbox 3280 4356 3431 4407; x_wconf 86' lang='lat' dir='ltr'><strong>etiam</strong></span> <span class='ocrx_word' id='word_1_762' title='bbox 3472 4358 3730 4409; x_wconf 72' lang='lat' dir='ltr'><strong>timidum</strong></span> <span class='ocrx_word' id='word_1_763' title='bbox 3774 4364 3820 4413; x_wconf 74' lang='lat' dir='ltr'><strong>ei</strong></span> 
     </span>
    </p>
   </div>
   <div class='ocr_carea' id='block_1_107' title="bbox 2226 4443 3821 4515">
    <p class='ocr_par' dir='ltr' id='par_1_107' title="bbox 2226 4443 3821 4515">
     <span class='ocr_line' id='line_1_107' title="bbox 2226 4443 3821 4515; baseline 0.006 -21"><span class='ocrx_word' id='word_1_764' title='bbox 2226 4444 2502 4495; x_wconf 63' lang='lat' dir='ltr'><strong>molestiam</strong></span> <span class='ocrx_word' id='word_1_765' title='bbox 2529 4444 2773 4496; x_wconf 75' lang='lat' dir='ltr'><strong>exhibere.</strong></span> <span class='ocrx_word' id='word_1_766' title='bbox 2809 4443 2945 4497; x_wconf 80' lang='lat' dir='ltr'><strong>Nihil</strong></span> <span class='ocrx_word' id='word_1_767' title='bbox 2978 4445 3134 4513; x_wconf 82' lang='lat' dir='ltr'><strong>igitur</strong></span> <span class='ocrx_word' id='word_1_768' title='bbox 3166 4445 3291 4497; x_wconf 87' lang='lat' dir='ltr'><strong>mihi</strong></span> <span class='ocrx_word' id='word_1_769' title='bbox 3324 4447 3491 4515; x_wconf 82' lang='lat' dir='ltr'><strong>magis</strong></span> <span class='ocrx_word' id='word_1_770' title='bbox 3527 4448 3821 4503; x_wconf 75' lang='lat' dir='ltr'><strong>elaboran-</strong></span> 
     </span>
    </p>
   </div>
   <div class='ocr_carea' id='block_1_108' title="bbox 2151 4528 3823 4608">
    <p class='ocr_par' dir='ltr' id='par_1_108' title="bbox 2151 4528 3823 4608">
     <span class='ocr_line' id='line_1_108' title="bbox 2151 4528 3823 4608; baseline 0.003 -21"><span class='ocrx_word' id='word_1_771' title='bbox 2151 4528 2198 4587; x_wconf 88' lang='lat' dir='ltr'><strong>D</strong></span> <span class='ocrx_word' id='word_1_772' title='bbox 2226 4536 2349 4587; x_wconf 91' lang='lat' dir='ltr'><strong>dum</strong></span> <span class='ocrx_word' id='word_1_773' title='bbox 2376 4536 2491 4597; x_wconf 82' lang='lat' dir='ltr'><strong>fuit,</strong></span> <span class='ocrx_word' id='word_1_774' title='bbox 2510 4551 2664 4603; x_wconf 85' lang='lat' dir='ltr'><strong>quam</strong></span> <span class='ocrx_word' id='word_1_775' title='bbox 2687 4546 2738 4587; x_wconf 79' lang='grc' dir='ltr'>ιιι</span> <span class='ocrx_word' id='word_1_776' title='bbox 2760 4535 3098 4589; x_wconf 89' lang='lat' dir='ltr'><strong>Dracontium</strong></span> <span class='ocrx_word' id='word_1_777' title='bbox 3127 4538 3411 4605; x_wconf 71' lang='lat' dir='ltr'><strong>integrum,</strong></span> <span class='ocrx_word' id='word_1_778' title='bbox 3432 4542 3681 4606; x_wconf 70' lang='lat' dir='ltr'><strong>ctqnoail</strong></span> <span class='ocrx_word' id='word_1_779' title='bbox 3702 4542 3823 4608; x_wconf 67' lang='lat' dir='ltr'><strong>ejus</strong></span> 
     </span>
    </p>
   </div>
   <div class='ocr_carea' id='block_1_109' title="bbox 2228 4626 3813 4693">
    <p class='ocr_par' dir='ltr' id='par_1_109' title="bbox 2228 4626 3813 4693">
     <span class='ocr_line' id='line_1_109' title="bbox 2228 4626 3813 4693; baseline 0.003 -16"><span class='ocrx_word' id='word_1_780' title='bbox 2228 4627 2339 4679; x_wconf 76' lang='lat' dir='ltr'><strong>licri</strong></span> <span class='ocrx_word' id='word_1_781' title='bbox 2382 4634 2591 4691; x_wconf 68' lang='lat' dir='ltr'><strong>posset,</strong></span> <span class='ocrx_word' id='word_1_782' title='bbox 2620 4626 2686 4678; x_wconf 89' lang='lat' dir='ltr'><strong>ab</strong></span> <span class='ocrx_word' id='word_1_783' title='bbox 2713 4626 2857 4678; x_wconf 88' lang='lat' dir='ltr'><strong>omni</strong></span> <span class='ocrx_word' id='word_1_784' title='bbox 2892 4628 3084 4679; x_wconf 86' lang='lat' dir='ltr'><strong>mendo</strong></span> <span class='ocrx_word' id='word_1_785' title='bbox 3113 4643 3301 4693; x_wconf 87' lang='lat' dir='ltr'><strong>purum</strong></span> <span class='ocrx_word' id='word_1_786' title='bbox 3336 4640 3813 4693; x_wconf 62' lang='lat' dir='ltr'><strong>repraesentarem</strong></span> 
     </span>
    </p>
   </div>
   <div class='ocr_carea' id='block_1_110' title="bbox 2227 4716 3818 4787">
    <p class='ocr_par' dir='ltr' id='par_1_110' title="bbox 2227 4716 3818 4787">
     <span class='ocr_line' id='line_1_110' title="bbox 2227 4716 3818 4787; baseline 0.001 -18"><span class='ocrx_word' id='word_1_787' title='bbox 2227 4717 2364 4770; x_wconf 81' lang='lat' dir='ltr'><strong>Vere</strong></span> <span class='ocrx_word' id='word_1_788' title='bbox 2387 4717 2528 4768; x_wconf 85' lang='lat' dir='ltr'><strong>enim</strong></span> <span class='ocrx_word' id='word_1_789' title='bbox 2562 4716 2796 4769; x_wconf 81' lang='lat' dir='ltr'><strong>Muretus</strong></span> <span class='ocrx_word' id='word_1_790' title='bbox 2823 4716 2955 4768; x_wconf 76' lang='lat' dir='ltr'><strong>divit</strong></span> <span class='ocrx_word' id='word_1_791' title='bbox 2988 4716 3079 4769; x_wconf 90' lang='lat' dir='ltr'><strong>lib.</strong></span> <span class='ocrx_word' id='word_1_792' title='bbox 3108 4732 3196 4769; x_wconf 89' lang='lat' dir='ltr'><strong>vnt</strong></span> <span class='ocrx_word' id='word_1_793' title='bbox 3231 4717 3355 4769; x_wconf 88' lang='lat' dir='ltr'><strong>Var.</strong></span> <span class='ocrx_word' id='word_1_794' title='bbox 3407 4719 3555 4779; x_wconf 86' lang='lat' dir='ltr'><strong>lcet.,</strong></span> <span class='ocrx_word' id='word_1_795' title='bbox 3581 4734 3709 4787; x_wconf 82' lang='lat' dir='ltr'><strong>cap.</strong></span> <span class='ocrx_word' id='word_1_796' title='bbox 3745 4721 3818 4772; x_wconf 66' lang='grc' dir='ltr'><strong>«ιε</strong></span> 
     </span>
    </p>
   </div>
   <div class='ocr_carea' id='block_1_111' title="bbox 2230 4806 3821 4877">
    <p class='ocr_par' dir='ltr' id='par_1_111' title="bbox 2230 4806 3821 4877">
     <span class='ocr_line' id='line_1_111' title="bbox 2230 4806 3821 4877; baseline -0.001 -18"><span class='ocrx_word' id='word_1_797' title='bbox 2230 4807 2465 4873; x_wconf 82' lang='lat' dir='ltr'><strong>Quoidie</strong></span> <span class='ocrx_word' id='word_1_798' title='bbox 2505 4807 2663 4875; x_wconf 88' lang='lat' dir='ltr'><strong>magis</strong></span> <span class='ocrx_word' id='word_1_799' title='bbox 2695 4806 2924 4875; x_wconf 85' lang='lat' dir='ltr'><strong>intelligo</strong></span> <span class='ocrx_word' id='word_1_800' title='bbox 2956 4806 3147 4858; x_wconf 83' lang='lat' dir='ltr'><strong>nullout</strong></span> <span class='ocrx_word' id='word_1_801' title='bbox 3192 4822 3300 4859; x_wconf 78' lang='lat' dir='ltr'><strong>esse</strong></span> <span class='ocrx_word' id='word_1_802' title='bbox 3332 4806 3564 4859; x_wconf 76' lang='lat' dir='ltr'><strong>mendam</strong></span> <span class='ocrx_word' id='word_1_803' title='bbox 3602 4811 3682 4859; x_wconf 83' lang='lat' dir='ltr'><strong>ita</strong></span> <span class='ocrx_word' id='word_1_804' title='bbox 3716 4827 3821 4877; x_wconf 70' lang='lat' dir='ltr'><strong>pu-</strong></span> 
     </span>
    </p>
   </div>
   <div class='ocr_carea' id='block_1_112' title="bbox 2224 4898 3827 4967">
    <p class='ocr_par' dir='ltr' id='par_1_112' title="bbox 2224 4898 3827 4967">
     <span class='ocr_line' id='line_1_112' title="bbox 2224 4898 3827 4967; baseline 0 -14"><span class='ocrx_word' id='word_1_805' title='bbox 2224 4901 2422 4963; x_wconf 80' lang='lat' dir='ltr'><strong>sillam,</strong></span> <span class='ocrx_word' id='word_1_806' title='bbox 2453 4914 2603 4965; x_wconf 84' lang='lat' dir='ltr'><strong>quam</strong></span> <span class='ocrx_word' id='word_1_807' title='bbox 2642 4914 2739 4951; x_wconf 87' lang='lat' dir='ltr'><strong>non</strong></span> <span class='ocrx_word' id='word_1_808' title='bbox 2773 4898 3033 4967; x_wconf 79' lang='lat' dir='ltr'><strong>permagni</strong></span> <span class='ocrx_word' id='word_1_809' title='bbox 3078 4900 3271 4950; x_wconf 68' lang='lat' dir='ltr'><strong>inters’t</strong></span> <span class='ocrx_word' id='word_1_810' title='bbox 3301 4914 3329 4951; x_wconf 83' lang='lat' dir='ltr'><strong>e</strong></span> <span class='ocrx_word' id='word_1_811' title='bbox 3356 4908 3574 4951; x_wconf 76' lang='lat' dir='ltr'><strong>veterum</strong></span> <span class='ocrx_word' id='word_1_812' title='bbox 3628 4916 3827 4953; x_wconf 56' lang='lat' dir='ltr'><strong>mortuo</strong></span> 
     </span>
    </p>
   </div>
   <div class='ocr_carea' id='block_1_113' title="bbox 2230 4987 3822 5060">
    <p class='ocr_par' dir='ltr' id='par_1_113' title="bbox 2230 4987 3822 5060">
     <span class='ocr_line' id='line_1_113' title="bbox 2230 4987 3822 5060; baseline 0.001 -19"><span class='ocrx_word' id='word_1_813' title='bbox 2230 4990 2409 5042; x_wconf 79' lang='lat' dir='ltr'><strong>mentis</strong></span> <span class='ocrx_word' id='word_1_814' title='bbox 2441 4988 2550 5041; x_wconf 91' lang='lat' dir='ltr'><strong>tolli</strong></span> <span class='ocrx_word' id='word_1_815' title='bbox 2578 5005 2637 5040; x_wconf 89' lang='lat' dir='ltr'><strong>ac</strong></span> <span class='ocrx_word' id='word_1_816' title='bbox 2679 4990 2901 5059; x_wconf 75' lang='lat' dir='ltr'><strong>corrigi;</strong></span> <span class='ocrx_word' id='word_1_817' title='bbox 2933 5004 3088 5058; x_wconf 78' lang='lat' dir='ltr'><strong>neque</strong></span> <span class='ocrx_word' id='word_1_818' title='bbox 3135 4987 3295 5041; x_wconf 76' lang='lat' dir='ltr'><strong>ullum</strong></span> <span class='ocrx_word' id='word_1_819' title='bbox 3342 4990 3599 5041; x_wconf 82' lang='lat' dir='ltr'><strong>hominum</strong></span> <span class='ocrx_word' id='word_1_820' title='bbox 3652 5008 3822 5060; x_wconf 72' lang='lat' dir='ltr'><strong>gena.</strong></span> 
     </span>
    </p>
   </div>
   <div class='ocr_carea' id='block_1_114' title="bbox 2231 5079 3799 5148">
    <p class='ocr_par' dir='ltr' id='par_1_114' title="bbox 2231 5079 3799 5148">
     <span class='ocr_line' id='line_1_114' title="bbox 2231 5079 3799 5148; baseline 0.002 -18"><span class='ocrx_word' id='word_1_821' title='bbox 2231 5082 2388 5147; x_wconf 85' lang='lat' dir='ltr'><strong>magis</strong></span> <span class='ocrx_word' id='word_1_822' title='bbox 2419 5082 2656 5146; x_wconf 76' lang='lat' dir='ltr'><strong>prodesse</strong></span> <span class='ocrx_word' id='word_1_823' title='bbox 2693 5079 2893 5141; x_wconf 85' lang='lat' dir='ltr'><strong>studiis,</strong></span> <span class='ocrx_word' id='word_1_824' title='bbox 2930 5094 3077 5143; x_wconf 81' lang='lat' dir='ltr'><strong>quam</strong></span> <span class='ocrx_word' id='word_1_825' title='bbox 3102 5094 3184 5131; x_wconf 84' lang='lat' dir='ltr'><strong>eos</strong></span> <span class='ocrx_word' id='word_1_826' title='bbox 3215 5080 3301 5148; x_wconf 88' lang='lat' dir='ltr'><strong>qtti</strong></span> <span class='ocrx_word' id='word_1_827' title='bbox 3336 5089 3572 5131; x_wconf 76' lang='lat' dir='ltr'><strong>accurate</strong></span> <span class='ocrx_word' id='word_1_828' title='bbox 3603 5089 3654 5129; x_wconf 82' lang='lat' dir='ltr'><strong>rt</strong></span> <span class='ocrx_word' id='word_1_829' title='bbox 3689 5082 3799 5146; x_wconf 78' lang='lat' dir='ltr'><strong>fide</strong></span> 
     </span>
    </p>
   </div>
   <div class='ocr_carea' id='block_1_115' title="bbox 2234 5170 3803 5241">
    <p class='ocr_par' dir='ltr' id='par_1_115' title="bbox 2234 5170 3803 5241">
     <span class='ocr_line' id='line_1_115' title="bbox 2234 5170 3803 5241; baseline 0.001 -17"><span class='ocrx_word' id='word_1_830' title='bbox 2234 5172 2345 5224; x_wconf 85' lang='lat' dir='ltr'><strong>liter</strong></span> <span class='ocrx_word' id='word_1_831' title='bbox 2374 5188 2575 5237; x_wconf 62' lang='lat' dir='ltr'><strong>operam</strong></span> <span class='ocrx_word' id='word_1_832' title='bbox 2613 5170 2665 5223; x_wconf 85' lang='lat' dir='ltr'><strong>in</strong></span> <span class='ocrx_word' id='word_1_833' title='bbox 2702 5171 2803 5223; x_wconf 86' lang='lat' dir='ltr'><strong>illis</strong></span> <span class='ocrx_word' id='word_1_834' title='bbox 2844 5171 3120 5241; x_wconf 83' lang='lat' dir='ltr'><strong>purgandis</strong></span> <span class='ocrx_word' id='word_1_835' title='bbox 3149 5180 3196 5224; x_wconf 84' lang='lat' dir='ltr'><strong>et</strong></span> <span class='ocrx_word' id='word_1_836' title='bbox 3233 5171 3561 5224; x_wconf 81' lang='lat' dir='ltr'><strong>emendandis</strong></span> <span class='ocrx_word' id='word_1_837' title='bbox 3589 5186 3803 5237; x_wconf 71' lang='lat' dir='ltr'><strong>possunt</strong></span> 
     </span>
    </p>
   </div>
   <div class='ocr_carea' id='block_1_116' title="bbox 2241 5262 3826 5317">
    <p class='ocr_par' dir='ltr' id='par_1_116' title="bbox 2241 5262 3826 5317">
     <span class='ocr_line' id='line_1_116' title="bbox 2241 5262 3826 5317; baseline -0.001 -1"><span class='ocrx_word' id='word_1_838' title='bbox 2241 5262 2404 5317; x_wconf 81' lang='lat' dir='ltr'><strong>Unius</strong></span> <span class='ocrx_word' id='word_1_839' title='bbox 2432 5262 2562 5314; x_wconf 82' lang='lat' dir='ltr'><strong>enim</strong></span> <span class='ocrx_word' id='word_1_840' title='bbox 2609 5263 2625 5313; x_wconf 87' lang='grc' dir='ltr'><em>ι</em></span> <span class='ocrx_word' id='word_1_841' title='bbox 2650 5264 2844 5315; x_wconf 76' lang='lat' dir='ltr'><strong>tterala:</strong></span> <span class='ocrx_word' id='word_1_842' title='bbox 2872 5271 3092 5316; x_wconf 84' lang='lat' dir='ltr'><strong>erratum</strong></span> <span class='ocrx_word' id='word_1_843' title='bbox 3133 5262 3387 5314; x_wconf 84' lang='lat' dir='ltr'><strong>interdum</strong></span> <span class='ocrx_word' id='word_1_844' title='bbox 3416 5278 3498 5315; x_wconf 82' lang='lat' dir='ltr'><strong>eos</strong></span> <span class='ocrx_word' id='word_1_845' title='bbox 3529 5262 3687 5314; x_wconf 83' lang='lat' dir='ltr'><strong>etiam</strong></span> <span class='ocrx_word' id='word_1_846' title='bbox 3733 5264 3826 5315; x_wconf 78' lang='lat' dir='ltr'><strong>ho-</strong></span> 
     </span>
    </p>
   </div>
   <div class='ocr_carea' id='block_1_117' title="bbox 2237 5352 3823 5421">
    <p class='ocr_par' dir='ltr' id='par_1_117' title="bbox 2237 5352 3823 5421">
     <span class='ocr_line' id='line_1_117' title="bbox 2237 5352 3823 5421; baseline 0 -15"><span class='ocrx_word' id='word_1_847' title='bbox 2237 5354 2453 5407; x_wconf 86' lang='lat' dir='ltr'><strong>minibus</strong></span> <span class='ocrx_word' id='word_1_848' title='bbox 2482 5354 2850 5406; x_wconf 78' lang='lat' dir='ltr'><strong>eruditissimus</strong></span> <span class='ocrx_word' id='word_1_849' title='bbox 2880 5352 3095 5419; x_wconf 68' lang='lat' dir='ltr'><strong>o/fundit</strong></span> <span class='ocrx_word' id='word_1_850' title='bbox 3128 5353 3375 5417; x_wconf 75' lang='lat' dir='ltr'><strong>tenebras,</strong></span> <span class='ocrx_word' id='word_1_851' title='bbox 3408 5363 3461 5405; x_wconf 87' lang='lat' dir='ltr'><strong>ut</strong></span> <span class='ocrx_word' id='word_1_852' title='bbox 3487 5363 3739 5421; x_wconf 78' lang='lat' dir='ltr'><strong>tanquam</strong></span> <span class='ocrx_word' id='word_1_853' title='bbox 3770 5356 3823 5406; x_wconf 82' lang='lat' dir='ltr'><strong>in</strong></span> 
     </span>
    </p>
   </div>
   <div class='ocr_carea' id='block_1_118' title="bbox 2234 5445 3821 5517">
    <p class='ocr_par' dir='ltr' id='par_1_118' title="bbox 2234 5445 3821 5517">
     <span class='ocr_line' id='line_1_118' title="bbox 2234 5445 3821 5517; baseline 0.001 -20"><span class='ocrx_word' id='word_1_854' title='bbox 2234 5447 2380 5498; x_wconf 88' lang='lat' dir='ltr'><strong>illuni</strong></span> <span class='ocrx_word' id='word_1_855' title='bbox 2410 5454 2553 5497; x_wconf 70' lang='lat' dir='ltr'><strong>nocte</strong></span> <span class='ocrx_word' id='word_1_856' title='bbox 2574 5455 2799 5498; x_wconf 80' lang='lat' dir='ltr'><strong>errantes</strong></span> <span class='ocrx_word' id='word_1_857' title='bbox 2815 5446 2987 5514; x_wconf 86' lang='lat' dir='ltr'><strong>quovis</strong></span> <span class='ocrx_word' id='word_1_858' title='bbox 3008 5445 3173 5513; x_wconf 84' lang='lat' dir='ltr'><strong>potius</strong></span> <span class='ocrx_word' id='word_1_859' title='bbox 3192 5447 3513 5513; x_wconf 73' lang='lat' dir='ltr'><strong>perveniant,</strong></span> <span class='ocrx_word' id='word_1_860' title='bbox 3538 5462 3696 5513; x_wconf 85' lang='lat' dir='ltr'><strong>quam</strong></span> <span class='ocrx_word' id='word_1_861' title='bbox 3718 5464 3821 5517; x_wconf 72' lang='lat' dir='ltr'><strong>quo</strong></span> 
     </span>
    </p>
   </div>
   <div class='ocr_carea' id='block_1_119' title="bbox 2236 5536 3816 5606">
    <p class='ocr_par' dir='ltr' id='par_1_119' title="bbox 2236 5536 3816 5606">
     <span class='ocr_line' id='line_1_119' title="bbox 2236 5536 3816 5606; baseline 0.001 -16"><span class='ocrx_word' id='word_1_862' title='bbox 2236 5538 2426 5593; x_wconf 86' lang='lat' dir='ltr'><strong>volunt.</strong></span> <span class='ocrx_word' id='word_1_863' title='bbox 2455 5536 2597 5590; x_wconf 88' lang='lat' dir='ltr'><strong>Idem</strong></span> <span class='ocrx_word' id='word_1_864' title='bbox 2632 5536 2868 5590; x_wconf 67' lang='lat' dir='ltr'><strong>«ruditus</strong></span> <span class='ocrx_word' id='word_1_865' title='bbox 2898 5546 2953 5592; x_wconf 88' lang='lat' dir='ltr'><strong>et</strong></span> <span class='ocrx_word' id='word_1_866' title='bbox 2979 5539 3192 5606; x_wconf 65' lang='lat' dir='ltr'><strong>elegans</strong></span> <span class='ocrx_word' id='word_1_867' title='bbox 3220 5538 3447 5606; x_wconf 87' lang='lat' dir='ltr'><strong>scriptor</strong></span> <span class='ocrx_word' id='word_1_868' title='bbox 3485 5537 3576 5590; x_wconf 91' lang='lat' dir='ltr'><strong>lib.</strong></span> <span class='ocrx_word' id='word_1_869' title='bbox 3608 5552 3661 5601; x_wconf 85' lang='lat' dir='ltr'><strong>I,</strong></span> <span class='ocrx_word' id='word_1_870' title='bbox 3693 5553 3816 5606; x_wconf 80' lang='lat' dir='ltr'><strong>cap.</strong></span> 
     </span>
    </p>
   </div>
   <div class='ocr_carea' id='block_1_120' title="bbox 2243 5626 3821 5696">
    <p class='ocr_par' dir='ltr' id='par_1_120' title="bbox 2243 5626 3821 5696">
     <span class='ocr_line' id='line_1_120' title="bbox 2243 5626 3821 5696; baseline 0.001 -15"><span class='ocrx_word' id='word_1_871' title='bbox 2243 5628 2327 5689; x_wconf 82' lang='grc'><strong>16,</strong></span> <span class='ocrx_word' id='word_1_872' title='bbox 2357 5627 2585 5680; x_wconf 80' lang='lat' dir='ltr'><strong>afﬁrmat</strong></span> <span class='ocrx_word' id='word_1_873' title='bbox 2631 5628 2717 5680; x_wconf 76' lang='lat' dir='ltr'><strong>vis</strong></span> <span class='ocrx_word' id='word_1_874' title='bbox 2760 5626 2923 5680; x_wconf 90' lang='lat' dir='ltr'><strong>ullum</strong></span> <span class='ocrx_word' id='word_1_875' title='bbox 2965 5642 3085 5681; x_wconf 90' lang='lat' dir='ltr'><strong>esse</strong></span> <span class='ocrx_word' id='word_1_876' title='bbox 3125 5627 3363 5680; x_wconf 88' lang='lat' dir='ltr'><strong>codicem</strong></span> <span class='ocrx_word' id='word_1_877' title='bbox 3413 5637 3516 5679; x_wconf 87' lang='lat' dir='ltr'><strong>tam</strong></span> <span class='ocrx_word' id='word_1_878' title='bbox 3567 5628 3821 5696; x_wconf 79' lang='lat' dir='ltr'><strong>imperite</strong></span> 
     </span>
    </p>
   </div>
   <div class='ocr_carea' id='block_1_121' title="bbox 2243 5718 3659 5790">
    <p class='ocr_par' dir='ltr' id='par_1_121' title="bbox 2243 5718 3659 5790">
     <span class='ocr_line' id='line_1_121' title="bbox 2243 5718 3659 5790; baseline -0.002 -16"><span class='ocrx_word' id='word_1_879' title='bbox 2243 5720 2527 5789; x_wconf 82' lang='lat' dir='ltr'><strong>scriptum,</strong></span> <span class='ocrx_word' id='word_1_880' title='bbox 2560 5736 2621 5774; x_wconf 74' lang='lat' dir='ltr'><strong>ex</strong></span> <span class='ocrx_word' id='word_1_881' title='bbox 2655 5736 2757 5788; x_wconf 85' lang='lat' dir='ltr'><strong>quo</strong></span> <span class='ocrx_word' id='word_1_882' title='bbox 2786 5719 3024 5775; x_wconf 85' lang='lat' dir='ltr'><strong>eruditus</strong></span> <span class='ocrx_word' id='word_1_883' title='bbox 3054 5719 3308 5790; x_wconf 84' lang='lat' dir='ltr'><strong>proﬁcere</strong></span> <span class='ocrx_word' id='word_1_884' title='bbox 3338 5734 3441 5774; x_wconf 90' lang='lat' dir='ltr'><strong>non</strong></span> <span class='ocrx_word' id='word_1_885' title='bbox 3470 5718 3659 5789; x_wconf 87' lang='lat' dir='ltr'><strong>possit.</strong></span> 
     </span>
    </p>
   </div>
  </div>
