3942 6310
119 312 229 368 673

1483 298 2010 360 PROLEGOMENA.

3272 294 3373 349 67‘

186 425 315 480 145.
351 424 445 479 liis
473 422 767 478 rationibus
799 420 1219 489 testimoniisqnc
1248 418 1460 473 innixus
1490 433 1519 471 e
1563 431 1693 471 mss.
1725 417 1777 475 Α
1803 415 2023 469 faciunt.
2074 410 2529 478 Adnotationibus
2573 409 2735 478 igitur
2784 406 2836 461 in
2886 404 3227 460 Dracontium
3264 420 3372 460 non

114 514 389 570 codicibus
435 514 702 581 praecipue
743 526 927 565 versus
983 509 1247 563 Dracontii
1294 505 1541 560 exhibeo.
1588 503 1695 557 Sed

111 606 365 671 quonimt
406 604 541 657 alter
566 619 595 657 c
636 603 845 656 duobus
874 600 1144 654 codicibus
1186 595 1455 651 Vaticanis
1486 593 1695 646 mendis

113 695 362 763 pluribus
387 704 587 757 scatet,
617 701 791 746 errata
818 706 935 758 qua:
960 688 1079 742 talia
1105 686 1233 741 mihi
1254 693 1401 741 certo
1427 692 1517 737 aut
1542 682 1693 735 valde

108 786 468 853 probabiliter
482 786 590 838 visa
608 794 727 837 sunt
748 782 979 843 correxi,
1002 781 1157 849 108
1173 790 1225 832 et
1242 778 1517 831 lectionem
1536 789 1691 843 quam

106 890 298 927 verum
323 884 411 927 aut
432 874 495 925 ad
518 889 693 927 veram
718 872 957 940 proxime
976 870 1315 924 accedentem
1337 867 1580 935 putabant
1608 879 1688 917 re-

104 964 279 1017 stitui.
305 963 657 1017 Nihilominus
680 962 897 1015 liberam
933 960 1231 1013 facultatem
1254 954 1690 1023 aliterjudicandi

104 1066 163 1109 et
192 1056 497 1123 corrigendi
528 1055 643 1108 aliis
676 1055 893 1120 reliqui,
939 1050 1192 1117 subjectis
1220 1048 1393 1102 verbis
1421 1044 1692 1099 mendosis

103 1160 229 1213 qua
262 1145 315 1197 in
345 1146 527 1198 codice
572 1144 845 1212 leguntur;
894 1155 995 1211 qua
1036 1142 1087 1195 in
1133 1155 1189 1193 re
1235 1139 1395 1191 nimia
1426 1136 1687 1206 quadam,

102 1248 158 1291 et
189 1253 308 1306 qua:
356 1238 580 1290 obscura
630 1236 795 1288 videri
839 1236 1030 1304 possit,
1063 1230 1336 1299 diligentia
1378 1243 1506 1281 usus
1536 1242 1687 1289 sum,

101 1341 230 1379 cum
253 1338 422 1380 errata
448 1327 645 1379 librarii
678 1326 897 1378 minime
920 1324 1078 1377 dubia
1106 1321 1304 1391 passim
1329 1317 1688 1384 ascripseritn.

102 1420 316 1473 Inutilis
364 1430 539 1472 tamen
590 1434 693 1471 non
743 1426 823 1470 est
865 1416 949 1469 hic
1000 1416 1147 1470 labor
1190 1410 1489 1467 censendus
1531 1426 1543 1461 :
1582 1407 1691 1477 pri-

103 1527 255 1563 mum
296 1511 414 1579 quia
444 1527 585 1579 smpe
628 1509 818 1563 accidit
866 1517 923 1561 ut
968 1523 1128 1560 unum
1179 1504 1425 1571 idemque
1467 1500 1687 1555 verbum

102 1600 224 1653 aliis
267 1602 407 1654 clare
439 1600 781 1662 mendosum,
810 1598 925 1651 aliis
970 1606 1157 1651 contra
1185 1608 1371 1647 verum
1414 1590 1685 1653 videatur;

104 1700 217 1745 tum
265 1692 382 1761 quia
414 1691 696 1759 aliquando
726 1708 756 1746 e
796 1706 925 1745 voce
955 1690 1131 1758 aliqua
1163 1687 1448 1754 depravate
1489 1686 1686 1752 scripti

1798 505 1967 559 solum
1996 518 2058 557 ea
2086 500 2590 570 comprehendimus
2613 512 2731 568 qua:
2760 497 2826 551 ad
2858 495 3133 551 historiam
3164 508 3369 549 sacram

1796 606 1846 649 et
1876 594 2174 664 profanam,
2216 594 2280 646 ad
2320 591 2733 661 philosophiam,
2766 589 2832 642 ad
2877 603 3083 642 sacram
3127 587 3369 655 Scriptu-

1799 696 1912 736 ram
1956 691 2010 736 et.
2056 682 2375 750 theologiam
2421 688 2687 748 spectant,
2738 692 2921 731 verum
2956 678 3115 730 etiam
3159 677 3369 731 crlticas

1796 775 2200 828 observationes
2224 773 2290 826 de
2318 773 2641 841 proprietate
2668 780 2721 824 et
2761 769 3145 839 significatione
3176 768 3370 823 verbo-

1808 880 1952 927 rum,
1983 872 2143 932 atque
2170 863 2305 916 adeo
2342 861 2677 928 conjecturas
2700 859 2947 923 aliorum,
2981 870 3029 911 et
3055 866 3263 909 nostras
3302 856 3367 910 de

1807 956 1951 1009 varia
1982 970 2233 1009 versuum
2280 953 2511 1007 lectione
2550 951 2879 1006 admittenda
2926 950 3008 1003 vel
3056 948 3364 1016 rejicienda.

1802 1047 1935 1101 Nam
1969 1046 2234 1100 interdum
2276 1045 2467 1099 accidit
2506 1053 2562 1098 ut
2600 1045 2858 1113 scriptura
2905 1058 3022 1112 qum
3052 1040 3365 1096 auctoritate

1794 1136 1997 1189 codicis
2047 1135 2305 1189 retinetur
2353 1150 2456 1187 non
2504 1132 2656 1187 valde
2700 1133 2928 1201 placeat,
2979 1146 3099 1200 quin
3142 1129 3364 1198 proinde

1793 1227 2097 1295 conjectura
2125 1228 2299 1295 aliqua
2338 1226 2691 1290 sollicitatur;
2726 1224 3016 1289 interdum,
3043 1232 3101 1277 ut
3133 1237 3231 1275 vox
3263 1221 3364 1273 ali—

1778 1314 1893 1388 ‘qna
1918 1319 2161 1373 restituta
2188 1320 2255 1372 sit
2281 1319 2348 1371 ob
2375 1318 2623 1372 mendum
2654 1316 2855 1371 codicis
2881 1315 3240 1383 perSpicuutn,
3273 1311 3363 1365 sed

1793 1412 2019 1465 fortasse
2046 1411 2146 1464 alia
2180 1426 2277 1464 vox
2311 1409 2519 1469 melius.
2554 1420 2643 1461 aut
2675 1422 2825 1477 mque
2858 1406 2995 1460 bene
3023 1414 3205 1474 posset
3240 1403 3365 1455 sub-

1792 1500 1959 1564 SIitui,
2007 1500 2145 1569 quod
2191 1501 2309 1553 sine
2363 1500 2538 1568 aliqua
2586 1498 2942 1567 explicatione
2990 1493 3212 1562 intelligi
3258 1507 3363 1546 non

1794 1599 1991 1659 posset.
2041 1591 2197 1645 Ratio
2252 1602 2510 1657 prmterea
2549 1588 2817 1643 reddenda
2874 1596 2956 1641 est
3001 1600 3098 1640 cur
3136 1584 3363 1639 aliorum

1791 1683 2111 1751 conjectura:
2158 1682 2443 1752 aliquando
2492 1696 2594 1735 non
2628 1680 2891 1750 placeant,
2934 1678 3074 1748 quod
3126 1676 3175 1731 in
3224 1676 3362 1730 notis

103 1796 235 1835 vera
280 1784 434 1838 lectio
475 1787 697 1843 eruitur,
730 1791 784 1835 et
829 1781 1053 1835 fortasse
1081 1778 1219 1847 quod
1264 1793 1291 1829 a
1341 1791 1424 1830 me
1469 1774 1683 1829 restitu-
1720 1773 1765 1831 Β
1790 1780 2089 1841 opportune
2120 1772 2229 1827 fiet.

102 1884 221 1925 tum
257 1881 363 1931 est,
397 1871 517 1924 aliis
547 1888 653 1924 non
688 1870 942 1938 placebit,
970 1878 1021 1923 et
1047 1882 1111 1921 ex
1143 1865 1333 1920 menda
1365 1863 1561 1916 codicis
1587 1862 1684 1929 ipsi

102 1962 252 2014 aliud
286 1962 581 2025 invenient;
628 1970 883 2028 prmteren
918 1959 1041 2027 quia
1081 1956 1296 2025 prodest
1327 1953 1526 2007 librarii
1575 1966 1686 2004 ma-

104 2068 242 2107 num
269 2039 865 2121 quodammodo'nosse,
891 2060 945 2105 et
973 2064 1039 2104 ex
1062 2048 1251 2102 erratis
1279 2061 1397 2115 quae
1423 2045 1555 2098 solet
1588 2043 1686 2096 ad-

104 2146 348 2211 mittere,
382 2159 562 2199 veram
582 2144 897 2213 scripturam
928 2141 979 2196 in
1003 2141 1118 2194 aliis
1143 2139 1272 2193 locis
1293 2137 1530 2191 obscuris
1554 2148 1684 2189 con-

85 2232 330 2301 jectare.

173 2324 302 2376 Ml.
330 2322 382 2375 In
413 2322 582 2377 librot
613 2322 866 2377 carminis
895 2321 960 2375 dc
986 2322 1093 2375 Deo
1114 2334 1280 2389 usque
1302 2318 1367 2372 ad
1391 2333 1532 2371 vers.
1562 2315 1682 2381 116,

106 2412 289 2466 Prima
336 2414 462 2477 dies,
512 2415 655 2468 s-ilus
706 2414 871 2468 codex
926 2413 1210 2467 Vaticanus
1251 2411 1553 2464 adbibi-tur.
1608 2407 1687 2461 Ab

106 2510 209 2558 hoc
246 2520 397 2558 versu
446 2505 540 2559 ll6
584 2520 750 2574 usque
792 2504 857 2558 ad
891 2504 1132 2557 ultimum
1166 2502 1285 2556 libri
1313 2515 1523 2553 vorsum
1552 2499 1684 2562 751,

106 2597 226 2660 Quo
256 2607 302 2649 te
346 2598 614 2665 promittis,
646 2598 899 2651 lectiones
931 2594 1197 2647 variantes
1222 2609 1250 2645 c
1280 2601 1506 2661 quatuor
1543 2590 1690 2643 codi-

106 2689 263 2741 rubus
294 2688 658 2755 proferuntur,
696 2686 901 2741 scilicet
930 2686 1101 2753 primo
1127 2699 1157 2737 e
1194 2682 1379 2737 codice
1421 2682 1478 2735 S.
1507 2680 1686 2733 Victo-

106 2780 181 2830 r‘s
213 2777 549 2840 Parisiensis,
577 2778 689 2831 sive
718 2792 782 2831 ex
809 2776 1043 2830 editione
1083 2776 1251 2844 prima
1296 2771 1562 2826 Dracontii
1595 2771 1689 2822 l'a-

106 2869 257 2921 risiis
296 2868 361 2920 ad
403 2869 541 2921 hunc
587 2867 823 2922 codicem
872 2866 1230 2930 conformata;
1273 2865 1506 2919 secundo
1538 2879 1567 2916 c
1596 2877 1687 2915 co-

105 2961 233 3014 dice
264 2961 577 3014 Pari-iensis
607 2960 941 3014 bibliotheca:
984 2958 1182 3027 lii-giae,
1212 2957 1325 3012 sive
1359 2972 1421 3010 ex
1454 2955 1690 3008 editione

107 3050 383 3103 Dracontii
420 3066 574 3118 quam
604 3049 941 3112 Sirmondus,
972 3063 1037 3101 eo
1076 3047 1260 3101 codice
1300 3061 1447 3107 usus,
1497 3058 1688 3111 procu-

1860 1863 1981 1916 HG.
2024 1864 2262 1917 Lacunas
2300 1879 2416 1931 qua:
2448 1863 2498 1917 in
2528 1863 2766 1917 carmine
2794 1862 2859 1915 de
2890 1860 3001 1914 Deo
3047 1865 3358 1922 occurrunt,

1786 1957 2023 2010 satiusne
2051 1957 2212 2010 fuerit
2247 1958 2315 2010 ita
2341 1966 2399 2010 ut
2428 1966 2573 2022 sunt,
2600 1957 2928 2026 relinquere,
2972 1969 3037 2007 an
3066 1952 3242 2021 aliquo
3270 1966 3362 2020 pa-

1787 2056 1873 2100 cto
1900 2049 2173 2117 supplere,
2208 2059 2413 2117 poterat
2440 2049 2489 2101 in
2524 2049 2943 2103 controversiam
2974 2044 3177 2100 vocari.
3203 2043 3362 2113 Equi-

1799 2140 1919 2193 dem
1948 2142 2207 2195 rationem
2229 2141 2564 2211 aliorumque
2585 2144 2886 2210 exemplum
2915 2149 3149 2203 secutus,
3177 2137 3362 2204 hujus.

1789 2230 1930 2283 modi
1983 2233 2352 2300 supplementa
2398 2234 2629 2301 adjicere
2664 2232 2845 2287 malui.
2876 2230 3167 2284 Plurimum
3218 2226 3361 2281 enim

1780 2320 1954 2389 juvari
1990 2332 2163 2389 potest
2192 2324 2379 2389 lector,
2422 2324 2467 2379 si
2500 2324 2689 2379 eodem
2715 2323 2977 2379 orationis
3023 2320 3109 2374 filo
3150 2327 3362 2371 senten-

1791 2414 1915 2467 tiam
1961 2429 2066 2468 non
2113 2416 2463 2485 interruptam
2497 2417 2658 2487 legat,
2704 2426 2864 2484 atque
2895 2415 2966 2467 ita
3010 2408 3362 2480 prmcedentia

1788 2519 1909 2557 cum
1962 2507 2310 2575 sequentibus
2358 2507 2665 2576 conjungat.
2728 2505 2938 2560 Etenim
2989 2503 3033 2558 si
3079 2501 3363 2557 deficiente

1788 2610 1945 2650 versu
1984 2598 2163 2667 aliquo
2192 2606 2280 2652 aut
2310 2598 2648 2653 hemistichio
2676 2612 2865 2653 sensus
2899 2594 3118 2649 omnino
3166 2594 3362 2661 imper—

1791 2688 1959 2742 fectus
1991 2690 2346 2758 relinquatur,
2376 2690 2670 2751 immorari,
2695 2698 2747 2742 et
2775 2702 2954 2741 secum
2983 2684 3228 2739 conferre
3260 2682 3356 2735 de-

1792 2781 1934 2834 bebit
1964 2780 2089 2849 quid
2114 2790 2298 2834 auctor
2320 2782 2535 2844 dixerit,
2568 2789 2619 2833 et
2648 2793 2743 2833 cur
2776 2778 2879 2830 alia
2912 2791 3030 2844 quae
3065 2782 3362 2843 sequuntur

1790 2869 2076 2925 addiderit.
2112 2871 2390 2925 Provisum
2438 2881 2613 2923 tamen
2643 2876 2725 2923 est
2766 2878 2823 2921 ut
2857 2866 2970 2919 haec
2996 2864 3360 2933 supplementa

1790 2974 1820 3012 a
1872 2960 2051 3014 verbis
2100 2961 2367 3014 Dracontii
2410 2960 2556 3014 clare
2601 2959 2994 3027 distinguantur
3035 2955 3159 3008 :sic
3207 2967 3363 3007 nemo

1792 3060 2044 3118 queretur
2068 3049 2242 3104 fucum
2268 3050 2367 3103 sibi
2401 3050 2536 3103 fieri.
2570 3048 2684 3102 Non
2716 3062 2800 3101 me
2823 3044 3058 3117 preterit
3099 3043 3235 3097 male
3267 3056 3364 3095 au-

105 3143 291 3205 ravit;
342 3143 497 3195 tertio
539 3157 569 3196 e
630 3141 814 3195 codice
876 3134 1126 3208 Aiagrm,
1168 3140 1282 3191 sive
1335 3153 1401 3191 ex
1458 3136 1691 3189 editione
1717 3134 1761 3196 C
1794 3142 1909 3195 dire
2131 3142 2417 3195 nonnullos
2446 3140 2843 3209 grammaticos,
2893 3138 2983 3206 qui
3011 3152 3196 3191 versus
3226 3149 3363 3201 quos

106 3236 412 3288 Matritensi
461 3234 559 3287 PP.
588 3234 1004 3297 Toletanorum,
1049 3233 1099 3284 in
1145 3245 1245 3300 qua
1289 3230 1354 3283 ad
1398 3229 1689 3297 marginem

107 3324 417 3379 carminum
471 3324 770 3389 Dracontii,
818 3331 907 3376 aut
956 3324 1007 3376 in
1060 3323 1163 3375 line
1216 3321 1419 3389 pagina:
1463 3318 1693 3371 varietas

106 3417 397 3485 scripturae
422 3412 617 3468 codicis
643 3415 860 3481 Azngra:
886 3413 1200 3476 adnotatur;
1229 3418 1423 3480 quarto
1461 3408 1693 3475 denique

106 3524 134 3561 e
175 3516 371 3561 nostro
408 3505 662 3559 Vaticano
700 3506 904 3559 codice.
950 3504 1098 3557 Nota:
1126 3504 1319 3573 quibus
1352 3501 1450 3556 bos
1483 3500 1693 3554 codices

107 3599 456 3667 designamus
487 3595 667 3649 faciles
708 3604 832 3649 sunt
871 3594 1180 3648 intellectu:
1216 3608 1338 3647 nam
1372 3592 1505 3644 Vict.
1535 3589 1695 3657 signi-

108 3691 234 3743 ficat
280 3690 511 3757 primum
557 3686 795 3741 codicem
839 3686 895 3740 S.
926 3686 1176 3749 Victoris,
1212 3683 1372 3739 Sirm.
1402 3680 1693 3736 secundum

108 3780 389 3841 codicem,
415 3791 572 3844 quem
602 3776 918 3830 Sirmondus
945 3775 1218 3838 adhibuit;
1261 3776 1447 3843 Azagr.
1483 3773 1695 3826 tertium

110 3872 392 3935 codicem,
438 3869 527 3937 qui
561 3870 657 3922 fuit
701 3872 945 3937 Azagrre;
984 3866 1102 3920 Vat.
1140 3865 1377 3921 codicem
1416 3874 1693 3935 quartum,

109 3963 197 4029 qui
226 3973 316 4016 εει
344 3960 649 4013 Vaticanus.
677 3959 729 4012 In
760 3959 896 4013 libro
921 3959 1160 4013 secundo
1183 3968 1231 4010 et
1259 3957 1418 4010 tertio
1445 3954 1696 4009 carminis

112 4055 175 4108 de
209 4055 324 4107 Deo
354 4053 531 4106 nullus
557 4053 696 4105 alius
729 4051 881 4105 nobis
906 4060 985 4105 est
1013 4050 1323 4119 allegandus
1364 4048 1531 4103 codex
1551 4089 1564 4109 ,
1596 4046 1696 4099 nisi

115 4146 430 4199 Vaticanus.
475 4142 528 4197 In
574 4143 751 4213 Elegia
782 4145 896 4197 sive
925 4141 1304 4197 Satisfactionc
1338 4150 1447 4194 tres
1484 4137 1698 4193 codices

112 4236 421 4300 laudantur,
466 4234 895 4298 Sirmondianus,
946 4232 1264 4301 Azagrensis
1304 4246 1350 4285 et
1387 4230 1696 4284 Vaticanus.

112 4327 247 4381 Cum
296 4334 472 4380 autem
503 4325 820 4395 primigenia
865 4325 1133 4379 Dracontii
1182 4324 1419 4377 carmina
1462 4321 1701 4391 proposi-

115 4428 222 4470 tum
249 4416 327 4470 sit
366 4415 517 4470 nobis
560 4416 920 4484 promulgare,
955 4415 1166 4470 creteris
1198 4415 1442 4468 omnibus
1485 4412 1701 4467 codices

1800 3231 2047 3300 Virgilius
2084 3234 2361 3285 inchoatos
2394 3222 2701 3299 reliquerat,
2734 3230 2985 3299 supplere
3011 3227 3188 3283 conati
3217 3237 3363 3281 sunt.

1795 3321 1899 3377 Sed
1930 3333 2285 3392 praeterquam
2332 3324 2472 3392 quod
2510 3323 2797 3377 discrimen
2829 3331 2909 3377 est
2946 3336 3196 3391 magnum
3228 3321 3364 3375 inter

1797 3430 1983 3469 versus
2014 3417 2302 3479 Dracontii,
2337 3416 2427 3485 qui
2464 3416 2593 3471 vitio
2615 3416 2857 3470 codicum
2893 3415 3189 3483 intperf‘ei-ti
3218 3421 3365 3476 sunt,

1796 3518 1849 3561 et
1892 3506 2101 3576 Virgilii
2129 3522 2337 3573 versus,
2361 3522 2495 3576 quos
2540 3509 2651 3576 ipse
2696 3507 2932 3560 nondum
2980 3506 3367 3576 compleverat,

1798 3612 1972 3666 neque
2029 3613 2058 3650 a
2096 3597 2260 3652 Vario
2297 3607 2351 3653 et
2379 3600 2552 3653 Tucca
2592 3598 2850 3666 t‘Opoleli
2895 3598 3159 3661 voluerat,
3191 3611 3367 3667 gram-

1798 3687 1976 3742 matici
2004 3688 2077 3743 illi
2110 3688 2209 3743 hac
2236 3691 2567 3757 potissimum
2596 3689 2666 3745 de
2693 3705 2850 3744 causa
2881 3690 3190 3757 reprehensi
3219 3697 3366 3755 sunt,

1799 3780 1937 3846 quod
1972 3795 2074 3834 non
2102 3780 2274 3835 solum
2311 3781 2585 3845 audacter,
2615 3782 2711 3837 sed
2743 3782 2901 3837 etiam
2935 3791 3136 3837 temere
3164 3790 3219 3835 et
3251 3780 3367 3835 ine-

1801 3881 1887 3940 pte
1932 3871 2231 3942 Virgiliante
2282 3888 2530 3943 purpura:
2580 3875 2894 3929 vilissimum
2931 3888 3086 3928 suum
3131 3888 3366 3941 pannum

1799 3961 2215 4028 admiscuerunt,
2260 3973 2317 4018 ut
2346 3964 2437 4034 qui
2468 3980 2680 4019 versum
2713 3978 2743 4018 a
2775 3964 2997 4033 Virgilio
3042 3965 3111 4018 ita
3153 3964 3368 4017 inchoa-

1803 4062 1934 4120 tum,
1983 4055 2140 4120 Quem
2174 4056 2265 4109 tibi
2286 4058 2401 4127 jam
2449 4055 2625 4123 Troja,
2670 4057 2739 4109 ita
2776 4055 3025 4118 absolvit,
3078 4056 3236 4119 Quem
3279 4055 3370 4108 tibi

1792 4146 1906 4213 jam
1932 4145 2086 4216 Troja
2111 4147 2302 4217 peperit
2319 4146 2548 4215 {nutante
2570 4145 2780 4199 Creusa.
2807 4144 2994 4199 Nescio
3023 4160 3150 4199 vero
3172 4160 3239 4198 an
3265 4160 3373 4198 n.a-

1801 4238 1881 4306 gis
1911 4239 2019 4291 risu
2047 4239 2264 4307 dignum
2308 4238 2397 4303 sit,
2432 4238 2571 4307 quod
2611 4238 2851 4293 nonnulli
2884 4238 2965 4291 bis
3004 4238 3247 4292 versibus
3278 4237 3374 4291 im-

1804 4326 2056 4394 perfectis
2092 4328 2296 4398 Virgilii
2344 4332 2651 4399 mysterium
2685 4329 2947 4399 quoddatn
2987 4330 3115 4383 artis
3158 4330 3375 4397 poeticze

1808 4420 1981 4473 inesse
2018 4419 2366 4485 crediderint,
2400 4421 2539 4489 quod
2577 4422 2734 4475 etiam
2763 4421 2861 4474 sibi
2904 4419 3215 4474 imitandum
3261 4434 3374 4485 pro-

115 4508 408 4562 Vaticanos
436 4506 788 4576 praeferimus,
819 4507 1016 4575 quippe
1044 4506 1131 4575 qui
1158 4506 1223 4559 ab
1251 4505 1469 4573 Eugenii
1514 4517 1692 4556 emen-

1806 4512 2103 4579 posueriut.
2132 4510 2333 4566 Aonius
2364 4513 2653 4577 Palearius,
2682 4515 2830 4581 cujus
2862 4526 3021 4577 opera
3055 4512 3231 4563 minus
3262 4510 3373 4562 for-

114 4598 337 4654 dationc
380 4598 461 4653 vel
508 4596 919 4666 interpolatione
970 4599 1187 4652 omnino
1233 4596 1388 4666 109
1434 4597 1695 4648 immunes

116 4702 240 4745 sunt
267 4690 595 4745 conservati.
624 4690 851 4744 hlaculas
882 4704 1011 4744 vero
1039 4704 1156 4757 qum
1182 4690 1569 4755 exscriptorum
1607 4700 1697 4737 ne.

116 4784 372 4854 gligentia
396 4791 451 4837 et
482 4792 781 4850 temporum
812 4782 1001 4852 injuria
1039 4782 1089 4835 in
1130 4781 1399 4835 codicibus
1428 4776 1699 4830 Vaticanis

117 4872 263 4942 irrep
298 4882 489 4937 erunt,
529 4873 755 4926 aliorum
806 4872 1049 4927 codicum
1104 4886 1236 4940 ope,
1278 4870 1697 4939 quotiescunque

115 4960 405 5015 commodo
432 4961 482 5015 id
515 4962 626 5015 fieri
655 4962 855 5030 potuit,
885 4962 1225 5017 detersimus.

188 5055 320 5109 165.
373 5054 597 5109 Possent
624 5055 780 5109 etiam
823 5057 960 5108 inter
996 5056 1259 5109 variantes
1286 5054 1540 5108 lectiones
1582 5051 1726 5114 aliae,

117 5153 229 5199 tres
250 5144 515 5199 editiones
544 5145 903 5208 annumerari,
936 5144 1184 5198 videlicet
1210 5158 1340 5211 quas
1372 5143 1566 5211 Georg.
1600 5141 1696 5195 Fa-

118 5235 344 5299 bricius,
377 5233 633 5289 Weitzius
660 5245 713 5289 et
744 5234 963 5288 Rivinus
991 5234 1343 5287 adornarunt.
1377 5233 1573 5286 Verum
1612 5246 1699 5285 sa-

121 5327 227 5380 tius
254 5326 380 5379 duxi
412 5327 478 5380 ad
521 5336 671 5381 notas
702 5342 820 5394 qua:
850 5327 1174 5380 variantibus
1202 5316 1532 5380 lectionibus
1566 5325 1698 5378 sub-

121 5419 399 5488 iiciuntur,
451 5420 641 5474 horum
697 5420 960 5473 editorum
1015 5420 1351 5486 conjecturas
1404 5418 1627 5485 rejiccre
1684 5433 1697 5468 :

123 5511 481 5579 conjecturas.
513 5513 724 5581 inquam
751 5526 765 5564 ε
796 5526 915 5564 cum
945 5511 1084 5564 enim
1115 5510 1187 5563 illi
1219 5510 1419 5563 nullum
1456 5510 1697 5563 codirem

126 5614 286 5655 manu
323 5614 599 5656 exaratum
631 5618 738 5671 prsc
768 5600 936 5655 oculis
968 5599 1271 5663 habuerint,
1315 5599 1403 5654 ubi
1431 5614 1459 5653 a
1503 5608 1601 5652 veli
1628 5599 1700 5652 ri-

126 5690 224 5746 bus
268 5694 585 5752 cditianibus
625 5694 953 5764 discrepant,
1000 5694 1050 5749 id
1094 5702 1298 5750 tantum
1354 5690 1694 5763 conjieicudo

1806 4611 1945 4656 tasse
1974 4613 2361 4672 quaererentur,
2404 4603 2449 4656 si
2495 4611 2601 4656 tam
2630 4604 2812 4657 infami
2857 4614 3027 4656 morze
3060 4616 3162 4655 non
3206 4600 3373 4656 obiis-

1803 4704 1905 4759 set,
1952 4696 2004 4748 in
2049 4709 2147 4748 suo
2194 4703 2435 4763 poemate
2482 4694 2549 4748 de
2596 4693 2995 4747 lnimortalitate
3042 4694 3233 4746 anima:
3275 4694 3374 4747 hoc

1804 4787 1961 4840 etiam
1991 4787 2118 4839 vitio
2147 4784 2440 4839 delectatus
2464 4793 2565 4849 est,
2590 4794 2646 4838 ut
2671 4785 2927 4853 quosdam
2952 4799 3139 4837 versus
3170 4793 3374 4838 tan'um

1808 4874 2085 4929 inchoatas
2125 4874 2372 4938 ediderit,
2414 4874 2633 4941 perinde
2671 4873 2820 4940 quasi
2869 4872 3000 4925 nihil
3044 4873 3095 4926 in
3142 4884 3374 4928 mentem

1809 4968 1988 5022 venire
2016 4967 2274 5037 potuisset
2297 4967 2433 5035 quod
2466 4966 2873 5034 praecedentium
2904 4968 3374 5034 consequentium-

1804 5073 1907 5127 que
1931 5057 2265 5126 majestatem
2295 5067 2618 5127 extequaret.
2645 5057 3064 5114 Prrctermissum
3090 5058 3188 5112 hoc
3219 5066 3375 5127 eaput

1804 5159 1885 5202 est
1915 5162 1944 5200 a
1969 5146 2050 5201 ιο.
2087 5149 2279 5202 Bureh.
2314 5147 2625 5202 Menr-kenio
2654 5149 2705 5203 in
2737 5164 2834 5203 suo
2864 5150 3045 5203 libello
3074 5149 3140 5203 de
3161 5149 3375 5205 Charla-

1806 5239 2002 5292 tancria
2034 5238 2389 5293 eruditorum.

1879 5331 1999 5387 M7.
2032 5332 2271 5385 Aliorum
2297 5334 2524 5402 plurium
2554 5334 2640 5401 qui
2670 5345 2903 5388 veterum
2936 5335 3132 5405 scripta
3166 5348 3376 5387 cmacu-

1807 5423 1982 5478 larunt
2011 5423 2267 5478 induSIria
2313 5440 2341 5477 a
2388 5424 2656 5494 plerisque
2688 5423 2901 5478 laudm
2932 5418 3032 5479 εει.
3080 5426 3288 5487 Cicero,
3332 5426 3375 5479 si

1811 5514 1942 5569 fides
2007 5514 2244 5568 habenda
2304 5496 2373 5567 sit
2430 5515 2693 5568 Chronico
2748 5516 3079 5580 Euscblano,
3150 5515 3377 5570 Lucretii

1810 5622 1997 5675 poema
2036 5608 2358 5662 emendavit.
2390 5608 2705 5672 Aristarchi,
2741 5611 2991 5679 Leogora:
3036 5613 3378 5683 Syracusani,

1809 5706 1862 5754 et
1901 5698 2154 5755 Zenodoti
2193 5699 2429 5775 Ephesii,
2462 5700 2551 5771 qui
2595 5716 2810 5771 operam
2842 5718 2993 5759 suam
3042 5707 3090 5760 in
3138 5706 3381 5761 versilua
