3942 6310
561 352 665 408 675

1970 342 2414 397 οιιιεοιιτιιῑλδ.

3710 343 3819 400 676

560 485 775 541 llomeri
827 484 1156 554 Corrigendis
1197 482 1549 545 collocarunt,
1605 478 1847 533 meminit
1902 476 2133 530 Isidorus
2165 452 2210 511 Α
2241 463 2366 554 1"“:
2396 454 2479 507 “bi
2516 454 2807 554 "Imm-“"3
2841 454 2891 505 ίη
2920 451 3180 554 οξτηάθίη·
3205 452 3530 554 “fumium?
3562 452 3819 554 (“Simm-

561 578 653 631 lib.
704 594 718 630 ι
761 576 932 644 0rig.,
987 590 1107 643 cap.
1158 573 1247 627 2|.
1291 571 1333 626 Ε
1384 570 1769 626 recentioribus
1821 567 2134 622 Franciscus

560 670 805 722 Nams'us
852 664 1255 719 commendatur
1290 678 1319 715 a
1362 662 1544 731 Lipsio
1583 669 1726 715 cent.
1768 659 1823 726 2,
1856 659 2010 726 epist.
2046 656 2134 719 60,

559 758 699 827 quod
731 756 973 810 Nonnum
1012 746 1449 822 Panopolitanum
1482 766 1509 803 τι
1560 748 1770 823 mendis
1800 743 2131 816 purgaverit.

560 848 782 915 Propius
822 847 886 898 ad
938 860 1050 898 rem
1100 854 1335 898 nostram
1384 843 1613 910 pertinet
1643 839 1781 910 quod
1814 838 1865 891 in
1906 837 2136 903 Corippo

558 943 760 1006 Azagra
789 936 1030 1001 quedam
1077 935 1189 988 loca
1236 935 1385 1002 plane
1421 941 1669 999 corrupta
1701 947 1763 985 ev
1797 929 2010 998 ingenio
2050 944 2134 981 re-

559 1029 749 1093 stituit,
786 1029 1097 1081 Demsterus
1140 1028 1352 1077 lacunas
1394 1022 1680 1090 supplevit,
1712 1035 1963 1087 suamque
2002 1020 2135 1070 hanc

558 1120 751 1188 agendi
780 1119 1039 1170 rationem
1070 1126 1265 1179 tuetur,
1293 1129 1353 1166 ac
1377 1121 1644 1181 postremo
1670 1110 1947 1177 Fogginius
1974 1122 2135 1161 novas

564 1212 900 1278 conjecturas
921 1206 1401 1274 castigationesque
1422 1202 1686 1271 apposuit.
1715 1200 1930 1253 Joannis
1953 1198 2136 1251 Frein-

560 1300 752 1353 shemii
782 1308 902 1351 nota
936 1309 1057 1349 sunt
1084 1294 1455 1364 supplementa
1479 1291 1544 1345 ad
1574 1292 1835 1353 Tacitum,
1872 1287 2165 1352 Cuttium,.

562 1401 616 1445 et
661 1390 890 1443 Livium.
934 1387 990 1441 lu
1047 1385 1402 1440 Miscellaneis
1447 1385 1709 1454 Lipsiens.
1754 1392 1882 1435 tom.
1921 1381 1958 1442 l,
2008 1395 2130 1431 ann.

567 1479 730 1543 1716,
764 1479 1019 1531 insertum
1066 1485 1149 1530 est
1184 1476 1607 1544 supplementum
1652 1474 1942 1525 fabularum
1990 1471 2131 1522 I'lne-

562 1569 667 1633 dri,
710 1578 925 1621 auctore
973 1565 1041 1619 Μ.
1092 1564 1477 1633 ChristOphoro
1520 1564 1771 1632 llmptio.
1826 1559 2134 1629 llnjusniodi

570 1662 724 1739 ιιι
752 1660 1073 1722 conjectura:
1104 1666 1151 1709 et
1177 1654 1575 1708 emendationes
1607 1653 1655 1705 in
1690 1654 1769 1703 his
1790 1650 2138 1717 scriptoribus

562 1752 739 1802 solent
770 1762 890 1800 esse
929 1744 1093 1814 magis
1127 1743 1465 1805 necessaria),
1498 1757 1723 1809 quorum
1756 1754 1914 1807 opera
1949 1741 1997 1789 in
2031 1752 2136 1789 uno

2241 546 2312 599 Ev
2352 546 2461 611 ipsa
2507 546 2639 598 adeo
2682 545 2757 597 ira
2800 544 3134 596 occasionem
3168 541 3447 595 l.md.md:e
3479 544 3697 611 pietatis
3728 559 3817 597 su:

2239 636 2350 695 mit,
2384 646 2437 687 ut
2464 636 2551 687 lib.
2587 651 2624 697 ι,
2653 650 2794 687 vers.
2828 634 2964 687 556:

2362 727 2530 786 Magna
2556 724 2646 774 Dei
2674 728 2846 787 pietas,
2882 740 3079 788 semper
3098 729 3182 788 qui
3208 732 3455 788 temperat
3482 728 3597 777 ira.

2237 810 2301 863 Et
2333 809 2383 861 in
2415 808 2519 862 [ine
2550 809 2638 860 lib.
2672 823 2749 872 ut,
2782 822 2919 863 vers.
2955 808 3097 861 638:

2358 899 2493 954 Ouod
2522 898 2657 945 vivus
2683 910 2809 955 sum,
2830 900 2999 944 mortis
3016 900 3156 957 inops
3179 900 3363 956 pietate
3384 909 3637 955 reservor,

2358 960 2461 1008 Non
2488 960 2588 1013 ira;
2630 971 2735 1005 nam
2769 962 2808 1004 si
2846 958 3033 1005 Domini
3067 960 3227 1017 gravis
3251 959 3319 1004 ira
3351 958 3549 1013 fuisset,

2360 1021 2462 1069 Non
2489 1034 2566 1067 me
2587 1021 2829 1075 differres,
2854 1020 3013 1065 subita
3039 1020 3123 1065 Sed
3156 1026 3311 1065 morte
3351 1032 3582 1074 necares,

2358 1082 2431 1131 Ne
2456 1090 2678 1141 peterem
2701 1084 2908 1136 veniam,
2932 1093 3075 1139 quam
3103 1092 3365 1138 nunquam,
3393 1088 3586 1133 sancte,
3608 1084 3824 1141 negasti,

2363 1145 2459 1191 Aut
2483 1151 2533 1190 ut
2563 1156 2654 1189 non
2683 1154 2843 1188 essent
2864 1153 3079 1201 prorsus,
3101 1143 3176 1188 cui
3207 1154 3414 1198 parcere
3444 1154 3633 1201 (nosses.

2360 1205 2615 1252 Servatum
2636 1216 2866 1262 reparare
2890 1200 3003 1259 iube
3026 1208 3208 1261 p‘etate
3227 1210 3389 1262 sueta,

2362 1264 2422 1313 Ut
2448 1277 2642 1313 merear
2664 1260 2859 1311 cantare
2878 1272 2984 1309 tuas
3007 1260 3095 1322 per
3112 1264 3327 1309 carmina
3358 1260 3550 1308 laudes.

2244 1346 2406 1400 Venio
2457 1360 2595 1400 nunc
2648 1346 2711 1397 ad
2769 1344 3009 1412 singulos
3060 1342 3226 1396 libros
3281 1343 3596 1396 summatim
3653 1343 3821 1412 espli-

2239 1435 2461 1491 candos.

2712 1524 3040 1580 SYNOPSIS
3080 1524 3257 1578 LIBRI
3298 1524 3338 1578 ι.

2314 1640 2433 1695 119.
2460 1640 2564 1692 Res
2593 1653 2780 1693 omnes
2820 1646 3011 1692 creata:
3044 1637 3207 1690 Deum
3239 1646 3561 1705 agnoscunt,
3604 1636 3819 1689 laudant

2239 1742 2289 1785 et
2322 1729 2634 1799 praedicant.
2670 1730 2707 1779 A
2743 1715 2850 1780 Deo
2882 1735 3003 1780 sunt
3030 1726 3207 1779 omnia
3238 1741 3357 1792 qum
3382 1725 3663 1787 accidunt,
3702 1742 3818 1791 pro-

564 1847 768 1892 tantmn
804 1838 989 1890 codice
1020 1851 1118 1887 ms.
1153 1844 1361 1903 reperta
1391 1842 1533 1896 sunt,
1568 1842 1655 1884 aut
1682 1832 1731 1884 in
1760 1829 1994 1899 plutibtts
2020 1829 2133 1893 qni-
2171 1803 2212 1857 Β
2241 1837 2392 1889 spera
2444 1831 2495 1875 et
2527 1820 2782 1882 adversa;
2816 1824 3123 1883 peccatores
3153 1826 3327 1868 tamen
3363 1829 3468 1865 non
3513 1814 3700 1867 subito
3732 1830 3819 1879 pu-

563 1928 684 1983 dcm
716 1930 1007 1992 codicibus,
1028 1927 1118 1979 sed
1151 1926 1237 1993 qui
1265 1940 1452 1978 omnes
1481 1940 1546 1977 ex
1577 1939 1681 1975 uno
1710 1920 2005 1988 exemplari
2040 1920 2133 1971 de-

563 2021 749 2088 scripti
790 2022 932 2073 sint:
969 2028 1024 2071 ut
1067 2017 1118 2071 in
1164 2016 1368 2071 Velleio
1409 2014 1714 2075 Paterculo,
1751 2028 1903 2081 quem
1953 2011 2137 2063 beatus

566 2109 854 2165 Rhenanus
890 2124 955 2161 ex
985 2123 1088 2160 uno
1116 2104 1412 2174 exemplari
1444 2104 1653 2167 mutilo,
1696 2101 1989 2171 prodigiose
2017 2113 2139 2151 cor-

565 2209 724 2268 rupto
751 2209 802 2251 et
827 2198 1118 2251 fmdissime
1150 2198 1455 2263 depravata,
1485 2196 1683 2262 primus
1724 2190 1976 2259 vulgavit,
2005 2198 2059 2243 et
2087 2189 2138 2240 iu

565 2286 793 2351 Catullo,
827 2288 977 2354 cujus
1007 2287 1154 2339 multi
1185 2296 1306 2339 sunt
1333 2284 1546 2339 codices
1586 2298 1741 2348 mss.,
1771 2282 1863 2333 sed
1894 2294 2080 2333 omnes
2111 2294 2138 2330 a

566 2378 794 2446 quodam
842 2376 1130 2444 exemplari
1177 2376 1227 2427 in
1260 2373 1442 2429 Galliis
1473 2382 1682 2434 reperto
1715 2371 2008 2436 propagati.
2047 2366 2141 2420 Ve-

567 2484 687 2521 rum
717 2468 784 2521 de
828 2468 893 2520 iis
935 2481 1086 2519 suum
1133 2466 1326 2533 cuique
1349 2464 1624 2532 judicium.
1662 2461 1783 2513 Mihi
1820 2460 1951 2512 satis
1984 2460 2142 2511 fuerit

566 2559 757 2611 iterum
791 2558 1059 2610 monuisse
1104 2557 1475 2623 supplementa
1515 2554 1581 2605 ita
1615 2551 1931 2618 dispositum
1970 2549 2055 2611 iri,
2088 2558 2141 2600 ιιι

566 2662 723 2703 nemo
752 2646 928 2702 l'ueutn
953 2647 1051 2700 sibi
1086 2646 1163 2697 l'ae
1193 2662 1275 2697 um
1299 2643 1593 2714 jurqqueri
1620 2642 1805 2711 possit.

1147 2775 1371 2830 CAPUT
1412 2775 1553 2830 XVI.

653 2891 1015 2960 Argumentum
1043 2899 1088 2941 et
1119 2890 1352 2959 syuopsis
1378 2889 1531 2940 trium
1556 2887 1801 2939 librorum
1824 2887 1888 2939 de
1915 2886 2038 2939 Dea.

635 3001 757 3057 N8.
790 3000 869 3055 Ad
897 3000 989 3053 Dei
1020 2999 1203 3053 laudes
1223 2999 1610 3052 admirabilium
1634 2999 1748 3067 ejus
1768 3014 1987 3068 operum
2014 3013 2140 3051 eon-

562 3091 911 3161 templatione‘
933 3089 1230 3143 subvehere
1262 3089 1625 3153 Dracontium,
1656 3099 1799 3142 recte
1828 3092 2130 3156 pronuntia-

2242 1914 2337 1970 nit.
2370 1912 2462 1967 sed
2496 1913 2753 1979 portentis
2783 1917 3096 1977 praemonet,
3125 1917 3179 1959 ut
3212 1907 3417 1959 veniam
3453 1914 3659 1972 petant.
3699 1906 3819 1958 Pro.

2240 2005 2475 2073 gnostica
2513 2002 2657 2071 plura
2693 1999 3063 2054 describuntur
3090 1998 3279 2063 quibus
3310 1996 3472 2049 homo
3495 1998 3615 2048 beta
3644 2007 3701 2049 et
3734 1999 3822 2047 tri—

2240 2096 2335 2148 stia
2368 2092 2670 2162 prmnoscit.
2714 2090 2855 2145 Deus
2894 2089 3016 2141 dum
3064 2096 3246 2153 terret,
3286 2096 3451 2152 autat,
3496 2089 3823 2156 veniamque

2242 2185 2446 2253 roganti
2474 2200 2575 2237 non
2602 2182 2849 2249 denegat,
2876 2196 2971 2233 nec
2996 2178 3095 2232 nisi
3120 2186 3527 2246 perseverantes
3555 2179 3608 2231 in
3634 2179 3823 2232 crimi-

2244 2279 2397 2331 nibus
2442 2275 2699 2344 supplioio
2726 2272 2909 2326 afﬁcit.
2956 2272 3095 2324 Deus
3135 2270 3331 2339 quippe
3363 2270 3474 2323 vult
3500 2284 3703 2323 omnes
3731 2270 3823 2322 bo-

2245 2374 2413 2425 mines
2445 2372 2667 2424 salutem
2698 2380 2947 2422 :eternam
2992 2366 3284 2435 consequi;
3330 2366 3489 2433 idque
3520 2366 3821 2419 ostenditur

2242 2482 2301 2520 ev
2340 2475 2413 2518 tot
2453 2465 2611 2518 rebus
2657 2471 2874 2533 prepter
2912 2460 3155 2513 homines
3191 2459 3403 2512 creatis.
3452 2459 3630 2511 Prima
3675 2460 3819 2512 enim

2241 2556 2328 2609 die
2359 2555 2443 2607 lnx
2477 2561 2655 2606 creata
2684 2561 2786 2614 est,
2818 2566 2880 2605 ex
2925 2566 3025 2619 qua
3060 2549 3283 2617 plurima
3323 2548 3523 2603 homini
3558 2550 3818 2601 brncﬁeia

2245 2644 2577 2713 proveniunt.
2613 2642 2790 2695 Altera
2822 2639 2906 2694 die
2949 2640 3165 2705 cmlum,
3199 2638 3351 2706 ignis,
3381 2649 3433 2691 et
3463 2654 3600 2703 aqua
3630 2654 3820 2690 crean-

2242 2732 2357 2801 tut-;
2412 2736 2565 2789 tertia
2609 2732 2694 2787 die
2742 2747 2912 2796 mare,
2967 2740 3128 2794 terra,
3180 2730 3374 2797 herba,
3423 2732 3673 2796 arbores,
3720 2734 3819 2783 ﬂo-

2242 2841 2348 2888 res,
2386 2825 2671 2894 pigmenta.
2709 2822 2941 2876 Paradisi
2967 2822 3239 2875 terrestris
3264 2821 3581 2889 descriptio.
3615 2822 3821 2887 Quarta

2248 2917 2400 2988 113
2432 2916 2517 2969 die
2564 2915 2756 2969 cmlum
2806 2914 2937 2975 sole,
2965 2911 3091 2966 luna
3140 2920 3191 2967 et
3238 2912 3504 2966 sideribus
3546 2922 3814 2973 ornatur;

2240 3021 2359 3075 quae
2388 3004 2562 3057 omnia
2594 3003 2788 3055 lumina
2831 3002 2941 3056 Deo
2978 3001 3235 3063 ubediunt
3266 3010 3317 3054 et
3361 3002 3674 3055 hominibus
3705 2996 3817 3055 seri

2241 3096 2409 3149 viunt.
2452 3094 2643 3161 Quinta
2685 3093 2770 3147 die
2803 3093 2973 3161 pisces
3003 3093 3054 3144 in
3086 3093 3241 3159 aquis
3282 3091 3678 3159 producuntur,
3712 3095 3815 3145 cibi

561 3184 637 3237 vit
661 3181 993 3237 Sirmondus.
1027 3180 1086 3232 Et
1127 3180 1175 3232 id
1209 3194 1336 3233 sane
1372 3188 1549 3246 posset
1577 3183 1731 3231 statui
1764 3188 2129 3247 argumentum
2162 3150 2206 3211 C
2239 3186 2540 3239 hominibus
2571 3184 2753 3248 futuri,
2782 3150 2836 3235 et
2857 3199 2922 3236 ex
2950 3182 3150 3234 eisdem
3181 3150 3332 3251 aqu-is
3363 3196 3490 3236 aves
3524 3183 3808 3251 prodeunt.

560 3275 813 3328 carminis
844 3273 909 3327 de
942 3274 1073 3336 Deo,
1106 3287 1209 3325 non
1256 3270 1517 3324 dissimile
1549 3270 1700 3322 titulo
1729 3269 1926 3338 egregii
1970 3269 2130 3322 libel'i

560 3363 843 3419 eardinalis
874 3362 1177 3417 Bellarmini
1202 3362 1287 3431 qui
1321 3359 1630 3414 inscribitur
1655 3361 1909 3413 Ascensio
1939 3359 2132 3412 mentis

560 3456 623 3508 ad
659 3455 843 3508 Deum.
887 3453 995 3507 Hoc
1026 3454 1197 3521 ipsum
1245 3452 1417 3505 innuit
1467 3449 1744 3518 inscriptio
1789 3450 2041 3503 carminis
2080 3449 2129 3501 in

559 3543 741 3597 codice
773 3542 1027 3596 Vaticano
1067 3542 1128 3594 de
1162 3541 1287 3593 Deo.
1322 3539 1648 3607 Explicatius
1691 3552 1815 3591 vero
1842 3553 2129 3606 argumen-

560 3646 668 3688 tum
721 3630 981 3702 poematis
1026 3630 1291 3684 Dracontii
1335 3628 1734 3698 comprehendit
1773 3629 2128 3697 cognitionem

559 3734 613 3780 et
639 3723 821 3778 laudes
853 3723 943 3777 Dei
986 3738 1051 3775 ex
1085 3724 1197 3789 ejus
1219 3721 1466 3790 operibus
1491 3720 1869 3774 misericwdire
1898 3731 1948 3772 et
1976 3718 2132 3786 justi-

560 3817 669 3877 tim,
700 3814 789 3870 sed
826 3815 1088 3883 praecipue
1114 3812 1510 3875 misericordias,
1546 3812 1865 3873 elementim,
1899 3821 1987 3862 aut
2019 3812 2129 3877 pie-

558 3908 680 3960 tatis
720 3922 843 3975 erga
890 3906 1151 3967 homines,
1208 3918 1323 3971 qua:
1370 3903 1419 3956 in
1469 3912 1581 3955 toto
1624 3901 1859 3955 carmine
1902 3902 2129 3953 maxime

559 3998 767 4051 emicat.
799 4001 833 4048 Α
867 3997 1036 4064 primo
1064 4009 1219 4047 vcrsu
1249 3994 1323 4046 sic
1355 3993 1560 4046 Orditur
1601 3992 1918 4046 Dracontius
1946 4008 1957 4043 :

679 4086 770 4141 Qui
798 4086 997 4142 cupiunt
1015 4086 1186 4131 animis
1210 4084 1444 4143 placidum
1469 4086 1652 4131 rescire
1680 4083 1975 4144 Tonantem,
2002 4124 2003 4127 η

679 4146 780 4192 lloc
803 4156 997 4192 carmen
1024 4158 1119 4205 pra)
1144 4153 1308 4192 mente
1328 4145 1509 4204 legant,
1529 4151 1617 4191 ctc.

559 4227 815 4292 Perquam
864 4224 1123 4276 familiare
1157 4225 1229 4276 illi
1274 4236 1351 4277 ρει
1394 4225 1708 4277 vocabulum
1757 4225 1989 4293 placidus
2036 4242 2128 4291 pro

558 4317 693 4378 miti,
735 4315 1006 4373 elementi,
1041 4314 1157 4381 pii;
1199 4314 1323 4381 quin
1368 4314 1525 4367 etiam
1559 4313 1927 4367 deﬁnitionem
1974 4316 2128 4383 hujus

558 4405 783 4459 nominis
814 4405 1206 4473 quodammodo
1235 4405 1346 4473 ip'se
1370 4417 1464 4455 nos
1486 4404 1664 4457 docuit
1690 4405 1741 4458 in
1767 4406 1948 4475 Elegia
1986 4423 2121 4463 vers.

559 4498 656 4552 287
686 4506 737 4553 et
768 4514 917 4566 seqq.
945 4512 959 4549 :

678 4592 728 4638 Si
750 4605 843 4638 non
871 4591 1058 4637 humani
1096 4590 1296 4648 genrris
1319 4594 1517 4648 peccata
1548 4587 1770 4644 fu'smnt,

745 4651 817 4699 Un
840 4653 882 4697 le
920 4652 1044 4710 pium
1071 4660 1245 4698 nomen
1270 4659 1425 4710 posset
1456 4650 1638 4697 habere
1667 4651 1827 4697 Deus?

681 4716 778 4763 Sed
804 4713 915 4773 quia
947 4713 1028 4759 dat
1047 4713 1234 4759 veniam
1261 4710 1448 4771 populis
1474 4720 1665 4771 peccata
1692 4715 1937 4772 relaxans,

740 4775 836 4822 Per
862 4788 891 4835 p
914 4776 1054 4821 etatis
1074 4788 1193 4834 opus
1219 4786 1390 4820 nomen
1418 4773 1561 4820 habet
1588 4774 1838 4834 placidum.

565 4884 720 4954 112
754 4877 903 4944 Quod
934 4888 1112 4931 autem
1142 4893 1302 4944 opera
1344 4877 1502 4931 etiam
1532 4877 1750 4945 justitite
1780 4877 1971 4931 divina:
2000 4878 2119 4933 velit

561 4970 873 5024 Dracontius
909 4982 1353 5032 commemorare,
1386 4982 1452 5020 ex
1502 4968 1760 5034 promntio
1792 4969 1885 5023 lib.
1924 4984 1961 5035 t,
1986 4984 2123 5023 vers.

561 5062 629 5116 10
654 5073 705 5115 et
732 5075 906 5127 seqq.,
939 5059 1203 5125 colligitur
1236 5076 1250 5112 :

743 5151 845 5200 Hoc
870 5152 986 5211 agit,
1014 5158 1067 5211 et
1089 5152 1311 5211 sequitur
1338 5154 1478 5199 variis
1502 5152 1593 5199 sub
1610 5152 1801 5199 casibus
1828 5153 1941 5207 iras,

744 5214 801 5260 lit
829 5210 1033 5272 pta’vtda
1057 5210 1143 5258 Dei
1164 5210 1352 5259 miseris
1380 5213 1506 5269 hinc,
1536 5213 1645 5260 inde
1674 5214 1845 5268 beatis,
2007 5213 2009 5216 ⁴

744 5274 839 5322 Pro
872 5274 1060 5321 meritis
1083 5284 1285 5333 nierum,
1320 5286 1403 5333 pro
1439 5281 1575 5322 certo
1594 5276 1785 5322 tramite
1814 5274 1941 5320 vitae.

560 5376 824 5432 Justitiam
865 5390 990 5427 vero
1028 5372 1265 5440 iramque
1299 5373 1387 5427 Dei
1430 5374 1497 5426 ita
1542 5374 1855 5428 Dracontius
1889 5375 2123 5440 expon't,

562 5477 617 5518 ιιι
662 5479 874 5533 semper
912 5480 1018 5531 pra:
1067 5464 1234 5516 oculis
1285 5462 1525 5517 habuerit
1568 5464 1705 5533 quod
1752 5464 1816 5518 dc
1865 5465 1969 5516 Deo
2014 5464 2125 5531 ipse

560 5557 698 5612 dixit
729 5557 817 5607 lib.
855 5572 892 5622 ι,
920 5570 1058 5609 virs.
1092 5555 1183 5608 691
1216 5572 1228 5607 :
2034 5550 2045 5563 '

685 5647 743 5695 Et
766 5645 890 5692 nulla
917 5646 1094 5694 virtute
1118 5646 1289 5704 minor,
1312 5646 1399 5693 nisi
1426 5646 1642 5694 verberis
1673 5660 1756 5694 tra.

562 5724 631 5777 Et
671 5725 865 5778 clarius
892 5725 982 5779 lib.
1021 5742 1075 5794 u,
1121 5741 1260 5780 vers.
1296 5727 1420 5794 695,
1457 5725 1583 5782 Plus
1632 5728 1746 5799 pina
1781 5744 1833 5781 es
1859 5742 2009 5797 quam
2033 5732 2121 5797 ju-

2234 3279 2397 3330 Sexta
2431 3274 2519 3327 die
2557 3273 2842 3326 animantia
2872 3273 3145 3327 terrestria
3187 3282 3475 3331 creantur.
3516 3284 3573 3327 et
3606 3275 3813 3328 div-rs:

2234 3366 2462 3419 diversis
2490 3366 2650 3419 terris
2677 3362 3015 3426 addicuntur,
3047 3372 3103 3416 ut
3132 3378 3350 3416 munera
3383 3364 3485 3416 alia
3508 3379 3606 3433 per
3622 3366 3811 3419 orbem

2233 3455 2469 3522 dispersa
2502 3463 2643 3506 sunt.
2678 3453 2772 3506 His
2797 3452 3045 3506 omnibus
3078 3462 3133 3505 ut
3164 3453 3557 3516 dominaretur,
3599 3470 3810 3509 ereafns

2234 3556 2313 3601 est
2342 3545 2502 3598 homo
2537 3544 2602 3597 ad
2629 3543 2718 3598 Dei
2749 3544 3032 3612 imaginem
3057 3560 3070 3607 ;
3104 3542 3191 3611 qui
3227 3557 3291 3596 ne
3311 3552 3457 3597 esset
3476 3543 3626 3597 solus
3645 3586 3661 3608 ,
3690 3561 3807 3613 ptr-

2235 3640 2404 3707 ticeps
2448 3636 2659 3704 generis
2685 3636 2807 3689 data
2840 3636 2918 3689 illi
2964 3644 3045 3690 est
3076 3651 3229 3701 uxor,
3266 3650 3328 3689 ex
3359 3636 3473 3703 ejus
3518 3647 3668 3690 costa
3705 3641 3809 3690 tor-

2235 3738 2394 3790 mata,
2423 3737 2475 3781 ut
2506 3743 2656 3781 amor
2687 3736 2901 3781 mutnus
2936 3742 3121 3781 eorum
3155 3727 3424 3795 perfectus
3454 3736 3620 3782 esset.
3653 3728 3807 3783 Arbi-

2235 3821 2337 3872 trio
2366 3819 2526 3887 igitur
2553 3833 2738 3873 eorum
2779 3820 2918 3872 Deus
2947 3819 3124 3870 omnia
3164 3826 3342 3870 ereata
3378 3820 3648 3872 commisit
3669 3862 3684 3883 ,
3719 3835 3808 3871 ne-

2233 3912 2541 3981 got'umque
2593 3910 2697 3964 illis
2753 3910 2899 3963 dedit
2934 3918 2992 3963 ιιι
3031 3911 3397 3978 prepagationi
3449 3912 3667 3979 generis
3699 3922 3807 3965 stu-

2234 4005 2439 4056 derent.
2497 4003 2630 4055 Cum
2691 4003 2920 4067 paradisi
2967 4001 3179 4055 deliciis
3210 4003 3549 4065 fruerentur,
3584 4018 3804 4072 serpens

2235 4095 2481 4149 feminam
2514 4093 2815 4161 decepit,ut
2849 4094 3072 4147 fructum
3098 4111 3163 4147 ex
3192 4095 3384 4148 arbore
3414 4110 3531 4163 quae
3556 4112 3659 4148 una
3693 4106 3804 4148 tan~

2238 4199 2343 4241 tum
2389 4187 2649 4253 prohibita
2709 4187 2909 4251 fuerat,
2942 4186 3270 4240 comederet.
3316 4187 3535 4240 Femina
3586 4189 3799 4255 derepta

2237 4280 2404 4330 virum
2446 4276 2685 4345 derepit;
2742 4276 2829 4346 qui
2887 4286 2994 4329 tum
3028 4277 3240 4331 domum
3275 4277 3479 4346 pudore
3509 4278 3697 4331 Snl'l'usi
3731 4281 3803 4331 fu-

2234 4384 2357 4438 getc
2386 4378 2681 4435 caapcrunt.
2716 4368 2865 4435 quasi
2902 4368 3063 4420 Deum
3090 4368 3456 4437 inetepintcm
3488 4371 3659 4422 'atere
3689 4384 3799 4437 pos-

2236 4471 2371 4511 sent.
2402 4457 2504 4513 Sed
2528 4473 2648 4509 cum
2681 4457 2923 4509 homines
2958 4466 3033 4509 lot
3067 4457 3294 4510 habeant
3321 4459 3472 4524 signa
3498 4458 3696 4526 quibus
3722 4474 3804 4512 res

2231 4549 2469 4602 occultas
2519 4548 2655 4600 scire
2692 4548 2933 4613 valeant,
2972 4562 3077 4615 quo
3131 4558 3285 4616 pacto
3344 4549 3502 4615 primi
3557 4562 3803 4616 parentes

2230 4640 2432 4691 crimen
2475 4651 2647 4698 suum,
2681 4653 2742 4689 ac
2769 4638 2974 4703 seipsos
3011 4636 3119 4690 Deo
3143 4637 3419 4690 occultare
3462 4639 3804 4704 potuissent?

2234 4728 2357 4780 Post
2400 4727 2791 4781 cooressiouem
2853 4727 3006 4795 igitur
3052 4728 3193 4781 Deus
3239 4729 3563 4782 sententiam
3614 4730 3804 4796 pietate

2233 4828 2577 4884 temperatam
2616 4819 2754 4881 tulit,
2797 4834 2899 4887 qua
2944 4832 3088 4873 mors
3116 4820 3229 4887 ipsa
3265 4834 3360 4889 pro
3396 4835 3551 4888 paena
3603 4822 3803 4875 inﬂicta

2234 4909 2341 4962 illis
2370 4914 2478 4973 est,
2513 4908 2773 4977 simulque
2806 4923 2902 4978 pro
2943 4924 3112 4976 poena:
3139 4910 3369 4978 quodam
3403 4912 3666 4965 levamine
3688 4953 3705 4976 ,
3740 4928 3804 4966 ne

2233 4999 2473 5052 homines
2523 5000 2573 5052 in
2606 5000 2855 5053 (erumnis
2886 4999 3044 5067 hujus
3092 5001 3215 5053 vita:
3246 5009 3505 5071 perpetuo
3537 5003 3799 5056 viverent.

2203 5088 2430 5142 .Mcmor
2456 5099 2632 5143 autem
2665 5089 2806 5144 Deus
2828 5090 3008 5158 operis
3037 5090 3117 5143 sui
3151 5092 3219 5143 ita
3255 5092 3458 5159 ptimos
3490 5103 3740 5159 parentes
3768 5109 3796 5146 e

2232 5179 2477 5251 paradiso
2504 5179 2680 5247 eiecit,
2714 5187 2773 5231 ut
2793 5179 3093 5234 dominium
3115 5181 3263 5234 orbis
3299 5198 3587 5251 rerumque
3608 5199 3728 5251 quae
3752 5185 3799 5237 in

2231 5272 2359 5326 orbe
2404 5279 2554 5335 sunt,
2606 5270 2710 5322 illis
2765 5272 3129 5334 concesserit,
3163 5271 3509 5340 decretitque
3536 5282 3594 5325 ut
3623 5274 3797 5325 omnia

2230 5362 2418 5417 ordine
2444 5376 2541 5414 suo
2569 5371 2620 5415 et
2650 5361 2913 5413 constan‘i
2946 5361 3060 5430 lege
3100 5360 3483 5429 procederent,
3517 5371 3677 5431 atque
3698 5363 3795 5415 alia

2233 5458 2280 5510 al
2304 5458 2346 5509 is
2367 5456 2743 5520 succederent,
2777 5464 2833 5509 ut
2868 5456 3066 5509 homini
3111 5457 3302 5525 primo,
3333 5465 3386 5509 et
3415 5458 3504 5525 qui
3532 5472 3595 5511 ev
3626 5459 3793 5523 primo

2235 5548 2447 5602 homine
2473 5547 2720 5602 continua
2763 5548 3100 5602 successione
3143 5550 3469 5617 propagandi
3500 5558 3651 5602 erant
3678 5549 3793 5601 stib-

2230 5640 2365 5707 jecta
2390 5648 2571 5693 essent
2597 5648 2647 5692 ct
2671 5638 2945 5691 servitium
2977 5647 3308 5706 praestarent.
3336 5638 3521 5706 Neque
3553 5639 3604 5691 id
3628 5639 3792 5690 Solum

2238 5732 2375 5785 Deus
2404 5731 2640 5786 clemens
2664 5730 2888 5800 providit
2917 5772 2930 5795 ,
2980 5740 3034 5784 ut
3066 5730 3370 5785 hominibus
3402 5729 3669 5784 defunctis
3704 5730 3793 5782 alii
