3942 6310
127 297 233 352 677

1500 286 1998 345 PROLEGOMENA
2013 330 2026 343 .

3265 291 3370 351 678

126 414 306 468 denuo
353 409 461 464 nati
510 408 878 473 succederent,
933 424 1117 464 verum
1169 416 1330 463 etiam
1355 446 1371 471 .
1425 416 1484 460 ut
1520 407 1558 458 ii
1601 404 1687 473 qui
1717 404 1765 462 Α
1797 404 2027 470 bonitas,
2062 404 2297 475 largitas,
2324 404 2613 461 liberalitas
2642 406 2693 460 in
2717 416 2927 461 annona
2958 406 3367 462 subministran-

128 502 324 557 mortui
353 510 497 565 sunt,
531 502 650 553 vita:
682 510 799 569 post
829 500 994 553 multa
1025 498 1219 553 srecula
1264 497 1697 551 restituerentur.

126 596 277 649 lianc
300 592 745 647 resurrectionem
792 605 1077 659 corporum
1124 596 1314 642 natura
1348 588 1459 655 ipsa
1506 585 1695 655 prflbl-

124 686 291 740 bilem
336 684 511 738 reddit
540 684 717 736 multis
760 684 1022 749 exemplis
1050 697 1226 734 rerum
1250 720 1265 743 ,
1296 696 1413 748 qua:
1443 680 1700 748 quodam-

123 776 289 828 modo
318 776 619 827 moriuntur
661 782 715 828 et
762 772 1117 827 reviviscunt.
1150 771 1315 824 Multo
1345 770 1488 823 enim
1533 769 1704 837 magis

124 878 353 932 Corpora
386 864 657 917 hominum
686 872 965 930 resurgent
994 861 1189 916 virtute
1221 861 1335 927 Dei,
1363 875 1462 929 qua
1508 865 1700 913 cuncta

122 962 306 1010 creata
334 969 452 1009 sunt
497 962 551 1007 et
596 954 795 1021 vigent,
822 968 941 1006 cum
985 953 1100 1020 ejus
1130 952 1411 1006 clementia
1442 966 1565 1018 erga
1599 951 1698 1003 ho-

122 1045 300 1099 mines
333 1054 471 1098 tanta
499 1046 605 1107 sit,
639 1053 833 1112 quanta
878 1044 1034 1097 decet
1075 1044 1529 1110 Omnipotentem.
1564 1040 1697 1093 Lau-

122 1135 224 1189 des
249 1136 338 1189 Dei
369 1135 435 1187 ab
463 1135 579 1202 ejus
610 1134 811 1187 infinita
847 1134 1124 1199 majestate
1145 1173 1158 1194 ,
1195 1132 1427 1199 polentia
1456 1174 1469 1197 ,
1520 1132 1699 1183 scien-

122 1227 199 1280 tia
231 1242 293 1279 ac
338 1227 631 1294 praesertim
663 1225 1014 1292 benignitate.
1063 1222 1220 1292 114
1272 1222 1593 1275 Dracontius
1636 1221 1698 1273 ad

121 1317 224 1372 Dei
249 1317 433 1371 laudes
457 1317 695 1370 carmine
723 1316 1074 1369 celebrandas
1096 1314 1213 1381 ejus
1238 1327 1394 1382 opem
1426 1312 1695 1381 implorat.

592 1405 912 1461 SYNOPSIS
958 1405 1137 1458 LIBRI
1180 1404 1240 1456 ll.

201 1498 325 1552 150.
365 1498 505 1550 Deus
523 1506 705 1550 auctor
748 1506 803 1551 et
852 1506 1025 1549 rector
1070 1496 1312 1547 omnium
1362 1510 1569 1549 rerum:
1611 1494 1698 1547 cui

121 1590 318 1648 stellm,
353 1588 495 1650 luna,
528 1590 629 1653 sol,
669 1588 845 1641 omnia
873 1587 1138 1640 elementa
1168 1584 1442 1639 obediunt.
1478 1585 1568 1637 Dei
1604 1586 1703 1637 im-

122 1678 409 1733 mens'tas.
454 1677 532 1729 Ab
549 1676 661 1743 ejus
694 1686 821 1729 nutu
849 1676 1027 1729 omnia
1064 1675 1318 1742 pendent,
1352 1674 1505 1741 cujus
1539 1676 1700 1725 verbo

122 1777 306 1821 creata
361 1776 506 1819 sunt.
566 1766 843 1819 Trinitatis
898 1766 1090 1819 divina:
1148 1764 1430 1819 confessio.
1467 1764 1699 1817 Verbum
1735 1757 1776 1815 Β

122 1872 259 1911 caro
289 1858 479 1909 factum
514 1864 567 1909 ut
625 1855 864 1910 homines
910 1856 1164 1909 salvarct.
1202 1856 1364 1908 Filius
1408 1853 1549 1907 Patri
1579 1869 1705 1906 con-

123 1944 527 2011 substantialis,
583 1945 810 2014 Spiritus
857 1955 1069 1999 sanctus
1118 1946 1256 2000 idem
1300 1944 1438 2013 quod
1470 1944 1625 1997 Pater
1652 1952 1705 1997 et

124 2039 319 2093 Filius.
342 2039 536 2092 Verum
583 2053 777 2107 corpus
818 2037 951 2091 Deus
981 2038 1287 2105 assumpsit.
1320 2034 1518 2090 Clit-isti
1548 2034 1707 2087 mira-

122 2132 253 2185 cula
285 2132 595 2185 uthznnines
626 2130 677 2184 in
709 2146 827 2183 cum
850 2130 1086 2184 credant.
1122 2130 1373 2198 Discipuli
1404 2118 1518 2200 ejus
1539 2131 1703 2197 gratia

123 2222 504 2275 miraeu‘orum
566 2220 767 2274 donati.
838 2222 1119 2288 Imperium
1180 2221 1271 2275 Dei
1325 2224 1377 2273 in
1418 2236 1503 2275 res
1555 2236 1706 2274 erea-

125 2322 233 2365 tas.
286 2311 562 2363 'l‘ransitus
635 2309 987 2362 lsraelitarun
1074 2324 1167 2377 per
1252 2324 1399 2363 mare
1449 2308 1702 2363 Rubrum.

125 2403 385 2457 lsraelitis
444 2403 594 2454 cibus
651 2410 704 2454 et
762 2408 917 2468 potus
969 2400 1020 2454 in
1077 2402 1305 2454 desertis
1357 2399 1533 2453 divina
1605 2414 1707 2468 Ope

124 2495 555 2564 suppeditantur.
620 2494 819 2547 Rursos
873 2493 966 2547 Dei
1025 2493 1207 2547 laudes
1263 2508 1291 2547 e
1346 2493 1502 2546 rebus
1554 2508 1709 2547 crea—

125 2590 192 2642 tis
258 2597 311 2641 et
362 2586 640 2640 concordia
694 2585 1095 2639 elementorum.
1122 2585 1231 2639 Deu
1258 2602 1287 2636 n
1319 2586 1491 2639 omnia
1544 2585 1711 2639 faten-

126 2690 215 2734 tur
258 2688 309 2732 et
349 2676 563 2730 lattdant
586 2716 600 2741 ,
631 2677 786 2729 etiam
822 2677 1098 2742 animalia,
1126 2690 1245 2744 quae
1288 2675 1577 2743 perniciosa
1609 2677 1707 2729 ali-

126 2771 345 2840 quando
393 2778 533 2822 ειμι.
557 2767 660 2821 Cur
696 2768 833 2822 Deus
857 2768 968 2821 haec
1010 2769 1229 2820 ereavit.
1264 2766 1499 2820 Primum
1526 2767 1708 2821 Adami

126 2871 429 2933 peceatum.
459 2860 792 2913 Poserornm
817 2858 929 2924 ejus
952 2857 1174 2909 crimina
1198 2872 1354 2924 quam
1378 2858 1552 2926 gravia
1582 2856 1705 2911 sint.

127 2955 306 3008 Etimt
365 2952 653 3019 pernicioa
714 2952 961 3005 animalia
1026 2967 1403 3020 nonnunquam
1464 2962 1706 3021 prosunt.

128 3045 307 3096 Ilonto
340 3040 463 3093 feris
501 3042 667 3108 pejor.
705 3040 829 3109 Ejus
861 3040 1077 3094 audacia
1125 3050 1177 3095 et
1228 3042 1564 3110 perversitas.
1596 3041 1711 3094 Ca:-

1803 496 1891 549 da.
1923 497 2233 563 Captatores
2271 511 2494 550 annona:
2522 504 2575 551 et
2600 497 2749 550 avari
2779 497 3149 566 objurgantur.
3181 497 3374 552 Exem-

1802 584 1943 652 plum
1990 586 2166 639 divitis
2208 585 2464 653 damnati,
2497 586 2583 654 qui
2634 601 2697 640 ex
2746 586 2929 639 inferis
2980 586 3312 654 refrigerium
3342 604 3370 640 a

1803 673 2002 727 Lazaro
2048 690 2277 743 paupere
2308 675 2628 744 pestulabat.
2674 674 2835 729 Multo
2878 676 3045 744 magis
3086 677 3371 731 damnandi

1802 766 1893 835 qui
1925 767 2096 820 aliena
2115 753 2346 836 rapiunt.
2377 769 2484 822 Nec
2512 768 2731 833 divitia‘,
2762 784 2858 822 nec
2883 770 3083 837 quaevis
3108 769 3208 822 alia
3236 770 3373 823 bona

1804 858 2129 925 pra-ferenda
2153 868 2276 914 sunt
2318 860 2443 926 Deo,
2472 861 2711 913 omnium
2740 858 2931 913 datori.
2958 859 3196 914 Peritura
3237 874 3369 914 eon-

1804 948 2083 1001 tetnnenda
2116 958 2267 1013 sunt,
2300 958 2355 1001 ut
2394 959 2593 1003 aeterna
2637 950 3001 1017 aequirantur.
3030 949 3084 1002 Id
3117 950 3369 1019 exemplo

1802 1054 1900 1093 suo
1944 1054 2040 1092 nos
2069 1040 2248 1093 docuit
2275 1039 2563 1104 Abraham,
2591 1040 2677 1108 qui
2712 1040 2873 1092 filium
2905 1054 3055 1092 suum
3095 1040 3277 1107 jussus
3304 1039 3369 1093 ad

1801 1131 2115 1186 saeriliclum
2147 1132 2323 1185 duxit.
2360 1132 2498 1185 Deus
2526 1134 2743 1185 arietem
2775 1146 2869 1199 pro
2910 1132 3056 1184 Isaac
3096 1131 3370 1201 subrogari

1802 1221 1983 1274 voluit.
2010 1222 2077 1273 At
2100 1236 2201 1274 non
2230 1222 2298 1275 ita
2329 1221 2613 1285 Saturnus,
2648 1221 2833 1273 falsum
2862 1236 3079 1285 numen,
3115 1221 3197 1274 cui
3224 1222 3370 1290 pueri

1802 1310 2086 1380 quotannis
2135 1312 2561 1365 immo'aban'ur.
2620 1310 2755 1364 Dens
2810 1310 3168 1364 Ahrahamum
3209 1311 3374 1365 voluit

1802 1404 2014 1457 creteris
2060 1404 2306 1472 exemplo
2341 1418 2480 1464 esse,
2514 1410 2572 1456 ut
2622 1403 2749 1456 nihil
2798 1404 3137 1472 quantumvis
3186 1418 3368 1456 carum

1804 1495 2030 1549 Domino
2056 1505 2412 1564 praeponatur.
2436 1496 2715 1548 l‘rmmium
2742 1496 3060 1549 obedientire
3083 1494 3368 1549 Abrahami

1805 1586 2086 1653 p05teritas
2117 1586 2233 1654 ejus
2265 1586 2330 1640 ad
2360 1587 2533 1639 omnia
2566 1596 2596 1638 ις
2619 1601 2802 1654 mpora
2834 1596 2887 1640 ct
2916 1587 3156 1655 regiones
3180 1600 3372 1653 propa-

1803 1686 1944 1746 gata.
1976 1676 2129 1730 Aliud
2173 1679 2477 1745 exemplum
2510 1678 2665 1729 trium
2700 1691 2984 1743 puerorum
3030 1676 3118 1744 qui
3165 1675 3220 1727 in
3267 1674 3373 1728 for-

1809 1784 1937 1823 nace
1983 1783 2200 1823 accensa
2236 1769 2387 1822 illaesi
2417 1776 2841 1836 permanserunt.
2875 1767 3059 1821 Daniel
3099 1766 3237 1820 inter
3263 1765 3374 1819 leo-

1808 1876 1921 1913 nes.
1956 1860 2255 1926 Descriptio
2295 1862 2588 1913 venationis
2628 1860 3079 1928 amphitheatralis
3112 1860 3367 1912 ferarum.

1810 1950 2049 2002 llerculis
2095 1949 2331 2002 fabulosa
2376 1951 2544 2002 virtus
2586 1950 2731 2003 cedit
2788 1948 3011 2002 Daniefi.
3073 1946 3373 2002 Crudelitas

1808 2039 1986 2092 Dianze
2014 2039 2272 2093 Tauricae.
2308 2039 2446 2092 Petri
2480 2040 2838 2107 apostolorum
2884 2037 3138 2105 pr'ncipis
3169 2037 3370 2106 prima-

1810 2141 1911 2184 tus.
1952 2130 2074 2198 Ejus
2101 2130 2345 2198 precibus
2390 2131 2569 2183 Roma:
2594 2130 2776 2186 Simon
2807 2130 2984 2198 Magus
3014 2130 3370 2198 prazcipitatus

1808 2231 1906 2275 est.
1936 2221 2057 2275 [late
2084 2221 2290 2290 aliaque
2321 2220 2622 2288 hujusmodi
2660 2236 2722 2274 ex
2770 2220 2893 2284 ﬁde,
2926 2234 3020 2287 spe
3042 2229 3094 2273 et
3118 2219 3376 2273 orationi-

1811 2314 1907 2367 bus
1954 2313 2017 2366 ad
2069 2314 2233 2366 Deum
2265 2321 2661 2380 prt‘cesserunt.
2712 2311 3073 2365 Ethniei'vero
3104 2311 3251 2379 plura
3285 2325 3377 2363 att-

1808 2405 1974 2459 dae'a:
2020 2404 2251 2459 facinora
2306 2405 2539 2473 aggressi
2585 2414 2707 2457 sunt
2738 2420 2840 2457 non
2870 2419 2963 2472 spe
3011 2405 3134 2457 vita:
3163 2411 3377 2458 aeterna:

1813 2498 2059 2565 permoti,
2094 2495 2189 2549 sed
2220 2494 2335 2549 solo
2369 2510 2551 2549 amore
2602 2493 2775 2548 laudis
2804 2503 2890 2546 aut
2925 2496 3129 2562 patrim.
3177 2493 3376 2547 Mente-

1811 2602 1960 2652 ceu=,
1994 2587 2131 2641 filius
2161 2585 2433 2648 Creontis,
2486 2601 2551 2639 nc
2599 2595 2749 2653 pater
2798 2600 3017 2654 regnum
3067 2584 3376 2652 amitteret,

1812 2678 2043 2744 seipsum
2073 2677 2291 2730 orcidit.
2318 2676 2693 2729 Thebanorum
2727 2689 2946 2743 regnum
2974 2678 3249 2742 tragicum.
3274 2676 3369 2728 Co-

1811 2767 1937 2821 drus
1964 2784 2056 2836 pro
2086 2768 2252 2835 patria
2298 2766 2363 2817 ab
2393 2764 2637 2818 hoStihus
2683 2765 2867 2817 volens
2898 2765 3245 2832 interemptus
3275 2773 3376 2817 est.

1814 2857 2059 2911 Leonida:
2100 2872 2217 2909 cum
2263 2857 2441 2925 paucis
2474 2854 2898 2908 L-~codabmoniis
2940 2854 3110 2907 audax
3142 2856 3379 2923 prmlium

1812 2950 1877 3003 ad
1915 2950 2110 3003 Therm
2151 2949 2319 3018 pylas.
2351 2947 2559 3001 Phileni
2610 2947 2799 2999 fratres
2820 2944 3284 3012 CarthaginienSrs
3323 2960 3379 2999 se

1813 3042 1957 3095 vivos
1987 3040 2228 3094 comburi
2260 3039 2400 3107 passi
2427 3047 2571 3106 sunt,
2604 3046 2661 3091 ut
2702 3036 2888 3107 patria:
2934 3037 3067 3091 fines
3097 3035 3252 3089 latius
3281 3049 3378 3089 ex-

130 3145 243 3187 tera
292 3132 467 3185 omnia
500 3130 690 3184 divinis
722 3139 907 3198 parent
962 3131 1178 3199 legibus.
1230 3132 1483 3186 Homines
1537 3146 1709 3200 neque
1737 3110 1783 3173 (ἶ
1816 3132 2173 3187 tenderentur.
2207 3131 2557 3185 Brutuslmsa:
2603 3127 2867 3197 pudicitia:
2910 3128 3066 3189 ultor,
3127 3126 3379 3181 libertatis

132 3228 226 3289 ira,
263 3238 438 3291 neque
469 3223 659 3291 pietate
705 3221 796 3274 Dei
835 3231 1167 3275 coercentur.
1202 3222 1464 3274 Diluvium
1498 3222 1737 3274 univer-.

132 3315 242 3368 sale
281 3314 352 3364 ad
401 3313 642 3364 homines
674 3310 1017 3378 plectendos;
1054 3310 1141 3379 qui
1174 3319 1289 3375 post
1316 3310 1570 3362 diluvium
1595 3324 1712 3363 sce—

135 3407 241 3459 lera
280 3413 578 3457 resumunt.
617 3403 1009 3457 Soilomitarum
1044 3416 1196 3470 poena
1223 3401 1465 3454 incendio
1490 3416 1713 3469 pereun-

134 3497 289 3549 tium.
346 3494 637 3547 (Llementia
686 3493 777 3546 Dei
808 3493 859 3545 in
894 3502 1116 3561 utroque
1160 3492 1440 3561 supplicio.
1476 3492 1606 3545 Loth
1646 3492 1713 3546 ab

134 3586 255 3654 igne
280 3585 554 3647 liberatur,
582 3594 633 3636 ut
664 3582 773 3637 Noe
812 3598 839 3635 a
871 3583 1091 3636 diluvio.
1118 3582 1307 3637 Pinnas
1338 3582 1579 3635 homines
1628 3583 1712 3636 in-

134 3682 381 3737 currunt,
418 3674 535 3740 quia
565 3688 593 3726 a
637 3673 746 3726 Deo
777 3673 960 3725 moniti
1003 3687 1107 3725 non
1156 3672 1533 3739 corripiuntur.
1571 3672 1713 3725 Ριξῗὶ-

136 3767 268 3818 ῡίιιις
303 3764 598 3827 hominum,
629 3763 671 3815 si
697 3778 798 3815 non
822 3771 1147 3831 peccassent.
1176 3762 1457 3816 Peecatmn
1491 3763 1712 3830 angelo-

136 3870 252 3923 rum
302 3852 611 3927 horninibus
665 3853 989 3905 excusationi
1018 3867 1136 3906 esse
1182 3868 1287 3905 non
1340 3862 1530 3921 potest,
1561 3868 1714 3922 pinna

137 3944 335 3998 terrori
367 3958 484 3996 esse
513 3943 686 3996 debet.
722 3942 811 3996 Dei
843 3942 1121 3997 clementia
1139 3956 1260 4013 erga
1292 3946 1555 4009 homines,
1584 3960 1715 4012 quos

136 4036 390 4089 Christus
422 4034 661 4086 redemit.
688 4034 908 4087 Perfidia
932 4032 1261 4087 .Iudmorum.
1285 4032 1479 4085 Christi
1518 4036 1712 4101 passio,

138 4146 310 4191 mors,
352 4127 705 4188 resurrectio,
738 4126 979 4180 ascensio
1012 4128 1060 4179 in
1085 4126 1547 4194 caalos,judicinm
1581 4126 1717 4178 futu-

140 4236 277 4274 rum.
310 4217 535 4271 Fructus
559 4218 819 4285 passionis
841 4217 1062 4282 Christi,
1086 4233 1204 4286 qua:
1232 4220 1389 4270 etiam
1418 4217 1566 4270 Judae
1594 4232 1714 4285 pro-

141 4308 351 4370 fuisset,
385 4307 483 4359 nisi
528 4308 881 4370 dcsoerasset.
912 4307 1204 4360 Conversio
1250 4307 1417 4361 Pauli.
1459 4308 1616 4361 Fides
1662 4310 1711 4361 in

141 4399 310 4452 Deum
364 4398 522 4450 multa
572 4397 794 4451 obtn-ct.
837 4396 1015 4451 Gratia
1067 4397 1158 4451 Dei
1214 4398 1461 4452 omnibus
1517 4400 1715 4453 oblata.

142 4489 403 4555 Exempla
428 4489 542 4542 fidei
595 4489 644 4541 iu
695 4490 1010 4553 Abrahamo,
1061 4488 1248 4557 Tobia,
1303 4490 1540 4555 Davide,
1592 4490 1721 4543 Eze-
1751 4472 1798 4529 Π

144 4579 338 4639 εΙιίεΙ·-,
375 4579 521 4629 Anna
564 4577 828 4630 Samuelis
880 4584 1067 4630 matre.
1102 4576 1323 4631 Precum
1376 4579 1509 4645 apud
1555 4579 1719 4633 Deum

146 4671 221 4721 vis
259 4679 322 4721 et
359 4667 610 4720 eflicacia.
646 4666 924 4718 Zacharias
944 4677 1092 4736 pater
1122 4668 1177 4723 S.
1220 4668 1438 4722 Joannis
1471 4669 1721 4737 Baptista:

150 4761 369 4825 punitus
414 4757 552 4825 quod
599 4758 816 4825 credere
861 4758 1172 4811 distulisset.
1206 4760 1294 4811 Dei
1348 4759 1717 4813 misericordia

149 4850 327 4917 major
359 4850 513 4919 115
544 4864 699 4918 quam
724 4848 949 4916 jllslllia.
974 4851 1078 4903 Cur
1119 4849 1257 4904 Deus
1289 4852 1585 4905 sceleratos
1619 4852 1717 4905 ho-

146 4942 326 4994 mines
363 4942 426 4992 ail
458 4951 783 4994 senectutem
828 4956 930 4993 non
964 4941 1224 5010 perducit,
1258 4950 1313 4995 ιιι
1340 4954 1721 4996 eoiiver:antur

150 5034 213 5087 ad
242 5050 390 5087 eum.
441 5034 771 5088 Sacrificium
828 5035 935 5087 Deo
980 5050 1071 5088 eor
1112 5045 1416 5088 e.-ntr.tum.
1483 5036 1721 5089 Eteetno-

150 5139 280 5193 syna
331 5126 717 5179 commemlata.
782 5126 1074 5193 Paupernm
1124 5126 1390 5179 orationes
1439 5126 1719 5194 plurimum

152 5216 287 5281 apud
325 5214 363 5266 D
400 5231 483 5267 nm
508 5216 702 5269 valent.
731 5216 1037 5282 Exemplum
1060 5217 1297 5270 Tahithre
1320 5234 1347 5268 a
1376 5229 1543 5271 morte
1572 5234 1723 5271 revo-

152 5316 304 5360 catze.
337 5307 491 5361 Avari
521 5308 887 5375 ohjurgantur.
916 5309 954 5360 υ
977 5308 1005 5361 -i
1029 5308 1234 5376 justitia
1264 5317 1315 5361 et
1344 5308 1718 5362 misericordia

154 5397 203 5451 in
228 5400 455 5451 transitu
498 5398 604 5453 lsra
642 5400 793 5452 htaru
819 5416 847 5450 u
877 5414 968 5467 per
996 5415 1140 5454 mare
1183 5398 1414 5452 Rubrim
1454 5397 1721 5468 Egyptiis

154 5489 467 5542 submersis.

616 5580 937 5636 SYNOPSIS
977 5580 1151 5635 LIBRI
1194 5582 1275 5634 Ill.

224 5668 325 5725 Dei
353 5670 555 5741 laudes,
598 5671 800 5727 infinita
835 5673 1072 5739 scientia,
1122 5674 1347 5743 justitia,
1381 5673 1657 5727 clementia
1686 5714 1702 5741 ,

1820 3226 1978 3296 116
2023 3235 2280 3287 assertor,
2330 3223 2529 3277 liberos
2579 3236 2706 3275 suos
2751 3222 2921 3275 securi
2973 3220 3174 3288 percuti
3201 3219 3377 3287 jussit.

1813 3316 2099 3384 Virginius,
2130 3330 2197 3369 ne
2225 3313 2473 3383 Virginiae
2528 3313 2647 3365 filia:
2680 3311 2977 3365 libertatem
3024 3321 3075 3364 et
3124 3309 3381 3379 pudorem

1816 3406 1925 3474 rapi
1954 3414 2216 3469 cerneret,
2253 3418 2369 3457 eam
2391 3404 2563 3457 cultro
2590 3402 2851 3456 confodit.
2882 3401 3186 3471 Torquatus
3218 3402 3382 3455 tilium

1778 3482 2089 3557 'victorem,
2142 3494 2283 3563 quod
2333 3504 2517 3547 contra
2566 3491 2803 3547 edictuin
2847 3503 3194 3562 pugnaverat,
3228 3494 3385 3551 morti

1815 3586 2155 3655 adiudicavit,
2192 3585 2660 3653 ingemiscentibus
2691 3586 2961 3640 omnibus.
2994 3585 3205 3640 Curtius
3235 3586 3285 3639 in
3312 3586 3386 3639 la-

1816 3693 1932 3731 eum
1962 3690 2020 3728 se
2053 3660 2375 3746 pnecipitem
2406 3675 2568 3728 dedit.
2620 3676 2871 3745 Regulus,
2902 3693 2966 3729 ne
3008 3677 3161 3731 fidem
3206 3676 3381 3731 datam

1818 3760 2101 3836 fhmgoret,
2154 3768 2292 3819 ultro
2317 3765 2697 3834 Carthaginem
2753 3766 2916 3820 rediit
2964 3767 3028 3819 ad
3082 3782 3223 3820 saeva
3279 3776 3387 3820 tor-

1819 3871 2004 3910 menta
2038 3866 2092 3910 et
2118 3857 2544 3910 crudelissimam
2593 3864 2839 3910 mortem.
2894 3856 3112 3926 Sagunti
3162 3857 3293 3910 fides
3336 3867 3389 3910 et

1817 3948 2137 4001 coastantia.
2198 3946 2435 4000 Feminm
2484 3947 2677 4013 etiam,
2726 3955 2783 4001 ut
2828 3947 2892 3999 ad
2926 3951 3126 4001 scelera
3158 3948 3387 4002 audaces

1818 4054 1959 4107 sunt,
1985 4042 2052 4094 it-t
2078 4043 2290 4111 egregia
2322 4041 2555 4095 facinora
2575 4054 2719 4109 saepe
2749 4032 3388 4109 aggreditmturfludith,

1822 4138 2101 4192 llululerne
2127 4140 2324 4202 occiso,
2351 4135 2570 4203 patriam
2600 4135 2860 4188 liberavit.
2885 4135 3170 4205 Thamyris
3196 4132 3392 4206 Cyrum

1819 4229 2044 4297 subegit.
2086 4227 2298 4281 Ewdne
2347 4243 2530 4296 rogum
2561 4243 2662 4296 quo
2703 4228 2883 4281 mariti
2933 4243 3127 4296 corpus
3170 4229 3390 4283 ardebat

1821 4320 2157 4374 conscendit.
2192 4320 2327 4374 Dilo
2353 4320 2450 4373 sibi
2481 4320 2579 4388 ipsi
2626 4336 2809 4389 pyram
2842 4320 3166 4374 construxit.
3196 4319 3392 4373 Lucrcs

1824 4416 1892 4469 tia
1920 4415 2022 4468 sibi
2066 4430 2253 4467 manus
2285 4414 2482 4466 intulit.
2512 4414 2695 4467 Plures
2718 4415 2837 4466 alia:
2861 4415 3064 4466 scelera
3108 4424 3195 4465 aut
3226 4414 3317 4464 ard
3344 4429 3387 4465 ia

1824 4506 2054 4561 facinora
2091 4505 2427 4573 perfecerunt
2468 4520 2649 4556 amore
2694 4504 2881 4565 laudis,
2913 4513 3000 4555 aut
3051 4518 3145 4570 pro
3176 4503 3392 4554 numine

1825 4612 1960 4649 vano
1991 4596 2231 4661 deorum,
2259 4610 2323 4647 ex
2349 4593 2538 4661 quibus
2568 4592 2693 4645 nihil
2720 4592 2841 4645 boni
2876 4592 3002 4644 oriri
3035 4596 3203 4655 potes‘t
3232 4632 3245 4651 ,
3273 4606 3390 4665 cum

1823 4687 1967 4740 solus
1998 4688 2062 4738 sit
2091 4700 2222 4737 unus
2253 4697 2410 4736 verus
2457 4682 2618 4745 Deus,
2654 4680 2965 4745 immensus,
3000 4688 3229 4737 :eternus
3256 4719 3270 4741 ,
3301 4681 3391 4745 qui

1825 4793 2017 4847 parens
2067 4784 2249 4829 noster
2276 4785 2378 4840 est,
2422 4774 2574 4840 cujus
2625 4788 2723 4826 nos
2748 4773 2836 4825 filii
2864 4787 3068 4824 Sumus.
3123 4772 3219 4825 Cui
3270 4787 3389 4825 cum

1823 4883 2009 4922 omnes
2038 4882 2122 4921 res
2171 4874 2363 4920 crcatm
2415 4864 2751 4928 famulentur,
2789 4863 2957 4915 audax
3000 4874 3051 4916 et
3098 4864 3388 4915 sceleratus

1825 4958 1991 5012 homo
2009 4966 2109 5024 est,
2136 4957 2178 5009 si
2207 4956 2323 5025 ejus
2350 4954 2508 5024 jussis
2541 4968 2729 5022 parere
2760 4954 3003 5022 negligat.
3031 4953 3310 5008 Confessio
3340 4964 3393 5007 et

1826 5050 2132 5119 pmaiitcntia
2167 5049 2395 5100 Dracont
2421 5048 2453 5099 i.
2474 5046 2762 5099 Enumerat
2789 5060 3053 5098 mrumnas
3088 5047 3135 5096 in
3164 5060 3295 5112 quas
3327 5043 3394 5095 ob

1824 5140 2043 5193 crimina
2095 5136 2372 5191 inc'derat.
2430 5136 2566 5189 Petit
2607 5137 2813 5190 veniam
2855 5153 2881 5190 a
2913 5136 3041 5188 Dei.
3080 5135 3390 5202 Exemplum

1825 5228 1941 5284 Jobi
1968 5226 2243 5296 proponit,
2276 5235 2330 5280 et
2374 5241 2617 5280 resurrec
2644 5226 2840 5281 ionem‘
2866 5225 3138 5278 aridorum
3169 5240 3384 5277 ossuum

1824 5317 1963 5388 apud
1996 5316 2351 5379 Ezeeliielem,
2380 5331 2535 5384 quam
2562 5315 2813 5385 graphice
2843 5314 3100 5383 depingit.
3127 5312 3396 5367 Nabucho-

1824 5411 2101 5465 donosoris
2132 5407 2458 5475 ptenitcnt'a.
2494 5407 2681 5460 Preces
2718 5406 2978 5459 Dracontii
3010 5406 3074 5457 ad
3105 5405 3269 5458 Deum
3298 5419 3395 5472 pro

1824 5500 2138 5554 liberatione
2160 5518 2184 5547 a
2205 5498 2429 5551 vinculis
2467 5507 2512 5552 et
2533 5513 2624 5567 pro
2648 5496 2714 5551 bo
2758 5498 2801 5550 is
2835 5495 2988 5565 hujus
3007 5504 3163 5564 atque
3182 5504 3393 5549 retenta:

1826 5594 1944 5648 vitm
1971 5592 2379 5661 consequendis.
