3942 6310
156 259 251 317 681

318 371 584 440 Fulmina,
608 372 839 445 nimbus,
868 374 1063 447 hiems,
1088 374 1337 445 tonitrus,
1366 375 1477 445 lux,
1499 375 1732 441 ﬂamma,
1764 378 1816 437 Α
1845 373 1909 427 10

1417 470 1652 535 rocellte,

1357 471 1652 544 [procellam

319 563 549 633 Caelum,
577 574 738 631 terra,
758 564 938 636 jubar,
963 566 1148 658 chaos,
1176 566 1311 631 axis,
1337 564 1575 628 ﬂumina,
1601 578 1729 632 pon-

1527 658 1655 729 ltus,

324 751 412 809 Vel
434 752 691 823 quidquid
720 762 907 809 natura
938 752 1087 810 dedit
1120 762 1383 824 praecepta
1412 766 1619 808 creare.

1378 252 1661 315 CARMEN
1701 253 1791 313 DE
1812 254 1984 313 ’DEO.
2028 252 2156 310 LlB.
2198 250 2239 310 1.

3323 244 3432 306 682

2019 370 2128 424 Hoc
2156 366 2285 436 agit,
2315 370 2370 420 et
2398 361 2641 433 sequitur
2670 359 2834 419 variis
2863 358 2965 417 sub
2993 356 3200 414 casibus
3234 358 3366 427 iras,

2020 463 2177 534 120
2207 460 2270 514 Et
2304 459 2388 528 pia
2415 465 2538 512 vota
2569 455 2664 511 Dei
2695 444 2907 511 miseris
2939 453 3081 517 hinc,
3102 451 3225 507 inde
3257 452 3428 507 beatis

2000 556 2118 611 Pro
2148 554 2353 609 meritis
2381 566 2613 619 morum,
2648 565 2745 621 pro
2770 560 2919 604 certo
2950 548 3164 603 tramite
3196 548 3337 602 vitm.

2089 648 2398 717 Paupertas,
2426 661 2595 712 mors,
2628 644 2758 711 vita,
2786 642 2951 705 salus,
2984 642 3279 712 opulentia,
3316 641 3430 695 lan-

3180 735 3353 806 [ευυτν

1450 881 1688 940 ΫΑΒΙᾹΞ
1730 878 2132 938 LECTIONES.

211 1001 297 1056 11.
345 1002 482 1068 Vat.,
513 1002 633 1058 hinc
657 1012 809 1072 atque
829 1002 1003 1058 beatis.

1915 994 2001 1048 15.
2044 993 2188 1059 γει,
2214 993 2338 1060 vita,
2361 990 2543 1058 scelus,
2576 989 2857 1061 opulentia.

1664 1113 1896 1172 ΝΟΤιΕ.

141 1245 238 1301 gae.
288 1228 392 1285 Sed
445 1230 615 1285 multo
661 1230 831 1299 magis
855 1230 1057 1285 arridet
1095 1230 1316 1301 quinque
1348 1228 1532 1297 pingat,
1565 1242 1724 1296 quam

140 1299 447 1371 simpliciter
485 1302 651 1372 plaga:
689 1318 709 1355 :
750 1318 870 1355 nam
921 1299 1114 1371 postea
1156 1299 1397 1370 sequitur
1438 1308 1726 1372 septemque

140 1370 273 1443 poli.
320 1380 373 1425 ct
416 1370 649 1443 quinque
693 1370 966 1443 plagarum
1026 1372 1230 1426 mentio
1279 1384 1532 1443 expressa
1584 1370 1723 1443 apud

140 1438 318 1510 poetas
347 1438 505 1496 obvia
545 1438 647 1513 est,
683 1438 815 1513 quas
850 1458 1011 1496 zonas
1035 1445 1196 1497 etiam
1226 1451 1439 1513 vocant.
1466 1438 1724 1513 Virgilius

137 1514 229 1568 lib.
262 1529 361 1579 vn,
394 1526 539 1567 vers.
571 1510 798 1577 226,'Et
823 1514 1017 1583 siquem
1045 1523 1245 1567 extenta
1293 1511 1561 1580 plagarum
1588 1510 1728 1583 Qua-

138 1596 244 1638 tuor
265 1584 319 1636 in
351 1586 513 1637 medio
539 1585 731 1637 dirimit
766 1582 919 1656 plaga
947 1585 1071 1638 solis
1099 1585 1282 1656 iniqui,
1307 1592 1367 1656 et
1388 1582 1584 1656 Georg.
1626 1582 1720 1636 111).

138 1671 180 1717 ι,
212 1669 353 1708 vers.
384 1657 491 1710 253
533 1671 710 1725 seqq.,
767 1653 868 1709 eas
891 1656 1112 1725 pulchre
1142 1655 1399 1709 describit
1432 1670 1446 1707 :
1485 1653 1724 1720 Quinque

1835 1229 2072 1299 fuissent.
2108 1225 2309 1299 Poterit
2338 1222 2496 1299 etiarn
2527 1222 2615 1299 hic
2636 1237 2830 1299 versus
2856 1226 3102 1281 connecti
3133 1241 3252 1299 cum
3282 1242 3428 1299 seq.,

1844 1298 1935 1352 Vel
1956 1298 2202 1373 quidquid
2227 1307 2412 1350 natura
2437 1295 2597 1349 dedit.
2626 1293 2892 1365 Praecepta
2921 1299 3128 1353 creandi
3153 1298 3279 1353 Ilico
3298 1293 3428 1373 agit,

1838 1381 1885 1423 et
1915 1371 2162 1437 sequitur,
2193 1378 2297 1422 etc.

1910 1436 1997 1493 10.
2035 1439 2278 1508 Intelligo
2304 1452 2519 1493 carmen
2551 1451 2709 1507 agere
2738 1436 2861 1504 hoc,
2893 1446 2951 1493 ut
2980 1438 3223 1497 homines
3259 1442 3311 1498 in
3339 1439 3436 1500 re;

1834 1510 1935 1566 bus
1973 1514 2171 1566 creatis
2203 1513 2366 1582 Deum
2401 1517 2714 1582 agnoscant,
2744 1518 2796 1564 et
2811 1518 3084 1582 praeterea
3129 1516 3298 1582 sequi,
3332 1532 3431 1573 seu

1837 1597 2057 1637 narrare
2084 1596 2243 1650 opera
2278 1580 2373 1634 ira:
2400 1591 2457 1635 et
2485 1580 2785 1634 clementiae
2811 1580 2903 1634 Dei
2936 1598 2951 1635 ε
2975 1592 3031 1635 ιιι
3061 1598 3179 1637 cum
3202 1580 3434 1643 Juvena-

1833 1652 1919 1718 lis,
1951 1663 2052 1727 sat.
2086 1670 2120 1717 ι,
2150 1666 2289 1727 vers.
2317 1652 2406 1714 86,
2434 1663 2805 1727 argumentum
2831 1653 3090 1727 proponit
3118 1671 3132 1707 :
3168 1656 3432 1727 Quidquid

138 1702 295 1779 tenent
327 1728 509 1779 cretum
536 1702 710 1791 aonie:
734 1736 861 1781 εις..
891 1702 953 1780 ἰιι
984 1725 1203 1779 Ovidius
1236 1726 1327 1778 lib.
1359 1740 1375 1778 ι
1418 1702 1541 1779 Μᾶ.
1578 1702 1721 1781 νείε.
1755 1702 1804 1762 Β
1829 1702 1991 1792 agunt
2034 1702 2284 1795 homines,
2328 1702 2525 1788 velum:
2557 1722 2744 1795 timor,
2764 1702 2865 1795 ira:
2908 1702 3425 1795 ttblttptas,‘Gauyia,

134 1796 200 1848 45
241 1812 394 1867 seqq.
440 1798 756 1851 Dracontius
788 1797 937 1865 Eleg.
974 1812 1114 1850 vers.
1147 1797 1215 1850 89
1253 1812 1389 1864 seq.,
1432 1795 1724 1861 Temperies

134 1867 241 1937 ctuti
269 1866 490 1920 medium
521 1884 608 1921 nec
642 1867 863 1935 possidet
890 1868 1079 1932 orbem,
1116 1867 1256 1920 Nunt
1278 1867 1339 1918 de
1358 1868 1583 1936 quinque
1611 1866 1724 1931 pla-

133 1939 226 2010 gis:
255 1939 351 2010 vix
398 1939 545 1991 habet
601 1939 711 2004 ipsa
739 1938 888 1991 duas.
917 1939 1136 1994 Veteres
1176 1945 1379 2010 septem
1438 1937 1587 2010 polos
1628 1952 1724 1993 seu

134 2008 289 2079 caelos
320 2008 735 2076 disttngttebant,
771 2011 1009 2064 nonnulli
1058 2012 1259 2079 plures,
1283 2009 1372 2063 alii
1413 2009 1718 2078 pauciores.

132 2078 382 2133 Paulinus
412 2094 585 2147 poem.
620 2080 738 2144 ttlt.,
779 2079 895 2133 Hoc
921 2078 1073 2134 etiam
1111 2080 1313 2143 cwlum,
1344 2080 1479 2148 quod
1515 2095 1606 2132 nos
1634 2096 1724 2131 su-

132 2151 271 2204 blime
314 2152 563 2222 videmus,
614 2149 719 2222 Sex
768 2151 885 2203 aliis
928 2152 1066 2220 infra
1093 2162 1167 2205 est
1203 2151 1370 2222 spatio
1399 2150 1720 2222 surgentibus
1766 2210 1769 2215 η

133 2237 286 2289 rrquo,
333 2221 551 2287 Postque
597 2220 805 2275 thronos
849 2233 1057 2292 septem,
1104 2220 1373 2275 etc.‘A|ia
1423 2221 1616 2290 protuli
1668 2221 1719 2275 in

133 2302 419 2362 comment.
451 2293 516 2345 ad
551 2292 895 2347 Prudentium
931 2294 1115 2362 ltymn.
1151 2294 1180 2343 7
1223 2292 1405 2357 Cath.,
1448 2306 1592 2346 vers.
1625 2292 1715 2356 56,

131 2361 245 2416 Non
268 2372 392 2415 ante
422 2362 532 2416 caeli
560 2365 841 2433 principem
869 2361 1240 2434 septemplicis.
1264 2364 1317 2417 In
1349 2362 1542 2417 mendo
1572 2362 1722 2416 codi-

130 2433 198 2487 cis
228 2449 332 2489 ms-
361 2435 579 2495 lunaque
608 2445 655 2487 et
683 2436 866 2496 omnis.
900 2436 980 2487 vel
1015 2433 1185 2489 omnes
1215 2435 1405 2502 conjici
1436 2443 1610 2503 potest
1640 2434 1722 2485 lu-

129 2521 301 2575 naque,
345 2514 390 2557 et
418 2504 594 2573 aether,
627 2506 711 2559 vel
743 2514 793 2559 et
833 2506 989 2575 ignis,
1023 2522 1145 2560 nam
1183 2520 1327 2574 sazpe
1352 2504 1419 2559 de
1452 2506 1571 2573 igne
1601 2518 1718 2559 etB-

129 2574 238 2629 lcsli
267 2577 477 2629 mentio
506 2576 742 2630 occurrit
770 2574 909 2643 apUd
950 2575 1293 2631 Dracontiunt
1320 2593 1334 2641 ;
1372 2575 1455 2631 vel
1483 2585 1529 2629 et
1559 2576 1716 2638 orbis,

128 2646 199 2718 vel
226 2657 269 2700 et
296 2647 480 2699 omnia
512 2646 715 2718 Sidera,
759 2649 926 2715 signa,
963 2663 1056 2716 per
1102 2646 1396 2718 synaeresin
1439 2648 1633 2718 omnia,
1663 2654 1724 2701 ut

130 2717 267 2772 initio
297 2718 396 2771 lib.
430 2733 481 2772 vl
514 2717 742 2783 Virgilti.
800 2718 936 2783 Quin
975 2716 1206 2785 protinus
1253 2719 1425 2771 omnia
1478 2716 1719 2788 Perlege-

132 2797 229 2839 rent
260 2791 458 2852 oculis;
483 2790 563 2841 γει
604 2789 843 2855 lunaque,
878 2791 990 2842 caeli
1034 2789 1239 2852 Sidera,
1275 2789 1357 2842 vel
1385 2788 1586 2858 aliquid
1621 2790 1721 2841 hu-

132 2858 368 2932 iusmodi.
404 2859 639 2932 Prazfero
661 2871 842 2932 autem
863 2860 1103 2932 (tntaque,
1132 2870 1174 2913 et
1199 2870 1339 2913 astra
1364 2875 1381 2913 :
1404 2874 1524 2913 nam
1556 2859 1718 2914 etiam

132 2930 218 2983 lib.
263 2947 325 2998 ιι,
363 2945 511 2985 vers.
564 2930 691 2999 205,
753 2930 916 2985 simtli
958 2932 1361 2985 enumeratione
1412 2946 1539 2984 usus
1585 2939 1716 2983 est:

133 3002 334 3071 Agmina
368 3012 419 3054 te
456 3011 730 3066 astrorum,
755 3011 801 3055 te
830 3003 976 3071 signa
1010 3013 1056 3054 et
1080 3002 1249 3055 sidera
1280 3002 1509 3055 laudant.
1554 2999 1722 3052 Isido-

1828 1797 2090 1849 discursus
2122 1794 2281 1848 nostri
2321 1806 2393 1848 est
2433 1794 2645 1864 farrago
2687 1793 2865 1847 libelli.
2907 1793 3030 1848 Non
3066 1797 3208 1851 male
3244 1793 3430 1864 sequor

1830 1882 2112 1939 pronarro
2136 1875 2421 1939 usurpatur
2452 1882 2465 1917 :
2492 1865 2570 1939 sic
2588 1865 2791 1939 Seneca
2824 1864 2874 1919 itt
2899 1865 3094 1939 Troad.
3128 1883 3267 1922 vers.
3294 1870 3427 1939 256,

1826 1935 2079 2009 Inclytasi
2107 1938 2286 1990 laudes
2305 1938 2487 2009 juvat,
2522 1934 2589 2009 Et
2621 1938 2763 2009 clara
2792 1937 2963 2007 magni
3004 1940 3143 2007 facta
3181 1934 3432 2009 genitoris

1823 2010 1986 2075 sequi.
2038 2008 2153 2062 Non
2190 2006 2319 2062 vero
2355 2007 2487 2060 mihi
2518 2006 2797 2075 displiCeat
2837 2006 2915 2061 sic
2961 2006 3267 2073 restituere,
3297 2010 3429 2067 Haec

1824 2080 2009 2132 etenim
2034 2079 2361 2151 exsequitur,
2394 2078 2480 2132 vel
2512 2076 2641 2130 Hcce
2679 2092 2919 2151 namque,
2953 2090 3043 2132 aut
3070 2081 3194 2148 qttid
3223 2082 3422 2151 simile,

1826 2157 1887 2203 ut
1914 2150 2243 2217 intelligatur
2274 2158 2484 2211 natura,
2514 2163 2631 2218 qum
2658 2148 2968 2216 exsequitur
2991 2151 3097 2203 iras
3118 2161 3171 2204 et
3198 2154 3281 2218 pia
3303 2148 3426 2210 vota

1828 2220 1943 2275 Dei.
1974 2220 2029 2274 ln
2060 2220 2195 2275 hanc
2220 2219 2540 2273 sententiam
2569 2217 2801 2286 Prosper
2826 2219 2994 2290 epigr.
3023 2221 3076 2285 5,
3105 2217 3427 2290 Principium

1826 2291 2005 2363 mundi
2028 2290 2162 2344 Deus
2185 2300 2279 2357 est,
2303 2305 2401 2357 quo
2422 2298 2609 2363 cuncta
2630 2286 3005 2363 moventurgEt
3025 2302 3137 2357 qua:
3159 2286 3428 2363 perniittit,
3479 2286 3487 2303 ’

1822 2363 1900 2413 rel
1914 2362 2060 2429 jubet
2090 2372 2288 2423 auctor,
2319 2370 2499 2430 agunt.
2534 2360 2665 2412 Hinc
2696 2359 3019 2412 mutabilium
3046 2377 3214 2415 rerum
3245 2359 3430 2419 immul-

1826 2433 1995 2486 tabilis
2018 2433 2144 2486 ordo
2166 2432 2237 2485 ZE
2245 2438 2372 2485 terni
2410 2431 2578 2502 servit!
2606 2430 3066 2502 legibus__artiﬁris.
3106 2430 3271 2502 Inque
3304 2453 3428 2492 suos

1826 2503 1953 2571 ﬁnes
1984 2504 2214 2572 procedit
2247 2518 2458 2572 quicque
2496 2498 2751 2564 voluntas,
2787 2498 2899 2553 Nec
2926 2503 3081 2555 variis
3107 2498 3300 2559 meritis
3342 2525 3430 2560 ar-

1825 2570 1955 2654 biter
1980 2570 2340 2654 tequusubest,
2365 2570 2536 2654 quda
2562 2588 2762 2654 regens,
2793 2572 2921 2654 uires
2951 2573 3191 2654 tribuens,
3217 2591 3428 2654 peccata

1826 2645 2107 2709 remittens,
2144 2644 2292 2699 Mitis
2316 2642 2577 2711 subjectis,
2611 2642 2915 2713 imp/acidus
2956 2646 3184 2699 tumidis.
3217 2642 3304 2700 'Ut
3337 2665 3427 2703 nec

1826 2732 1974 2782 paena
2004 2717 2193 2768 malum
2233 2729 2551 2783 quemquam,
2587 2729 2678 2787 nec
2713 2713 2878 2787 gloria
2906 2714 3422 2787 justurruSuscipiat,

1831 2787 1932 2839 nisi
1963 2802 2079 2839 cum
2110 2787 2262 2839 laude
2285 2795 2334 2837 et
2356 2788 2547 2838 honore
2576 2783 2689 2836 Dei.
2732 2783 3065 2845 Dracontius,
3100 2784 3244 2854 Eleg.
3282 2783 3423 2845 vers.

1828 2856 1916 2922 15,
1960 2858 2221 2931 Quidquid
2251 2864 2409 2931 agunt
2448 2854 2700 2931 homines,
2739 2854 2893 2931 bona,
2933 2855 3118 2931 Irisjq,
3154 2872 3421 2931 prospera,

1826 2944 2007 2996 prava,
2031 2924 2155 2996 illoc
2181 2924 2297 2993 ﬁeri
2319 2926 2598 2977 admittunt
2624 2924 2701 2975 ira
2732 2924 2971 2996 favorque
3001 2924 3111 2978 Dei.

1906 2999 1985 3051 ll.
2011 2995 2107 3049 Pia
2126 3006 2236 3050 rota
2252 2997 2345 3049 Dci
2366 3000 2592 3050 inttuunt
2611 2993 2950 3049 clementiam
2973 3007 3025 3050 et
3049 2996 3279 3054 favorem
3304 3002 3419 3061 Dei.

131 3066 233 3135 rus,
262 3073 412 3135 Orig.
458 3073 548 3128 lib.
582 3088 665 3137 ιιι,
696 3087 815 3140 cap.
836 3066 924 3135 60,
970 3073 1170 3137 Stella’,
1213 3082 1257 3126 et
1288 3073 1481 3137 sidera,
1516 3081 1560 3124 et
1584 3079 1724 3124 astra
1752 3072 1799 3136 C
1831 3067 1946 3123 Lib.
1978 3084 2035 3135 tt,
2068 3084 2208 3140 vers.
2240 3068 2614 3140 609,Aiterum_
2638 3068 2709 3140 de
2735 3066 2845 3140 Deo
2877 3083 2888 3116 :
2920 3066 3149 3140 Oderunt
3178 3072 3263 3139 pia
3305 3085 3423 3128 vola

131 3142 250 3195 inter
268 3160 321 3198 se
352 3142 622 3210 cli/ferunt.
656 3143 789 3197 Nunt
807 3143 955 3197 stella
978 3144 1292 3212 estqumlibet
1309 3143 1609 3213 singularis.
1638 3142 1725 3196 Si-

131 3214 245 3267 dera
264 3230 383 3268 vero
416 3224 534 3268 sunt
581 3216 740 3269 stellis
772 3215 1007 3280 plurimis
1035 3219 1194 3284 facta,
1226 3224 1280 3268 ut
1306 3213 1552 3284 hyades,_
1568 3213 1725 3279 pleia-

130 3285 228 3357 des.
258 3286 417 3340 Astra
438 3295 619 3357 autent
634 3295 749 3339 sunt
776 3287 935 3339 stellae
951 3281 1194 3357 grandes,
1227 3296 1279 3337 ut
1304 3281 1485 3357 Orion,
1514 3281 1720 3357 Bootes.

131 3354 190 3429 1-1ι
236 3357 287 3411 in
334 3357 437 3411 lib.
468 3372 481 3409 ι
516 3355 699 3411 Diﬂ'er.
732 3357 899 3422 addit,
933 3352 1133 3429 signum
1163 3370 1284 3429 esse
1313 3352 1413 3429 quo
1440 3356 1723 3429 animantis

130 3425 285 3498 imago
317 3430 601 3498 formatur,
644 3436 698 3480 ut
726 3436 924 3491 taurus,
956 3425 1208 3496 scorpius.
1239 3427 1436 3481 Stellas
1466 3440 1598 3479 vero
1633 3426 1723 3498 hic

130 3496 248 3571 dicit
276 3496 405 3553 eése
456 3499 772 3571 multijuges,
819 3508 877 3571 ut
921 3499 1147 3568 hyades;
1191 3499 1368 3571 sidera
1425 3496 1722 3571 autemilla

130 3570 297 3637 quibus
344 3568 1032 3638 navigantes'considerant.
1066 3571 1205 3637 quod
1255 3568 1321 3620 ad
1354 3584 1558 3622 cursum
1588 3568 1719 3620 diri-

128 3650 240 3709 gant
268 3641 563 3705 consilium,
590 3640 679 3694 ubi
712 3641 847 3694 forte
877 3640 1157 3711 legendum
1183 3656 1299 3710 qua:
1333 3643 1648 3711 navigantes.

195 3712 246 3765 8.
292 3711 475 3780 Supra
519 3726 662 3767 vers.
691 3712 725 3765 '5
752 3711 883 3766 dicit
930 3709 1112 3766 interna
1157 3709 1286 3777 ctuti,
1316 3710 1441 3764 dum
1486 3709 1721 3779 singulas

128 3791 298 3850 partes
339 3791 664 3847 enumerat;
698 3797 839 3837 nunc
879 3784 1059 3836 caelum
1104 3791 1274 3835 totum
1315 3781 1582 3851 intelligit.
1620 3781 1723 3835 lle-

127 3854 413 3921 petitiones
443 3851 683 3921 ejusdem
718 3854 962 3908 vocabuli
993 3854 1297 3922 frequentes
1329 3862 1452 3907 sunt
1486 3853 1722 3906 Dracon-

128 3923 219 3987 tio,
252 3934 305 3976 ut
336 3923 463 3978 aliis
494 3926 661 3989 poetis
690 3924 1027 3979 Christianis.
1064 3924 1119 3978 In
1153 3924 1376 3978 Paulino
1410 3923 1721 3977 Petrocorio

128 3994 177 4047 id
211 3995 446 4050 advertit
477 3995 709 4049 'l‘homas
744 3993 1105 4062 Wupkcnsius
1148 3997 1199 4049 in
1233 3995 1458 4050 Advers.
1496 3993 1618 4047 crit.
1652 3995 1720 4049 ad

130 4063 331 4118 Paulin.
366 4080 513 4120 vers.
542 4066 611 4119 27
643 4067 732 4120 lib.
764 4081 842 4119 ιιι.
876 4065 1017 4121 Inter
1054 4080 1138 4121 res
1169 4074 1378 4120 creatas
1407 4080 1525 4133 qua:
1552 4063 1721 4119 Deutn

130 4135 360 4201 laudant,
396 4145 711 4191 recensetur
744 4136 928 4203 chaos,
961 4146 1017 4192 ut
1046 4152 1187 4191 vers.
1238 4139 1271 4192 5
1315 4135 1536 4205 Elegiae,
1571 4133 1718 4202 Nox,

126 4204 245 4259 luna
274 4209 529 4277 fatentur,
559 4218 609 4261 et
642 4208 691 4262 itt
715 4207 939 4263 Cantico
971 4210 1129 4262 tritttn
1159 4204 1445 4277 puerorum
1476 4216 1644 4259 noctes
1673 4217 1723 4260 et

128 4278 358 4332 tenebris.
416 4278 519 4331 Pro
551 4280 665 4332 axis
707 4279 935 4334 fortasse
975 4279 1154 4348 legere
1198 4278 1473 4346 praestabit
1511 4293 1598 4335 aer
1628 4288 1723 4332 aut

126 4362 267 4413 aura,
298 4349 550 4419 quamvis
577 4349 683 4418 jam
717 4365 877 4418 supra
909 4351 1014 4404 noti
1040 4360 1307 4404 occurrat.

191 4420 243 4474 9.
278 4417 542 4513 Suspicor
578 4421 891 4513 mendosum
940 4420 1234 4513 essenhunc
1262 4434 1501 4513 versum.
1546 4417 1601 4475 Si
1645 4419 1715 4474 ita
1746 4451 1802 4513 Β

129 4504 241 4561 eum
282 4491 436 4561 legas
476 4500 534 4545 ut
571 4502 652 4546 est
692 4492 742 4545 in
776 4506 902 4558 ms.,
941 4492 1225 4561 intelliges,
1260 4500 1515 4561 prwcepta
1547 4507 1720 4546 creare

127 4559 260 4615 idem
285 4559 416 4617 esse
445 4577 507 4615 ac
524 4564 675 4633 jussu
702 4578 912 4627 creare;
943 4563 1034 4617 lib.
1067 4559 1281 4625 t,'vers.
1314 4559 1438 4624 402,
1492 4561 1593 4633 His
1624 4565 1719 4615 da-

129 4640 204 4683 tur
241 4638 412 4687 omnis
450 4632 668 4705 humus,
697 4646 741 4687 et
780 4635 1028 4703 quidquid
1059 4636 1213 4705 jussa
1252 4635 1487 4705 creavit:
1529 4632 1623 4705 lib_.
1656 4649 1719 4699 tt,

130 4716 261 4772 vers.
302 4705 399 4769 76,
445 4703 707 4772 Quidquid
739 4716 924 4758 natura
952 4703 1159 4769 creavit,
1192 4715 1244 4759 et
1287 4703 1378 4757 lib.
1414 4719 1556 4759 vers.
1588 4703 1718 4770 260,

129 4769 190 4845 Et
216 4769 563 4845 quodcunque
594 4769 782 4828 malum
816 4775 1002 4829 vindex
1040 4787 1224 4829 natura
1254 4776 1458 4828 creavit.
1509 4769 1720 4843 Avitus,

128 4843 297 4909 lith,
341 4843 486 4901 vers.
531 4846 623 4911 26,
665 4846 912 4915 Accepere
960 4864 1116 4915 genus
1164 4847 1273 4899 sine
1313 4846 1537 4916 germine
1572 4846 1725 4916 jussa

127 4919 308 4971 creari.
359 4917 495 4971 Mar.
544 4916 727 4971 Victor
755 4914 850 4971 lib.
896 4934 909 4971 t
956 4914 1088 4971 Gen.
1126 4932 1268 4971 vers.
1302 4914 1424 4985 118,
1458 4914 1724 4971 Forinavit

127 4997 312 5041 natura
344 4988 547 5059 modis,
583 4988 798 5042 educere
818 4990 966 5056 jussa
998 4988 1045 5040 E
1074 4997 1193 5059 toto,
1209 4997 1400 5059 partes,
1434 4988 1726 5058 formasque

126 5073 151 5109 e
172 5074 385 5129 corpore
408 5058 582 5124 inani;
609 5069 663 5114 et
691 5069 809 5128 post
838 5075 977 5115 vers.
1001 5061 1137 5124 559,
1158 5058 1323 5114 Omne
1345 5059 1537 5112 animal
1546 5100 1558 5118 .
1584 5059 1725 5129 quod

126 5128 292 5199 adhuc
320 5129 474 5185 tellus
504 5131 625 5184 dare
643 5131 791 5199 jussu
816 5131 1020 5186 crearit.
1059 5129 1236 5184 Verbo
1265 5130 1476 5183 creandi
1505 5138 1729 5184 utuntur

129 5198 180 5252 lti
208 5211 459 5256 auctores
488 5202 541 5255 in
569 5198 729 5256 sensu
759 5202 935 5258 minus
963 5203 1180 5271 proprio
1212 5217 1308 5269 pro
1335 5203 1569 5267 educere,
1603 5218 1728 5271 pro-

127 5271 307 5325 ducere
346 5287 379 5326 e
422 5273 643 5327 materia
667 5272 778 5341 jam
820 5275 1085 5327 existente
1117 5290 1130 5327 :
1168 5288 1289 5327 nam
1333 5273 1630 5341 producere
1659 5287 1727 5327 ex

130 5340 329 5411 nihilo,
362 5342 504 5413 quod
550 5340 760 5413 proprie
794 5355 876 5399 est
904 5358 1107 5407 creare,
1155 5344 1253 5397 soli
1294 5340 1405 5397 Deo
1432 5342 1719 5407 convenit;

127 5414 264 5480 quod
290 5424 472 5469 tamen
495 5414 728 5483 intellige
754 5416 818 5469 ad
849 5431 1002 5470 usum
1034 5414 1439 5483 scholasticum,
1466 5424 1523 5466 ut
1545 5414 1722 5467 dicam
1770 5450 1780 5461 ς

128 5483 192 5536 ad
224 5499 371 5540 vers.
395 5484 429 5537 2
451 5486 662 5555 Elegiae.
705 5486 889 5541 Posset
924 5488 1009 5542 hic
1040 5500 1228 5540 versus
1259 5486 1327 5539 ita
1361 5485 1593 5549 restitui,
1627 5485 1719 5537 de-

128 5556 201 5606 dit
226 5572 317 5625 per
344 5568 528 5611 cuncta
556 5558 807 5622 creatrix;
840 5560 995 5627 paulo
1025 5570 1167 5627 post,
1200 5571 1339 5611 vers.
1369 5555 1460 5619 27,
1489 5555 1725 5609 occurrit

129 5635 313 5679 natura
345 5630 583 5694 creatrix,
632 5638 684 5683 et
711 5645 799 5698 per
828 5640 1008 5683 cuncta
1040 5630 1175 5683 dixit
1199 5628 1566 5698 'l‘ertullianus
1598 5627 1720 5698 lau-

128 5700 284 5752 datus
311 5698 382 5752 ad
414 5714 548 5754 vers.
584 5700 637 5763 3,
666 5695 721 5754 et
742 5700 1055 5755 Dracontius
1089 5701 1179 5755 lib.
1213 5717 1252 5768 ι,
1286 5715 1426 5754 vers.
1450 5695 1579 5763 226,
1613 5696 1723 5749 Do-

129 5768 323 5824 minum
355 5785 444 5842 per
470 5780 652 5824 cuncta
679 5779 975 5839 tonantem;
1004 5783 1059 5830 et
1085 5788 1225 5830 vers.
1254 5771 1382 5843 292,
1415 5778 1720 5845 perfuncta

379 5863 651 5960 ΡΛτιιοι..
696 5866 832 5932 LX.

1829 3156 2022 3195 moras.
2066 3138 2244 3194 Pietas
2277 3138 2479 3193 Latinis
2509 3137 2898 3210 antiquioribus
2927 3137 3239 3210 plerumque
3271 3144 3422 3200 dice-

1828 3211 1987 3266 batur
2027 3213 2197 3265 virtus
2234 3210 2451 3277 justitia:
2484 3209 2720 3282 propria,
2760 3224 2860 3277 qua
2895 3208 3126 3277 majores
3155 3208 3419 3282 colimus;

1829 3291 1919 3334 aut
1963 3283 2124 3337 etiam
2168 3282 2375 3350 religio,
2421 3295 2524 3350 qua
2554 3279 2720 3333 Deum
2752 3292 3093 3350 venerantur.
3129 3279 3422 3342 Christiani

1829 3353 2120 3420 scriptores
2149 3368 2247 3421 pro
2269 3347 2581 3417 Etlementia,
2615 3351 2852 3414 lenitate,
2880 3347 3208 3420 benignitate
3237 3365 3290 3408 et
3320 3358 3422 3413 mi-

1828 3423 2143 3489 sericordia,
2180 3424 2374 3491 passim
2406 3423 2642 3491 pietatem
2673 3430 2911 3490 ponunt:
2946 3436 3062 3491 quae
3094 3440 3197 3478 vox
3226 3427 3420 3483 eodem

1829 3509 1991 3547 sensu
2030 3495 2083 3548 in
2126 3493 2374 3563 precibus
2412 3491 2791 3548 ecclesiasticis
2840 3492 3269 3562 frequentissima
3312 3507 3418 3556 est.

1829 3564 2084 3620 Eamdem
2117 3563 2558 3634 signiﬁcationem
2589 3564 2864 3619 vocabulis
2895 3566 3009 3632 pius
3034 3574 3089 3619 et
3119 3567 3282 3634 pietas
3321 3571 3422 3624 tri-

1828 3635 1998 3710 buunt
2043 3636 2285 3710 nonnulli
2327 3636 2560 3701 ethnici,
2604 3644 2660 3710 ut
2698 3634 2987 3710 Suetonius
3005 3635 3416 3710 ,__7Claudianus,

1828 3708 2054 3773 Statius,
2077 3706 2345 3770 Justinus;
2392 3721 2564 3775 neque
2593 3705 2748 3759 aliter
2774 3706 2980 3773 accipio
3012 3707 3288 3777 Virgilium
3322 3705 3416 3767 lib.

1827 3795 1879 3844 v,
1903 3792 2053 3848 vers:
2068 3777 2449 3848 687,1uppiter
2471 3777 2811 3845 omnipotens,
2828 3777 2872 3828 si
2897 3777 3123 3830 nondum
3143 3796 3325 3834 exosus
3350 3783 3421 3835 ad
3476 3814 3479 3821 -

1827 3865 1984 3902 unum
2015 3847 2302 3919 Trojanos,
2324 3847 2504 3919 siquid
2535 3848 2695 3918 pietas
2725 3850 2932 3919 antiqua
2962 3848 3157 3919 labores
3192 3850 3421 3919 Respicit

1827 3923 2077 3972 humanos
2096 3918 2124 3982 ,ί
2142 3921 2209 3972 da
2236 3918 2497 3989 flammam
2538 3919 2749 3972 evadere
2778 3918 2950 3971 classi.
2986 3918 3220 3974 Notanda
3253 3918 3419 3977 etiam

1826 4002 1909 4045 est
1950 3989 2267 4059 signiﬁcatio
2315 3990 2459 4044 vocis
2498 3990 2722 4053 miseris,
2773 4004 2893 4057 qua:
2940 3998 3087 4045 certe
3133 3996 3424 4058 0pp0nitur

1827 4061 2007 4127 beatis,
2032 4062 2098 4116 de
2122 4076 2227 4127 quo
2255 4061 2471 4116 nomine
2493 4062 2611 4114 vide
2637 4070 2818 4113 notam
2849 4059 2916 4114 ad
2946 4075 3086 4116 vers.
3117 4062 3217 4119 150
3238 4063 3333 4119 lib.
3360 4080 3422 4121 ιι.

1827 4133 2014 4186 Cicero
2047 4134 2096 4185 in
2126 4132 2313 4188 Partit.
2343 4148 2462 4202 cap.
2508 4132 2594 4197 17,
2633 4129 2781 4202 Nihil
2809 4141 2882 4184 est
2912 4133 3048 4185 enim
3078 4142 3180 4186 tam
3212 4136 3428 4190 misera-

1826 4202 1923 4255 bile
1952 4220 2103 4272 qnam
2138 4219 2201 4274 ex
2241 4204 2382 4256 beato
2415 4201 2594 4256 utier.
2650 4201 2757 4257 Sed
2797 4202 3086 4274 Christiani
3131 4207 3424 4274 scriptores

1825 4275 2026 4340 solent,
2060 4285 2116 4328 ιιι
2148 4273 2395 4328 homines
2426 4283 2639 4329 sanctos
2667 4275 2870 4336 beatos,
2901 4273 2985 4344 sic
3016 4273 3288 4344 improbos
3318 4278 3422 4331 mi-

1825 4362 1965 4401 seros
1994 4360 2205 4399 vocare.
2238 4345 2629 4399 Animadvertit
2674 4344 2725 4399 id
2755 4343 3120 4414 Wopkensius
3149 4349 3213 4402 ad
3247 4347 3428 4403 Pauli-

1827 4432 1954 4490 mttn
1987 4416 2572 4490 Petrocoriumlibrlt,
2609 4429 2749 4470 vers.
2779 4415 2903 4490 l_9_5,
2935 4414 3426 4490 Dignqttur_juges,

1830 4488 2131 4542 miserorum
2174 4488 2429 4551 incendia,
2471 4489 2727 4554 ﬂammas.
2783 4485 3038 4554 Ejusdem
3086 4485 3429 4545 Paulini'est

1828 4558 1924 4613 lib.
1952 4575 2029 4619 tu.
2054 4573 2194 4612 vers.
2213 4557 2338 4622 259,
2363 4558 2482 4611 Non
2504 4557 2611 4611 hac
2632 4557 2697 4610 de
2717 4558 2915 4610 miseris
2940 4555 3148 4610 Domini
3175 4561 3428 4613 sententia

1833 4629 2043 4684 Christi.
2077 4630 2167 4684 Sic
2198 4630 2295 4682 viri
2328 4629 2397 4697 pii
2427 4646 2532 4694 pra:
2562 4627 2727 4681 animi
2754 4627 3102 4697 modestiase
3131 4630 3341 4684 miseros
3372 4639 3429 4685 et

1833 4712 2168 4770 peccatores
2192 4696 2805 4770 prms’cribebantrvme
2832 4696 3161 4768 epitaphium
3202 4700 3430 4770 Eugenii

1834 4768 2075 4826 Toletani
2118 4768 2213 4824 lib.
2255 4786 2292 4833 ι,
2324 4786 2490 4824 carm.
2528 4769 2611 4833 14,
2647 4768 2697 4822 in
2729 4784 2835 4838 quo
2867 4772 3050 4837 prima:
3085 4768 3429 4828 litterae'ver-

1835 4859 1992 4896 suum
2025 4843 2264 4897 elliciunt
2297 4841 2578 4911 Eugeniae,
2609 4849 2895 4911 postrema:
2926 4840 3171 4895 misellus.
3446 4874 3447 4877 η

1912 4913 1997 4967 l2.
2030 4915 2239 4978 Postea,
2275 4909 2453 4974 l.b.'tt,
2474 4926 2630 4983 Avers.
2657 4910 2781 4983 4718,
2812 4909 3057 4982 Segregat
3092 4912 3431 4983 Omnipotens

1837 4988 2019 5039 merita
2040 5001 2131 5054 pro
2156 4983 2379 5054 moribus
2405 4981 2559 5036 orbis.
2596 4981 2781 5054 Etlib.
2812 4981 2896 5048 ιιι,
2915 4996 3058 5038 vers.
3087 4983 3212 5051 2H,
3248 4981 3431 5042 Vivere

1836 5072 1960 5127 quos
1992 5056 2138 5108 libuit
2164 5056 2256 5108 sub
2290 5053 2380 5106 tali
2410 5054 2609 5127 tramite
2637 5053 2771 5127 vilic.

1910 5130 1994 5181 15.
2033 5126 2135 5180 Pro
2165 5127 2328 5179 scelus
2358 5124 2569 5178 restitui
2608 5125 2747 5178 salus
2780 5139 2798 5178 :
2830 5123 2928 5178 etsi
2970 5124 3112 5178 enim
3157 5126 3330 5181 scelus
3360 5128 3432 5183 ab

1840 5199 2057 5252 homine
2100 5198 2190 5250 ﬁat
2236 5198 2581 5264 permittente
2627 5196 2772 5259 Deo,
2815 5206 2867 5250 et
2916 5196 3001 5250 hic
3049 5208 3434 5253 enumerentur

1840 5270 2001 5324 etiam
2042 5269 2200 5321 virtus
2239 5277 2291 5321 et
2330 5267 2622 5335 prudentia.
2656 5278 2829 5320 tamen
2859 5266 3019 5321 nimis
3048 5267 3239 5322 durum
3285 5271 3435 5324 vide-

1842 5349 1991 5395 retur
2020 5338 2202 5394 dicere
2232 5340 2427 5409 sceltts
2447 5338 2791 5409 descendere
2819 5352 3041 5409 exiarce
3069 5338 3192 5403 Dei,
3229 5349 3284 5394 et
3315 5350 3435 5409 post

1833 5413 1940 5464 vita
1971 5421 2327 5480 c0ngruenter
2350 5408 2491 5463 salus
2517 5409 2747 5480 ponitur.
2774 5408 2863 5463 Sic
2890 5408 2942 5461 in
2968 5408 3353 5478 epigrammate
3376 5414 3436 5468 S.

1837 5482 2050 5537 Damasi
2068 5479 2133 5535 de
2146 5482 2534 5550 Cognomentis
2557 5479 2852 5534 Salvatoris
2875 5495 3043 5535 carm.
3078 5482 3110 5534 l5
3137 5482 3267 5535 edit.
3316 5498 3437 5552 pos.

1840 5565 2025 5609 tremze
2044 5554 2231 5617 Rom.,
2261 5552 2844 5620 Spes,via,vita,salus,
2878 5552 3031 5615 ratio,
3060 5553 3336 5619 sapientia,
3360 5554 3438 5606 lu.
3504 5602 3505 5605 η

1836 5643 1948 5679 men
1967 5642 1985 5680 :
2003 5641 2106 5695 quo
2127 5625 2178 5677 in
2197 5638 2351 5695 versu
2370 5625 2508 5676 male
2530 5626 2582 5695 in
2602 5623 2700 5676 hac
2714 5621 3223 5695 editioneomissum
3240 5635 3319 5678 est
3334 5626 3437 5690 via,

1836 5697 1977 5767 quod
2001 5693 2049 5750 iit
2078 5694 2505 5767 praecedentibus
2535 5694 2682 5767 clare
2714 5693 2926 5767 legitur.
2955 5693 3018 5747 lli
3067 5695 3277 5750 Damasi
3314 5711 3438 5750 ver.

1836 5765 1927 5827 sus
1953 5769 2053 5826 sub
2090 5767 2303 5825 diverso
2318 5766 2535 5826 nomine
2559 5765 2612 5825 in
2637 5765 2910 5838 nonnullis
2931 5779 3064 5824 mss.
3080 5769 3441 5835 reperiuntur,

3082 5858 3165 5948 SE3
