3964 6296
580 409 693 466 “5

1973 395 2184 455 GELAS

2288 394 2482 453 PAPE
2516 395 2543 449 ι
3757 384 3848 440 illi

584 534 867 591 ποιων,
890 531 945 585 et
989 536 1109 593 quae
1138 520 1283 580 male
1304 518 1665 577 successerint
1692 529 1813 577 cum
1865 513 2182 586 Lupercalia
2208 514 2266 576 Α
2287 512 2439 569 tomb
2489 510 2597 568 Sed
2638 509 2816 565 dicitis
2846 518 2927 567 tet
2951 508 3167 567 saeculis
3194 521 3309 563 rem
3338 511 3541 576 gestem
3579 516 3685 581 non
3708 516 3844 571 opor-

524 696 529 702 δ
581 619 896 675 viderentur
924 615 1131 672 ablata.
1156 613 1333 682 Figite
1350 610 1615 681 gradum,
1643 608 1715 665 ad
1757 608 1905 678 quod
1929 614 2169 664 vestrum

581 707 1189 769 excidiumdicatisltmc
1209 704 1447 775 prodigia
1470 702 1635 759 fuisse
1660 708 1893 771 reperta,
1921 698 2171 769 diguiqui

556 794 877 860 monstrum
908 800 1090 859 nescio
1125 796 1270 868 quod
1298 795 1518 866 pecudis
1548 793 1892 862 hominisque
1935 793 2171 860 mixtura

581 896 980 965 compositum,
1018 895 1131 949 sive
1162 904 1317 955 vere,
1344 889 1457 943 sive
1482 886 1615 943 false
1636 885 1837 941 editum
1861 881 2170 938 celebretis.

581 993 639 1048 Si
672 1000 888 1061 propter
915 987 1272 1058 peetilentiam
1296 980 1741 1045 submovcndam,
1785 987 1842 1032 ut
1869 976 2179 1046 antiquiora

581 1095 955 1157 praeteream,
997 1094 1125 1137 ecce
1157 1088 1445 1147 antequam
1477 1075 1608 1133 meis
1640 1072 1971 1141 temporibus
2020 1068 2172 1125 tolle-

578 1185 797 1239 rentur,
850 1170 1217 1242 pestilentiam.
1258 1180 1474 1237 gravem
1508 1176 1615 1219 tam
1645 1164 1701 1221 in
1732 1162 1877 1221 Urbe
1912 1176 2075 1233 quam
2120 1160 2183 1244 in;

580 1273 725 1341 agris
753 1268 1037 1325 hominum
1069 1263 1443 1335 pecudumque
1470 1261 1631 1317 fuisse
1662 1273 1771 1315 non
1799 1255 2022 1312 dubium
2061 1264 2183 1319 est;

580 1366 623 1421 si
656 1380 751 1434 pro
773 1362 1057 1419 surditate
1069 1357 1308 1429 iactatis,
1333 1372 1428 1411 cur
1454 1357 1505 1410 in
1537 1353 1718 1408 Africa
1746 1352 1828 1406 vel
1859 1349 2045 1405 Galliis
2074 1348 2183 1405 istai

581 1456 931 1524 contingunt,
983 1452 1072 1507 ubi
1127 1465 1227 1505 nec
1258 1449 1471 1503 fuerunt
1512 1442 1798 1514 aliquando
1827 1439 2140 1510 Lupercalia
2158 1478 2186 1505 ,τ

584 1563 681 1604 nec
707 1557 919 1603 constat
944 1546 1109 1603 luisse
1131 1541 1372 1597 sublata?
1401 1540 1509 1593 Cur
1540 1552 1678 1592 nunc
1715 1536 1907 1591 Oriens
1935 1533 2183 1587 omnium.

584 1657 769 1697 rerum:
801 1640 970 1709 copiis
1003 1637 1262 1693 exuberat
1295 1643 1351 1687 ct
1388 1630 1645 1693 abundat,
1677 1630 1775 1698 qui
1796 1642 1895 1682 nec
1932 1624 2183 1682 celebra-

585 1736 659 1789 vit
686 1747 923 1803 unquam
939 1728 1282 1800 Lupercalia,
1307 1739 1405 1782 nec
1428 1723 1701 1779 celebrat?
1742 1723 1829 1781 An
1847 1721 2024 1777 dicitis
2066 1721 2185 1776 illic

587 1841 784 1883 nocere
812 1825 902 1880 ubi
938 1839 1035 1895 per
1068 1822 1301 1891 plurima
1333 1817 1529 1874 saecula
1564 1816 1777 1871 fuerant
1820 1816 2090 1871 celebrata
2125 1824 2185 1870 et

2284 617 2398 664 tere
2428 606 2653 661 secludi.
2684 604 3049 662 Nihilominus
3074 602 3261 659 multis
3298 599 3631 675 temporibus
3658 597 3847 665 paganis

2282 702 2415 755 tatis.
2462 699 2771 769 superstitio
2800 697 3051 753 ventilata
3100 704 3203 753 est.
3242 692 3589 751 sacrificetur
3636 690 3689 747 in
3729 698 3844 749 tent-

2281 795 2384 865 plis
2408 794 2717 849 dmmonum
2734 836 2748 860 ,
2793 800 2848 847 et
2877 792 2939 847 in-
2960 789 3219 861 capitolio.
3238 786 3462 857 profana
3489 783 3698 843 vanitas
3726 781 3847 836 celet

2281 887 2483 941 bnetur.
2529 886 2639 940 Cur
2691 885 3007 953 portionem.
3046 877 3339 939 defenditis
3385 884 3441 932 et
3495 889 3616 945 qua:
3666 870 3847 940 majora

2281 988 2411 1033 sunt
2436 977 2753 1048 praeteritis?
2785 977 2839 1031 Si
2883 973 3113 1044 plurima
3139 985 3336 1043 genera
3367 967 3663 1027 vanitatum
3688 962 3851 1021 multis

2282 1083 2407 1129 aeta
2448 1071 2658 1127 saeculis
2704 1070 3001 1138 probantatr
3047 1080 3175 1122 esse
3224 1064 3474 1123 sublata,
3521 1073 3620 1117 cur
3659 1056 3849 1129 portio,

2282 1165 2571 1235 quantovis
2601 1172 2846 1231 tempore
2873 1157 3128 1214 ventilata
3148 1197 3169 1222 ,
3196 1171 3305 1211 non
3336 1152 3510 1224 possit
3533 1148 3757 1211 ωειςτίκῖ
3798 1146 3850 1211 Si

2284 1256 2617 1326 temporibus
2641 1251 3027 1326 pratscribitur,
3054 1250 3315 1317 imputate
3337 1242 3635 1313 majoribus
3653 1238 3850 1305 vestriS.

2282 1360 2371 1431 qui
2402 1372 2533 1413 cum:
2572 1356 2672 1410 hac
2713 1351 2972 1421 temporis
3010 1322 3444 1418 praescriptione
3478 1354 3593 1399 non
3614 1336 3701 1397 usi
3729 1336 3853 1405 sint,

2284 1430 2444 1525 posse
2471 1451 2611 1521 quod
2654 1446 2981 1518 superﬂuum
3015 1451 3105 1499 est
3131 1449 3187 1497 et
3209 1439 3408 1495 debere
3436 1430 3720 1495 removeri,
3740 1430 3853 1525 dum

2284 1518 2440 1617 plura
2469 1518 2525 1598 et
2554 1540 2757 1609 majora
2789 1538 3039 1593 submota
3068 1541 3214 1596 sunt,
3240 1528 3564 1585 indicarunt.
3595 1520 3707 1581 Sed
3736 1518 3857 1579 dicis

2283 1612 2445 1694 etiam
2490 1631 2816 1688 Christianis
2840 1626 3175 1697 temporibus
3214 1624 3329 1679 haec
3358 1620 3553 1682 fuisse;
3584 1613 3680 1672 sed
3710 1612 3857 1669 etiam

2286 1730 2379 1784 illa
2426 1724 2743 1795 aliquandiu
2764 1718 3084 1776 Christianis
3121 1728 3335 1785 quoque
3365 1707 3703 1778 mutantibus
3733 1704 3855 1795 tele-

2283 1821 2439 1875 brata
2462 1792 2607 1871 sunt.
2638 1812 3015 1882 Nunquidnan
3051 1808 3181 1877 quia
3205 1804 3305 1863 sub
3334 1800 3520 1872 primis
3557 1792 3857 1867 praesulibus

586 1927 807 1989 repente
843 1918 1053 1973 sublata
1082 1914 1239 1970 sunt?
1272 1912 1557 1968 Videamus
1584 1910 1721 1979 ergo.
1736 1910 1787 1964 si
1808 1909 1901 1965 his
1921 1908 2178 1977 tempori-
2207 1901 2259 1962 Β
2283 1909 2603 1966 Christianae
2625 1902 2901 1973 reh'gionis
2917 1900 3101 1957 ablata.
3120 1910 3229 1955 non
3244 1900 3391 1957 sunt,
3424 1886 3666 1945 ideosub
3687 1897 3854 1949 eorum

2574 1988 2579 1989 ,
2634 1976 2645 1981 ι
2961 1981 2972 1989 .
3015 1978 3028 1989 .
3176 1975 3190 1989 .
3230 1974 3242 1989 .
3444 1971 3495 1989 ..ι
3540 1967 3700 1989 ιω.-

586 2014 693 2068 bus
708 2011 903 2080 quibus
933 2008 1115 2065 dithis
1135 2007 1329 2078 agitata
1356 2014 1414 2061 et
1437 2008 1536 2059 rite
1558 2043 1573 2067 ,
1596 2017 1661 2061 ac
1690 2002 1844 2071 plena
1873 2002 1957 2056 sui
1982 2042 1999 2067 ,
2037 2000 2181 2055 sicut

586 2106 739 2162 vobis
770 2104 1001 2167 videtur,
1033 2101 1326 2158 devotione
1368 2096 1651 2165 completa.
1685 2104 1814 2150 sunt
1838 2135 1851 2158 ,
1902 2108 2183 2162 nunquam

588 2203 796 2265 fames,
840 2210 1113 2267 nunquam
1146 2192 1450 2264 pestilentia
1503 2202 1724 2258 prorsus
1770 2186 2083 2242 exstiterit:
2130 2184 2183 2241 si

590 2308 720 2351 vero
748 2303 1121 2361 saepenumero
1155 2286 1236 2341 bis
1263 2284 1504 2340 cladibus
1525 2281 1591 2335 ad
1615 2290 1925 2335 extremum.
1956 2279 2183 2347 periculi

594 2396 817 2443 ventum
866 2392 995 2450 est,
1045 2387 1271 2453 apparet
1316 2378 1399 2432 bis
1443 2374 1597 2431 malis
1626 2372 2010 2431 submovendis
2046 2373 2182 2427 nihil

594 2476 909 2548 Lupercalia
955 2473 1254 2544 profuisse,
1298 2470 1467 2527 etiam
1505 2481 1571 2521 eo
1595 2475 1833 2535 tempore
1862 2480 1997 2535 quo,
2042 2464 2187 2521 sicut

594 2570 801 2625 dictum
816 2576 921 2633 est,
948 2576 1007 2621 ut
1023 2564 1242 2635 putatis,
1266 2559 1595 2631 competenti
1623 2558 1811 2613 ordine
1832 2565 2180 2626 gererentur;

593 2661 677 2717 sic
719 2660 787 2716 de
838 2657 1062 2729 singulis
1105 2655 1406 2726 quibusque
1446 2648 1858 2706 necessitatibus
1894 2690 1915 2714 ,
1963 2655 2183 2717 propter

592 2767 752 2823 quam
781 2750 1025 2806 dixeritis
1052 2746 1220 2803 fuisse
1261 2744 1557 2815 provisum.
1586 2742 1641 2800 Si
1670 2740 1972 2797 constiterit
2017 2740 2179 2793 etiam

592 2844 710 2900 illis
752 2856 857 2898 non
904 2839 1162 2909 desiisse,
1205 2850 1343 2892 vana
1368 2832 1799 2905 hujusremedii
1848 2831 2182 2888 convincitur

593 2949 714 2992 esse
764 2933 1139 3005 pratsumptio.
1169 2928 1553 2986 Verumtamen
1602 2940 1697 2991 cur
1744 2940 1849 2979 non
1882 2925 1981 2978 hoc
2019 2922 2181 2978 etiam

574 3024 737 3087 Anunc
765 3026 1121 3097 experiamini
1148 3066 1163 3091 ,
1213 3032 1400 3080 utrum
1427 3021 1640 3075 valeant
1668 3017 1866 3088 aliquid
1890 3017 2049 3071 etiam
2081 3014 2185 3071 rite

594 3120 895 3178 celebrata?
933 3128 989 3173 et
1016 3133 1113 3173 vos
1144 3132 1239 3184 per
1271 3115 1501 3171 ludibria
1530 3113 1628 3167 ista
1661 3111 1948 3166 discurrite
1984 3118 2183 3165 vestro-

594 3228 713 3267 rum
743 3225 892 3265 more
944 3206 1209 3278 majorum
1230 3246 1245 3270 ,
1274 3215 1335 3261 ut.
1356 3204 1590 3258 divinam
1629 3216 1740 3257 rem
1759 3242 1774 3268 ,
1806 3211 1860 3257 et
1891 3200 2179 3255 salutarem

598 3303 775 3368 vobis,
804 3311 860 3356 ut
891 3300 1087 3363 dicitis,
1133 3298 1376 3354 devotius
1414 3295 1757 3364 celebrando,
1801 3295 1958 3350 saluti
1992 3303 2184 3352 vestra:
2213 3283 2263 3347 ρ

580 3388 913 3467 prospicere.
944 3391 1121 3463 magis
1163 3390 1437 3459 magisque
1487 3388 1728 3443 valeatis.
1775 3386 2022 3456 Nunquid
2063 3402 2184 3443 cum

600 3488 719 3542 lucc
749 3484 1181 3548 celebrarentur,
1218 3496 1247 3536 a
1277 3480 1440 3535 Gallis
1469 3478 1639 3533 Roma
1668 3492 1772 3533 non
1798 3488 1953 3546 capta
1986 3487 2067 3533 est
2089 3518 2104 3544 ,
2135 3486 2189 3533 et

600 3592 970 3650 smpenumero
997 3576 1065 3631 ad
1095 3584 1336 3631 extrema
1371 3585 1594 3642 qumque
1617 3570 1897 3641 pervenit?
1937 3568 2185 3637 Nunquid

583 3657 752 3733 'bellis
799 3673 1048 3729 civilibus
1101 3670 1199 3725 sub
1248 3669 1346 3721 hac
1396 3664 1708 3720 celebritate
1758 3679 1864 3719 non
1914 3662 2189 3718 concidit?

599 3766 855 3840 Nunquid.
874 3764 1187 3835 Lupercalia
1215 3761 1439 3817 deerant
1468 3758 1691 3831 quando
1713 3756 1911 3814 Urbem
1939 3754 2188 3811 Alaricus

601 3862 831 3921 evertit?
882 3861 947 3913 Et
975 3873 1147 3926 nuper
1176 3870 1296 3910 cum
1324 3850 1598 3909 Anthemii
1629 3860 1684 3905 et
1717 3849 1997 3905 Ricimeris
2041 3847 2187 3902 civili

586 3952 788 4009 furore
837 3950 1092 4005 subversa
1130 3956 1247 4011 est,
1276 3945 1371 4001 ubi
1396 3953 1520 3998 sunt
1555 3941 1901 4011 Lupercalia?
1944 3956 2039 3995 cur
2074 3940 2190 3996 istis

586 4036 822 4103 ‘rninime
854 4040 1205 4112 profuerunt?
1238 4046 1385 4093 certe
1440 4038 1679 4093 divinum
1707 4050 1788 4091 est
1820 4054 1831 4088 :
1865 4036 1909 4090 si
1952 4035 2189 4091 salutare

587 4122 801 4203 ‘vobis,
844 4148 939 4189 cur
968 4148 1072 4187 non
1105 4144 1201 4199 per
1232 4142 1330 4180 vos
1379 4127 1483 4195 ipsi
1517 4138 1574 4180 ut
1610 4127 1843 4195 majores
1889 4125 2052 4180 vestri
2086 4125 2190 4179 ista

586 4214 846 4287 'l'aciatis?
873 4226 982 4281 Cur
1008 4236 1196 4280 causas
1222 4227 1414 4276 vestra:
1442 4218 1630 4272 salutis
1672 4217 1953 4271 minuitis?
1975 4232 2071 4273 cur
2098 4218 2190 4269 de.

603 4319 892 4380 coloratis?
914 4332 1005 4373 cur
1036 4314 1267 4380 obditis,
1288 4327 1383 4367 cur
1404 4311 1469 4365 ad
1496 4309 1618 4363 vilia
1646 4322 1870 4379 quicque
1894 4306 2189 4362 deducitis?

588 4397 731 4490 'quid
761 4412 1036 4484 imputatis
1065 4409 1242 4473 nobis,
1274 4422 1395 4464 cum
1424 4405 1521 4478 ipsi
1549 4403 1784 4462 remedia
1808 4412 1987 4468 vestra
2011 4402 2186 4457 calce-

607 4509 704 4565 tis?
720 4507 903 4563 Satius
918 4513 1001 4561 est
1024 4509 1079 4557 et
1100 4517 1205 4556 non
1234 4509 1440 4555 tentare
1466 4512 1623 4567 quam
1647 4494 2035 4551 contumeliose
2061 4510 2182 4563 per-

604 4618 767 4672 agere
799 4622 812 4653 :
861 4597 1093 4668 majores
1122 4602 1268 4651 certe
1307 4600 1504 4657 vestri,
1544 4591 1593 4646 si
1623 4589 1809 4644 vitiose
1838 4589 1933 4659 (uti
1978 4587 2081 4641 illis
2109 4588 2187 4640 vi-

600 4690 856 4765 debatur)
888 4705 1101 4747 sacrum
1123 4686 1337 4757 aliquod
1368 4683 1754 4746 celebrassent,
1778 4658 2183 4736 instaurandum
2211 4658 2266 4719 θ

600 4806 724 4846 esse
754 4787 1056 4849 ducebant.
1110 4783 1219 4839 Cur
1259 4777 1653 4848 noutquodtad
1697 4776 1948 4833 vitiosum
1987 4773 2185 4831 cultum

599 4881 912 4951 redegistis,
958 4894 1054 4949 per
1083 4872 1327 4945 iitdig‘uas
1354 4870 1673 4942 quasqueiid
1695 4869 2045 4939 exsequendo
2070 4884 2190 4939 ρει-

599 4993 783 5046 sonas,
817 4972 1142 5043 competenti
1184 4966 1575 5025 instauratione
1603 4963 1885 5033 reparatis,
1918 4970 1974 5021 ut
1999 4975 2189 5017 causas

600 5078 794 5122 vestrm
817 5072 1002 5124 salutis
1030 5065 1239 5138 plenius
1262 5060 1656 5133 perfectiusque
1682 5058 1952 5113 tractetis?
1977 5072 2071 5113 cur
2092 5070 2189 5111 vos

596 5161 805 5231 pudeat
851 5176 1040 5228 agere,
1082 5160 1127 5214 si
1181 5159 1421 5213 salutare
1464 5155 1579 5210 est?
1610 5151 1671 5209 Si
1711 5148 1947 5209 divinum
1974 5190 1989 5216 ,
2045 5147 2186 5219 quod

601 5259 864 5308 tractasse
891 5250 960 5305 sit
988 5249 1255 5303 dedecus?
1294 5249 1401 5306 Sed
1446 5246 1629 5317 inquis
1658 5244 1742 5300 vel
1774 5241 2060 5313 imaginem
2107 5242 2189 5311 ip»-

550 5402 559 5407 -
602 5352 716 5403 sius
742 5344 822 5401 rei
851 5358 961 5399 non
997 5341 1195 5396 debere
1225 5344 1449 5398 moveri.
1479 5341 1541 5398 Si
1583 5339 1830 5411 prodeSt,
1861 5337 1908 5392 si
1952 5335 2187 5392 salutare

600 5450 703 5507 est,
737 5454 835 5495 cur
856 5437 1037 5505 imago
1063 5434 1249 5504 potius
1266 5433 1407 5499 apud
1433 5446 1567 5498 vos,
1598 5442 1652 5489 et
1682 5446 1787 5487 non
1814 5429 1925 5500 ipsa
1954 5428 2023 5485 sit
2046 5427 2186 5483 veri-

602 5535 723 5586 tas?
746 5539 839 5586 aut
880 5530 929 5584 si
953 5536 1107 5584 certe
1129 5539 1235 5582 nec
1255 5530 1383 5579 tunc
1406 5520 1623 5590 proluit,
1658 5521 1871 5590 quando
1898 5520 2001 5574 ritu
2051 5518 2187 5573 inte-

602 5639 729 5693 gro,
781 5625 920 5679 sicut
947 5622 1184 5689 dicitur,
1237 5616 1593 5681 tractabatur,
1634 5613 1763 5694 quid
1793 5611 2030 5683 quatritis
2070 5610 2188 5680 eius

603 5714 917 5784 imaginem,
947 5716 1105 5783 cujus
1126 5727 1227 5768 nec
1254 5712 1424 5780 ipsam
1453 5704 1725 5778 profuisse
1742 5704 1965 5763 cernitis
1992 5704 2186 5765 vetitae

2284 1976 2693 2048 successoribus
2728 1967 2869 2041 ⁷ιοιὶὶ
2904 1978 3129 2034 minime
3160 1971 3495 2033 debuerunt?
3540 1967 3705 2027 Multa
3734 1972 3854 2048 sunt

2285 2046 2406 2142 qua:
2432 2088 2458 2123 a
2490 2067 2713 2139 singulis
2764 2061 3105 2134 pontiﬁcibus
3128 2057 3342 2111 diverso
3372 2064 3615 2125 tempore
3669 2046 3855 2101 sublata

2286 2171 2412 2217 sunt
2455 2135 2612 2214 noxia
2633 2198 2649 2222 ,
2682 2155 2767 2210 vel
2798 2152 3030 2221 abiecta.
3063 2148 3177 2202 Non
3208 2140 3353 2200 enim
3405 2140 3561 2196 simul
3587 2151 3771 2195 omnes
3812 2135 3857 2187 in

2286 2266 2514 2325 corpore
2542 2255 2695 2309 curat
2719 2244 2983 2301 medicina
3014 2241 3333 2310 languores,
3363 2234 3459 2290 sed
3490 2230 3630 2302 quod
3675 2229 3859 2297 pericu-

2288 2322 2455 2401 losius
2492 2341 2757 2411 conspicit
2798 2336 3125 2400 imminere;
3168 2346 3235 2385 ne
3266 2337 3357 2384 aut
3392 2326 3611 2381 materia
3643 2320 3861 2391 corporis

2289 2455 2395 2494 non
2447 2410 2681 2493 sufficiat
2712 2430 3020 2493 medicinae,
3055 2436 3146 2480 aut
3188 2410 3284 2500 pro
3313 2419 3625 2476 conditione
3670 2412 3863 2470 mortali

2289 2530 2450 2585 simul
2494 2526 2675 2583 omnia
2714 2538 2820 2578 non
2866 2519 3035 2591 possit
3077 2524 3341 2572 avertere.
3374 2513 3569 2581 Quaere
3598 2507 3755 2578 quale
3809 2504 3865 2557 sit

2291 2621 2429 2678 unde
2454 2619 2564 2690 agis
2589 2618 2616 2685 :1
2638 2617 2682 2672 si
2714 2617 2910 2670 bonum
2933 2620 3039 2675 est,
3072 2609 3113 2663 si
3140 2607 3399 2673 divinum,
3429 2602 3475 2657 si
3497 2600 3734 2664 salubre,
3763 2611 3863 2651 me—
3919 2658 3921 2667 4

2290 2713 2393 2767 ritu
2422 2709 2848 2781 quandocunque
2879 2703 2991 2757 tolli
3022 2715 3130 2755 nou
3160 2698 3345 2755 debuit
3376 2716 3388 2749 :
3422 2695 3465 2748 si
3502 2708 3601 2748 nec
3644 2690 3864 2750 salubre,

2290 2820 2391 2861 nec
2419 2803 2695 2867 divinum,
2724 2795 3051 2853 causandum
3097 2792 3192 2845 tibi
3225 2790 3392 2857 magis
3431 2796 3514 2841 est
3540 2802 3639 2841 cur
3683 2782 3869 2838 tardius

2292 2885 2567 2939 auferatur
2618 2879 2760 2949 quod
2805 2874 3241 2946 superstitiosum
3288 2876 3530 2932 constat,
3571 2874 3623 2918 et
3661 2875 3867 2926 vanum,

2290 2975 2431 3044 quod
2453 2981 2601 3029 certe
2633 2970 2953 3025 Christianae
2977 2961 3295 3035 professioni
3330 2974 3435 3014 non
3468 2958 3762 3012 convenire
3779 2967 3872 3006 ma

2291 3068 2540 3121 nifestum
2564 3071 2667 3119 est.
2706 3062 2985 3115 Postremo
3020 3054 3163 3125 quod
3193 3053 3259 3107 ad
3296 3067 3382 3106 me
3411 3049 3679 3119 pertinet,
3711 3045 3874 3101 nullus

2292 3160 2614 3229 baptizatus,
2660 3154 2841 3209 nullus
2870 3148 3208 3205 Christianus
3240 3146 3341 3200 hoc
3386 3142 3663 3207 celebret,
3713 3135 3874 3193 etsoli

2296 3256 2395 3308 hoc
2440 3252 2662 3322 pagani,
2695 3262 2922 3318 quorum
2952 3245 3086 3298 ritus
3116 3249 3217 3305 est,
3243 3244 3626 3307 exsequantur.
3654 3232 3736 3287 ille
3765 3245 3875 3300 pro«

2294 3347 2544 3402 nuntiare
2586 3340 2843 3397 convenit
2878 3334 3201 3392 Christianis
3246 3333 3348 3386 ista
3390 3327 3691 3398 perniciosa
3719 3334 3771 3379 et
3800 3322 3876 3375 [υς

2295 3448 2445 3493 uesta
2512 3434 2877 3489 indubitanter
2925 3427 3176 3482 existere.
3230 3421 3367 3490 Quid
3414 3435 3501 3474 me
3547 3420 3783 3477 incusas,
3837 3412 3878 3469 si

2294 3524 2437 3599 quod
2456 3517 2782 3593 profitemini
2809 3517 3081 3571 inimicum
3106 3525 3250 3579 esse,
3268 3524 3301 3563 a
3323 3506 3664 3563 consortibus
3689 3502 3877 3571 proles-

2293 3598 2461 3675 sionis
2476 3613 2795 3669 Christianae
2809 3604 3097 3678 pronuntio
3117 3599 3546 3658 submovendum
3561 3600 3591 3651 r
3604 3598 3721 3668 Ego
3739 3602 3878 3651 certe

2294 3708 2568 3765 absolvam
2596 3702 2982 3760 conscientiam
3023 3711 3197 3752 meam
3225 3714 3239 3751 :
3266 3695 3365 3764 ipsi
3388 3692 3623 3763 videant,
3655 3692 3748 3762 qui

2296 3804 2362 3859 tis
2406 3796 2864 3856 admonitionibus
2893 3791 3117 3848 obedire
3148 3788 3486 3859 neglexerint
3513 3803 3527 3840 :
3560 3786 3710 3855 quod
3730 3786 3879 3839 etiam

2296 3893 2731 3966 prmdecessores
2772 3899 2924 3941 meos
2949 3882 3174 3937 forsitan
3210 3879 3402 3934 fecisse
3431 3892 3541 3931 non
3565 3876 3809 3944 ambigo,
3834 3881 3881 3927 et

2296 3986 2436 4057 apud
2467 3982 2773 4053 imperiales
2800 3991 2958 4032 aures
2996 3975 3112 4029 haec
3140 3969 3504 4028 submovenda
3528 3978 3767 4025 tentasse
3797 3985 3808 4017 :
3835 3974 3882 4017 ct

2290 4082 2419 4151 quia
2447 4078 2654 4130 auditos
2682 4087 2803 4127 esse
2832 4084 2940 4125 non
2968 4075 3197 4132 constat,
3226 4064 3355 4119 dum
3386 4062 3503 4117 haec
3530 4060 3671 4115 mala
3701 4058 3883 4114 hodie-

2248 4187 2260 4197 '
2293 4190 2396 4243 que
2429 4168 2758 4242 perdurant,
2792 4166 2911 4219 ideo
2942 4162 3056 4216 huic
3104 4160 3218 4229 ipsa
3258 4157 3485 4227 imperia
3525 4154 3843 4210 defecerunt
3868 4193 3883 4217 ,

2293 4267 2417 4319 ideo
2446 4263 2604 4316 etiam
2652 4273 2847 4338 nomen
2890 4256 3287 4318 Romanorum,
3335 4264 3438 4305 non
3471 4246 3694 4305 remotis
3721 4248 3884 4302 etiam

2293 4340 2695 4413 Lupercalibus,
2743 4327 2915 4407 usque
2954 4336 3019 4388 ad
3068 4341 3314 4389 extrema
3356 4341 3589 4398 qumque
3616 4327 3882 4395 pervenit.

2293 4438 2359 4492 Et
2387 4435 2507 4490 ideo
2548 4445 2688 4486 nunc
2732 4444 2794 4484 ea
2826 4425 3153 4495 removenda
3173 4421 3409 4486 suadeo,
3441 4435 3560 4489 quae
3587 4433 3717 4474 cum
3757 4419 3885 4473 nihil

2294 4524 2558 4598 profuisse
2578 4533 2870 4591 cognosco,
2897 4508 3147 4586 tanquam
3163 4510 3432 4567 contraria
3445 4524 3587 4564 verre
3615 4508 3885 4579 religioni,

2297 4618 2457 4673 noxia
2504 4614 2683 4685 potius
2724 4610 2994 4667 exsritisse
3044 4604 3350 4677 prontmtio.
3398 4602 3681 4658 Postremo
3734 4602 3783 4657 si
3825 4601 3890 4655 de

2294 4726 2535 4768 meorum
2568 4723 2795 4779 persona
2838 4701 3292 4777 praescribeudum
3324 4698 3563 4755 :estinuts
3586 4695 3888 4765 predeces-

2294 4821 2475 4863 eorum
2492 4835 2511 4871 ,
2538 4802 2909 4872 unusquisque
2934 4805 3242 4854 nostrorum
3268 4788 3752 4848 administratimis
3777 4806 3891 4847 sua:

2291 4896 2596 4952 redditurus
2618 4904 2701 4949 est
2721 4892 3007 4957 rationem,
3030 4890 3169 4944 sicut
3191 4887 3351 4941 etiam
3376 4885 3427 4938 itt
3449 4882 3681 4954 publicis
3707 4880 3888 4952 digni-

2293 4989 2492 5045 tatibus
2513 4988 2627 5043 fieri
2645 4985 2956 5059 providetis.
2974 4983 3087 5054 Ego
3107 4978 3489 5050 negligentiam
3504 4990 3766 5031 accusare
3786 4991 3889 5029 nou

2293 5083 2465 5139 audeo
2484 5083 2965 5153 praedecessorum,
2980 5092 3102 5133 cum
3120 5075 3288 5145 magis
3303 5072 3519 5128 credam
3534 5068 3765 5125 fortasse
3786 5078 3892 5123 terr

2294 5187 2438 5232 tasse
2458 5191 2551 5231 eos
2573 5185 2630 5231 ut
2656 5175 2773 5229 hate
2794 5174 3031 5242 pravitas
3055 5168 3351 5231 tolleretur,
3369 5176 3424 5221 et
3439 5164 3697 5233 quasdam
3725 5162 3895 5216 exsti-

2294 5269 2423 5326 tisse
2450 5282 2639 5325 causas
2672 5275 2728 5322 et
2762 5266 3060 5322 contrarias
3080 5262 3402 5324 voluntates,
3435 5272 3556 5327 quae
3585 5270 3783 5310 eorum
3816 5256 3894 5307 iu-

2293 5363 2624 5421 tentionibus
2667 5360 3062 5439 prmpedi‘rent,
3093 5357 3232 5410 sicut
3262 5367 3328 5407 ne
3358 5365 3500 5405 nunc
3540 5346 3766 5417 quidem
3800 5359 3897 5399 vos

2292 5456 2427 5512 istos
2449 5454 2712 5510 absistere
2731 5437 2934 5505 insanis
2958 5447 3239 5503 conatibus
3261 5442 3401 5497 velle
3426 5437 3782 5510 perpenditis.

2763 5520 2768 5539 ‘
2809 5520 3079 5597 causa
3118 5534 3325 5595 nam
3360 5534 3387 5587 ι

2594 5629 2858 5673 anvsnsus
2895 5626 3230 5670 ηιιςιλκεω
3270 5618 3509 5667 υεκεεω
3540 5603 3597 5658 *ι

2294 5696 2623 5763 Demonstrat
2641 5699 2898 5752 hominem
2923 5710 3026 5750 non
3051 5693 3211 5748 virere
3236 5690 3343 5744 sine
3364 5694 3592 5755 peccato.
3616 5690 3662 5737 et
3688 5679 3899 5735 dictum

672 5837 694 5856 ‘
724 5833 877 5903 Hunc
902 5833 1101 5891 Gelasii
1140 5840 1424 5888 tractatum
1454 5844 1575 5903 cum
1605 5826 1839 5903 editione
1868 5827 2037 5903 Ψιηεί
2078 5824 2368 5896 diligenter
2410 5820 2664 5880 collatum
2705 5820 2929 5885 damus,
2966 5818 3016 5873 in
3049 5813 3235 5873 multis
3268 5818 3446 5867 tamen
3490 5803 3815 5865 intricatum
3847 5814 3901 5863 et

602 5898 1008 5977 mansurum,
1043 5913 1099 5959 ut
1123 5906 1240 5973 Ipse
1265 5903 1432 5957 lector
1453 5900 1608 5960 facile
1628 5896 1845 5958 sentiet.
1877 5896 2029 5957 Εβιτ.
