3942 6310
510 363 609 426 ⁸87

687 476 926 533 Accendit
956 489 1135 549 uapor,
1159 482 1205 531 et
1232 472 1480 548 paritura!
1504 470 1695 528 viscera
1717 470 1888 526 multa.
1930 452 1952 469 ³

515 569 579 624 i5
689 566 800 623 Nec
840 567 991 623 modo
1024 564 1378 638 quadrupedes
1412 579 1430 619 :
1470 562 1651 619 mulier
1699 577 1814 633 quae
1855 559 2089 633 protulit,

1802 653 2024 728 [horret,

690 750 759 807 Et
788 760 931 821 pavet
958 750 1141 822 infelix
1165 750 1314 806 enixa
1341 764 1590 821 puerpera
1615 757 1811 819 partus.

695 843 787 899 Sic
812 853 1016 912 peccata
1045 851 1226 915 parant
1253 858 1400 896 casus
1426 843 1619 912 inferre
1643 840 1894 895 sinistros.

697 936 835 1003 Quid
853 939 971 1008 jam
995 944 1256 1007 peccantes
1285 936 1385 989 vita
1410 943 1697 988 mereantur
1720 933 1913 999 iniqua,

698 1030 966 1101 Significat
995 1030 1245 1083 damnans
1274 1028 1495 1081 hominis
1522 1036 1707 1081 natura
1737 1035 1953 1078 reatum.

523 1123 591 1179 60
772 1123 913 1189 Quid
958 1121 1098 1190 ,l‘era,
1152 1122 1278 1192 quid
1334 1120 1588 1191 pecudes,
1637 1118 1764 1188 quid
1816 1130 2105 1185 peccavere

1712 1209 1731 1280 [
1753 1209 2034 1263 volucres?

702 1307 841 1375 Quid
897 1309 1115 1375 cmlum,
1157 1307 1283 1378 quid
1324 1317 1484 1373 terra,
1528 1306 1701 1377 polus,
1744 1304 1867 1375 quid
1916 1312 2110 1373 pontus

1749 1395 1842 1468 [et
1870 1405 2037 1464 astra,

1785 355 2154 454 DRACONTII
2190 348 2522 454 senatus.

2122 475 2179 543 Δ
2234 482 2241 487 .

2206 448 2341 464 ,μὶ-ι

2306 452 2339 473 ³
2377 452 2665 554 Ωυῖάιοιίς
2694 473 2849 542 radit.
2881 472 3009 545 quid
3037 469 3175 527 lunae
3202 465 3423 539 frigidus
3446 462 3641 522 orbis?
3828 538 3864 547 ,γ

2386 576 2542 651 126
2567 571 2754 630 Nonne
2790 567 3075 640 fatigantur
3100 564 3290 622 dantes
3317 576 3415 634 per
3439 570 3689 631 tempora
3717 560 3795 616 si-
3838 624 3847 631 ι

3563 650 3688 681 τη-..
3707 650 3730 681 τ
3841 651 3848 656 ’

2715 708 2729 715 -
3563 666 3724 715 leua:

2392 650 2409 651 ί
2715 708 2729 715 -
3563 650 3730 725 [gnal’

2386 759 2519 816 Nam
2552 764 2777 813 ventura
2798 759 2979 809 monet
3010 764 3105 822 per
3136 756 3214 804 tot
3241 744 3503 819 prtesagis
3534 757 3737 799 corvus

2204 858 2273 915 55
2383 852 2658 918 Proditor,
2692 858 2746 906 et
2769 849 2837 904 sit
2870 843 2995 917 quid
3033 852 3153 916 post
3182 853 3425 912 tempora
3468 849 3617 895 certa
3664 835 3800 890 iutu-

3604 946 3725 985 rum

3604 946 3725 985 rum

2389 1036 2590 1094 Cornix
2628 1034 2850 1100 effatur;
2903 1028 3137 1103 pecudes
3180 1026 3537 1097 volucresque
3575 931 3806 1091 loquun-

3626 1122 3737 1177 tur,

3626 1122 3737 1177 tur,

2390 1216 2543 1288 Quod
2574 1214 2805 1273 hominis
2827 1212 2970 1269 mala
2998 1212 3176 1281 lingua
3227 1216 3389 1273 tacet,
3437 1206 3551 1261 fera
3591 1113 3807 1266 bellus;

3524 1296 3541 1368 [
3570 1300 3743 1366 pisces

2397 1400 2736 1472 Prospiciunt
2764 1396 2964 1469 proprii
2991 1396 3205 1467 generis
3231 1407 3454 1450 servare
3484 1392 3707 1461 ﬁguras,

1845 1528 2078 1584 VARLE
2118 1528 2520 1590 LECTIONES.

596 1649 691 1705 4i.
720 1649 780 1705 ln
804 1646 921 1704 Vat.
948 1647 1137 1701 desunt
1164 1646 1382 1702 omnino
1412 1646 1590 1701 verba.

598 1721 687 1775 45.
715 1721 857 1788 Vat.,
894 1719 1159 1784 Quomodo
1187 1734 1302 1788 qua:
1324 1716 1602 1787 protulit...

716 1791 859 1886 V’aty
883 1788 1099 1886 litpavet
1115 1790 1293 1886 infelix
1307 1790 1455 1886 enix'a
1473 1790 1619 1857 pueri
1633 1791 1892 1861 germania
1910 1800 2111 1861 partus.
2142 1824 2192 1886 Β

603 1864 693 1917 47.
728 1862 869 1929 Vat.,
901 1860 991 1915 Sic
1012 1869 1219 1931 peccata
1245 1869 1496 1927 parant...

602 1936 694 1989 48.
724 1933 864 1998 Vat.,
898 1932 1033 1996 Quid
1049 1934 1164 2003 jam
1189 1940 1464 2001 peccata...

2294 1654 2384 1707 49.
2418 1652 2566 1717 Vat.,
2602 1651 2732 1705 Sian
2760 1660 3027 1703 reatum...

2294 1724 2383 1777 54.
2421 1716 2561 1786 Vat.,
2592 1732 2805 1775 ventura
2834 1730 2994 1773 movet
3025 1735 3113 1787 per
3135 1726 3204 1770 tot
3228 1716 3477 1787 praesagia
3501 1733 3737 1772 somnus.

2295 1794 2384 1847 56.
2414 1793 2556 1857 Vat.,
2589 1793 2824 1861 cornipcs
2855 1800 2899 1843 et
2928 1792 3090 1859 fatur;
3115 1794 3349 1857 pecudes.

2298 1864 2386 1917 57.
2415 1862 2563 1929 Vat.,
2594 1860 2828 1932 quodque
2857 1860 3102 1914 hominis.

2298 1933 2389 1990 58.
2426 1934 2570 2000 Vat.,
2600 1931 2885 2002 despiciunt
2912 1931 3109 2003 proprii
3139 1931 3358 2001 generis.

2043 2047 2274 2107 NOTAE.

537 2168 627 2223 sub
668 2174 837 2219 aratra
866 2162 1099 2217 Piscibus
1150 2161 1383 2229 inventis,
1436 2169 1480 2213 et

538 2236 826 2302 Sollicitus,
878 2245 1122 2301 tanquam
1167 2231 1363 2303 lapides
1400 2230 1635 2296 e/Tuderit
1670 2230 1858 2303 imber,
1899 2242 2003 2286 etc.
2056 2232 2132 2287 lla

539 2310 701 2363 etiam
731 2305 1053 2360 Claudianus
1075 2304 1166 2356 lib.
1198 2319 1211 2355 ι
1242 2304 1293 2356 in
1326 2302 1636 2374 Eutropiutn
1662 2318 1675 2355 :
1703 2302 1981 2374 Semiferos
2004 2320 2132 2372 par-

542 2390 645 2441 tus,
679 2375 1041 2438 metuendaque
1070 2374 1284 2443 pignora
1309 2372 1483 2443 matri,
1516 2385 1623 2427 etc.

614 2447 703 2503 50.
733 2447 880 2499 Ferae
929 2441 1088 2498 etiam
1127 2441 1251 2496 Sunt
1295 2441 1525 2508 pecudes
1553 2461 1565 2496 :
1598 2442 1693 2496 sed
1725 2456 1869 2512 smpe
1897 2444 2039 2497 inter
2071 2456 2133 2498 se

541 2518 971 2587 distinguuntur,
1006 2522 1063 2567 ut
1103 2528 1133 2565 a
1158 2512 1407 2566 Lucretio
1439 2513 1528 2587 lib.
1562 2528 1634 2573 tv.
1660 2527 1800 2587 vers.
1826 2514 1985 2587 119οΑ,
2016 2512 2128 2567 Nec

542 2582 739 2641 ratione
765 2587 871 2639 alia
894 2586 1139 2645 volucres,
1173 2593 1407 2635 armenta
1433 2585 1672 2653 ferreque,
1716 2582 1782 2635 Et
1812 2585 2050 2652 pecudes,
2080 2592 2131 2638 et

542 2674 702 2729 equw.
740 2656 1054 2729 Dracontius
1088 2654 1179 2707 lib.
1211 2671 1245 2715 ι,
1272 2669 1413 2729 vers.
1435 2652 1563 2719 984,
1594 2652 1837 2729 Gignitur
1862 2670 2129 2729 omnege-

542 2723 640 2853 fit;
679 2726 947 2852 plecudum,
989 2741 1147 2796 genus
1187 2740 1331 2778 omne
1378 2726 1623 2794 ferarum.
1678 2723 1810 2780 Vide
1854 2723 2125 2780 Gilaniirm

573 2818 603 2853 n
646 2838 661 2853 .
742 2814 852 2851 ncr.

573 2814 661 2854 00.
697 2814 852 2852 Lille-

618 2868 703 2922 δε.
739 2870 882 2923 Libr.
914 2883 973 2939 l,
1000 2882 1145 2939 vers.
1190 2865 1314 2939 666,
1363 2864 1479 2919 Lua:
1524 2866 1736 2939 frigida,
1780 2868 1903 2920 solis
1931 2868 2125 2939 imago.

544 2939 665 2997 Lib.
701 2955 758 3005 Il,
786 2952 926 2993 vers.
958 2938 1042 3000 10,
1087 2936 1532 3008 Quodcalorest
1558 2936 1702 3005 solis,
1749 2954 1849 3003 quo
1892 2938 2125 3008 splendet

545 3010 738 3083 [rigida
769 3010 908 3063 luna.
944 3008 1012 3063 Ut
1041 3008 1121 3061 sol
1162 3006 1357 3083 ardens
1401 3007 1615 3083 dicitur,
1665 3008 1786 3083 quia
1820 3006 2011 3083 igneus
2035 3019 2127 3061 aut

545 3077 753 3137 calidus
789 3088 893 3143 cst,
940 3086 995 3132 et
1036 3079 1253 3147 proprio
1287 3077 1487 3132 lumine
1535 3077 1842 3146 splendens,
1884 3080 1954 3132 ita
2000 3079 2122 3131 luna

1530 2160 1647 2229 [σιω
1689 2176 1929 2232 comparo
1977 2162 2135 2216 mulce

2240 2161 2323 2218 sui
2350 2162 2545 2231 generis
2567 2160 2746 2215 sortita
2766 2156 3156 2231 ﬁgura'stuid
3187 2166 3367 2231 autem
3411 2155 3513 2231 sibi
3533 2154 3669 2231 _hoc
3717 2161 3837 2231 loco

2240 2226 2371 2288 velit
2400 2232 2738 2294 Dracontius,
2767 2226 2881 2283 non
2909 2229 3063 2283 facile
3090 2239 3171 2282 est
3200 2227 3477 2281 hariolari.
3533 2226 3716 2280 Potest
3754 2230 3837 2281 it:-

2242 2305 2408 2373 tclligi
2437 2304 2578 2371 quod
2607 2300 3116 2373 piscesdespicittnt
3143 2313 3311 2373 genus
3349 2314 3518 2373 suum
3538 2306 3632 2350 aut
3665 2298 3835 2351 vitam

2240 2368 2584 2437 conservare,
2610 2368 2742 2426 dum
2773 2371 2945 2437 t'urpia
2978 2371 3060 2423 vel
3089 2371 3304 2437 propria
3355 2368 3600 2422 membra
3642 2379 3836 2422 contra

2239 2454 2486 2501 naturam
2516 2444 2796 2507 rebellant,
2826 2451 2881 2495 ut
2904 2456 3022 2495 cum
3054 2441 3213 2493 micat
3234 2449 3491 2503 cometes,
3516 2439 3607 2507 qui
3626 2439 3843 2492 inertes

2241 2528 2293 2571 et
2324 2527 2560 2570 monstra
2589 2524 2756 2577 creat,
2783 2512 2977 2564 tradant
3006 2510 3407 2572 inlicitcruore,
3423 2519 3531 2564 etc.
3557 2508 3697 2562 Nam
3722 2516 3839 2562 tota

2236 2588 2352 2641 haec
2375 2586 2613 2640 narratio
2638 2582 2883 2638 concludi
2909 2591 3081 2648 potest
3100 2594 3243 2635 vers.
3263 2581 3352 2645 79,
3370 2578 3611 2633 Piscibus
3637 2579 3841 2633 Oceani

2237 2660 2474 2727 proprias
2497 2655 2781 2709 sitientibus
2807 2654 2991 2727 undas.
3023 2652 3129 2706 Sed
3169 2652 3307 2727 apud
3348 2653 3647 2727 scriptores
3687 2660 3845 2704 Vete-

2236 2722 2491 2782 i'es'niltil
2542 2727 2753 2779 invenio
2802 2738 2907 2792 qtto
2953 2722 3068 2776 hch
3118 2724 3357 2789 portenta
3404 2724 3831 2774 continuentur.

2236 2798 2509 2868 Oppianus
2533 2797 2745 2865 quidem
2783 2796 2874 2848 lib.
2908 2809 2923 2846 ι
2970 2792 3223 2868 llalieut._
3251 2793 3325 2868 a_i_t
3352 2810 3363 2843 :
3388 2791 3681 2868 Quoniam
3727 2806 3844 2858 prce

2237 2859 2354 2922 aliis
2402 2859 2699 2921 Pisculenta
2741 2881 2925 2933 genera
2973 2880 3152 2917 carum
3204 2859 3407 2932 (alias)
3458 2863 3836 2931 pertimescunt

2244 2955 2385 2992 mare
2412 2935 2635 2990 Furens.
2662 2934 2855 2990 Nescio
2885 2950 2952 2988 an
2985 2934 3034 2987 id
3063 2935 3127 2987 ad
3162 2933 3505 2986 Dracontium
3543 2933 3684 2985 trahi
3719 2948 3847 2998 pos-

2240 3012 2329 3063 sit.
2382 3007 2609 3076 Propius
2646 3007 2711 3058 ad
2743 3005 2899 3073 hujus
2930 3005 3094 3059 verba
3123 3004 3328 3076 accedit
3356 3003 3499 3071 quod
3530 3003 3703 3058 rt-iert
3738 3003 3840 3057 lsi-

2241 3080 2403 3134 dorus
2424 3073 2504 3133 de'
2522 3078 2719 3132 Natura
2742 3092 2851 3131 rer.
2880 3091 2998 3143 cap.
3025 3075 3116 3138 38,
3148 3073 3217 3126 'In
3241 3086 3469 3126 austrum
3496 3076 3637 3126 venti
3672 3083 3847 3125 muta-

546 3153 760 3222 frigida,
793 3141 913 3222 quia
941 3141 1197 3222 lutn'ine'a
1226 3149 1337 3202 sole
1358 3141 1788 3222 acceptdl'ttlget.
1813 3158 1866 3222 ct
1884 3149 2127 3222 luxinde
2154 3141 2206 3205 C
2234 3151 2304 3206 tio
2322 3160 2393 3204 est
2414 3149 2800 3222 cumlulligines
2827 3141 3116 3222 (loligi-nes)
3141 3144 3507 3222 hirundinesve
3527 3146 3732 3207 volant,
3751 3155 3843 3222 aut

548 3219 747 3277 ad'ttos
768 3221 964 3274 reﬂexa
997 3219 1128 3272 nihil
1178 3229 1267 3271 aut
1311 3234 1493 3285 parum
1526 3219 1788 3273 calefacit.
1841 3220 2010 3273 Simili
2045 3235 2129 3272 ra-

548 3297 699 3348 tione
740 3290 957 3347 Saturni
1005 3289 1157 3343 Stella
1208 3289 1403 3358 frigida
1450 3305 1479 3342 a
1513 3288 1735 3357 Virgilio
1774 3289 1968 3344 dicitur
1996 3290 2088 3344 lib.
2113 3306 2131 3343 ι

551 3358 772 3433 (ἴδοι-8.,
803 3375 947 3416 vers.
978 3359 1107 3433 536,
1120 3358 1216 3433 cui
1246 3368 1505 3415 consonat
1524 3359 1850 3416 Claudianus
1874 3361 1942 3416 de
1962 3360 2130 3416 Laud.

550 3435 671 3491 Stil.
697 3430 792 3488 lib.
821 3448 858 3497 t,
892 3446 1034 3486 vers.
1064 3430 1187 3484 178.

622 3506 709 3561 55.
735 3502 939 3574 lienes.
971 3516 1089 3570 cap.
1122 3516 1160 3565 ι,
1209 3516 1351 3574 vers.
1386 3501 1471 3572 M,
1503 3501 1621 3559 Sint
1650 3505 1703 3558 in
1737 3504 1884 3574 signa
1924 3511 1971 3557 et
2006 3512 2137 3558 tem‘

552 3590 704 3647 pora.
733 3572 868 3647 Vide
897 3572 989 3626 lib.
1022 3586 1079 3636 ll,
1116 3585 1257 3625 vers.
1286 3571 1380 3647 ll.

626 3646 713 3701 54.
749 3644 853 3698 Pro
877 3658 1108 3704 somnus,
1158 3642 1299 3710 quod
1353 3658 1457 3697 non
1497 3644 1692 3713 patitur
1724 3644 1810 3699 hic
1840 3644 2010 3707 locus,
2044 3641 2137 3699 ubi

556 3732 736 3783 sermo
767 3724 850 3768 est
876 3714 943 3768 de
969 3713 1134 3782 signis
1184 3727 1305 3780 qua:
1341 3728 1407 3768 ex
1456 3716 1815 3783 animantibus
1858 3724 2133 3782 petuntur,

554 3782 705 3855 posui
734 3800 934 3839 corvus.
971 3785 1161 3855 l’ostca
1188 3798 1331 3837 vers.
1355 3786 1489 3855 517,
1524 3782 1743 3849 Baculo,
1783 3803 1934 3848 rana,
1964 3801 2136 3853 grues,

556 3852 805 3929 formicis,
836 3872 1037 3929 corvus,
1068 3852 1643 3929 Ilit'undo,_Prtetlicurt_t
1666 3855 1887 3926 pluvias,
1918 3852 2008 3909 nec
2020 3859 2142 3924 jam

556 3923 807 3998 prazsagia
829 3927 1035 3998 fallunt.
1070 3923 1136 3978 Et
1169 3923 1414 3993 Virgilius
1445 3926 1537 3978 lib.
1566 3923 1820 3998 t_Géorg.,
1850 3943 1990 3980 vers.
2010 3923 2140 3998 5814,

558 3995 625 4053 Et
654 4017 679 4052 e
708 3995 855 4066 pastu
875 3996 1118 4066 decedens
1139 3999 1339 4063 agmine
1367 4011 1554 4066 magno
1582 3995 1862 4050 Corsorum
1889 3996 2146 4064 increpuit

558 4064 728 4122 densis
759 4069 1006 4120 exercitus
1038 4064 1153 4129 alis,
1188 4067 1331 4133 q'uod
1367 4064 1551 4120 imbris
1594 4068 1804 4134 signum
1838 4083 1959 4122 e-se
1988 4067 2137 4121 dicit.

628 4140 717 4193 55.
749 4138 989 4188 Proditor
1012 4147 1093 4189 εει
1123 4135 1281 4188 index
1315 4138 1453 4200 apud
1482 4138 1778 4199 lloratium,
1813 4139 2058 4192 Ovidium
2088 4145 2147 4192 et

559 4210 713 4264 alios.
734 4208 847 4260 Non
871 4206 1011 4258 male
1032 4220 1124 4275 pro
1139 4206 1200 4256 sit
1215 4206 1336 4273 quid
1362 4207 1699 4275 legeturquid
1721 4210 1808 4273 sit,
1835 4218 1927 4260 aut
1945 4209 2141 4274 siquid.

630 4280 718 4334 56.
752 4275 1003 4329 Fortasse
1026 4273 1478 4396 CornicesI/‘antur.
1532 4278 1605 4329 Dc
1634 4280 1852 4331 cornice
1884 4273 2140 4341 lsidbrus,

630 4371 655 4396 l-
690 4363 760 4396 xtl
789 4342 961 4396 Urit!“
992 4360 1109 4396 can.
1140 4346 1170 4396 7
1198 4363 1210 4396 :
1242 4345 1266 4396 Ι
1300 4348 1380 4396 uic
1406 4348 1537 4396 inter
1572 4349 1733 4396 multa
1778 4350 2007 4396 nusnicia
2052 4349 2140 4396 tri-

559 4351 655 4406 lib.
690 4363 760 4402 xu
789 4342 961 4415 Orig.,
992 4360 1109 4410 cap.
1140 4346 1170 4397 7
1198 4363 1210 4396 :
1242 4342 1380 4397 Huic
1406 4348 1537 4399 inter
1572 4349 1733 4401 multa
1778 4350 2007 4415 auspicia
2052 4349 2147 4400 tri—

562 4424 721 4475 buunt
744 4419 900 4473 etiam
934 4416 1129 4483 pluvias
1150 4418 1450 4483 portendere
1475 4418 1700 4485 vocibus,
1725 4420 1860 4472 unde
1884 4430 1953 4472 est
1978 4419 2107 4470 illud
2126 4431 2150 4470 :

562 4492 711 4547 Tunc
732 4488 909 4543 cornix
934 4488 1084 4557 plena
1104 4488 1328 4558 pluviam
1356 4498 1501 4540 vocat
1525 4489 1756 4558 intproba
1780 4506 1915 4542 voce.
1946 4487 2149 4542 Versus

564 4563 656 4617 hic
685 4570 766 4616 est
797 4555 998 4629 Virgilii
1026 4558 1115 4611 lib.
1144 4558 1235 4611 cit.
1263 4555 1458 4627 Georg.
1492 4555 1697 4613 Similia
1727 4561 1921 4629 passim
1949 4559 2152 4613 habent

565 4635 653 4688 alii
686 4640 875 4702 poeta}.
902 4628 1111 4691 Cicero,
1147 4629 1351 4702 adrAtt.
1383 4630 1475 4683 lib.
1503 4646 1592 4695 xv,
1628 4628 1836 4699 cp.’l6,
1896 4629 2148 4700 Equidem

565 4706 717 4759 etiam
748 4703 943 4774 pluvias
971 4710 1156 4774 metuo,
1187 4701 1231 4751 si
1257 4705 1577 4771 prognostica
1619 4712 1794 4755 nostra
1826 4719 1942 4774 vera
1981 4710 2099 4754 sunt
2125 4716 2147 4755 :

564 4790 705 4830 rana:
730 4768 869 4845 enim
896 4768 1277 4845 ῥητορεύουσιν)
1328 4774 1601 4826 rhetorum
1634 4788 1783 4828 more
1823 4772 2143 4838 declatnant,

567 4861 664 4902 seu
695 4843 1076 4898 vociferantur.
1328 4844 1333 4849 ’

639 4916 727 4970 57.
760 4914 903 4983 Lego
926 4913 1077 4977 Quod
1098 4914 1335 4978 hominis,
1367 4928 1488 4966 nam
1520 4913 1824 4981 conjunctio
1865 4929 1963 4984 que
2000 4912 2151 4968 vide-

566 4997 655 5041 tur
680 4988 883 5041 intrusa
915 4986 982 5036 ab
1011 4985 1210 5053 aliquo,
1235 4985 1321 5053 qui
1355 4985 1423 5037 ita
1456 4994 1625 5037 metro
1647 4985 1927 5038 consulere
1952 4984 2146 5038 voluit.

569 5058 674 5114 Sed
703 5059 841 5127 quod
856 5053 932 5127 _ob
958 5054 1343 5127 aspirationem
1371 5055 1642 5127 sequentis
1674 5056 1818 5127 vocis
1850 5065 2151 5127 rectepro-

569 5125 806 5185 ducitur.
854 5125 1055 5194 Lingua
1087 5125 1225 5178 mala
1260 5126 1489 5179 hominis
1531 5126 1640 5179 fera
1684 5126 1857 5179 bellua
1910 5126 2149 5181 dicitur:

569 5216 676 5256 non
704 5197 844 5253 enim
876 5207 1004 5265 puto
1033 5194 1462 5264 distinguendum
1493 5211 1611 5249 esse
1641 5205 1790 5249 tacet.
1821 5194 1952 5250 Fero
1980 5196 2152 5250 bellua

570 5273 752 5342 pisces.
787 5267 902 5342 Mox
930 5266 1031 5342 hoc
1052 5266 1209 5331 lib.v,
1236 5266 1516 5342 vers.tl-_8_7,
1545 5266 1799 5342 Omnibus
1824 5282 1887 5320 ex
1912 5269 2153 5342 membris

570 5335 691 5410 pars
716 5338 955 5393 mundior
980 5338 1093 5407 ipsa
1135 5347 1361 5405 putatur,
1409 5335 1589 5410 _1Vo_:cia
1631 5339 1743 5390 sola
1788 5339 1948 5407 magis
1985 5340 2154 5410 fuerat

571 5407 687 5479 qua:
723 5412 775 5464 in
815 5424 1029 5478 corpore
1076 5419 1199 5474 toto,
1250 5417 1354 5463 etc.
1408 5407 1538 5463 Vide
1563 5410 1665 5461 alia
1695 5420 1877 5463 contra
1919 5409 2154 5462 hominis

571 5482 803 5552 linguam
829 5483 1021 5552 mala_m
1055 5481 1145 5533 lib.
1180 5495 1256 5552 Ill,
1303 5495 1443 5532 vers.
1477 5480 1581 5533 629
1623 5488 1675 5552 ct
1706 5495 1882 5549 seqq.,
1916 5487 1969 5533 et
2000 5479 2151 5552 Eleg.

572 5521 932 5615 ζῖἕβεξῖϊὶῗὲ
951 5521 1296 5604 Ριῖυἰὶέἓιίίίἰῖη
1311 5521 1595 5620 ἰῖᾖῖπὶηῖἲῖ)
1624 5521 2152 5614 stetisses;

576 5625 704 5689 Qua:
723 5637 937 5688 corpore
960 5622 1097 5673 omni
1121 5622 1232 5674 sola
1263 5623 1378 5674 vivit
1402 5622 1633 5690 nequior.
1670 5621 1925 5687 Linguam
1957 5621 2152 5674 bonam

575 5705 779 5756 partem
810 5694 1064 5755 Optimam
1088 5708 1205 5745 esse
1226 5694 1467 5761 corporis
1494 5692 1635 5747 idem
1659 5693 1981 5747 Prudentius
2002 5692 2157 5747 dise-

574 5772 657 5813 rat
690 5764 790 5814 loc.
823 5762 916 5814 cit.
952 5775 1093 5814 vers.
1128 5762 1249 5816 768.

644 5832 733 5885 58.
764 5832 891 5884 Mar.
918 5831 1104 5885 Victor
1128 5832 1219 5887 lib.
1244 5848 1261 5889 t
1283 5832 1418 5891 Gen.
1440 5873 1455 5904 ,
1492 5834 1588 5895 Ml
1614 5877 1629 5908 ,
1678 5831 1913 5913 Pignora
1940 5848 2155 5911 quaque

2242 3238 2357 3275 cum
2401 3221 2627 3288 delphini
2664 3216 2796 3271 totos
2837 3233 2888 3270 se
2926 3217 3139 3269 saltibus
3186 3216 3505 3288 ostendunt,
3562 3226 3609 3269 et
3661 3216 3845 3288 caudis

2240 3308 2429 3356 aquam
2453 3287 2657 3360 feriunt.
2695 3288 2831 3340 Nam
2856 3303 3053 3355 semper
3080 3288 3199 3340 inde
3219 3298 3392 3360 ventus
3418 3287 3585 3360 oritur
3624 3302 3731 3353 quo
3766 3287 3849 3337 illi

2242 3356 2637 3435 ferutttur.ANec
2658 3359 2844 3435 mirum
2874 3367 2948 3435 est
2983 3368 3153 3435 _nt_uta‘
3173 3357 3420 3409 animalia
3465 3356 3709 3409 divinare
3749 3358 3847 3408 sub

2243 3428 2464 3505 gurgite.
2496 3430 2707 3502 Semper
2733 3430 2867 3482 enim
2892 3428 3177 3505 incipientis
3208 3443 3345 3505 aura:
3374 3436 3535 3505 metu.
3568 3443 3729 3496 aque
3764 3430 3850 3479 in-

2243 3498 2523 3567 clinantur,
2552 3498 2706 3570 quam
2721 3500 3157 3622 [permutationem
3188 3500 3340 3551 maris
3378 3498 3535 3567 primi
3576 3500 3853 3550 undarum

2243 3574 2426 3622 incola:
2446 3574 2686 3622 sentiunt.
2755 3580 2904 3622 taaue
2931 3580 3132 3622 praeter
3154 3569 3396 3622 impetum
3427 3580 3686 3622 nuanant.
3738 3570 3848 3621 sire

2242 3574 2426 3629 incola:
2446 3574 2686 3627 sentiunt.
2721 3569 2904 3639 Itaque
2931 3580 3132 3639 propter
3154 3569 3396 3637 impetum
3426 3580 3686 3637 pugnant,
3738 3570 3848 3621 sire

2246 3656 2389 3699 metu
2421 3661 2483 3697 ne
2506 3642 2801 3712 deferantur
2818 3643 2868 3712 in
2890 3640 3080 3712 littora,
3100 3640 3201 3712 sive
3224 3651 3515 3712 naturane
3532 3654 3851 3712 arenarum

2247 3717 2459 3770 cervices
2487 3708 2626 3766 unda
2650 3711 2967 3783 prtrcipitet._
2986 3710 3124 3775 Quid
3144 3726 3265 3779 ergo
3290 3711 3313 3762 ξ)
3345 3708 3592 3783 Delphini
3642 3720 3851 3783 (gntum

2250 3790 2379 3840 hanc
2410 3780 2659 3853 iniuriam
2690 3782 2900 3835 timent?
2943 3781 3059 3833 Imo
3101 3791 3149 3834 et
3189 3781 3355 3853 centeri
3396 3781 3583 3853 pisces.
3640 3780 3751 3834 Sed
3797 3782 3851 3831 hi

2250 3868 2445 3910 tautnnt
2463 3849 2747 3924 apparent,
2774 3854 2903 3924 quia
2917 3853 3175 3924 exsiliunt.
3203 3849 3426 3924 Quod‘si
3453 3849 3589 3903 velis
3624 3861 3855 3903 senten-

2253 3931 2385 3981 tiam
2418 3935 2470 3980 et
2511 3920 2731 3979 sensum
2754 3920 3001 3977 cuncludi
3034 3936 3173 3976 vers.
3204 3922 3291 3981 59,
3339 3920 3534 3974 Contra
3577 3932 3853 3982 naturam,

2251 4008 2385 4064 etc.,
2419 3996 2654 4064 suspicio
2702 3995 2831 4049 oriri
2874 3994 3091 4061 poterit,
3135 4008 3201 4045 an
3228 3994 3295 4046 de
3324 3992 3560 4064 piscium
3593 3995 3856 4064 castitate

2251 4062 2432 4124 sermo
2462 4062 2551 4127 sli,
2579 4066 2645 4120 de
2667 4080 2768 4133 qua
2800 4063 3114 4118 Ambrosius
3147 4063 3238 4116 lib.
3267 4079 3294 4113 v
3321 4062 3607 4124 llexaem.,
3638 4077 3763 4133 cap.
3786 4063 3850 4115 5:

2252 4138 2387 4193 Tum
2419 4138 2630 4205 denique
2649 4152 2799 4203 quam
2828 4151 2955 4203 pura
2985 4143 3030 4186 et
3052 4134 3295 4186 inviolata
3316 4134 3570 4205 successio
3654 4132 3855 4185 Nullus

2253 4211 2425 4271 alteri,
2471 4203 2556 4261 sed
2605 4207 2777 4277 generi
2814 4222 2907 4259 suo
2953 4206 3209 4269 miscetur,
3254 4204 3539 4277 thymallus
3569 4203 3849 4271 thymallo,

2252 4280 2409 4345 lupus
2459 4274 2619 4348 lupof
2645 4276 2926 4347 Scorpwna
2965 4291 3162 4345 quoque
3192 4277 3472 4348 castitatem
3520 4274 3857 4348 imriiaculati

2254 4344 2494 4403 connubii
2516 4344 2684 4417 generi
2712 4344 2805 4400 suo
2834 4344 3034 4411 servat;
3058 4348 3226 4414 itaque
3254 4346 3400 4398 liabet
3431 4344 3748 4417 pudicitiam
3773 4361 3859 4414 ge-

2256 4422 2393 4474 neris
2417 4415 2529 4483 sui,
2547 4419 2634 4472 sed
2655 4433 2899 4471 venenum
2928 4418 3124 4487 generis
3145 4419 3223 4487 sui
3244 4433 3345 4469 non
3367 4415 3515 4467 habet
3544 4431 3561 4467 :
3586 4432 3695 4469 non
3722 4418 3858 4468 errim

2177 4524 2233 4585 Β
2259 4493 2474 4559 percutit
2503 4505 2784 4559 scorpwna,
2814 4485 3121 4585 sedj'eﬁcit'.J
3167 4485 3417 4585 {Vesciunt
3461 4486 3627 4585 igitur
3667 4487 3855 4565 alieni-

2257 4557 2503 4630 genarum
2562 4557 2744 4627 genera
2798 4558 3014 4628 piscium
3054 4557 3345 4611 adulterina
3387 4558 3667 4626 contagia,
3729 4560 3861 4609 sicut

2258 4643 2375 4686 sunt
2409 4649 2468 4684 ea
2511 4646 2621 4699 qum
2663 4638 2844 4683 coeunl
2892 4630 3181 4699 asinorum,
3229 4639 3359 4693 etc.,
3410 4643 3527 4697 quae
3568 4638 3697 4680 sunt
3744 4644 3861 4680 rem

2258 4698 2529 4756 adulteria
2561 4712 2826 4754 naturte...
2886 4698 2949 4752 Ει
2986 4700 3133 4752 Ιιοιηο
3172 4700 3272 4752 ista
3312 4708 3559 4768 precuras
3597 4700 3863 4761 interpres

2259 4774 2498 4827 adulterii
2517 4770 3197 4844 jumentalis..._spadonem
3218 4771 3391 4844 e/ﬁcis,
3417 4780 3473 4844 u_t
3492 4772 3633 4844 quod
3656 4770 3863 4844 negat-it

2261 4856 2450 4898 natura
2473 4839 2857 4905 itihomintbus,
2890 4841 3121 4909 impleret
3147 4841 3388 4897 audacia.
3438 4839 3520 4893 Ex
3560 4841 3647 4893 his
3680 4841 3863 4907 aliqua

2262 4916 2544 4970 commoda
2569 4912 2938 4980 interpretatio
2960 4926 3210 4965 versuum
3229 4911 3496 4965 Dracontit
3517 4913 3636 4965 erui
3657 4920 3862 4979 potest,

2263 4986 2307 5040 si
2339 4997 2516 5039 tamen
2549 4986 2757 5054 legatur
2786 4982 3103 5049 prospiciunt
3140 4996 3240 5051 pro
3279 4982 3590 5051 despiciunt.
3647 4983 3859 5035 Adver-

2266 5058 2482 5111 tendum
2516 5064 2599 5110 est
2628 5064 2802 5107 autem
2834 5068 2937 5106 non
2970 5067 3089 5106 esse
3127 5062 3461 5121 perpetuam,
3510 5060 3565 5107 et
3609 5067 3865 5105 commit-

2263 5143 2387 5182 nem
2429 5128 2729 5181 castitatem
2763 5125 2906 5177 illam
2946 5124 3169 5191 piscium
3208 5138 3368 5193 quam
3407 5125 3482 5175 ait
3510 5124 3860 5187 Ambrosius,

2263 5210 2324 5252 ut
2348 5199 2599 5252 observat
2629 5195 2857 5250 Basilius
2892 5194 3041 5250 hom.
3070 5195 3099 5247 7
3138 5194 3421 5258 Hexaem.,
3451 5193 3559 5262 ,qui
3601 5208 3866 5247 mut-mna:

2263 5270 2569 5336 viperaaque
2593 5267 2927 5336 complexum
2956 5274 3109 5319 vocat
3137 5264 3449 5318 adulterium
3470 5264 3747 5333 quoddam
3768 5282 3864 5317 na-

2266 5335 2414 5392 cum.
2447 5335 2524 5392 Ex
2557 5337 2744 5393 eodem
2780 5335 2975 5391 Basilio
3002 5336 3202 5390 certior
3232 5336 3334 5389 alia
3375 5337 3681 5405 explicatio
3733 5335 3859 5388 [ιω.

2266 5411 2429 5463 contii
2455 5409 2819 5477 cxprumitur:
2856 5407 2933 5460 sic
2964 5407 3105 5460 enim
3135 5407 3207 5460 ait
3243 5406 3347 5460 Ioc.
3386 5410 3478 5459 cit.
3520 5422 3536 5460 :
3586 5406 3652 5460 Si
3702 5409 3864 5457 ratio-

2268 5481 2345 5534 nis
2386 5481 2615 5552 expertia
2668 5479 2958 5552 excogitare
2987 5492 3405 5552 _con_servareq‘ue
3444 5477 3673 5531 salutein
3718 5492 3862 5530 suam

2267 5547 2491 5614 soleant,
2538 5562 2685 5618 atque
2741 5547 2893 5619 piscis
2941 5548 2995 5600 id
3038 5549 3164 5600 sciat
3220 5547 3346 5619 quid
3399 5550 3750 5615 expetendum
3805 5549 3867 5599 sit

2269 5624 2387 5689 sibi,
2435 5622 2557 5693 quid
2579 5617 2905 5694 fugiendum,
2948 5619 3069 5689 quid
3097 5634 3185 5694 nos
3234 5617 3335 5686 ipsi
3359 5620 3671 5694 discrimus,
3712 5621 3866 5694 qui-..

2268 5712 2351 5749 res
2380 5690 2463 5749 eas
2486 5690 2601 5765 quin
2620 5690 2685 5747 ad
2713 5708 2807 5765 nos
2834 5694 3105 5765 pertinent,
3138 5690 3285 5765 longe
3313 5691 3570 5765 rudiuset
3601 5692 3866 5765 aratione

2270 5766 2483 5818 alienius
2498 5760 2658 5832 quam
2679 5764 2779 5832 ipsi
2808 5760 2967 5833 pisces
2995 5760 3353 5833 disponimus?
3388 5761 3433 5814 si
3456 5760 3537 5812 illi
3561 5763 3773 5829 quidem
3809 5762 3869 5811 de

2273 5839 2449 5911 futuro
2472 5836 2785 5914 prospiciunt
2806 5831 2956 5913 atque
2975 5831 3299 5913 provideant,
3332 5847 3425 5895 nos
3467 5840 3642 5893 autem
3685 5834 3755 5893 de
3782 5846 3869 5911 spe
