3942 6310
89 908 104 941 ι

132 411 229 479 680

1318 591 1620 667 [rebellant.

365 697 480 753 Jam
522 694 685 750 micat
711 690 851 746 unde
874 689 995 760 polo
1021 687 1241 743 veniens
1272 686 1572 757 quicunque
1600 697 1691 739 co-

1388 776 1409 850 [
1432 783 1620 839 metes,

296 883 431 938 Hinc
455 885 655 934 mortes
666 884 719 931 et
732 881 970 931 monstra
984 870 1281 936 creat,tiinc
1295 868 1433 923 unda
1450 881 1693 923 cruorem

302 973 460 1044 128
493 968 685 1031 lnficit,
714 975 769 1021 et
788 963 991 1034 spumis
1010 960 1356 1017 rubicundior
1368 959 1547 1014 alveus
1563 957 1693 1022 exit,

298 1064 436 1118 Hinc
463 1060 668 1117 calidas
684 1058 820 1129 pluit
841 1056 1013 1111 imber
1032 1068 1219 1124 aquas,
1237 1060 1291 1108 et
1312 1050 1522 1107 roscida
1543 1048 1701 1106 tellus

300 1152 570 1223 Sanguine
594 1149 847 1221 puniceas
874 1146 1034 1218 spicis
1060 1143 1312 1217 producit
1340 1142 1556 1208 aristas,

303 1244 373 1299 Et
400 1242 537 1299 viola
567 1250 649 1297 est
675 1237 899 1296 mentita
922 1250 1101 1293 rosam
1123 1234 1327 1306 pallore
1355 1231 1557 1303 fugato,

360 1348 389 1389 c
403 1331 567 1389 rubor
586 1329 767 1388 infelix
788 1336 843 1387 ot
869 1325 1097 1385 candida
1126 1326 1232 1383 lilia
1265 1323 1441 1381 tinxit.

136 707 197 760 60

137 1248 200 1303 65

1323 383 1609 447 CARMEN
1645 379 1736 441 DE
1774 380 1933 441 ΒΕΘ.
1972 379 2114 442 LIB.
2152 378 2197 440 1.

302 514 455 592 127
502 493 992 570 Contrs'naturam
1038 503 1161 561 dum
1213 503 1408 592 turpia
1446 498 1685 592 membra
1716 499 1773 560 Α

3274 378 3381 444 600

1974 494 2155 553 Tertia
2183 484 2304 550 sors
2332 480 2480 551 erebi
2503 499 2660 550 terrae
2684 480 2995 565 prmrumpit
3020 491 3248 562 hiatum,

1982 588 2050 643 Et
2076 587 2231 643 discit.
2260 586 2501 657 perferre
2531 584 2695 650 diem,
2724 585 2927 641 violare
2953 600 3204 641 serenum

1984 677 2176 743 Audet,
2212 684 2266 731 et
2292 688 2588 746 exsangues
2606 674 2751 729 "coelo
2780 675 3073 743 producere
3104 690 3308 742 manes,

1997 769 2153 840 129
2173 766 2354 823 Vivida
2386 765 2619 821 funereis
2642 766 2943 821 admiscens
2969 781 3063 822 ora
3088 768 3311 837 sepultis

1991 860 2235 916 Pestibus
2258 899 2274 925 ,
2318 858 2607 915 Herculeos
2646 856 2844 913 mundo
2878 858 3097 913 mentita
3142 858 3381 925 furores;

1993 952 2125 1009 Cum
2155 953 2307 1024 niger
2338 951 2643 1007 umbrarum
2674 951 2892 1007 veniens
2913 952 3177 1007 exercitus
3197 953 3383 1009 orbem

1982 1046 2222 1116 Appetit,
2254 1043 2510 1101 invadens
2546 1058 2648 1099 non
2689 1042 2905 1099 humida
2947 1051 3186 1113 tempora
3218 1043 3383 1101 lunai.

1982 1136 2237 1193 Auditum
2263 1136 2469 1208 mugire
2493 1134 2688 1201 solum,
2723 1134 2957 1206 solisque
2995 1136 3244 1192 tenebras

1986 1228 2116 1297 Quis
2146 1236 2324 1298 neget,
2356 1236 2411 1284 et
2431 1227 2614 1283 stellas
2647 1225 2821 1284 alieno
2851 1234 3093 1297 tempore
3121 1226 3286 1294 visas,

1982 1318 2282 1377 Caeruleum
2312 1318 2517 1390 pallore
2542 1318 2703 1388 diem,
2731 1330 3014 1376 roseumve
3039 1315 3244 1385 colore,

1807 768 1880 825 70

1805 1229 1877 1285 75

1430 1452 1665 1512 VARIE
1704 1450 2100 1513 LECTIONES.

205 1606 291 1661 60.
312 1603 456 1669 Val.,
480 1615 599 1656 nam
619 1599 792 1654 micat.

204 1677 290 1731 61.
320 1674 463 1740 Vat.,
495 1672 613 1726 hinc
641 1676 824 1740 mortes
844 1675 894 1740 et
910 1673 1134 1721 monstra
1158 1673 1351 1724 creant.

205 1746 288 1799 66.
322 1739 464 1806 Vat.,
485 1757 546 1795 ac
574 1739 723 1794 ruber
751 1739 952 1809 infelix.

204 1817 291 1869 67.
325 1813 381 1868 In
407 1805 525 1867 Vat.
554 1810 699 1881 prius
726 1805 938 1864 videtur
965 1805 1130 1863 fuisse
1158 1805 1349 1861 hiatus.

1877 1594 1964 1648 7‘2.
1996 1594 2145 1664 Vat.,
2177 1593 2421 1649 exercitus
2451 1593 2593 1650 orbe.

1877 1665 1968 1721 74.
1996 1666 2137 1731 Vat.,
2162 1664 2372 1718 auditur
2396 1665 2609 1732 mugire.

1877 1736 1968 1791 75.
2000 1736 2143 1800 Vat.,
2176 1743 2397 1805 tempore
2422 1736 2577 1789 visas.

1727 1803 1779 1865 Β
1874 1807 1963 1863 76.
1997 1806 2140 1875 Vat.,
2171 1803 2430 1860 roseumve
2453 1806 2692 1861 colorem.

1654 1964 1882 2024 NOTE.

142 2099 431 2183 futurarum
454 2122 624 2183 rerum
653 2104 796 2183 vacui
829 2104 983 2159 vitam
1025 2112 1253 2183 nostram
1276 2099 1526 2171 voluptati
1555 2116 1710 2183 pecu:

142 2173 254 2235 dum
266 2180 664 2235 accommodatae
675 2177 895 2230 deditam
914 2173 1243 2239 conﬁciemus
1256 2188 1315 2224 ac
1329 2173 1712 2226 consumamus?

145 2253 394 2307 Basiliam
434 2249 675 2318 sequitur
710 2245 902 2317 Glycas
927 2244 1309 2318 Jib._t__Au_nal.
1351 2242 1438 2295 die
1468 2242 1520 2297 5.
1559 2242 1710 2297 Adde

144 2324 368 2377 Plinium
396 2321 487 2376 lib.
510 2310 583 2383 ix,
607 2331 726 2385 cap.
758 2310 844 2379 f9.
878 2310 1011 2369 sect.
1032 2314 1112 2385 755
1138 2329 1155 2385 :7
1186 2310 1251 2385 1η
1273 2320 1453 2385 stagna
1474 2320 1520 2364 et
1536 2327 1710 2365 amnes

143 2391 439 2447 transeundi
477 2382 1047 2461 plerisquelpiscibtts)
1082 2383 1291 2461 euidens
1328 2382 1462 2461 ratio
1505 2390 1601 2461 est,
1653 2392 1710 2434 ut

142 2474 269 2517 tutos
291 2465 429 2532 [etus
458 2451 923 2532 edant,'quid'no_n
950 2451 1051 2509 sint
1074 2454 1249 2532 ibiqui
1276 2452 1367 2532 (a_l.
1397 2452 1530 2521 qute)
1552 2451 1708 2532 devo-

144 2544 245 2587 rent
276 2522 480 2605 ﬁartus,
518 2522 799 2600 ﬂuctusque
832 2526 998 2605 minus
1031 2526 1265 2605 saeviant.
1298 2522 1508 2605 Legam
1550 2523 1709 2603 igitur

148 2591 478 2673 prospiciunt,
504 2591 559 2655 et
586 2591 874 2673 post'vers.
895 2596 993 2659 60;
1017 2593 1137 2647 1am
1158 2594 1336 2673 micet,
1356 2591 1590 2673 vel_Tum
1614 2594 1710 2645 mi-

147 2661 221 2728 cat
246 2661 343 2743 pro
374 2661 512 2724 Nam
535 2661 714 2743 mieat.
738 2668 1029 2743 Est_a_utem
1052 2662 1307 2743 prospith
1324 2664 1433 2743 hoc.
1444 2661 1562 2715 loco
1583 2679 1708 2743 pro.

148 2733 299 2808 oideo,
334 2751 398 2797 ut
435 2740 574 2810 apud
603 2738 810 2793 Livium
838 2737 930 2790 lib.
956 2750 1029 2800 tv,
1054 2733 1177 2810 cap.
1200 2734 1292 2801 49,
1333 2733 1559 2810 Qui-vos
1592 2733 1713 2787 urbe

149 2803 379 2883 agrisque
403 2803 615 2865 donatos
655 2810 964 2883 incolonlnas
1004 2803 1345 2883 mittunt,_qui
1372 2803 1538 2883 sedem
1564 2819 1708 2883 sene-

149 2874 267 2936 ciuti
289 2874 475 2937 'vestrte
513 2880 849 2950 prospiciunt.
889 2878 993 2931 Pro
1014 2875 1320 2931 accusativo
1350 2874 1565 2942 ponitur
1588 2874 1709 2927 inﬁ-

154 2954 342 3007 nitivus
374 2967 592 3006 servare.

214 3023 296 3079 59.
320 3022 456 3077 Vide
479 3036 545 3075 an
576 3034 671 3088 pro
700 3018 876 3087 turpia
899 3016 1002 3087 legi
1030 3014 1223 3071 debeat
1255 3012 1713 3088 propria._Se_nsus

152 3107 260 3148 esse
287 3102 471 3164 potest
500 3084 641 3161 quod
672 3084 915 3144 homines
945 3084 1128 3142 contra
1157 3095 1398 3140 naturam
1430 3084 1709 3164 rebellant,

152 3154 302 3217 dum'
324 3154 699 3233 pisces-suum
732 3173 898 3233 genus
937 3170 1256 3233 conservare
1299 3166 1542 3233 satagunt
1584 3172 1597 3206 :
1629 3154 1714 3233 vel

150 3234 279 3302 quod
299 3225 477 3302 pisces
498 3232 597 3287 sibi
634 3225 964 3302 prospiciunt
998 3227 1124 3281 dum
1144 3235 1313 3302 maret
1340 3230 1600 3302 _urb_atur;
1631 3225 1717 3280 vel

148 3296 279 3372 quod
299 3296 501 3374 'pisces
528 3296 801 3374 negliguiit
827 3299 904 3369 (si
930 3298 1132 3368 legatur
1162 3296 1467 3365 despiciunt)
1493 3309 1719 3374 conser-

158 3366 277 3430 vare
302 3366 478 3445 genus
504 3366 695 3445 suujn,‘
723 3366 850 3424 dum
881 3366 1068 3445 natura
1098 3375 1464 3422 commovetur
1493 3366 1575 3420 his
1597 3380 1722 3435 pro-

149 3445 295 3514 digiis
305 3438 454 3514 'quae
466 3442 707 3514 versibus
725 3455 873 3510 seqq.
899 3438 1218 3514 referuntur.

215 3504 301 3571 60.
338 3504 461 3568 Dixi
493 3512 648 3565 modo
671 3504 925 3580 praestare
952 3510 1125 3580 legere
1147 3508 1267 3563 Jam
1287 3506 1437 3580 micat
1462 3520 1556 3575 pro
1580 3504 1721 3560 Nam

151 3586 314 3638 micat.
347 3587 505 3651 Saepe
526 3583 578 3637 in
604 3579 731 3636 mss.
759 3579 1155 3651 confunduntur
1182 3587 1285 3633 tum
1312 3586 1366 3631 et.
1376 3579 1509 3650 jam,
1544 3586 1598 3632 et
1617 3586 1722 3629 tam

150 3666 201 3709 et
223 3667 360 3718 tum;
398 3669 568 3719 neque
603 3652 853 3705 abhorret
884 3652 948 3702 ab
976 3650 1075 3703 hoc
1104 3650 1220 3703 loco
1250 3660 1376 3719 tum.

216 3726 303 3781 61.
334 3716 443 3779 Pro
467 3716 637 3776 creant
666 3722 751 3775 vel
771 3731 926 3784 creat,
956 3729 1013 3773 ut
1033 3720 1265 3786 correxi,
1288 3718 1512 3773 fortasse
1527 3716 1721 3774 melius

153 3797 250 3848 erit
272 3805 453 3849 ruunt.
489 3793 612 3847 Haec
650 3791 747 3845 fuit
777 3800 1011 3845 veterum
1040 3789 1221 3855 Opinio
1251 3790 1315 3843 de
1340 3788 1581 3842 cometis.
1626 3788 1722 3843 Se-

151 3880 297 3929 neca,
328 3867 518 3919 Natur.
543 3871 733 3931 quaest.
766 3861 859 3915 lib.
886 3876 977 3925 vn,
1007 3873 1125 3927 cap.
1152 3859 1237 3922 17,
1266 3858 1479 3931 Cruenti
1504 3860 1713 3931 quidam

153 3932 421 4000 (cometae)
448 3930 688 3994 minaces,
712 3932 801 3999 qui
825 3946 969 3983 omen
1010 3941 1121 4000 post
1160 3946 1213 3983 se
1254 3930 1412 3997 futuri
1452 3930 1720 3999 sanguinis

153 4005 333 4073 ferunt.
360 4004 626 4059 Putabant
672 4009 931 4073 cometam
948 3999 1113 4073 bella,
1142 4001 1490 4073 pestilentias.
1516 4000 1721 4073 alieque

154 4068 288 4128 inala
314 4074 659 4141 portendere,
684 4086 800 4141 qua:
824 4070 1069 4124 Manilius
1084 4068 1324 4124 retenset
1348 4073 1398 4123 in
1425 4070 1527 4141 line
1556 4068 1647 4122 lib.
1673 4084 1716 4122 t:

155 4144 255 4197 Seu
290 4138 438 4198 Deus
469 4138 714 4195 instantis
732 4142 825 4209 fati
864 4142 1146 4209 miseratus;
1161 4142 1213 4191 in
1255 4140 1421 4192 orbem
1447 4138 1609 4207 Signa
1632 4155 1721 4209 per

155 4156 255 4197 Seu
290 4156 438 4198 Ueus
469 4156 699 4195 instantis
732 4156 825 4209 ιαιι
864 4156 1213 4209 ηιιεεναιυδδιη
1255 4156 1421 4192 ornem
1447 4156 1609 4207 Signa
1630 4156 1720 4259 per

154 4214 381 4280 effectus,
432 4215 637 4280 eoelique
677 4212 911 4263 incendia
950 4211 1122 4262 mittit.
1166 4209 1445 4278 Nunquam
1490 4210 1623 4280 futili
1662 4225 1720 4262 us

155 4278 430 4337 excanduit
460 4278 659 4352 ignibus
702 4280 877 4352 aether,
909 4281 1375 4352 etc._‘i)raeontius
1422 4278 1719 4352 peculiaria

156 4356 399 4418 quedam
443 4348 677 4405 nionStra
717 4350 967 4419 explicat.
1019 4348 1270 4418 Virgilius
1314 4353 1363 4403 in
1414 4349 1519 4403 fine
1564 4348 1655 4401 lib.
1704 4365 1719 4403 ι

156 4422 397 4494 Georg.:
448 4422 555 4475 Nec
594 4431 834 4494 tempore
855 4423 1097 4494 eodem...
1160 4423 1259 4472 Aut
1304 4421 1467 4487 puteis
1512 4435 1721 4472 manare

157 4490 600 4548 cruor'cessauit...
630 4508 719 4544 nec
736 4490 834 4542 diri
855 4493 996 4543 toties
1017 4506 1184 4542 arsere
1209 4500 1434 4543 cometas.

780 4576 831 4625 v,
1057 4526 1581 4623 6950,”;i'ititmtethere
1617 4568 1721 4611 toto
1746 4526 1800 4587 Β

159 4632 416 4686 Turbidus
453 4634 609 4685 imber
629 4646 857 4701 aquam;
892 4631 978 4683 alti
1020 4630 1403 4701 habentoqua.
1452 4629 1555 4701 Sed
1604 4632 1719 4697 pluo

158 4718 272 4757 cum
298 4707 605 4758 accusativo
636 4700 858 4770 probum
886 4710 988 4753 est.
1023 4700 1096 4754 De
1120 4700 1437 4768 prodigiosis
1464 4700 1724 4754 imbribus

158 4773 380 4829 δίωτοι
418 4774 481 4825 tle
510 4770 708 4837 Divin.,
753 4784 869 4838 cap.
903 4770 1006 4823 45:
1040 4770 1175 4835 Quid
1215 4781 1353 4823 ortus
1392 4771 1724 4837 androgyni?

159 4860 321 4897 nonne
344 4844 506 4911 fatale
521 4842 777 4911 quoddam
799 4850 1078 4911 monstrum
1103 4840 1241 4909 fuit?
1286 4841 1420 4906 Quid
1459 4841 1724 4911 quodq/Iu-

160 4915 261 4965 oius
284 4910 485 4966 atratus
506 4910 747 4982 sanguine
767 4910 957 4979 ﬂuxit?
1000 4910 1136 4972 Quid
1162 4926 1275 4982 rum
1314 4926 1444 4979 sa'pe
1464 4910 1721 4982 lapidum,

159 4986 423 5053 sanguinis
443 4980 825 5053 nonnunquam,
843 4990 990 5053 terra;
1010 4980 1280 5053 interdum,
1300 4981 1555 5049 quondam
1577 4982 1725 5032 etiam

160 5050 306 5106 (aclis
332 5053 493 5107 intber
514 5053 736 5121 eﬂlurit?
766 5052 945 5105 Livius
974 5050 1086 5121 hajc
1119 5052 1351 5118 prodigia
1387 5054 1728 5121 passitn_me-

160 5133 355 5177 morat.
391 5117 592 5176 Plinius
632 5117 723 5175 lib.
764 5137 826 5186 Il,
868 5134 983 5187 cap.
1019 5118 1106 5183 56,
1146 5122 1321 5175 carnis
1351 5122 1531 5185 etiam,
1578 5119 1722 5183 ferri,

160 5194 313 5254 laute,
348 5196 574 5246 laterum
606 5200 875 5245 coctoruzn
923 5190 1153 5257 pluviam
1196 5190 1379 5244 refert.
1412 5190 1728 5243 Dracontius

161 5265 361 5316 calidas
402 5276 564 5328 aquas
587 5262 794 5315 videtur
826 5260 1118 5329 intelligere
1164 5262 1393 5329 pluviam
1422 5260 1724 5329 sanguinis:

161 5348 281 5386 nam
326 5334 495 5397 addit,
542 5333 763 5385 Roscida
794 5332 940 5401 tellus
969 5330 1233 5401 sanguine,
1278 5332 1480 5383 scilicet
1511 5332 1729 5401 humore

161 5405 454 5471 sanguineo
484 5402 710 5469 perfusa.
744 5400 990 5469 Virgilius
1013 5399 1100 5452 liti.
1132 5416 1226 5471 vti.
1271 5415 1412 5453 vers.
1445 5401 1568 5455 685.
1592 5399 1730 5454 Geli-

162 5469 384 5542 dumque
404 5474 668 5536 Anienem,
705 5480 749 5524 et
776 5471 978 5523 roscida
1004 5472 1121 5523 rivis
1142 5469 1188 5522 11
1195 5472 1366 5542 ernica
1391 5486 1511 5522 saxa
1533 5473 1727 5524 colunt.

231 5541 323 5597 65.
356 5542 472 5595 Non
503 5556 688 5595 Omnes
722 5542 870 5595 viola:
898 5550 1023 5593 sunt
1049 5541 1274 5606 pallidae,
1299 5549 1410 5606 aut,
1441 5549 1498 5593 ut
1524 5542 1598 5592 ait
1618 5542 1731 5593 Vir-

163 5612 340 5680 gilius,
377 5615 660 5679 pallentes;
698 5621 821 5665 sunt
870 5611 1109 5679 qumdam
1152 5626 1450 5679 purpuram,
1483 5610 1730 5679 quaedam

164 5683 316 5734 albae.
365 5682 679 5736 Dracontius
719 5696 846 5750 ergo
888 5683 963 5733 ait
1004 5681 1194 5733 violam
1236 5696 1352 5749 quae
1389 5690 1573 5734 natura
1614 5688 1731 5734 erat

162 5754 330 5815 lutea,
365 5754 564 5819 pallore
596 5753 795 5820 fugato,
838 5766 970 5804 rosa;
1000 5752 1233 5805 colorem
1260 5751 1515 5805 induisse.
1559 5750 1624 5804 Et
1652 5751 1730 5804 vi-

114 5880 117 5883 _
164 5823 361 5882 dentur
409 5823 616 5897 quidem
658 5822 1044 5895 frequentiores
1086 5820 1248 5877 fuisse
1284 5823 1419 5893 apud
1464 5820 1730 5889 Romanos

1815 2101 2178 2167 viuiaeluteae;
2211 2115 2331 2157 nam
2352 2100 2601 2173 Horatius
2620 2102 2807 2169 etiam,
2839 2102 2931 2159 lib.
2948 2118 3027 2168 Ill,
3050 2104 3139 2159 od.
3160 2105 3247 2169 10.
3276 2106 3391 2173 pal-

1816 2173 1983 2245 lorem
2004 2173 2362 2245 violaetribuit
2382 2190 2394 2226 :
2418 2170 2527 2245 ec
2545 2174 2733 2228 tinctus
2750 2175 2882 2229 viola
2902 2175 3071 2245 pallor
3091 2170 3390 2229 amantium.

1889 2244 1978 2299 66.
1999 2244 2075 2297 Ex
2093 2243 2249 2297 imbri
2267 2244 2540 2313 sanguinis
2557 2258 2663 2313 quo
2677 2244 2837 2301 tellus
2853 2243 3067 2313 irrigata
3082 2256 3183 2309 est,
3203 2262 3393 2301 omnes

1818 2316 1979 2370 flores
2005 2314 2201 2369 diversi
2228 2314 2426 2367 coloris
2451 2314 2645 2369 rubore
2672 2314 2765 2369 illo
2789 2315 2983 2369 infelici
3012 2325 3134 2369 sunt
3163 2317 3333 2369 tincti.
3398 2366 3399 2369 η

1889 2385 1977 2441 67.
2007 2384 2124 2437 Lib.
2155 2399 2232 2456 ιιι,
2264 2382 2566 2456 versati“,
2595 2384 2769 2439 Tertia
2782 2400 2914 2449 sors,
2940 2400 3054 2456 qua:
3076 2387 3204 2439 lucis
3226 2389 3394 2455 inops;

1818 2457 2028 2511 Erebus
2061 2454 2215 2507 tertia
2247 2468 2366 2525 sors
2392 2454 2609 2525 dicitur,
2651 2457 2796 2525 quia,
2830 2454 3107 2525 utgfabula:
3149 2469 3391 2523 narrant,

1819 2527 2105 2595 imperium
2133 2525 2256 2579 caeli
2283 2522 2401 2578 Jovi
2433 2524 2643 2593 obtigit,
2670 2522 2850 2579 'maris
2890 2523 3156 2595 Neptuno,
3195 2522 3396 2582 infero-

1819 2612 1937 2654 rum
1971 2595 2183 2649 Plutoni
2211 2595 2361 2649 fratri
2385 2606 2511 2649 natu
2536 2596 2750 2649 minori.
2780 2595 3007 2659 Seneca,
3040 2597 3252 2651 Hercul.
3293 2602 3393 2652 fur.

1818 2677 1925 2722 act.
1944 2681 2026 2732 ιιι,
2045 2679 2123 2720 sc.
2142 2667 2190 2728 1,
2222 2665 2289 2718 Et
2310 2666 2353 2719 si
2374 2667 2627 2738 placerent
2651 2667 2811 2738 tertia:
2830 2666 2982 2738 sortis
3002 2668 3133 2730 loca,
3168 2668 3398 2738 Regnare

1857 2738 1992 2802 otui;
2022 2744 2077 2791 et
2108 2745 2288 2796 postea
2311 2750 2453 2790 vers.
2483 2736 2605 2792 851.
2650 2735 2836 2788 Deerat
2865 2737 2965 2789 hoc
2996 2740 3161 2789 solum
3187 2735 3398 2792 numero

1836 2810 2067 2871 aborum,
2095 2805 2279 2859 Tertia:
2306 2820 2473 2875 regem
2493 2803 2715 2873 spoliare
2734 2806 2904 2875 sortis.
2938 2805 3175 2875 Tibullus
3197 2807 3290 2859 lib.
3314 2823 3393 2871 III,

1814 2880 1955 2947 eleg.
1984 2877 2039 2938 5,
2074 2873 2429 2947 TertiaAregna
2451 2876 2551 2929 dei.
2579 2874 2914 2947 Claudianus
2928 2873 2995 2928 de
3024 2874 3194 2944 Raptn
3241 2876 3393 2932 Pros.

1816 2944 2002 3009 libftt,
2036 2960 2178 3000 vers.
2212 2944 2341 2999 167.
2368 2945 2455 3000 Sic
2490 2946 2670 2998 tertius
2694 2945 2838 2998 heres
2878 2944 3113 3000 Saturni.
3150 2948 3399 3002 Manilius

1816 3016 1913 3072 lib.
1947 3034 1984 3082 ι,
2019 3030 2162 3069 vers.
2207 3014 2311 3072 155
2338 3015 2407 3069 de
2436 3016 2593 3080 mari,
2628 3014 2797 3073 Tertia
2847 3031 2959 3069 sors
3009 3017 3172 3070 undas
3218 3022 3398 3072 stravit

1820 3092 2103 3159 ﬂuctusque
2133 3096 2385 3159 natantes.

1742 3154 1791 3219 Ο
1820 3142 1849 3159 ’ν
1870 3142 1980 3213 68.
2013 3142 2258 3213 Serenum
2281 3156 2611 3213 substantive
2641 3155 2796 3211 :vide
2816 3142 2999 3213 notam
3022 3156 3086 3209 ad
3106 3162 3247 3213 vers.
3266 3158 3392 3214 586.

1896 3232 1985 3286 69.
2020 3228 2206 3282 Avitus
2242 3229 2309 3281 de
2345 3228 2576 3282 tenebris
2615 3227 2827 3298 Egypti
2874 3229 2964 3298 lib.
3004 3243 3056 3290 v,
3094 3242 3233 3282 vers.
3270 3227 3395 3293 2tt3,

1823 3300 2127 3369 Squalentes
2142 3300 2332 3366 pariter
2350 3296 2905 3369 viventiarmilia'credas
2922 3296 3161 3368 lnfernas
3182 3301 3398 3353 intrasse

1822 3368 2021 3435 domos,
2044 3380 2134 3424 aut
2158 3370 2287 3437 forte
2308 3369 2510 3422 revulso
2540 3368 2716 3436 Objice
2737 3378 2989 3422 terrarum
3029 3371 3242 3434 patriam
3280 3386 3397 3423 sor-

1822 3443 1988 3496 dentis
2025 3441 2195 3510 abyssi
2231 3437 2482 3509 Migrasse
2522 3440 2574 3493 in
2606 3455 2844 3510 superos,
2902 3455 2962 3493 ac
3002 3441 3245 3494 mundum
3284 3442 3397 3495 luce

1823 3516 2001 3583 fugata
2029 3509 2139 3566 Sub
2159 3511 2300 3583 leges
2333 3509 2528 3583 misisse
2548 3526 2601 3583 su
2611 3509 2688 3583 as.

1896 3578 1984 3636 70.
2018 3580 2170 3647 Apud
2202 3578 2549 3633 Claudiauum
2571 3580 2661 3634 lib.
2694 3578 2834 3643 tt,de
2862 3579 3031 3649 Raptu
3056 3580 3231 3645 Pros..
3254 3598 3398 3637 vers.

1822 3652 1946 3709 220.
1983 3651 2153 3723 Pallas
2182 3649 2260 3723 sic
2289 3649 2590 3723 Plutonem,
2613 3652 2737 3723 dum
2762 3651 3130 3723 Proserpinam
3163 3665 3397 3723 raperet,

1824 3721 2148 3791 alloquitur:
2184 3717 2387 3773 Fratris
2411 3718 2581 3786 linque
2615 3722 2811 3791 domos,
2844 3722 3061 3791 alienam
3089 3717 3260 3775 desere
3287 3717 3398 3776 sor;

1825 3789 1961 3857 tem,
1982 3790 2144 3845 Nocte
2173 3800 2264 3843 tua
2290 3798 2552 3843 contentus
2590 3789 2711 3844 abi:
2739 3790 2861 3858 quid
2902 3792 3012 3844 viva
3047 3792 3259 3861 sepultis
3287 3793 3398 3845 Ad-

1823 3864 2036 3915 misces?

1896 3932 1984 4004 7l_.
2008 3929 2271 4004 Hercules
2308 3929 2543 4004 Alcestin
2583 3929 2866 4004 ab__inferis
2908 3931 3181 4004 revocavit
3214 3932 3399 4004 (Hygi-

1823 4017 1922 4056 nus
1955 4001 2058 4056 fab.
2095 4000 2212 4072 5i).
2243 3999 2597 4072 Apollodorus
2629 4001 2720 4055 lib.
2754 4017 2789 4056 ιι
2823 4013 3000 4056 narrat
3035 3999 3300 4057 Theseum
3325 3999 3400 4058 ab

1824 4072 2052 4127 llerrule
2091 4071 2168 4124 cx'
2206 4071 2389 4141 inferis
2432 4072 2739 4136 excitatum,
2786 4073 3062 4141 ipsumque
3103 4072 3399 4128 Cerberum

1822 4151 2057 4209 captum,
2104 4151 2155 4194 et
2210 4141 2274 4193 ad
2326 4140 2680 4210 Eurystheum
2735 4140 3042 4196 adductum.
3084 4144 3324 4207 Ovidus,
3367 4146 3399 4198 7

1824 4212 1973 4272 Μαι..
2004 4227 2144 4264 vers.
2178 4210 2302 4273 410,
2334 4210 2632 4281 Tirynthius
2670 4212 2818 4266 heros
2852 4214 3162 4274 llestantem,
3195 4225 3398 4268 centra-

1822 4298 1916 4350 que
1944 4282 2078 4334 diem
2108 4283 2635 4352 radiosquemicantes
2661 4283 3017 4352 Obliquantem
3041 4285 3234 4349 oculos,
3260 4288 3404 4339 nexis

1824 4349 2093 4404 adamante
2112 4353 2324 4415 catenis,
2355 4349 2601 4406 Cerberon
2624 4349 2855 4408 attraxit.

1895 4422 1982 4476 75.
2019 4422 2131 4495 Lib.
2167 4438 2224 4483 tt,
2256 4437 2398 4495 vers.
2430 4424 2513 4487 11,
2546 4423 2742 4477 Partito
2786 4441 2901 4477 cum
2930 4425 3087 4495 fratre
3131 4426 3277 4489 vices,
3308 4442 3403 4478 sua

1826 4501 2051 4561 tempora
2081 4492 2323 4544 lustrans.
2358 4492 2410 4545 In
2436 4496 2624 4561 plurali
2648 4510 2866 4548 numero
2896 4492 3117 4562 tempora
3141 4497 3401 4561 accipitur

1826 4562 2108 4631 aliquando
2149 4577 2245 4630 pro
2276 4562 2422 4615 vultu
2462 4574 2513 4615 et
2559 4564 2692 4617 facie
2725 4582 2735 4615 :
2767 4574 2821 4616 et
2860 4564 2960 4617 hoc
3000 4579 3158 4616 sensu
3194 4568 3399 4619 vultum

1828 4632 1964 4685 lunae
1990 4631 2328 4685 Dracontinm
2358 4632 2666 4699 intelligere,
2690 4636 2880 4699 exponi
2903 4643 3099 4701 pOSset,
3126 4635 3224 4688 nisi
3249 4635 3402 4691 locus

1826 4715 1893 4754 ex
1924 4702 2017 4754 lib.
2064 4718 2099 4755 ιι
2142 4702 2401 4754 indicatus
2439 4714 2644 4767 tempus
2689 4703 2934 4757 innueret
2964 4720 3067 4771 quo
3099 4704 3217 4757 luna
3244 4722 3397 4761 suum

1826 4786 2038 4825 Cursum
2069 4774 2289 4839 peragit.
2338 4772 2441 4825 Sed
2485 4786 2579 4824 cur
2627 4772 2749 4825 luna
2789 4773 2979 4826 dicitur
3018 4790 3119 4826 non
3148 4777 3403 4829 humida?

1828 4842 1959 4907 Quia
1990 4856 2109 4895 cum
2159 4841 2280 4893 luna
2320 4841 2583 4908 prmcipuc
2620 4852 2773 4896 nocte
2803 4844 2889 4906 sit,
2930 4854 3021 4896 aut
3054 4845 3258 4899 dicatur
3297 4847 3398 4900 hu-

1829 4912 1993 4985 midi,
2028 4921 2081 4985 et
2120 4910 2205 4963 hic.
2244 4912 2611 4965 describantur
2646 4914 2879 4967 teuebra:
2908 4913 3132 4977 diurnae,
3169 4926 3223 4969 et
3252 4919 3399 4985 quasi

1828 4996 1892 5035 es
1923 4982 2103 5035 inferis
2129 4991 2486 5047 erumpentes,
2518 4997 2850 5051 consequens
2888 4994 2970 5037 cst
3018 4987 3192 5038 lunam
3234 4982 3315 5040 his
3348 4990 3398 5043 in

1831 5051 2065 5124 tenebris
2089 5066 2192 5105 non
2232 5067 2349 5103 esse
2394 5051 2681 5124 humidam.
2729 5054 2928 5107 Poterit
2954 5055 3111 5108 etiam
3163 5058 3259 5124 legi
3302 5076 3402 5112 non

1829 5120 2023 5202 lucida,
2053 5124 2170 5201 quia
2205 5130 2384 5190 postea
2411 5122 2594 5189 globus
2626 5124 2762 5178 luna:
2809 5125 3007 5178 fuscata
3042 5120 3283 5195 lampade
3318 5140 3399 5183 tc-

1828 5200 1945 5245 ctus
1977 5194 2185 5243 dicitur.

1901 5262 1987 5316 74.
2026 5260 2293 5333 Virgilius,
2326 5262 2414 5315 lib.
2448 5277 2520 5327 v1,
2556 5278 2698 5315 vers.
2727 5264 2850 5325 256,
2894 5264 3000 5319 Sub
3046 5268 3249 5333 pedibus
3288 5287 3403 5321 ntu-

1830 5331 1936 5400 gire
1962 5332 2150 5397 solum,
2181 5342 2226 5384 et
2250 5334 2374 5400 juga
2406 5342 2566 5400 coapta
2604 5338 2787 5387 moveri
2839 5331 3115 5390 Silvarum.
3160 5340 3407 5395 Lucanus

1832 5352 1936 5400 gtre
1962 5352 2150 5397 satum,
2181 5352 2226 5384 Gl
2278 5352 2374 5400 liga
2406 5352 2566 5400 σωρια
2604 5352 2787 5387 movett
2839 5352 3115 5390 Surorum.
3160 5352 3407 5395 Lucanus

1832 5402 1924 5454 lib.
1958 5418 2035 5465 ιιι,
2064 5418 2202 5455 vers.
2229 5352 2354 5466 ίιδ,
2400 5402 2547 5473 Stepe
2586 5420 2731 5458 cavas
2770 5417 2825 5458 te
2845 5417 3057 5460 rannotu
3093 5412 3284 5481 mugire
3320 5428 3407 5465 ca-

1831 5486 2031 5525 vernas.

1907 5542 1992 5597 76.
2038 5542 2181 5596 Fort.
2217 5559 2418 5622 roseot'e
2444 5544 2628 5607 colore,
2676 5553 2731 5599 ut
2769 5546 2881 5622 dies
2912 5547 2978 5601 sit
3006 5551 3262 5605 caeruleus
3294 5554 3410 5622 pal-

1834 5612 1963 5694 lore,
1995 5629 2272 5694 scuroseo
2302 5616 2481 5694 colore
2514 5632 2528 5669 :
2559 5632 2677 5668 nam
2725 5619 3092 5694 eolnr_roseus
3115 5639 3216 5675 nun
3243 5612 3411 5694 oppo-

1834 5683 1973 5735 nitur
1998 5683 2167 5765 noctis
2196 5684 2448 5765 tenebris,
2477 5701 2594 5739 cum
2626 5700 2779 5742 nocte
2821 5689 2989 5744 soleat
3016 5693 3066 5745 in
3091 5696 3229 5747 crulo
3251 5683 3412 5765 :t'p'pa.

1833 5767 1978 5835 rere,
2001 5764 2053 5807 et
2074 5754 2222 5809 color
2264 5757 2526 5810 caeruleus
2555 5767 2728 5826 potest
2769 5775 2830 5813 ex
2870 5776 2928 5827 ro
2960 5777 3024 5818 co
3054 5772 3108 5829 et
3136 5754 3412 5827 luteo'l'or.

1835 5834 1987 5881 mari.
2560 5846 2564 5851 '
3405 5834 3412 5843 ⁸
