3942 6310
1376 354 1658 411 CARMEN
1700 353 1787 409 DE
1829 352 1984 409 DEO.
2027 352 2157 408 LIB.
2201 351 2239 407 I.

3347 351 3455 409 694

348 467 676 537 Supplicium
698 480 817 522 cum
844 481 987 534 saepe
1013 474 1190 537 neget,
1223 466 1349 521 licet
1382 467 1503 520 inde
1532 467 1763 520 minetur
1790 468 1844 529 Α
1870 466 1971 523 105
2049 468 2232 520 Donec
2259 464 2312 520 in
2341 471 2612 520 extremos
2639 464 2868 535 gemitus
2897 464 3170 520 recidente
3198 464 3349 518 ruina

355 562 508 634 132
538 559 821 626 Omnibus,
857 570 912 615 et
949 560 1154 615 nullum
1196 560 1348 614 feriat
1385 574 1610 638 censura
1649 557 1757 612 Το.

1491 651 1686 714 nantis,

1491 651 1686 714 nantis,

348 744 408 798 l\‘i
440 744 626 799 vitium
657 745 929 815 peccantis
957 751 1081 813 agat
1113 741 1402 813 perstando
1434 651 1686 811 uialigne.

349 837 412 890 lit
449 849 834 908 quemcunque
889 836 1054 901 ferit,
1105 834 1446 890 moderanter
1495 843 1762 904 temperat

1503 931 1686 1004 [ictus,

61 1011 65 1014 ’
166 1023 238 1079 95
350 1023 580 1092 Corrigit
627 1033 915 1092 errantem,
970 1037 1068 1079 nec
1111 1022 1260 1094 punit
1298 1031 1472 1077 morte
1511 1031 1758 1092 repente,

343 1115 398 1169 Si
434 1130 655 1183 peccare
681 1116 771 1170 diu
795 1125 975 1186 parcat
1006 1115 1309 1185 quicunque
1340 1115 1614 1184 profanus.

347 1208 454 1264 Sed
471 1223 591 1263 cum
612 1217 817 1277 perstat
835 1208 996 1264 homo
1020 1224 1130 1264 sem
1140 1225 1232 1276 per
1250 1194 1441 1264 delicta
1461 1205 1734 1278 sequendo

347 1299 553 1354 Sentiet
580 1301 773 1356 iratum
803 1315 965 1370 poena
989 1301 1261 1370 plectettte
1286 1300 1546 1354 furorem.

414 1393 584 1449 Nemo
611 1394 780 1450 Deum
806 1396 1004 1462 sentit,
1035 1397 1245 1464 quaties
1275 1393 1521 1448 irascitur
1546 1393 1661 1458 ulli,

164 1483 271 1539 100
346 1485 608 1555 Indulget,
650 1486 970 1557 cobibetque
1002 1486 1174 1541 minas
1202 1485 1418 1554 pietatis
1443 1499 1649 1547 amore,
1713 1545 1718 1550 _

345 1577 524 1632 Donec
569 1579 637 1636 ab
666 1578 898 1634 excelsis
921 1578 1103 1634 veniat
1127 1577 1356 1633 vindicta
1385 1591 1647 1632 coercens
1672 1595 1682 1621 =

349 1667 550 1738 lmpete
577 1668 797 1723 terribili
823 1669 999 1739 gravis
1026 1669 1182 1722 irruit
1209 1669 1284 1722 ira
1305 1663 1559 1736 repente,

342 1759 553 1814 Sensim
585 1773 771 1815 rursus
800 1757 952 1814 adest
983 1759 1127 1814 nullo
1153 1769 1360 1815 terrore
1379 1759 1620 1828 juvante,

344 1852 409 1910 Et
437 1869 543 1908 non
571 1854 815 1924 agnoscit
847 1853 1126 1917 Dominum
1151 1854 1452 1924 quicunque
1471 1852 1756 1917 furentem,
1792 1846 1840 1906 B

2047 556 2204 628 133
2236 555 2482 626 ingravat
2503 556 2774 611 incautum
2796 556 3028 626 graviori
3054 555 3290 622 pondere
3317 555 3461 608 tran-

3222 662 3373 714 gens.

2046 741 2153 797 Sed
2177 756 2282 797 non
2308 748 2396 797 est
2421 740 2599 796 omnis
2624 756 2815 796 manus
2835 740 3182 810 exstirpanda
3207 755 3454 802 reorum;

2039 833 2196 890 Solos
2224 833 2422 902 quippe
2453 841 2636 899 necat,
2685 847 2818 902 quos
2847 832 3022 888 cernit
3049 832 3193 886 nolle
3227 832 3452 895 reverti,

2049 925 2267 982 Addere
2293 924 2389 982 sed
2415 925 2668 996 gravibus
2699 927 2929 994 peccatis
2959 925 3181 980 crimina
3209 925 3362 978 dura.

1867 1020 1971 1076 110
2043 1018 2176 1074 Nam
2209 1033 2332 1072 mox
2362 1027 2572 1088 tempus
2603 1018 2755 1074 adest
2792 1019 3034 1083 veniens,
3080 1032 3185 1088 quo
3215 1026 3337 1071 vota
3374 1033 3453 1071 re-

1868 1109 1870 1114 l
3145 1111 3386 1181 [currant

2039 1203 2122 1259 Ad
2148 1202 2368 1258 meliora
2398 1203 2590 1270 semel,
2634 1203 2729 1257 sed
2776 1217 2882 1257 non
2914 1201 3147 1258 reditura
3193 1199 3454 1268 secundo,

2043 1298 2124 1354 Ac
2149 1299 2327 1354 scelus
2351 1297 2605 1368 abjieiant
2631 1297 2908 1369 lacrymis,
2951 1307 3005 1353 et
3034 1299 3196 1353 corde
3219 1307 3450 1353 reatum.

2115 1391 2245 1459 Quis
2271 1406 2442 1462 genus
2473 1391 2762 1446 humanum
2793 1393 2964 1448 nescit
3003 1406 3222 1446 servare
3268 1389 3457 1445 volen-

3249 1483 3376 1555 [tem

2041 1574 2351 1639 Auctorem,
2401 1573 2800 1645 dominumque
2838 1573 3041 1632 Deum?
3083 1574 3168 1629 cui
3223 1574 3453 1628 contulit

2080 1741 2082 1743 _
2527 1647 2532 1654 ’
3148 1665 3378 1737 [orbem,

1867 1754 1968 1814 “5
2047 1756 2205 1834 13a.
2233 1756 2336 1812 Per
2368 1766 2443 1813 tot
2474 1757 2610 1813 facta
2643 1758 2785 1814 Deus
2808 1757 2950 1827 quod
2969 1767 3123 1812 sexta
3163 1758 3281 1812 luce
3310 1771 3452 1812 crea-

2505 1857 2510 1864 ·
3259 1851 3375 1924 [vit.

1489 1965 1719 2022 VARI/13
1762 1965 2053 2023 LEC'l'l0.\
2065 1967 2166 2023 ES.

191 2124 196 2128 .
226 2080 318 2134 91.
360 2079 498 2143 Vat.,
526 2094 661 2147 saepe
688 2080 809 2132 nitet
841 2079 973 2134 licet.

187 2184 192 2186 —
224 2151 317 2206 95.
352 2150 496 2217 Vat.,
525 2151 747 2219 corrigat
770 2160 1042 2204 errantem.

223 2223 319 2276 96.
351 2221 490 2286 Vat.,
522 2221 614 2273 diu
636 2230 812 2286 pareat
833 2222 1117 2290 quicunque
1144 2223 1464 2289 prapltanus.

224 2294 353 2348 100.
387 2292 530 2360 Vat.,
563 2291 636 2345 Ni
661 2291 822 2362 fulget
847 2294 1079 2362 preclare
1100 2292 1284 2345 minas.

223 2363 355 2417 102.
389 2362 530 2428 Vat.,
564 2361 758 2432 impetu
785 2361 1018 2417 terribili.

223 2433 356 2488 105.
391 2433 532 2500 Vah,
563 2448 770 2502 sensum
815 2449 994 2486 rursus
1045 2433 1186 2486 adest
1233 2433 1378 2486 nullo
1425 2443 1618 2487 terrore
1655 2435 1752 2503 ju-

156 2513 355 2558 ωηερε.
401 2525 406 2530 “

1934 2079 2056 2151 104.
2091 2078 2236 2151 Vat.,
2267 2097 2356 2134 nec
2384 2096 2484 2134 non
2511 2082 2759 2151 agnoscit.

1936 2150 2060 2205 107.
2097 2150 2239 2216 Vat.,
2268 2152 2432 2206 sinon
2460 2150 2554 2206 est.

1933 2221 2055 2274 110.
2092 2220 2237 2285 V:tt.,
2273 2231 2384 2274 vota
2411 2223 2612 2275 recur‘t.
2949 2284 2953 2288 _

1932 2291 2053 2344 “‘2.
2088 2290 2234 2360 Vah,
2268 2293 2347 2344 Ad
2373 2292 2536 2346 scelus
2557 2294 2817 2366 adjectum
2845 2295 3083 2365 larrymis
3100 2297 3316 2363 p-corde
3336 2315 3447 2353 rea-

1861 2371 1990 2415 tum.
2187 2413 2189 2415 .

1931 2433 2052 2486 114.
2089 2432 2235 2499 Vat.,
2265 2434 2346 2486 cui
2371 2434 2585 2486 contulit
2615 2434 2792 2492 index.

1933 2502 2056 2558 115.
2085 2503 2233 2569 Ἴθι,
2269 2504 2406 2573 facta
2428 2505 2536 2558 dies
2553 2522 2703 2575 quem
2727 2515 2890 2561 sexta.

1680 2615 1908 2674 NOTA'J.

156 2711 352 2764 nouerit
402 2711 533 2774 ipse,
584 2709 787 2762 Absolvi
838 2709 1058 2770 meruit;
1087 2710 1130 2762 si
1159 2709 1384 2778 paenitet,
1424 2709 1572 2762 irrita
1598 2707 1750 2778 culpa

155 2792 246 2836 est.
277 2780 606 2834 Vitle'etiaut
640 2779 731 2834 lib.
762 2795 795 2834 tt
826 2778 1115 2844 Dracontii,
1142 2795 1282 2833 vers.
1317 2779 1386 2835 95
1407 2788 1460 2834 et
1488 2795 1602 2848 seq.

221 2852 316 2906 91.
351 2852 426 2904 Ex
458 2851 582 2903 nitet
606 2850 718 2904 licet
749 2860 926 2920 posset
952 2851 1065 2904 lieri
1093 2850 1359 2904 videlicet:
1385 2860 1566 2918 posset
1587 2851 1747 2904 etiam

157 2923 254 2990 legi
282 2923 414 2975 vitet
453 2937 548 2987 pro
591 2925 734 2986 nitet,
779 2920 873 2976 sed
924 2921 1092 2990 prima
1139 2921 1190 2974 in
1249 2926 1368 2975 vitet
1415 2921 1745 2990 producitur.

156 2993 404 3059 €onjicio
431 3001 596 3063 neget,
629 2993 741 3045 licet
772 2992 878 3063 ipse
908 2995 1144 3063 minetur.

221 3065 311 3117 05.
351 3063 464 3116 Lib.
497 3061 567 3126 λι,
595 3075 736 3132 ve_rs.
770 3061 898 3128 M7,
933 3061 1045 3116 Nos
1075 3061 1220 3114 nobis
1248 3061 1462 3132 facimus
1490 3061 1748 3132 peccando

154 3145 340 3202 sponte
365 3134 607 3204 maligne.
641 3130 886 3204 Perstare
907 3141 989 3204 e_s_t
1019 3130 1385 3199 perseverare.

217 3205 312 3260 04.
359 3201 588 3268 Prosper
615 3203 784 3270 epigr.
819 3203 875 3267 8,
928 3201 1148 3256 Verbere
1182 3217 1546 3270 nonnunquam
1585 3203 1745 3256 casti-

153 3291 278 3344 gans
311 3275 468 3327 corde
499 3281 730 3344 paterno.
775 3272 857 3326 Ne
895 3273 1334 3344 citoconsumant
1370 3288 1500 3326 uera
1537 3273 1748 3344 ﬂagella

56 3411 58 3418 _
153 3342 279 3418 reos.
315 3345 408 3398 Sic
437 3345 570 3412 lego.
603 3343 874 3398 Fabricius
889 3342 1056 3418 edidit
1079 3343 1267 3418 (epigr.
1299 3344 1332 3396 4
1353 3344 1492 3411 apud
1522 3342 1742 3418 ipsum),

165 3414 382 3470 Verbere
415 3430 741 3482 nonunquam
785 3415 1038 3481 castigans
1085 3416 1241 3466 corda
1289 3423 1520 3483 paterno.
1571 3414 1748 3472 Edjtio

153 3485 465 3540 Pisatlrcns.
537 3485 772 3550 Pactam,
838 3483 1049 3538 Verbere
1098 3499 1427 3554 nonunquum
1489 3484 1748 3555 castigans

155 3559 308 3610 corde
347 3562 577 3625 paterno.

178 3648 180 3654 ·
219 3626 312 3680 95.
348 3623 468 3680 Lib.
503 3639 558 3686 tt,
593 3639 730 3678 vers.
781 3623 906 3691 691,
966 3624 1216 3678 Errantes
1251 3626 1422 3694 punis,
1467 3627 1556 3678 sed
1609 3626 1748 3680 mitis

153 3697 372 3768 corrigis
395 3713 588 3768 omnes.
689 3765 777 3768 __
906 3765 949 3768 __
1457 3766 1469 3768 _
1550 3766 1565 3768 4
1727 3717 1730 3722 ·

221 3765 314 3822 96⁷.
349 3768 405 3820 S.
460 3766 650 3821 Petrus
685 3765 857 3834 Epist.
906 3765 972 3831 ll,
1003 3780 1124 3834 cap.
1161 3780 1240 3828 ttt,
1272 3780 1412 3820 vers.
1448 3766 1500 3826 0,
1539 3766 1748 3821 Patien-

152 3847 224 3892 ter
251 3839 369 3907 agit
403 3833 702 3898 (Dom-inuSi
752 3844 959 3908 prapter
1003 3833 1088 3889 vos
1115 3877 1129 3899 ,
1185 3837 1361 3890 nolens
1413 3837 1612 3903 aliquos
1659 3856 1748 3908 pe-

153 3910 270 3973 rire,
333 3907 434 4029 radi
463 3921 637 3960 omnes
677 3908 744 3958 ad
785 3907 1128 3975 paenitentiam
1154 3908 1356 3960 reverti.
1414 3908 1544 3962 Vide
1594 3907 1741 3978 Eleg.

153 3991 290 4029 vers.
441 4020 455 4029 .

152 3991 290 4034 vers.
334 3980 455 4036 102.

219 4050 318 4103 97.
351 4048 548 4103 Genes.
582 4061 732 4109 xvut,
763 4047 855 4111 21,
900 4047 1154 4101 Dominus
1185 4047 1254 4101 de
1295 4047 1612 4102 criminibus
1639 4049 1742 4103 So-

153 4118 442 4174 domorum
466 4134 481 4171 :
511 4115 850 4183 Descendunt,
879 4127 926 4172 et
955 4118 1128 4172 uidebo
1159 4128 1332 4172 utrum
1357 4117 1629 4172 clamorem
1659 4122 1744 4189 qui

153 4193 278 4244 venit
315 4190 386 4242 ad
415 4204 496 4241 me
521 4204 671 4254 apere
700 4189 1080 4257 compleverint.

224 4261 353 4315 l00.
389 4259 529 4330 Satis
573 4261 853 4330 commode
908 4259 1206 4314 restituitur
1247 4258 1490 4330 Indulget
1539 4268 1633 4328 pro
1673 4261 1745 4316 Ni

156 4331 353 4399 fulget;
384 4329 480 4383 sed
531 4329 1071 4402 propreclare‘lorte
1115 4329 1744 4402 legendum’prrefertque

155 4403 350 4465 minus,
375 4409 467 4453 aut
491 4400 688 4468 aliquid
710 4399 850 4453 aliud
880 4399 1072 4454 similis
1101 4401 1400 4456 sententiae.
1549 4399 1571 4438 '-

226 4473 291 4526 10
312 4477 356 4526 1.
390 4471 508 4524 Lib.
539 4485 598 4534 tt,
630 4485 768 4524 vers.
799 4469 924 4534 475,
974 4469 1232 4536 Superum
1264 4471 1486 4524 uindicta
1527 4482 1739 4528 coercet.

158 4539 378 4596 Excelsa
412 4556 508 4608 pro
533 4541 692 4606 etelo,
726 4547 784 4594 ut
811 4541 982 4594 dicam
1010 4542 1074 4595 ad
1108 4555 1246 4594 vers.
1279 4541 1384 4594 901
1411 4541 1503 4595 lib.
1538 4559 1594 4599 tt.

225 4612 351 4667 102.
392 4611 587 4680 lmpete
622 4612 863 4680 occurrit
897 4612 1056 4665 etiam
1101 4612 1231 4673 infra
1263 4625 1402 4665 vers.
1434 4613 1560 4677 557,
1600 4615 1742 4670 Sub-

159 4683 364 4736 ducitur
406 4679 590 4750 impete
618 4681 814 4734 mortis.
845 4679 1206 4735 Tertulliauus
1249 4683 1319 4736 de
1360 4682 1483 4735 .lud.
1536 4686 1741 4741 Domini

160 4752 353 4808 habet:
387 4751 414 4805 I
424 4762 590 4816 mpetu
613 4761 834 4804 tartareo
855 4753 1090 4817 frendent
1120 4753 1355 4806 incendia
1383 4755 1609 4816 mundo:
1649 4757 1740 4810 sed

161 4823 208 4896 in
249 4826 350 4896 hoc
408 4831 628 4896 auctore
682 4822 806 4876 ferri
864 4822 913 4876 id
955 4832 1152 4891 potest,
1197 4838 1318 4878 cum
1373 4838 1517 4891 saepe
1558 4827 1742 4896 spiritu

159 4893 429 4958 dactylum
466 4893 644 4946 iaciat.

229 4965 351 5019 105.
390 4964 492 5017 Pro
510 4966 750 5035 juvantes
775 4962 868 5035 vel
904 4965 1122 5032 juvante
1152 4963 1295 5017 aliud
1346 4965 1580 5020 mallem.
1614 4966 1743 5022 For-

157 5042 297 5088 t-sse
327 5037 470 5088 nullo
499 5033 689 5088 terrore
717 5033 940 5086 minante
963 5035 1044 5088 vel
1078 5045 1328 5088 monente.

230 5108 352 5159 105.
379 5106 494 5175 Lib.
526 5121 583 5170 tt,
617 5119 758 5159 vers.
793 5105 928 5172 156,
981 5105 1337 5159 Recidentibus
1369 5108 1526 5166 euris.
1561 5109 1740 5175 et.ib.,

158 5174 467 5248 vetanti”,
503 5175 635 5243 Spes
679 5177 878 5248 generis
924 5177 1176 5230 recidens.
1224 5176 1427 5248 Livius,
1470 5179 1560 5230 lib.
1592 5174 1738 5248 xx”,

155 5261 269 5308 cap.
305 5245 395 5310 29,
432 5246 546 5311 Quo
575 5245 693 5298 moui
717 5247 772 5298 in
802 5249 1085 5312 graviorem
1111 5247 1342 5300 morbum
1365 5249 1630 5303 recideret.

230 5317 349 5368 l0'l.
388 5317 501 5369 Lib.
537 5331 594 5381 tt,
629 5321 770 5370 vers.
804 5317 930 5384 405,
968 5318 1163 5371 Rursus
1204 5334 1270 5370 ne
1291 5319 1522 5385 perderet
1551 5319 1738 5385 orbem,

158 5386 252 5435 Aut
279 5388 490 5454 impune
507 5402 620 5440 reos
643 5388 835 5455 passim
860 5389 1134 5442 dimitteret
1164 5404 1355 5457 omnes,
1395 5387 1549 5459 Eligit
1573 5407 1601 5443 e
1618 5407 1740 5444 cun-

159 5459 419 5527 ct?s,quos
448 5459 564 5527 plus
589 5470 802 5526 peccare
827 5459 1044 5514 videbat.

231 5526 352 5578 l09.
391 5526 552 5581 Ferte
580 5528 794 5581 crimina
820 5531 956 5585 dira.

229 5595 350 5668 l_lO.
378 5596 438 5650 ld.
465 5599 732 5665 pertinere
755 5600 964 5655 videtur
980 5601 1043 5654 ad
1074 5601 1394 5656 sententiam
1413 5602 1630 5668 Apoeal.
1657 5617 1737 5664 ut,

154 5661 206 5726 5,
242 5661 596 5722 Pwnitentiam
617 5685 730 5738 age.
763 5670 824 5726 Si
845 5689 962 5740 ergo
986 5689 1085 5724 non
1115 5673 1417 5741 vigilaveris,
1457 5661 1651 5724 ivi-niam
1673 5661 1742 5725 ad

151 5744 202 5816 te
231 5745 472 5816 tanquam
503 5743 756 5816 fur,_qu;c
790 5744 1050 5816 repetitur
1078 5760 1336 5816 cappxw,
1371 5759 1513 5796 vers.
1549 5743 1634 5805 15,
1685 5753 1742 5797 et

153 5805 208 5858 in
241 5805 285 5860 ll
312 5811 469 5878 epist.
501 5805 750 5878 reet)".
804 5805 891 5879 10,
939 5823 994 5870 et
1031 5805 1175 5872 Pauli
1208 5814 1222 5868 l
1252 5805 1329 5867 al
1361 5815 1551 5871 'l'ltess.
1584 5831 1632 5878 V.
1680 5819 1733 5876 2.

1867 2706 2151 2762 Etclarius
2175 2706 2242 2762 ad
2270 2722 2383 2763 rem
2413 2715 2648 2762 nostram
2679 2708 3038 2765 Ecclesiastic.
3067 2726 3174 2776 xw,
3204 2712 3268 2765 12
3295 2731 3304 2763 :
3333 2712 3443 2766 Me-

1857 2793 1970 2850 mor
2008 2786 2115 2850 esto
2141 2778 2384 2848 quoniam
2425 2794 2560 2832 mors
2588 2793 2687 2830 non
2731 2780 2936 2842 tardat;
2987 2789 3038 2834 et
3083 2782 3237 2846 paulo
3285 2792 3440 2850 post:

1858 2848 1988 2900 Ante
2013 2847 2207 2901 obitum
2234 2859 2380 2901 tuum
2420 2864 2632 2919 aperare
2651 2850 2933 2918 justitiam,
2964 2852 3206 2919 quoniam
3237 2847 3338 2906 non
3365 2863 3442 2908 est

1855 2919 2001 2988 apud
2023 2919 2214 2987 inferos
2243 2919 2468 2972 invenire
2507 2918 2693 2972 cibum.
2738 2918 3027 2988 Apostolus
3058 2922 3124 2976 ad
3153 2922 3326 2977 Galat.
3364 2940 3442 2987 vn,

1856 2990 1945 3052 10,
1978 2987 2117 3059 Ergo
2143 2989 2262 3042 dum
2299 2996 2498 3059 tempus
2525 2987 2799 3057 habemus,
2838 2992 3104 3059 Operemur
3143 2991 3331 3050 bonum
3373 2994 3444 3047 ad

1855 3058 2270 3131 onmesJoann.
2302 3075 2377 3128 Ix,
2409 3058 2463 3124 1,
2511 3059 2654 3113 Venit
2693 3076 2815 3127 nox,
2856 3058 3062 3131 quando
3105 3080 3254 3116 nemo
3281 3073 3442 3130 potest

1777 3125 1824 3190 C
1855 3131 2079 3202 operari.
2109 3130 2165 3184 ln
2201 3146 2337 3186 nexu
2364 3125 2661 3185 litterarum
2692 3125 3001 3202 dubio'lego
3023 3125 3308 3199 recurrani,
3337 3136 3442 3188 sci-

1853 3201 1980 3256 ltcet
2005 3205 2100 3256 rei.

1925 3273 2049 3327 111.
2084 3272 2268 3326 Redire
2309 3271 2532 3325 secundo
2577 3281 2658 3324 est
2702 3272 3042 3338 pleonasmus
3087 3290 3115 3327 τι
3152 3275 3437 3330 Dracontio

1851 3341 2078 3408 aliisque
2105 3344 2347 3406 usitatus,
2384 3352 2439 3394 ut
2465 3357 2640 3395 rursus
2663 3344 2832 3396 redire
2859 3345 2997 3410 apud
3030 3345 3275 3400 eum‘dem
3310 3349 3440 3399 Dm-

1851 3413 2110 3476 conlium,
2153 3423 2206 3467 et
2237 3411 2330 3467 lib.
2362 3428 2419 3476 tt,
2471 3428 2614 3466 vers.
2648 3413 2770 3477 165,
2825 3413 3024 3468 llursus
3053 3432 3199 3482 aqua:
3229 3418 3438 3472 reduces

1850 3493 2080 3553 repetunt
2131 3483 2243 3536 loca
2278 3485 2476 3553 prisca;
2525 3484 2999 3555 rursum‘reddere,
3055 3488 3191 3555 apml
3240 3487 3439 3541 Teren-

1854 3555 2018 3618 tiuttt;
2073 3568 2251 3606 rursus
2289 3557 2500 3621 referre,
2544 3555 2683 3617 apud
2716 3553 2992 3622 Ovidium;
3042 3553 3219 3610 rursus
3246 3558 3434 3621 redire,

1851 3624 1990 3692 apud
2026 3623 2424 3687 Marcellinum;
2455 3640 2633 3677 rursus
2663 3635 2906 3688 repetere.
2930 3626 3068 3694 apud
3097 3628 3432 3682 Suetonium.

1851 3695 1928 3750 De
1957 3695 2457 3766 votisDracontitts,
2493 3695 2584 3766 lib.
2616 3710 2653 3762 ι,
2687 3709 2826 3748 vers.
2860 3694 2984 3760 691,
3019 3699 3153 3750 mala
3177 3708 3291 3750 vota
3320 3715 3455 3766 reo-,

1851 3781 2000 3837 rum;
2021 3765 2197 3837 et‘lib.
2226 3780 2282 3829 tt,
2308 3779 2455 3837 vers.
2488 3765 2618 3837 405,
2647 3766 2919 3819 hominum
2949 3767 3168 3837 pessima
3188 3780 3320 3821 vota.
3449 3765 3454 3792 ζ

1923 3835 2045 3890 112.
2085 3835 2280 3890 Versus
2308 3834 2394 3889 hic
2419 3836 2689 3889 sanandus
2709 3845 2817 3900 est;
2850 3834 2959 3890 sed
2977 3851 3081 3892 non
3109 3837 3214 3891 alia
3243 3853 3433 3894 occur-

1849 3907 1921 3962 rit
1946 3904 2232 3978 medicina,
2264 3906 2362 3959 nisi
2394 3920 2552 3974 quam
2580 3906 2833 3978 adhibui;
2865 3915 2958 3960 aut
2997 3907 3042 3978 si
3068 3909 3235 3963 mavis
3257 3907 3431 3978 lacry-

1850 3978 1946 4048 niis
1987 3977 2253 4048 purgando
2293 3985 2510 4048 reatum,
2545 3977 2645 4048 vel
2677 3978 2922 4045 lacrymis
2959 3976 3172 4032 delenda
3207 3976 3429 4035 reatum.

1850 4045 1986 4118 Vide
2007 4045 2101 4118 lib.
2128 4063 2172 4118 7t,
2207 4061 2346 4101 vers.
2375 4046 2501 4111 694,
2539 4047 2607 4108 Ut
2627 4063 2680 4118 se
2708 4049 2979 4118 pasniteant
2999 4048 3224 4116 sceleris,
3255 4061 3358 4105 etc.

1923 4117 2047 4176 114.
2075 4117 2241 4171 Abest
2290 4132 2478 4172 sensus
2507 4131 2538 4170 a
2568 4117 2768 4172 codicis
2817 4117 3047 4174 lectione
3088 4121 3172 4172 cui
3218 4120 3455 4182 contulit

1849 4188 2022 4242 index.
2053 4188 2167 4242 Non
2199 4187 2423 4243 dedecet
2449 4191 2534 4241 cui
2557 4190 2772 4242 contulit
2800 4189 2990 4255 orbem,
3033 4190 3116 4245 vel
3143 4191 3225 4245 cui
3253 4193 3455 4255 cendia

1850 4259 1924 4312 dit
1951 4260 2140 4313 orbem.
2167 4257 2273 4314 Sed
2305 4274 2331 4311 a
2367 4259 2641 4314 Dracontii
2667 4273 2826 4313 manu
2868 4247 3078 4314 videtur
3105 4276 3226 4317 esse
3253 4247 3456 4328 index,l

1848 4344 1956 4398 quo
1985 4331 2150 4385 verbo
2180 4343 2310 4384 usus
2344 4340 2427 4402 est
2466 4330 2557 4383 lib.
2600 4346 2635 4393 t,
2682 4345 2822 4385 vers.
2867 4330 2997 4402 151,
3021 4330 3196 4402 _Spes,
3237 4333 3457 4402 opifex,

1849 4403 2108 4472 dominus,
2140 4410 2325 4466 rector,
2351 4401 2476 4472 dux,
2511 4402 2721 4466 arbiter,
2755 4401 2928 4472 index.
2965 4400 3065 4472 ,Sic
3087 4400 3201 4455 ‘lux
3237 4400 3456 4472 a'b’co-g

1849 4472 1969 4525 dem
1997 4471 2195 4526 dicitur
2222 4471 2463 4541 temporis
2489 4472 2665 4541 index,
2690 4472 2768 4525 sol
2792 4471 2996 4524 luminis
3023 4473 3194 4537 index,
3237 4469 3431 4527 Petrus

1849 4543 1952 4596 reri
1982 4542 2233 4610 dogmatis
2259 4540 2436 4594 index.
2482 4540 2552 4597 Ut
2581 4541 2720 4595 Deus
2761 4549 2985 4594 vocatur
3031 4541 3164 4608 dux,
3210 4542 3332 4610 quia
3363 4543 3433 4596 ad

1848 4622 2050 4667 rectam
2082 4613 2219 4666 viatn
2260 4625 2358 4665 nos
2385 4613 2548 4673 ducit,
2597 4611 2674 4665 sic
2721 4611 2861 4664 idem
2905 4610 3200 4679 appellatur
3245 4611 3455 4677 index,

1847 4685 1969 4752 quia
2013 4682 2396 4752 nobisindicat
2429 4682 2568 4752 quid
2610 4679 3294 4752 ragettdumilugieud’umve
3337 4682 3453 4752 sit;

1846 4751 2128 4809 Cornelius
2159 4751 2404 4806 Valerius
2428 4750 2582 4806 Vonk
2608 4751 2848 4821 Lection.
2877 4750 3053 4821 Latin.
3084 4750 3177 4805 lib.
3211 4768 3270 4812 tt,
3307 4767 3427 4821 cap.

1846 4823 1901 4888 Ξ,
1937 4826 1987 4877 iu
2017 4822 2234 4878 Sedulio
2259 4823 2352 4875 lib.
2379 4838 2436 4889 tt,
2465 4837 2604 4876 vers.
2627 4820 2730 4874 252
2753 4822 2845 4890 (al.
2871 4820 3025 4891 256),
3057 4836 3154 4891 pro
3167 4820 3431 4892 judexque

1845 4894 2094 4964 benignus
2123 4893 2248 4961 legit
2275 4893 2528 4964 iudexque
2553 4892 2815 4962 benignus.
2871 4892 3079 4947 Revera
3123 4892 3312 4948 melius
3358 4896 3432 4947 ita

1849 4962 2089 5030 procedit
2124 4963 2438 5036 sententia:
2466 4962 2662 5036 Orandi
2714 4971 2964 5036 prwcepta
2989 4963 3146 5036 dedit,
3180 4964 3432 5036 iudexque

1843 5036 2088 5105 benignus
2114 5033 2440 5106 Inrlulgenda
2476 5035 2578 5106 peti
2619 5033 2829 5106 breuiter
2863 5033 3038 5106 jubet,
3064 5044 3170 5090 etc.
3203 5033 3285 5089 Ab
3305 5035 3432 5106 eth_-

1848 5104 1981 5161 nicis
2005 5106 2286 5160 colebatur
2319 5105 2574 5159 llercules
2621 5105 2806 5171 Index,
2839 5104 2982 5173 quod
3017 5104 3215 5161 furtum
3261 5104 3432 5173 quod-

1843 5177 1966 5230 dam
1996 5176 2258 5245 Sophocli
2266 5175 2329 5245 in
2363 5176 2586 5245 somniis
2612 5176 2898 5230 indicasset
2930 5191 3068 5245 :quo
3089 5175 3226 5245 facto
3252 5177 3433 5245 fanum

1843 5245 1977 5300 illud
2008 5245 2204 5300 Indicis
2233 5243 2472 5301 Herculis
2497 5248 2809 5302 nominatum
2843 5255 2937 5314 est,
2971 5243 3030 5302 ut
3059 5243 3222 5302 refert
3245 5243 3434 5301 Cicero

1847 5317 1979 5370 lib.t
2012 5317 2077 5372 de
2107 5316 2282 5370 Divin.
2322 5315 2475 5382 Apud
2512 5319 2737 5373 Statium
2783 5317 2836 5372 in
2874 5319 2966 5370 lin.
3012 5319 3105 5372 lib.
3151 5333 3164 5370 I
3207 5316 3433 5380 Achil|.,

1847 5387 2038 5442 Portus
2070 5387 2227 5440 index
2256 5385 2450 5441 Lucina
2477 5389 2707 5454 resolvit,
2758 5389 2996 5442 innuitur
3023 5388 3280 5443 Lucinam
3322 5397 3436 5441 ute-

1839 5475 1963 5513 rum
1995 5459 2085 5512 diu
2115 5458 2435 5512 occultatum
2466 5459 2721 5523 indicare,
2752 5460 2834 5513 vel
2864 5474 3060 5528 pueros
3092 5460 3328 5512 indicare
3384 5465 3437 5528 et

1839 5531 1898 5584 -iu
1931 5531 2105 5584 lucem
2139 5528 2372 5583 mittere.
2410 5529 2479 5584 Ita
2509 5545 2636 5595 ergo
2658 5527 2931 5586 emendari
2965 5540 3139 5598 poteSt
3161 5527 3438 5584 Dracontii

1846 5616 2055 5662 versus,
2106 5601 2187 5651 cui
2229 5600 2447 5654 consulit
2474 5601 2647 5664 index,
2686 5599 2813 5653 Post
2858 5609 2927 5653 tot
2969 5601 3104 5670 facta
3136 5599 3274 5670 Deus
3300 5598 3438 5670 quod

1845 5681 1987 5725 sexta
2019 5674 2128 5724 luce
2156 5672 2375 5734 creauit;
2408 5672 2490 5724 vel
2521 5674 2602 5724 cui
2629 5670 2852 5725 consulit
2878 5670 3032 5726 index
3062 5669 3165 5739 P.r
3194 5669 3267 5723 tot
3300 5669 3438 5740 facta

1851 5741 2006 5804 Deus,
2035 5740 2169 5809 quod
2201 5749 2341 5793 sexta
2364 5740 2479 5794 luce
2509 5744 2716 5794 creavit.
3056 5804 3058 5807 ι

1921 5813 2041 5872 iis.
2078 5811 2180 5866 Pro
2210 5810 2318 5866 dies
2345 5822 2550 5870 eertum
2585 5814 2796 5871 videtur
2826 5811 3108 5886 legendum
3136 5812 3295 5868 Deus.
3333 5811 3438 5868 Pro
