3942 6310
146 379 259 444 697

153 586 261 643 125
332 585 447 642 Lux
474 583 647 640 honor
662 582 931 654 agricolis,
952 582 1169 654 requies
1186 582 1275 639 lux
1293 582 1542 638 omnibus
1559 584 1738 654 mgris,

331 678 444 734 Lux
471 677 575 733 ιθνί
603 685 765 739 meta,
794 676 885 731 lux
912 690 1031 746 quae
1059 674 1150 731 dat
1175 683 1417 744 tempore
1442 676 1621 741 metis,

332 770 446 836 Qua
477 769 612 826 bene
640 774 946 824 constructa
970 767 1155 823 mundi
1185 767 1475 837 primordia
1502 768 1701 823 lucent.

332 860 522 917 Clarus
551 858 746 931 ubique
773 859 937 926 Deus,
969 874 1240 931 nunquam
1278 859 1615 916 maculabilis
1652 876 1746 915 au-

1490 960 1671 1017 .|ctor,

1490 998 1497 1003 .
1532 960 1671 1017 ctor,

337 1043 507 1113 Quem
536 1057 642 1099 non
664 1040 955 1100 obscurant
974 1057 1293 1117 quacunque
1322 1058 1386 1102 ex
1416 953 1568 1116 ρει-ἑο
1597 1054 1745 1102 tene-

1541 1138 1649 1193 brae

154 1228 262 1285 150
343 1226 495 1300 137
524 1223 633 1283 Nec
662 1225 908 1284 celantur
944 1226 992 1285 ei
1033 1241 1364 1301 quaecunque
1392 1137 1747 1300 obscﬁiﬁe’ge-

1462 1330 1673 1378 runtur.

336 1410 547 1469 Initium
580 1411 732 1468 factis
758 1411 934 1467 lucem
964 1409 1057 1467 dat
1079 1410 1215 1467 lucis
1245 1411 1419 1483 origo.

337 1506 543 1577 Quanta
565 1520 688 1578 spes
714 1505 897 1563 mundi
928 1505 1201 1578 praemissa
1225 1516 1306 1563 est
1328 1506 1570 1579 principe
1590 1507 1746 1563 luce?

1340 373 1621 434 CARMEN
1666 374 1750 433 DE
1794 375 1947 435 DEO.
1990 378 2121 439 ΗΒ.
2164 378 2203 441 1.

331 490 446 552 Lux
472 503 608 562 opus
626 487 859 548 auctoris
891 488 1143 561 primum,
1177 487 1267 545 lux
1298 486 1463 544 cardo
1498 487 1738 559 pudoris,
1770 490 1826 554 Α

3339 392 3446 452 698

2032 492 2163 561 Qua.-
2196 500 2363 552 totum
2390 496 2669 568 praecessit
2696 512 2831 570 opus
2851 499 2993 575 quod
3016 501 3254 560 continet
3275 505 3444 575 orbis,

2023 582 2156 651 Qtnn
2183 586 2313 640 solis
2340 590 2595 657 prmrenit
2628 590 2750 657 iter,
2778 591 3068 664 lumenque
3105 584 3409 668 coruscum,

2027 677 2189 748 Cujus
2206 677 2367 748 jussit
2395 695 2498 749 ope
2525 682 2830 740 clarescere
2849 694 3040 742 cuncta
3068 696 3272 746 creata.

2108 770 2290 825 Altera
2313 772 2512 843 quippe
2541 774 2656 829 dies
2685 776 2807 833 cmli
2835 774 3076 834 convexa
3099 791 3361 843 meretur.

2033 860 2101 915 Et
2130 875 2291 931 supra
2319 863 2489 919 caelos
2519 866 2750 937 ingentia
2784 868 3001 925 ﬂumina
3028 871 3245 943 dantur,

2031 954 2109 1007 Ac
2132 952 2439 1012 dominatur
2453 971 2587 1027 aqua
2619 960 2929 1029 glomeratis
2951 962 3187 1021 fontibus
3217 966 3379 1036 alma,

2036 1046 2434 1117 1381gnibus
2467 1049 2717 1107 aethereis
2748 1054 2955 1111 ctelesti
2980 1056 3109 1113 sede
3135 1058 3340 1115 locatis.

1853 1136 1956 1195 110
2033 1138 2182 1194 Unda
2211 1140 2366 1196 beata
2394 1142 2578 1210 nimis,
2606 1147 2802 1202 meruit
2829 1163 2949 1217 quae
2979 1158 3116 1204 tecta
3151 1149 3420 1221 polorum,

2026 1233 2178 1289 Celsa
2213 1234 2404 1291 favore
2437 1237 2555 1304 Dei,
2586 1238 2740 1307 jussu
2768 1255 3029 1313 suspensa
3062 1243 3347 1301 Tonantis.

2026 1325 2309 1382 Limitibus
2331 1336 2583 1385 contenta
2608 1332 2720 1387 suis
2746 1332 3007 1391 elementa
3032 1345 3334 1403 morantur,

2027 1417 2136 1474 Nec
2166 1419 2407 1477 ﬂammas
2445 1424 2733 1496 restinguit
2760 1439 2919 1498 aqua,
2958 1426 3252 1499 glaciemve
3296 1435 3443 1497 tepo«

3273 1518 3381 1593 [rat

1852 676 1954 733 153

1487 1624 1722 1681 VARUS
1762 1624 2166 1685 LECTIONES.

224 1743 354 1799 124.
382 1742 526 1806 ναι..
544 1740 764 1811 primum
790 1740 881 1794 lux
901 1738 1057 1794 cardo
1079 1740 1310 1810 pudoris.
1338 1741 1745 1798 Sirmondianus

145 1817 324 1871 codex
382 1824 433 1867 ct
467 1811 631 1875 Vict.,
664 1811 956 1881 candorque
976 1811 1207 1881 pudoris.
1244 1812 1301 1867 In
1322 1812 1461 1867 Vict.
1489 1814 1739 1881 primum,

145 1887 273 1941 Lua:
293 1885 491 1949 honor;
522 1896 726 1951 poetea,
759 1881 873 1935 Lua:
898 1898 1046 1951 opus.

221 1954 352 2011 126.
388 1954 533 2019 Vat.,
566 1952 681 2024 Luc
720 1952 802 2004 cui
833 1953 999 2024 media
1025 1960 1117 2016 est,
1149 1953 1374 2023 luxque:
1398 1954 1484 2007 dat
1515 1962 1743 2024 tempora

143 2030 362 2081 maestis.
395 2024 556 2091 Vict.,
585 2023 697 2078 Lua:
720 2025 836 2089 tetri,
860 2023 1038 2077 mediis
1059 2024 1145 2076 dat
1167 2024 1260 2076 luat
1292 2040 1491 2097 quoque
1519 2033 1744 2095 tempora
1776 2033 1824 2092 Β

142 2109 354 2221 magi.
385 2166 502 2218 Vat.
516 2206 529 2229 ,
550 2163 616 2217 Et
634 2164 757 2217 bene
771 2165 1044 2219 constituat
1065 2164 1242 2225 mundi
1258 2165 1539 2233 primordia
1563 2165 1743 2220 lucem.

221 2239 355 2291 1'28.
392 2237 551 2295 Editi.
584 2235 861 2289 mutabilis.
900 2234 1043 2298 Vat.,
1077 2236 1415 2289 maculabilis.

222 2306 512 2371 129,150.
547 2305 909 2378 Vat.,iQuem
955 2322 1053 2358 nou
1094 2306 1385 2378 obscurant,
1436 2323 1748 2378 qutecunque

148 2380 375 2434 obscura
405 2386 667 2446 geruntur.
706 2377 743 2429 E
771 2377 1251 2448 duobusvcrsihus
1283 2376 1341 2429 ﬁt
1372 2393 1528 2431 unus.

221 2450 357 2504 151.
379 2445 567 2509 Sirm.,
594 2445 923 2517 principium.
954 2445 1095 2517 Vat.
1130 2447 1288 2506 Vict..
1318 2449 1543 2501 initiunt.

220 2522 356 2574 152.
388 2516 479 2575 Sic
522 2518 640 2574 Vat.
697 2520 747 2572 iu
780 2517 961 2583 editis,
997 2516 1112 2582 Qua
1139 2519 1329 2571 mundo
1360 2520 1458 2571 vita
1484 2520 1747 2588 prwmissa

145 2603 221 2647 est
252 2590 485 2660 principe
514 2590 645 2646 luce.

1930 1745 2052 1819 155.
2082 1744 2225 1819 Vah,
2252 1752 2411 1819 totum
2433 1748 2664 1819 prietein
2693 1764 2841 1819 opus.

1936 1815 2055 1869 151.
2088 1815 2250 1882 Vict.,
2276 1818 2370 1871 iter
2391 1815 2665 1886 lunamque
2696 1815 2981 1877 coruscam.

1920 1886 2045 1941 156.
2079 1886 2221 1952 Vat.,
2247 1890 2308 1942 de
2338 1888 2462 1943 caelo
2488 1906 2725 1945 conversa
2744 1901 2984 1949 meretur.

1926 1957 2045 2031 15?.
2082 1958 2243 2031 Vict.,
2275 1976 2337 2013 ac
2362 1975 2538 2031 supra.

1924 2028 2044 2111 158.
2081 2028 2591 2111 Vat.,ldomi‘natum.
2623 2031 2785 2101 Vict.,
2819 2032 3147 2089 dominantur
3172 2051 3321 2107 aqua!
3338 2036 3442 2111 glo~

1858 2100 2066 2152 moratis
2097 2101 2321 2167 fantibus
2348 2102 2516 2156 ulmw.

1930 2171 2052 2224 159.
2083 2171 2246 2233 Vict.,
2278 2173 2521 2228 aetheriis.
2553 2171 2695 2237 Vat..
2727 2175 2917 2230 caelesti
2942 2192 2974 2230 a
3002 2175 3144 2232 sede.

1931 2241 2051 2320 11οί
2088 2241 2233 2308 Vat.,
2263 2258 2375 2310 qua:
2393 2252 2532 2298 texta
2544 2245 2788 2313 pilorum,
2821 2261 2981 2317 supra
3010 2247 3266 2318 polorum.
3286 2249 3447 2320 Vict.,

1861 2309 2009 2364 Untlc
2028 2311 2192 2365 beata.

1931 2381 2050 2454 141.
2083 2381 2243 2454 Vict.,
2276 2382 2424 2437 Cclsa
2460 2383 2573 2453 Dei,
2610 2387 2776 2454 fabor,
2808 2396 2915 2443 etc.

1929 2453 2053 2505 11‘2.
2082 2452 2226 2524 Vah,
2273 2455 2378 2524 suis
2405 2452 2654 2510 elemenia
2679 2456 2924 2524 ferantur.

1932 2524 2058 2646 11ξὲ
2092 2523 2236 2592 Vat.,
2276 2523 2384 2578 Nec
2432 2523 2949 2601 ﬂammasrestringit
2983 2545 3115 2598 aqua
3142 2529 3450 2606 glaciemun

1932 2609 2033 2646 70111
2066 2634 2077 2646 .

1858 2609 2077 2661 reponit.

1692 2701 1923 2758 NOTAE.

144 2791 427 2860 accipere.
482 2789 743 2847 Wcitzius
790 2790 916 2859 legit
947 2791 1039 2845 lux
1075 2801 1148 2846 est
1192 2794 1477 2860 primordia
1524 2797 1744 2852 mundi:

144 2863 295 2935 quod
322 2864 549 2917 fortasse
573 2861 823 2916 mendum
848 2869 951 2926 est,
986 2877 1107 2916 nam
1136 2866 1313 2919 caeteri
1346 2865 1544 2919 habent
1567 2868 1655 2919 tua:
1678 2878 1742 2921 et.

218 2952 355 3007 124.
389 2951 606 3024 Rivinus
637 2950 871 3018 conjicit,
917 2950 1208 3021 candorque
1236 2954 1421 3024 prioris
1468 2954 1582 3008 Lux
1611 2958 1705 3009 wvi
1726 2972 1745 3010 :

143 3024 339 3078 mea-iis
367 3022 457 3076 dat
488 3020 579 3075 lux
598 3037 796 3092 quoque
832 3032 1058 3093 (corpora
1081 3020 1248 3081 metis.
1285 3024 1399 3077 Lux
1425 3025 1587 3079 Itonor
1614 3032 1742 3097 agri-

143 3096 359 3220 ωῗὲτ.
387 3163 496 3217 llnc
526 3162 635 3218 fere
653 3161 896 3231 estquod
913 3161 985 3216 ait
1007 3162 1258 3218 Paulinus
1285 3180 1459 3233 poem.
1478 3166 1600 3230 ult.,
1621 3166 1746 3223 Cos-

142 3254 264 3292 man
307 3235 374 3287 ab
405 3244 608 3300 ornatu,
656 3234 905 3287 mundum
937 3236 998 3286 de
1042 3234 1235 3288 lumine
1275 3237 1423 3299 dixit,
1465 3254 1527 3291 ex
1571 3239 1743 3294 Plinio

140 3309 240 3362 lib.
275 3322 342 3369 ιι,
372 3319 490 3374 cap.
505 3305 570 3372 ’4,
605 3305 767 3370 Quem
790 3306 979 3375 κόσμον
1014 3303 1183 3359 Graeci
1225 3310 1424 3360 nomine
1461 3312 1744 3364 ornamenti

140 3377 499 3472 appellavere,
541 3391 656 3429 eum
687 3390 778 3429 nos
807 3391 838 3427 a
865 3376 1088 3445 perfecta
1115 3376 1449 3447 absolutoque
1492 3380 1743 3449 elegantia
1772 3408 1821 3472 ε

138 3448 728 3572 Μῖἕέιῗηίίιωῐειθηάιι
754 3517 972 3572 omnino
1002 3526 1082 3572 est
1108 3518 1370 3587 scriptura
1395 3520 1596 3575 codicis
1620 3521 1741 3577 Vat.

140 3587 500 3659 maculabilis,
530 3602 699 3659 quain
710 3602 902 3659 sensus
928 3588 1110 3659 exigit,
1151 3588 1274 3643 licet
1306 3604 1366 3643 ea
1396 3605 1499 3644 vox
1529 3591 1745 3648 deside-

135 3668 299 3716 retur
334 3659 385 3723 in
417 3656 632 3713 Lexicis
660 3656 945 3713 Forcellini
969 3656 1295 3713 et'aliorum.

214 3739 356 3793 199.
392 3737 641 3792 Fortasse
686 3737 846 3791 etiam
890 3753 917 3789 a
946 3753 1107 3792 manu
1157 3739 1431 3795 Dracontii
1465 3750 1545 3796 est
1585 3741 1743 3798 lectio

135 3810 369 3880 codicis
387 3808 534 3880 Vat.,
567 3806 656 3861 ubi
680 3822 744 3861 ex
766 3807 976 3880 duobus
1002 3810 1246 3863 versibus
1277 3811 1337 3864 fit
1363 3827 1529 3880 unus;
1565 3824 1746 3880 posset

136 3881 315 3934 etiam
360 3878 484 3950 legi_
497 3878 670 3950 Quem
693 3894 793 3931 non
832 3878 1126 3941 obscurant,
1171 3896 1484 3950 quwcunque
1519 3878 1743 3938 Vobscura

136 3958 423 4020 geruntur,
458 3948 569 4002 Nec
598 3949 824 4002 celantur
851 3950 896 4002 ei
916 3948 1218 4018 quacunque
1247 3967 1308 4003 ea:
1338 3948 1482 4020 parte
1503 3956 1741 4009 tenebrae.

135 4008 354 4074 Verum
402 4008 561 4073 lectio
604 4020 813 4090 vulgata
862 4008 1009 4072 recto
1057 4008 1161 4073 sta't
1203 4008 1355 4090 pede'.
1407 4008 1739 4079 Sententiam

137 4090 289 4145 hanc
310 4091 481 4163 ipsam
510 4088 972 4163 multiexponunt,
1000 4088 1223 4163 Basilius
1245 4092 1441 4145 hom.‘2
1460 4093 1737 4163 καθίξαι,

136 4160 414 4230 Macarius
448 4159 592 4216 hom.
620 4160 709 4230 16,
744 4160 1063 4230 Cyprianus,
1116 4162 1366 4216 Clemens
1412 4159 1739 4217 Alexandri;

136 4246 276 4295 nus,
344 4229 579 4283 Isidorus
619 4229 916 4291 Pelusiota,
977 4230 1237 4285 Minucius
1284 4232 1450 4299 Felii,
1500 4235 1743 4291 Justinus

135 4303 377 4376 martyr.
398 4299 509 4355 alii.
537 4299 667 4376 Vide
692 4309 981 4376 comment.
1010 4302 1075 4355 ad
1107 4303 1450 4357 Prudentium
1486 4305 1684 4376 hymno
1708 4308 1742 4361 Ξ

136 4369 330 4436 Εκιιιζ,
368 4385 510 4425 vers.
548 4369 669 4433 105,
701 4369 993 4440 speculator
1022 4382 1153 4425 astat
1184 4376 1418 4444 desuper.

212 4454 350 4507 150.
396 4449 619 4503 Rivinus
646 4454 949 4519 suspicatur
1004 4451 1114 4506 Nec
1156 4454 1386 4507 celantur
1435 4473 1569 4509 eum.
1604 4456 1743 4512 Nihil

134 4533 363 4577 mutes:
391 4536 513 4574 nam
546 4521 652 4574 celo
679 4535 798 4575 cum
823 4522 1000 4575 dativo
1025 4539 1267 4589 persona:
1293 4526 1431 4592 apud
1460 4528 1629 4581 honos
1652 4542 1743 4581 an-

133 4604 333 4647 ctores
364 4592 667 4658 invenitur,
697 4592 979 4659 Nepotem,
1008 4594 1277 4655 Ovidium.
1314 4598 1564 4660 liirtiunt,
1610 4599 1746 4651 Pau-

134 4664 320 4717 linum
352 4679 365 4714 :
392 4672 693 4731 quanquam
723 4664 861 4731 apud
893 4663 1137 4718 Ovidium
1160 4673 1213 4719 ct
1241 4665 1466 4720 llirtium
1501 4670 1741 4722 nonnulli

136 4736 517 4787 accusativum
548 4742 834 4800 repOnunt.

214 4812 351 4867 151.
403 4813 630 4867 [ietineo
680 4814 903 4886 initium,
946 4815 1115 4883 prima
1162 4815 1444 4885 producta,
1472 4819 1595 4886 quia
1631 4826 1741 4873 tres

135 4884 349 4939 breves
368 4894 722 4956 concurrunt,
757 4885 895 4951 quod
927 4900 954 4937 a
989 4884 1441 4956 poetis’probisin
1476 4884 1743 4944 similibus

133 4956 332 5030 verbis
358 4954 659 5030 lierisolet.
692 4954 1221 5030 Dracontinsiterum
1246 4957 1337 5010 lib.
1358 4974 1421 5030 ιι,
1447 4973 1589 5013 vers.
1615 4960 1739 5030 516,

138 5026 263 5079 Nec
290 5025 389 5094 fuit
418 5026 621 5077 initium
643 5026 805 5080 nasci.
840 5027 977 5080 Deus
1004 5027 1133 5079 lucis
1162 5030 1304 5095 origo
1337 5029 1530 5084 dicitur
1561 5031 1626 5083 ab
1649 5025 1744 5085 eoi-

136 5099 271 5151 dcm
307 5096 591 5149 Dracontio
623 5096 717 5152 lib.
748 5111 827 5163 ιιι,
859 5112 1001 5152 vers.
1032 5100 1078 5150 1.
1116 5097 1245 5153 Vide
1278 5100 1347 5153 ibi
1377 5101 1632 5154 notanda.

217 5185 352 5257 152.
379 5184 600 5257 Birinus
618 5186 809 5257 melius
834 5194 982 5254 putat
1006 5188 1121 5251 Qua
1142 5189 1333 5241 mundo
1360 5190 1463 5253 vita
1493 5193 1743 5257 promissa

134 5265 238 5333 ensi.
281 5254 541 5333 Wcitzius
568 5271 691 5333 cum
720 5256 1006 5333 Parisiensi
1043 5260 1105 5333 S_.
1139 5259 1363 5313 Victoris
1387 5254 1587 5333 codice
1618 5265 1743 5333 legit

142 5328 283 5399 Orta:
313 5326 502 5399 mundo
532 5327 633 5399 uita
658 5330 917 5396 pmmissa
938 5339 1030 5383 est.
1064 5328 1245 5384 Teneo
1292 5332 1615 5399 scripturam
1646 5326 1742 5387 cb-

136 5398 288 5473 dicis
308 5395 578 5473 Vaticani.
684 5409 877 5473 quanta
905 5401 1219 5473 producitur
1244 5395 1432 5473 ultima
1480 5404 1547 5456 ob
1574 5420 1634 5473 sp
1663 5405 1747 5458 di-

137 5468 352 5541 ctionis
379 5469 675 5541 sequentis,
700 5470 853 5538 eujus
879 5472 953 5526 rei
992 5474 1255 5541 ignoratio
1300 5472 1531 5528 fortasse
1579 5468 1745 5529 muta-

140 5539 358 5591 tionem
384 5540 605 5592 invexit.

222 5616 354 5671 155.
385 5618 704 5692 Prudentius
733 5620 917 5692 hymn.
952 5621 1195 5679 Cathem.
1221 5624 1275 5689 5,
1302 5638 1443 5678 vers.
1480 5623 1601 5691 15l,
1636 5625 1744 5679 Lu-

138 5704 286 5747 cem.
329 5706 429 5769 qua
479 5690 656 5771 tribuis
696 5690 783 5746 nil
819 5694 1115 5762 pretiosius,
1170 5696 1355 5749 Lucem
1408 5712 1506 5766 qua
1548 5690 1745 5767 reliqua

138 5775 371 5831 praemia
394 5776 664 5815 cernimus.

225 5830 354 5903 156.
406 5830 626 5889 Rivinus
654 5834 873 5907 conjicit
923 5852 1145 5896 convexa
1196 5848 1381 5910 tuetur,
1431 5841 1570 5916 quod
1601 5855 1747 5906 com.

1854 2806 2066 2879 probari
2100 2816 2281 2879 posset
2312 2808 2577 2879 scriptura
2616 2808 2736 2862 Vat.
2772 2822 2915 2863 vers.
2938 2808 3064 2875 252,
3106 2807 3241 2863 Vidit
3268 2810 3449 2879 quinta

1853 2877 1983 2932 dies.
2007 2874 2135 2929 Caeli
2163 2894 2382 2931 convexa
2404 2874 2508 2933 hoc
2543 2879 2659 2933 loco
2704 2888 2829 2933 sunt
2860 2887 3030 2933 totum
3082 2874 3315 2945 ctnlum';
3345 2898 3449 2936 me-

1851 2956 1988 3019 retur
2017 2947 2162 3019 idem,
2184 2957 2265 3001 est
2296 2964 2355 3002 ac
2374 2952 2720 3019 consequitur,
2750 2951 2961 3015 obtinet,
2990 2958 3048 3004 ut
3088 2952 3276 3005 meruit
3299 2967 3447 3009 vers.

1855 3014 1960 3071 140
1990 3026 2043 3070 et
2076 3018 2196 3071 150.
2232 3019 2359 3073 Mar.
2399 3012 2598 3084 Victor,
2646 3020 2737 3075 lib.
2768 3036 2784 3075 ι
2812 3012 2970 3083 (ἶθηξ,
3004 3036 3151 3075 vers.
3205 3022 3295 3086 50,
3331 3021 3446 3078 Ea:-

1852 3088 1973 3141 celsi
1993 3104 2223 3162 conitere
2263 3091 2402 3156 poli,
2452 3102 2697 3155 terrmque
2722 3094 2957 3162 jacentes
2990 3090 3122 3145 Pars
3173 3094 3337 3155 prima
3375 3103 3448 3149 est

1858 3161 2060 3234 oreris.
2081 3160 2670 3234 Quidautemproprie
2695 3160 2799 3215 sint
2821 3176 3065 3234 convexa
3097 3163 3241 3234 coeli,
3272 3166 3448 3234 expli-

1850 3240 1939 3304 cat
1961 3230 2193 3285 Isidorus
2223 3232 2313 3304 lib.
2345 3247 2399 3286 tu
2429 3232 2601 3303 Orig.,
2629 3248 2748 3299 cap.
2774 3233 2864 3296 59,
2894 3248 3122 3302 quocum
3149 3230 3447 3304 lexicogra-

1853 3301 1940 3376 ριιί
1968 3310 2094 3354 sunt
2137 3302 2448 3376 conferendi
2482 3320 2496 3362 :
2529 3301 2648 3358 nam
2698 3301 2927 3359 diversae
2968 3312 3094 3359 sunt
3121 3301 3445 3376 scriptorum

1854 3370 1992 3425 inter
2023 3387 2081 3424 se
2111 3373 2390 3440 opiniones
2419 3374 2485 3429 de
2522 3390 2582 3427 ea
2616 3389 2765 3430 voce.

1927 3440 2047 3513 1.37.
2077 3442 2296 3497 Rivinus
2323 3444 2449 3512 legit
2474 3445 2572 3498 hac
2602 3460 2699 3512 pro
2725 3462 2805 3513 ac,
2840 3444 2943 3499 hoc
2967 3453 3050 3499 est
3071 3446 3167 3499 hac
3207 3446 3309 3502 die.
3338 3446 3447 3503 No-

1851 3511 2011 3587 tanda
2043 3519 2126 3566 est
2158 3516 2238 3587 vis
2278 3511 2431 3570 verbi
2481 3511 2693 3583 dantur,
2742 3511 2882 3583 quod
2918 3525 3093 3581 potest
3142 3517 3447 3587 signiﬁcare

1848 3584 2075 3656 antistant
2102 3599 2121 3645 ;
2149 3585 2242 3639 sed
2268 3586 2483 3655 proprie
2521 3587 2605 3642 hic
2635 3587 2803 3656 accipi
2835 3586 2993 3642 debet
3020 3602 3119 3656 pro
3146 3584 3378 3643 locantur
3413 3607 3447 3643 a

1789 3661 1800 3674 '
1850 3651 1977 3706 Deo.
2014 3659 2193 3728 Aquas
2224 3651 2385 3728 supra
2429 3658 2595 3711 cmlos
2636 3651 2777 3725 esse,
2812 3651 3257 3728 Moyses'diserte
3297 3659 3445 3714 alllr-

1848 3732 1977 3788 mat,
2003 3740 2065 3778 ac
2088 3726 2270 3780 multis
2292 3727 2413 3781 aliis
2448 3729 2499 3781 iu
2530 3728 2659 3783 locis
2688 3744 2854 3783 sacra:
2869 3726 3083 3783 Litterae
3099 3731 3442 3786 conﬁrmant.

1847 3793 2054 3867 Negant
2083 3806 2262 3851 autem
2289 3799 2529 3852 nonnulli
2567 3815 2720 3854 veras
2751 3814 2870 3854 csse
2893 3813 3077 3867 aquas,
3097 3800 3357 3866 idqueaut
3376 3800 3445 3857 de

1847 3866 2071 3933 angelis,
2106 3877 2196 3921 aut
2235 3868 2302 3922 de
2331 3869 2469 3921 crelo
2501 3871 2815 3939 crystallina
2854 3866 3297 3937 interpretantur,
3349 3880 3444 3928 aut

1847 3950 2013 4003 aquas
2038 3938 2247 4002 pluvias
2280 3938 2605 4007 intelligunt.
2640 3942 2838 4007 Aperte
2880 3940 3182 4006 hujusmodi
3229 3942 3441 4003 Opinio-

1847 4021 1943 4080 nes
1974 4023 2143 4080 sacra;
2171 4008 2463 4075 Scripturre
2493 4022 2813 4080 repugnant,
2844 4019 2898 4065 et
2928 4026 2954 4063 a
2978 4010 3077 4065 SS.
3109 4010 3356 4065 Patribus
3387 4021 3442 4068 et

1846 4074 2228 4143 interpretibus
2243 4074 2523 4135 catholicis
2542 4074 2781 4136 unanimi
2800 4074 3067 4136 consensu
3102 4081 3441 4139 refelluntur.

1847 4146 1983 4200 Vide
2014 4159 2124 4200 not.
2158 4150 2221 4201 ad
2253 4165 2394 4204 vers.
2426 4152 2515 4205 9J5.

1918 4218 2041 4273 158.
2072 4218 2665 4295 Rivinusconlidenter
2690 4222 2822 4295 legit
2856 4222 2909 4276 11
2915 4238 2973 4295 ac
3011 4222 3273 4277 donantur
3302 4240 3448 4295 aqua

1845 4289 2148 4359 glonterntis
2180 4291 2404 4361 fontibus
2456 4295 2626 4357 alnuc,
2657 4289 2863 4349 scilicet
2919 4293 3015 4345 hac
3050 4296 3151 4347 die.
3186 4295 3289 4347 Sed
3338 4289 3443 4349 non

1850 4361 2152 4433 persuadet,
2174 4378 2235 4415 ac
2253 4364 2338 4416 vix
2363 4364 2641 4418 admittam
2672 4365 2785 4418 "ac
2810 4366 3142 4418 dominantur
3169 4381 3333 4433 aquis,
3360 4367 3446 4421 vel

1848 4428 1967 4482 Hac
1989 4433 2285 4486 dominatur
2313 4451 2480 4499 aqua:
2510 4451 2631 4488 nam
2661 4436 2959 4488 dominatur
2978 4435 3190 4488 videtur
3214 4428 3445 4491 innuere

1851 4502 2113 4575 rationem
2140 4502 2249 4569 jam
2277 4505 2491 4560 allatam
2516 4520 2657 4560 vers.
2691 4506 2783 4571 25,
2825 4506 2965 4574 quod
3016 4520 3153 4575 aqua
3201 4506 3446 4561 ﬂammas

1850 4573 1990 4647 caeli
2005 4582 2289 4647 temperat.
2424 4645 2438 4647 _
2693 4646 2701 4647 ί
2764 4640 2773 4647 _

1926 4642 2048 4696 159.
2082 4645 2270 4698 Sermo
2295 4653 2378 4698 est
2407 4645 2474 4699 de
2498 4647 2619 4711 igne
2658 4642 2995 4700 elementari.
3035 4645 3254 4699 Rivinus
3296 4654 3445 4702 recte

1852 4711 2138 4785 Wcitzium
2162 4718 2405 4784 castigat,
2439 4717 2577 4785 quod
2608 4716 2660 4770 in
2688 4718 2862 4771 indice
2893 4718 2988 4770 hos
3006 4716 3155 4785 ignes
3176 4716 3444 4773 mthereos

1769 4784 1825 4845 D
1852 4783 1919 4838 de
1945 4785 2114 4838 stellis
2159 4783 2476 4853 explicuerit
2523 4804 2537 4841 :
2570 4803 2691 4841 nam
2735 4786 2907 4842 Stella:
2951 4783 3104 4841 tertia
3136 4787 3223 4842 die
3251 4796 3445 4844 creata:

1848 4865 1993 4915 sunt,
2020 4866 2076 4910 ut
2111 4866 2287 4922 postea
2313 4867 2573 4913 narratur.

1922 4926 2043 4999 1.10.
2081 4927 2354 4982 Fabricius
2370 4944 2488 4981 cum
2519 4929 2684 4996 prima
2712 4929 2979 4983 Dracontii
3005 4928 3261 4994 editione,
3286 4930 3446 4999 unde;

1850 4995 2109 5051 Weitzius
2140 4999 2371 5052 restituit
2395 4995 2555 5053 unda.
3424 4995 3439 5055 ί

1923 5068 2043 5123 111.
2078 5068 2334 5123 Weitzius
2359 5085 2479 5123 cum
2506 5070 2573 5123 Μ.
2598 5070 2779 5126 Wolll‘.
2808 5070 3011 5126 Sebero
3040 5073 3272 5125 correxit
3298 5071 3447 5127 Celsa

1849 5136 1945 5214 Dei
1971 5138 2106 5214 fabri
2126 5143 2281 5209 jussu
2304 5157 2558 5214 suspensa
2571 5144 2815 5207 tonantis,
2839 5150 2899 5196 ut
2918 5159 3165 5214 suspensa
3183 5143 3446 5198 referatur

1850 5209 1914 5262 ad
1944 5210 2101 5274 unda,
2130 5218 2185 5265 et
2209 5221 2326 5277 post
2360 5209 2586 5266 tonantis
2618 5222 2871 5280 punctum
2915 5209 3017 5280 sit,
3045 5229 3148 5268 non
3192 5228 3399 5268 comma
3428 5232 3442 5269 :

1849 5295 1969 5345 utne
2000 5284 2266 5335 correctio
2282 5281 2477 5336 Rivino
2500 5298 2603 5336 nou
2623 5284 2892 5350 displicet.
2937 5285 3287 5338 Barthiuslib.
3315 5301 3445 5340 χχιιι

1850 5351 2099 5413 Advers.,
2133 5367 2254 5420 cap.
2291 5354 2376 5419 19,
2404 5370 2510 5408 non
2545 5354 2897 5420 dubitatquiu
2931 5355 3212 5422 legendum
3246 5358 3313 5410 sit
3349 5357 3445 5410 Dei

1854 5422 2001 5495 fabre
2021 5426 2198 5495 jussu,
2227 5424 2277 5477 id
2303 5437 2384 5495 est
2414 5425 2725 5480 artificiose.
2777 5426 2882 5480 Sed
2933 5426 3088 5480 unice
3136 5442 3319 5480 verum
3363 5437 3445 5483 est

1852 5493 2072 5569 quodex
2094 5509 2223 5569 mss.
2241 5494 2517 5550 codicibus
2532 5505 2763 5562 constat,
2783 5496 2927 5550 Celsa
2943 5496 3114 5569 favore
3134 5496 3247 5559 Dei,
3263 5500 3438 5569 jussu,

1850 5574 1956 5637 etc.
2001 5565 2324 5637 Stepefavar
2352 5576 2587 5620 mutatur
2610 5569 2659 5619 in
2692 5568 2859 5637 fabor,
2890 5565 2949 5621 et
2992 5565 3282 5623 universim
3332 5585 3356 5621 v
3388 5570 3443 5627 in

1851 5633 1879 5685 b
1908 5635 1958 5687 in
1992 5636 2263 5690 veteribus
2300 5640 2677 5692 mooumeutis.

1930 5707 2053 5760 145.
2092 5706 2314 5761 Rivinus
2337 5710 2447 5761 vult
2477 5712 2783 5776 parenthesi
2831 5709 3080 5766 concludi
3120 5710 3233 5765 inec
3276 5712 3442 5770 verba

1853 5774 1990 5847 (Nec
2017 5780 2252 5852 [lauimus
2278 5774 2541 5852 restinguit
2565 5797 2716 5848 aqua,
2742 5782 3012 5851 glaticmve
3037 5792 3232 5852 teparat
3258 5782 3442 5837 Flam.

1852 5862 1991 5933 meus
2015 5849 2149 5929 ignis
2175 5848 2344 5926 aqua)
2367 5866 2382 5921 ς
2409 5848 2629 5907 seruant.
2650 5848 2909 5917 Observat
2940 5848 3164 5914 Rivittus
3196 5856 3444 5927 inusitato
