3964 6296
170 333 261 387 H7

210 444 425 514 080ιωῦ
437 461 456 498 :
474 443 566 497 Vir
577 446 634 497 in

229 505 270 586 (Ἰ
287 515 535 584 Cor.vn),
549 505 684 582 etei,
700 505 1093 584 urgueriunlqut’
1107 505 1493 576 resurrectionis
1506 505 1756 560 declarat.

241 629 317 686 De
337 627 652 698 Pelagianis
674 624 890 695 quidem
917 623 1168 680 sensibus
1191 620 1650 692 blasphemiisque
1681 633 1768 673 sa-

171 723 410 792 crilegis,
455 731 514 776 et
553 722 700 790 apud
739 719 968 789 majores
994 727 1210 774 nostros
1236 727 1344 772 tam
1377 715 1571 771 divinis
1600 728 1761 785 quam

175 816 424 874 humanis
461 814 687 885 legibus;
714 815 858 884 iusta
889 813 1226 872 discussione
1255 809 1556 876 damnatis,
1601 807 1766 864 nimis

179 907 508 976 estcopiom
546 908 810 972 materia;
859 906 982 975 quia
1028 913 1084 962 et
1123 904 1344 959 illorum
1369 912 1455 960 est
1484 901 1767 971 multiplex

184 1001 472 1071 perniciosa
505 1000 857 1069 peruersitas,
897 1013 1067 1069 eoque
1096 999 1398 1066 nocentior,
1440 1012 1552 1068 quo
1577 997 1771 1054 verisi-

185 1091 493 1150 militudinis
524 1092 710 1148 colore
736 1091 1009 1158 subtilior,
1039 1105 1198 1161 quam
1238 1091 1308 1147 de
1353 1090 1522 1160 ipsius
1551 1091 1772 1147 humani

183 1186 394 1258 generis.
421 1185 692 1256 principe,
736 1200 902 1255 pravo
939 1186 1262 1254 funestoque
1288 1197 1623 1253 commento,
1666 1205 1770 1244 non

185 1276 286 1342 rite
308 1287 640 1345 conceptam
677 1292 856 1336 rerum
893 1278 1340 1348 consequentium
1369 1280 1662 1336 mendaciis
1694 1291 1772 1336 te-
1805 1311 1812 1330 ε

185 1381 432 1432 ruerunt.
481 1370 715 1426 Necesse
747 1381 830 1426 est
855 1369 1004 1426 enim
1032 1380 1092 1426 ut
1115 1373 1205 1442 qui
1236 1388 1264 1426 a
1293 1375 1562 1444 principio
1591 1375 1776 1430 devia-

185 1464 252 1526 rit
292 1463 368 1525 ab
405 1463 630 1533 integro,
672 1466 908 1529 tramite,
944 1471 1114 1535 vagus
1160 1465 1362 1536 ubique
1403 1470 1774 1538 progrediens,

185 1566 386 1628 quanto
421 1573 491 1612 se
522 1572 748 1615 currere
771 1556 966 1612 fortius
994 1566 1175 1626 putet,
1227 1568 1377 1615 tanto
1427 1562 1546 1630 plus
1593 1574 1776 1628 erret;

184 1662 236 1708 et
274 1653 334 1706 in
371 1650 462 1705 his
512 1658 572 1704 ut
615 1651 874 1721 competit
913 1650 1207 1706 refutandis
1246 1653 1538 1722 disputatio
1575 1657 1778 1723 prolixa

185 1743 374 1811 debeat
393 1743 648 1800 adhiberi
673 1760 685 1796 :
712 1747 966 1813 quoniam
985 1744 1202 1813 quidem
1225 1745 1476 1814 perfecta
1498 1747 1780 1804 medicinae

1384 309 1737 382 ΕΡΒτΟιιΕ
1778 319 1866 375 ΕΤ
1910 319 2247 377 DECRE'I‘A.
2343 345 2349 353 ’

3358 327 3383 381 1
3399 328 3462 384 5'8

635 434 1771 514 μειίιεαιιοιίβωιωτρενηιαρίεςεηᾳβᾳειεηι
1801 437 1846 494 Δ
1877 433 1967 489 lati
2015 436 2156 504 Agni
2213 437 2285 488 sit
2342 437 2619 505 preprium
2689 429 2891 493 nullum
2945 454 3162 508 prorsus
3211 425 3464 502 habuisse

1872 537 2174 600 peccatum,
2213 542 2280 582 ne
2310 543 2418 583 non
2451 528 2554 583 soli
2580 529 2823 585 videatur
2853 546 2974 588 esse
2997 531 3384 604 deputandum,
3416 541 3466 596 si

1872 626 2012 680 alius
2038 624 2262 694 quilibet
2299 632 2518 679 sanctus
2557 639 2754 694 expers
2783 625 2965 682 delicti
2995 627 3162 685 fuisse
3185 631 3461 689 credatur.

1874 718 2128 773 Contenti
2155 721 2322 775 simus
2351 716 2848 796 ergo‘professione
2874 728 3214 787 sanctorum;
3259 730 3313 778 et
3337 721 3469 794 quid

1875 811 1944 866 de
1971 826 2031 867 se
2074 810 2176 879 ipsi
2222 809 2390 879 magis
2436 797 2786 880 pronuntient
2811 812 3110 881 audiamus,
3138 829 3298 886 quam
3334 817 3463 886 quid

1876 904 2180 960 veltemere
2195 901 2536 972 cogitandum
2553 903 2644 969 sit,
2660 903 2740 957 vel
2761 905 2957 959 trustris
2966 906 3307 975 opinionibus
3331 923 3465 963 ven-

1878 996 2139 1052 tilandum
2181 997 2302 1051 sine
2322 1006 2470 1051 certa
2495 997 2816 1051 auctoritate
2836 1005 3126 1053 sectemur.
3152 999 3261 1054 Cur
3289 1004 3468 1056 autem

1877 1104 2000 1144 cum
2014 1089 2154 1144 Deus
2168 1089 2511 1156 omnipotens
2528 1098 2648 1158 post
2666 1090 2978 1160 mysterium
2997 1076 3354 1162 reparationis
3372 1095 3469 1149 hu-

1882 1201 2053 1238 mana:
2069 1184 2229 1239 etiam
2263 1183 2317 1239 id
2351 1183 2554 1239 homini
2585 1182 2832 1239 conferre
2861 1186 3113 1254 potuerit,
3134 1187 3270 1241 utah
3296 1189 3469 1243 omni-

1882 1279 1984 1332 bus
2010 1276 2230 1334 omnino
2249 1277 2391 1331 vitiis
2418 1285 2562 1331 esset
2578 1276 2850 1342 immnnis,
2875 1278 3320 1337 malueritlideles
3344 1295 3471 1338 suos

1882 1373 2063 1426 salvos
2090 1369 2228 1434 ﬁeri,
2246 1377 2300 1424 et
2315 1378 2628 1437 exspectare
2652 1369 2900 1436 perfectae
2922 1371 3269 1426 beatitudinis
3303 1373 3473 1429 firmi-

1886 1472 2076 1526 tatem,
2091 1462 2305 1530 utquod
2321 1461 2592 1530 sperando
2609 1461 3003 1531 desideramus,
3018 1465 3180 1520 rebus
3207 1468 3474 1534 possimus

1885 1553 2140 1623 adipisci;
2161 1554 2536 1622 censueritque
2549 1569 2692 1609 nunc
2707 1554 2966 1621 perficere
2978 1556 3032 1610 in
3045 1556 3356 1614 inﬁrmitate
3372 1560 3476 1615 vir-

1889 1658 2256 1717 tutem,quam
2285 1647 2508 1702 remotis
2538 1646 2940 1703 inﬁrmitatibus
2963 1648 3254 1705 humanam
3291 1654 3477 1709 condi-

1889 1746 2089 1799 tionem
2129 1744 2272 1798 nulla
2310 1744 2514 1798 sineret
2556 1744 2829 1812 languoris
2858 1743 3219 1814 exagitatione
3247 1747 3474 1816 pulsari.

187 1849 303 1891 mos
332 1844 419 1892 est
447 1835 714 1904 originem
745 1835 832 1889 vel
869 1836 1171 1906 intelligere
1213 1838 1364 1906 prius
1404 1839 1494 1894 vel
1536 1855 1784 1897 reserare
1815 1820 1867 1884 Β
1959 1836 2226 1903 Quantum
2260 1835 2518 1890 Dominus
2551 1835 2891 1903 ministrarit,
2923 1846 2980 1890 ut
3009 1839 3284 1908 competit,
3311 1839 3478 1895 disse-

190 1920 528 1991 nto'rborum,
552 1929 738 1998 eisque
764 1928 1044 1997 patefactis
1075 1930 1340 1986 medelam
1363 1933 1631 1990 coniicere
1655 1950 1783 1990 con-

189 2030 509 2092 gruentem;
563 2036 684 2090 quae
723 2031 942 2086 cuncta,
986 2021 1030 2076 si
1072 2023 1334 2079 Dominus
1361 2025 1524 2079 vitam
1555 2025 1784 2084 faculta-

194 2124 408 2183 temque
441 2113 728 2179 tribuerit,
778 2112 833 2168 iu
877 2123 1133 2182 quantum
1161 2115 1372 2170 caelesti
1399 2130 1525 2173 rore
1552 2122 1784 2189 vegetati

195 2205 532 2272 valebimus,
575 2206 713 2264 alias
759 2206 1042 2262 molientur
1070 2207 1364 2276 explicare.
1415 2207 1568 2264 Nune
1604 2219 1783 2288 autem

196 2295 337 2360 hunc
359 2295 692 2360 amiculum,
743 2296 837 2366 qui
878 2295 1137 2366 quosdam
1184 2312 1408 2354 morere
1449 2300 1784 2369 perhibetur,

197 2390 525 2448 adlicienter
545 2389 769 2454 interim
787 2391 1038 2448 duximus
1061 2393 1474 2461 e-Xplicandum;
1507 2403 1567 2448 ut
1593 2397 1784 2450 eodem

200 2484 588 2544 convenienter
614 2483 880 2553 inspecto,
917 2485 1065 2554 quod
1103 2486 1161 2540 in
1197 2485 1407 2541 creteris
1446 2501 1640 2543 cavere
1677 2488 1786 2556 jam

199 2578 489 2644 debebant,
516 2577 750 2638 Domino
769 2577 885 2633 Deo
905 2586 1092 2634 nostro
1115 2586 1404 2648 priestante
1431 2582 1786 2648 perpendam.

197 2672 488 2734 Ξεὼιιιηι
511 2672 678 2743 igitur
691 2671 909 2742 quidam
937 2672 1004 2727 in
1021 2671 1121 2727 hac
1144 2673 1248 2727 vita
1282 2689 1440 2742 posse
1466 2689 1786 2744 quemquam

199 2768 306 2826 hae
328 2767 666 2836 periodi-one
691 2765 1018 2828 consistere.
1063 2774 1120 2819 ut
1147 2767 1308 2821 nullis
1339 2783 1560 2838 prorsus
1593 2767 1792 2836 fragili-

200 2861 328 2920 tatis
353 2859 612 2916 hum-ante
639 2858 882 2927 pulsetur
912 2857 1212 2923 clientibus,
1238 2874 1338 2916 nec
1367 2860 1638 2929 corporeis
1666 2875 1793 2915 exa-

199 2952 396 3022 gitetur
427 2950 739 3008 illecebris:
768 2949 914 3018 quod
949 2950 1178 3020 quisque
1215 2953 1262 3007 si
1298 2954 1527 3022 propriis
1561 2953 1788 3020 viribus,

201 3059 422 3115 suque
462 3042 738 3115 proposito
766 3042 1056 3100 voluntatis
1082 3043 1356 3099 existimet
1401 3046 1658 3116 adipisci,
1700 3062 1791 3103 se-

202 3138 492 3208 metipsum
516 3134 758 3200 seducit,
805 3144 860 3190 et
887 3135 1086 3191 ueritas
1114 3136 1166 3191 in
1196 3150 1263 3192 eo
1289 3153 1395 3191 non
1427 3149 1551 3194 est:
1590 3155 1713 3194 nam
1745 3141 1789 3194 si

206 3231 258 3286 in
288 3199 419 3300 ipsis
448 3227 636 3298 primis
667 3199 1008 3294 horninibus,
1038 3226 1166 3283 dum
1207 3243 1300 3284 sua
1331 3229 1582 3285 nimirum
1619 3233 1789 3304 Feliei-
1818 3199 1866 3262 δ

206 3333 314 3380 tate
347 3320 662 3386 conﬁdunt,
705 3329 760 3376 et
802 3329 1007 3380 lautam.
1052 3315 1416 3390 Dei'gratiam
1463 3324 1518 3378 in
1561 3340 1789 3382 vacuum

208 3415 548 3484 recipientes,
597 3427 710 3467 non
747 3410 974 3480 orando,
1025 3413 1170 3482 quod
1213 3415 1397 3485 utique
1427 3432 1688 3487 nusquam
1718 3421 1796 3475 fe-

215 3508 344 3566 cisse
371 3508 707 3569 reieruntttr,
737 3519 837 3567 nec
865 3503 934 3560 de
963 3507 1228 3575 perceptis
1259 3508 1460 3576 gratias
1482 3510 1791 3581 referendo,

214 3615 307 3656 nec
333 3610 390 3656 ut
414 3601 611 3657 eadem
639 3599 960 3654 intemerata
982 3597 1242 3654 durarent
1263 3600 1578 3670 suppliciter
1603 3603 1672 3657 im
1681 3605 1795 3674 plo-

212 3693 396 3758 rando,
418 3693 724 3752 incolumes
747 3700 998 3746 constare
1024 3690 1422 3760 nequiverunt:
1455 3705 1657 3763 quanto
1683 3712 1796 3751 ma-

212 3788 286 3860 gis
316 3797 435 3856 pou
463 3783 932 3857 praevariationis
972 3785 1203 3850 ruinam,
1258 3784 1314 3840 in
1349 3801 1512 3857 quam
1541 3790 1682 3844 mala
1711 3791 1795 3846 sui

205 3879 556 3942 conﬁdentia,
583 3887 888 3936 creatorem
913 3879 1226 3938 nullatenus
1253 3879 1594 3949 inquiremlo,
1625 3881 1795 3936 letha-

207 3970 330 4046 ille:
360 3971 704 4039 inciderunt,
745 3971 952 4040 absque
975 3971 1167 4028 divino
1184 3986 1410 4030 munere
1447 3973 1558 4050 suis
1591 3973 1796 4030 viribus

213 4065 292 4120 rel
314 4067 466 4136 cari,
496 4065 583 4122 vel
609 4073 761 4122 stare
783 4079 892 4122 non
919 4072 1168 4134 possunt,
1191 4065 1310 4120 sine
1339 4079 1453 4135 quo
1476 4080 1575 4120 nec
1602 4065 1796 4136 integri

181 4159 506 4242 .persistore
533 4158 844 4216 valuerunt.
885 4157 984 4214 Sin
1008 4174 1140 4215 vero
1163 4159 1446 4229 quisque
1480 4173 1585 4214 non
1618 4160 1795 4228 possi-

215 4249 416 4313 bilitate
436 4249 712 4310 facultatis
735 4250 1012 4316 humanae,
1043 4250 1140 4307 sed
1179 4266 1274 4320 per
1301 4250 1542 4306 divinam
1567 4252 1794 4322 gratiam

217 4344 310 4400 hoc
329 4354 542 4402 asserat
563 4343 617 4402 in
641 4344 750 4404 vita
771 4345 1099 4415 quibuslibet
1125 4344 1326 4400 sanctis
1353 4358 1512 4414 posse
1533 4343 1796 4412 conferri,

217 4435 348 4493 bene
375 4437 598 4508 quidem
643 4436 774 4496 iacit
811 4435 962 4508 (nam
1002 4437 1148 4492 dono
1176 4436 1276 4492 Dei
1301 4446 1496 4492 cuncta
1522 4437 1796 4504 possibilia

217 4526 356 4598 sunt)
387 4527 520 4586 talia.
543 4527 878 4588 conﬁdenter
903 4526 1132 4596 opinari,
1181 4537 1236 4583 et
1276 4542 1504 4597 sperare
1542 4527 1792 4584 ﬁdeliter.

1889 1939 2036 1985 retur
2065 1929 2464 1996 Scripturarum
2513 1927 3006 1992 testiﬁcationibus,
3036 1939 3224 1984 contra
3252 1946 3479 2001 quarum

1890 2031 2130 2078 tenorem
2160 2019 2294 2075 nihil
2324 2030 2408 2075 est
2434 2027 2640 2075 temere
2668 2019 3024 2089 proﬁtendum
3056 2035 3218 2090 super
3250 2022 3330 2076 his
3357 2036 3480 2077 sen-

1888 2114 2037 2169 sibus
2060 2113 2284 2168 erudiri.
2308 2111 2530 2167 Constat
2560 2113 2611 2166 in
2638 2113 2755 2182 ipso
2776 2111 2949 2180 primo
2973 2112 3194 2167 homine
3209 2112 3479 2169 Christum

1890 2216 1944 2261 et
1982 2206 2265 2261 ecclesiam
2310 2205 2622 2275 figuratam,
2673 2205 2831 2259 beato
2880 2204 3052 2258 Paulo
3096 2205 3338 2274 apostolo
3382 2220 3481 2261 nos

1891 2300 2141 2367 docente,
2170 2314 2298 2354 cum
2327 2299 2394 2354 de
2423 2298 2628 2354 ﬁndere
2659 2299 2828 2353 sancti
2858 2299 3100 2368 conjugii
3131 2298 3440 2368 loqueretur
3467 2318 3479 2352 :

1894 2393 2288 2448 Sacramentum
2319 2393 2435 2456 hoc,
2467 2391 2736 2461 inquiens,
2771 2407 3018 2464 magnum
3044 2399 3158 2446 est:
3188 2407 3280 2462 ego
3313 2402 3482 2446 autem

1892 2486 2008 2539 dico
2036 2486 2087 2538 in
2119 2483 2346 2548 Christo,
2377 2493 2425 2538 et
2453 2485 2506 2536 in
2537 2483 2767 2537 Ecclesia
2797 2481 3019 2555 (Epher.
3049 2484 3124 2554 ν).
3167 2484 3354 2555 Itaque
3372 2485 3482 2553 jam

1894 2579 2018 2634 inde
2043 2588 2101 2632 ut
2129 2588 2436 2633 sanctorum
2469 2578 2696 2647 quisque
2728 2579 3009 2647 processit,
3039 2579 3090 2633 in
3124 2579 3282 2648 hujus
3308 2595 3484 2635 sacras

1893 2676 2060 2730 menti
2103 2674 2425 2744 ﬁguratione
2462 2673 2702 2728 censitus
2743 2682 2865 2740 est;
2916 2684 2970 2729 et
3018 2675 3123 2730 hoc
3169 2675 3484 2747 mysterium

1893 2782 2085 2823 omnes
2124 2768 2292 2820 sancti
2332 2767 2398 2821 ab
2431 2765 2564 2820 Abel
2604 2767 2715 2820 suis
2755 2766 3034 2821 sacrificiis
3073 2768 3486 2838 actionibusque

1893 2868 2193 2929 gesserunt.
2252 2859 2309 2912 ln
2349 2857 2570 2912 Christo
2609 2873 2736 2927 ergo
2782 2867 2836 2911 et
2883 2859 2938 2912 in
2971 2859 3244 2924 Ecclesia,
3287 2860 3338 2913 in
3380 2874 3485 2928 qua

1897 2954 2076 3024 utique
2106 2952 2434 3021 generaliter
2467 2950 2794 3020 przecondita
2835 2960 2919 3004 est
2959 2951 3208 3005 remissio
3231 2960 3484 3020 peccato-

1895 3065 2035 3115 rum,
2064 3048 2250 3103 lidetes
2276 3047 2474 3117 quique
2499 3046 2614 3100 Deo
2639 3046 2917 3116 sanctique
2945 3047 3216 3109 vixerunt,
3241 3055 3295 3100 et
3318 3058 3486 3114 usque

1899 3146 1964 3198 ad
1997 3144 2130 3215 legis
2166 3156 2407 3212 tempora
2443 3156 2537 3210 per
2564 3140 2782 3212 Moysen
2813 3140 2952 3194 data:
2977 3140 3140 3194 certis
3169 3147 3296 3194 sunt
3323 3131 3486 3192 sacri-

1903 3239 2036 3294 liciis
2075 3239 2128 3292 in
2175 3235 2332 3307 hujus
2363 3236 2602 3308 mysterii
2633 3235 2829 3289 virtute
2872 3233 3102 3304 purgati.
3149 3233 3488 3304 Quapropter

1900 3333 1942 3385 si
1973 3339 2235 3402 eguerunt
2266 3344 2454 3383 omnes
2485 3328 2725 3400 mysticis
2766 3326 3224 3382 immolationibus
3255 3328 3488 3381 incessa-

1902 3423 2076 3477 biliter
2103 3421 2340 3491 expiari,
2384 3434 2492 3475 non
2531 3419 2752 3473 dubium
2792 3429 2874 3474 est
2901 3419 3045 3473 vitiis
3079 3420 3324 3473 humanm
3362 3433 3490 3474 con-

1899 3517 2116 3573 ditionis
2142 3516 2310 3571 fnisse
2330 3516 2600 3584 pulsatos;
2629 3528 2657 3567 a
2680 3513 2872 3584 quibus
2900 3527 2994 3568 eos
3021 3527 3114 3583 per
3138 3512 3224 3566 illa
3255 3512 3490 3568 remedia

1901 3611 2062 3665 futuri
2103 3610 2422 3664 sacramenti
2464 3607 2828 3662 necessarium
2861 3615 3006 3661 esset
3039 3607 3370 3661 incessanter
3395 3605 3490 3660 ab-

1900 3705 2058 3760 solvi.
2110 3703 2225 3758 Jam
2255 3717 2383 3758 vero
2423 3701 2553 3769 legis
2593 3709 2838 3768 tempore
2873 3699 3143 3753 neminem
3172 3697 3336 3752 fuisse
3366 3712 3491 3774 san~

1899 3809 2107 3854 ctorum
2138 3797 2226 3867 qui
2259 3810 2364 3850 non
2401 3793 2629 3848 hostiam
2659 3790 2915 3845 obtulerit
2946 3804 3041 3858 pro
3067 3796 3308 3858 peccato,
3332 3788 3491 3844 lectio

1905 3889 2202 3944 reneranda
2245 3894 2506 3942 testatur:
2550 3883 2603 3938 in
2647 3888 2851 3936 tantum
2899 3891 2954 3936 ut
2998 3881 3161 3936 etiam
3210 3879 3491 3950 pontiﬁces

1901 3982 1979 4038 sic
2009 3981 2148 4051 apud
2182 3970 2346 4034 Deum
2377 3993 2568 4033 causas
2599 3983 2822 4047 agerent
2851 3975 3035 4047 populi
3065 3985 3189 4030 tunc
3215 3975 3409 4042 ﬁdelis,
3433 3984 3494 4031 ut

1904 4078 2006 4148 ipsi
2043 4093 2254 4148 quoque
2304 4091 2402 4146 pro
2452 4075 2569 4130 suis
2619 4072 2829 4128 delictis
2873 4072 3080 4128 hostias
3128 4071 3490 4139 immolarent,

1901 4171 2208 4243 passimque
2257 4167 2494 4238 universi
2546 4164 2824 4236 prophetae
2877 4164 3212 4234 proclament
3261 4163 3494 4232 peccatis

1901 4265 2012 4319 suis
2040 4264 2248 4318 veniam
2278 4260 2635 4332 postulantes.
2690 4257 2820 4312 Inde
2859 4265 2943 4313 est
2979 4256 3122 4328 quod
3149 4265 3368 4313 sanctus
3393 4257 3494 4313 Job

1901 4355 2068 4410 dicit:
2115 4354 2280 4408 Nemo
2325 4351 2551 4406 mundus
2589 4367 2620 4403 a
2667 4349 2846 4412 sorde,
2889 4365 2982 4402 nec
3018 4349 3193 4418 infans
3231 4353 3381 4422 cujus
3419 4357 3496 4404 est

1901 4451 2054 4502 imius
2084 4449 2186 4502 dici
2218 4452 2320 4499 vita
2348 4461 2497 4516 super
2524 4454 2712 4498 terram
2735 4443 2877 4512 (Job,
2902 4443 3027 4513 xv):
3059 4443 3307 4513 idemque
3330 4443 3491 4498 alibi:

1908 4542 2057 4594 Astra
2098 4556 2198 4592 non
2235 4546 2350 4591 sunt
2390 4537 2582 4589 munda
2629 4537 2681 4589 in
2732 4543 3003 4604 conspectu
3052 4542 3158 4589 tuo.
3210 4535 3494 4604 Pmpltetm

219 4587 552 4684 sedum
597 4621 760 4690 aliqui
792 4587 956 4679 tales
989 4587 1325 4688 exstiterim;
1373 4621 1464 4691 qui
1511 4635 1686 4691 usque
1732 4587 1882 4676 ad”
1908 4587 2425 4702 inissetid.
2455 4587 2808 4698 generalitate
2835 4587 3156 4681 sanctorum
3184 4587 3338 4682 certa‘
3357 4587 3494 4683 dri:

223 4713 348 4767 hanc
376 4712 766 4784 perfectionem
797 4713 922 4768 vita
953 4712 1241 4782 pascentis
1271 4711 1622 4781 accederent,
1663 4713 1803 4769 sicut

224 4817 476 4874 nusquam
511 4804 794 4862 evidenter
820 4807 1106 4873 astruitur,
1160 4805 1238 4862 sic
1265 4819 1366 4861 nos
1395 4804 1557 4861 facile
1589 4806 1675 4863 vel
1707 4807 1800 4862 lir-

231 4910 362 4953 mare
381 4899 466 4961 vel
486 4899 807 4970 impugnare
828 4913 934 4954 non
958 4899 1234 4966 convenit,
1263 4900 1542 4970 magisque
1561 4901 1800 4957 sobrium

231 4998 304 5045 est
328 5004 389 5052 ex
417 4991 661 5061 ipsorum
690 4990 909 5050 vocibts
941 4989 1362 5059 prophetarum,
1399 4992 1800 5062 apostolorum-

231 5096 328 5149 que
360 5092 667 5144 sanctorum
697 5091 970 5153 quatenus
1007 5081 1166 5153 huius
1195 5083 1322 5140 vitae
1361 5083 1666 5154 profectum
1689 5100 1802 5142 me—

231 5173 312 5228 t‘ri
359 5174 648 5232 debeamus
706 5190 1049 5247 agnoscere,
1101 5175 1298 5246 quibus
1356 5178 1542 5247 utique
1589 5177 1648 5233 in
1700 5178 1804 5235 hoc

227 5270 440 5334 mundo,
458 5280 723 5343 quantum
737 5271 810 5328 ad
833 5282 1040 5330 sanetae
1058 5271 1188 5328 vitat
1215 5269 1449 5341 pertinet
1476 5271 1799 5340 institutum,

228 5361 349 5416 nihil
368 5363 720 5424 excellentius
740 5364 827 5422 vel
847 5363 1038 5432 fuisse,
1050 5365 1141 5420 vel
1157 5359 1303 5430 esse,
1323 5364 1670 5422 manifestum
1691 5375 1801 5422 est:

226 5453 310 5519 qui
333 5453 550 5514 etiamsi
570 5456 879 5526 copiosiora
901 5457 1006 5516 Dei
1031 5473 1256 5516 munere
1284 5459 1372 5513 vel
1396 5458 1534 5515 raris
1560 5459 1802 5527 omnino,

228 5548 304 5604 rel
589 5549 836 5608 humanae
861 5549 1194 5608 conditionis
1212 5551 1554 5623 passio-ibus
1577 5552 1650 5607 im
1657 5553 1808 5622 petiti

224 5649 388 5710 sunt,
434 5650 492 5701 et
537 5641 880 5699 diluentiore
927 5641 1030 5704 Dei
1069 5643 1246 5714 gratia
1291 5642 1636 5701 mortalitatis
1680 5644 1808 5700 vitia

227 5737 372 5795 facile
418 5748 783 5810 superarunt;
829 5755 940 5796 non
981 5754 1156 5810 usque
1178 5737 1317 5795 adeo
1344 5748 1532 5796 tamen
1557 5749 1811 5810 expertes

223 5847 412 5898 eorum
431 5849 494 5897 ω
520 5833 695 5895 fuisse
717 5841 1000 5904 uuam.
1031 5842 1098 5896 ut
1116 5832 1326 5893 scilicet
1346 5833 1514 5895 ullius
1540 5835 1806 5893 immaeu.

1911 4722 2044 4778 nitio
2072 4721 2279 4791 prolata
2307 4720 2670 4788 cognoscitur,
2703 4733 2821 4788 quae
2849 4719 2960 4772 ait:
3005 4715 3090 4770 Ne
3117 4720 3276 4772 intres
3313 4719 3365 4771 in
3395 4722 3492 4789 ja-

1911 4815 2100 4868 di'cium
2140 4829 2254 4866 cum
2289 4829 2432 4867 urvo
2467 4803 2594 4866 tuo':
2638 4813 2879 4882 quoniam
2914 4825 3016 4864 non
3047 4811 3414 4883 justiﬁrabitur
3442 4813 3514 4873 in

1912 4916 2182 4978 conspectu
2213 4915 2302 4960 tuo
2335 4906 2502 4960 omnis
2541 4905 2707 4959 civem
2738 4902 2908 4974 (Psal.
2936 4903 3138 4969 cxut);
3189 4901 3277 4956 ubi
3317 4901 3500 4972 utique

1913 4999 2186 5055 neminem
2229 5011 2450 5067 prorsus
2491 4995 2765 5051 hominum
2798 4992 3117 5048 discrevisse
3155 4992 3501 5063 perspicitur,

1908 5092 2048 5149 sicut
2077 5090 2222 5146 idem
2246 5089 2456 5160 planius
2485 5087 2588 5142 hoc
2612 5087 2784 5155 ipsum
2816 5085 3040 5154 loquens
3066 5084 3503 5155 manifestiusqne

1910 5185 2145 5241 declarat
2169 5201 2182 5236 :
2218 5180 2386 5236 Dixi:
2416 5177 2770 5234 Pronuntiabo
2795 5177 3064 5230 adversum
3095 5192 3172 5229 me
3200 5177 3504 5248 injustitiam

1914 5293 2079 5332 meam
2111 5275 2376 5339 Domino;
2405 5283 2456 5328 et
2481 5282 2534 5325 tu
2562 5269 2802 5325 remisisti
2832 5269 3143 5341 impietatem
3169 5270 3363 5337 peccati
3391 5285 3506 5320 car-

1915 5372 1995 5425 dis
2016 5371 2136 5424 mei.
2174 5369 2283 5422 Pro
2308 5367 2404 5420 hac
2427 5366 2590 5419 orabit
2615 5364 2683 5417 ad
2707 5373 2754 5417 te
2775 5364 2938 5417 omnis
2967 5371 3172 5417 sanctus
3200 5360 3258 5411 in
3284 5369 3507 5426 tempore

1869 5523 1877 5532 ,
1918 5472 2212 5537 Opportune
2235 5459 2461 5530 (Parim.
2486 5457 2660 5527 uxr).
2711 5456 2808 5523 Qui
2852 5454 3032 5523 utique
3068 5465 3174 5505 non
3203 5448 3378 5502 scitius
3408 5448 3508 5504 sub

1916 5558 2035 5627 lege
2063 5561 2280 5612 sanctus
2315 5568 2456 5621 esse,
2501 5551 2598 5607 sed
2637 5551 2696 5605 in
2733 5550 2908 5626 futura
2934 5546 3029 5599 Dei
3070 5543 3236 5613 gratia
3267 5543 3501 5600 eminen-

1919 5651 2068 5706 tioris
2132 5648 2392 5719 propositi
2441 5653 2563 5716 post
2622 5643 2853 5696 futurus.
2907 5637 3061 5693 Unde
3116 5637 3257 5707 quod
3313 5639 3386 5691 ait
3447 5637 3509 5694 In

1920 5752 2144 5812 (carpare
2173 5749 2501 5812 opportuno,
2548 5750 2655 5792 non
2684 5733 2804 5789 sine
2832 5747 3014 5786 rerum
3043 5738 3388 5786 venturarum
3420 5745 3510 5785 co-

1919 5833 2160 5910 gnitione
2189 5832 2476 5902 subiunxit
2515 5829 2678 5891 etiam
2717 5836 2773 5887 et
2811 5825 2864 5888 in
2905 5827 3152 5882 oratione
3176 5837 3272 5880 sua
3303 5822 3509 5887 tanien.
