3942 6310
69 394 173 455 709

244 498 481 555 Luminis
511 495 756 551 immensi
784 494 986 549 radiato
1011 494 1209 548 vertice
1237 491 1361 547 fusi.

244 592 349 647 Nec
380 592 595 655 mirum,
627 590 670 643 si
703 588 843 643 clara
877 589 1037 641 latent
1070 586 1169 640 sub
1196 586 1307 639 sole
1334 599 1555 639 corusco

248 681 458 748 Sidera,
487 697 591 750 quo
622 679 877 733 mundum
908 686 1170 732 monstrat
1200 691 1446 730 mensura
1480 675 1647 729 mino-

257 842 408 915 [5o
426 842 525 910 Qui
560 840 703 896 fovet
735 841 854 910 igne
883 840 970 909 pio
1000 841 1214 905 coelum,
1250 766 1648 903 mare,['sitrllia’ra,

1348 933 1354 1000 |
1370 938 1559 993 terras,

62 1032 176 1085 225
249 1028 515 1098 Concepta
545 1027 739 1080 virtute
771 1023 882 1089 Dei,
913 1038 1069 1093 quem
1098 1023 1306 1093 aphaera
1336 1023 1579 1091 polorum

253 1120 514 1186 Sustinet,
540 1128 594 1174 et
622 1117 782 1173 sentit
813 1117 1086 1171 dominum
1122 1132 1213 1185 per
1240 1124 1427 1170 cuncta
1458 1125 1647 1169 tonan-

1425 1208 1576 1278 [tem.

252 1306 412 1375 Cujus
462 1304 528 1359 ab
577 1303 799 1373 imperio
837 1302 1087 1361 veniunt,
1132 1315 1460 1370 quacunque
1498 1301 1654 1354 mini-

1369 1392 1580 1462 [strant,

1270 376 1551 435 CARilEN
1595 375 1683 437 DE
1726 372 1879 431 DEO.
1922 372 2053 430 LIB.
2096 372 2135 429 Ι.

1670 492 1727 553 Δ

3222 370 3327 428 710

1933 486 2121 541 Omnia
2148 503 2159 538 :
2188 484 2367 555 jussus
2397 485 2505 553 agit
2537 494 2722 549 totum,
2755 485 2851 540 sub
2883 483 2999 556 lege
3030 486 3236 544 laborat

1928 578 2074 633 Miles
2103 588 2158 632 et
2189 578 2301 646 ipse
2332 577 2445 640 Dei,
2474 592 2594 631 cum
2631 577 2833 643 lunam,
2854 586 2905 630 et
2937 576 3111 631 sidera
3143 590 3332 636 cuncta

1751 668 1856 725 250
1929 671 2195 735 Ostentat,
2228 669 2328 723 sub
2357 683 2480 723 vere
2509 684 2664 730 novo,
2695 669 2792 722 sub
2821 677 3060 737 tempore
3088 671 3284 738 primo,

1880 784 1883 787 ·
1930 760 2042 817 Sub
2072 760 2245 813 tirone
2272 759 2359 812 die
2387 768 2633 813 veterana
2666 758 2719 811 in
2749 758 2902 813 smela
2939 770 3178 827 paratus.

2010 850 2154 904 Vidit
2182 850 2367 919 quinta
2396 848 2512 903 dies
2537 848 2783 901 animalia
2812 858 3001 902 cuneta
3033 849 3299 917 profundi.

1945 943 2096 1012 151
2127 940 2181 994 ln
2213 954 2407 1009 corpus
2435 939 2730 994 solidantur
2758 954 2936 1008 aquae,
2978 942 3232 1010 nervique
3272 944 3335 996 li-

3034 1031 3264 1103 [gantun

1938 1124 2206 1180 Masculus
2240 1124 2429 1180 humor
2454 1133 2592 1190 erat,
2625 1122 2813 1179 lluctus
2844 1123 3077 1180 durescit
3108 1127 3157 1179 in
3193 1143 3336 1190 ossa,

1939 1218 2112 1286 Atque
2141 1218 2279 1272 oculi
2307 1214 2641 1287 gemmantur
2668 1219 2817 1287 aquis
2850 1216 3071 1271 humore
3096 1219 3270 1287 gelan
3298 1237 3307 1268 :

1943 1308 2007 1361 Et
2029 1316 2155 1377 quot
2175 1317 2297 1361 sunt
2320 1307 2527 1373 ﬂuctus,
2557 1316 2631 1361 tot
2656 1306 2831 1361 forsan
2856 1308 2907 1361 in
2935 1322 3148 1377 aequore
3172 1310 3342 1377 pisces

1942 1399 2209 1454 Luserunt
2234 1399 2398 1454 ﬂuido
2429 1414 2522 1469 per
2548 1398 2740 1453 caerula
2770 1409 2917 1455 vasta
2946 1410 3147 1464 natatu,

1760 1215 1865 1272 255

1398 1507 1623 1561 νΑιιιΑΞ
1667 1508 2068 1567 LECTIONES.

146 1632 277 1686 221.
323 1629 460 1689 ναι..
494 1628 675 1681 vertice
700 1627 820 1694 fusi.
853 1625 976 1685 Alii,
1013 1642 1059 1677 ιν.
1094 1624 1279 1695 phoebi.

144 1699 273 1753 222.
326 1701 463 1761 \'at.,
498 1714 585 1751 nec
614 1712 813 1749 murum
838 1696 901 1749 si.

146 1771 279 1823 225.
326 1769 466 1836 Vat.,
497 1785 541 1823 s.
567 1783 681 1836 qua’
706 1767 972 1819 mundum.

144 1840 279 1905 225.
320 1834 459 1903 Vat..
496 1834 739 1901 concepta
771 1853 817 1888 υ.
855 1837 975 1902 Alii,
1007 1845 1299 1901 conceptum
1332 1852 1375 1887 v.

145 1911 282 1965 227.
327 1907 485 1970 Vict.,
528 1923 837 1976 gittrcunque
866 1907 1181 1971 ministrant,
1219 1905 1446 1958 Omnia:
1491 1908 1663 1975 jussus

76 1982 186 2051 agit
225 1989 414 2038 totum.
457 1980 545 2031 sub
578 1980 683 2047 lege
724 1977 974 2029 laborant.
1019 1976 1160 2041 Vat.,
1196 1977 1382 2041 Sirm.,
1416 1978 1664 2030 ministrat

80 2052 277 2105 Omnia
305 2052 341 2105 i.
370 2066 419 2102 α.
944 2068 949 2071 λ

148 2068 470 2184 gggz.JVgi.,
501 2134 613 2171 cum
641 2117 775 2169 lunw
800 2125 845 2169 et
872 2115 1039 2171 sidera
1068 2128 1251 2170 cuncto
1283 2116 1555 2171 Ostentum
1584 2134 1627 2169 s.

1838 1629 1961 1703 252.
2009 1629 2167 1699 Ειιὶιῑ,
2194 1631 2338 1703 addit
2366 1632 2564 1703 quinta.
2600 1632 2890 1693 Vat.,vidit
2915 1651 2963 1703 q.
2998 1633 3159 1703 Vict.,
3184 1637 3343 1694 inter-

1768 1699 1954 1769 pungit
1980 1710 2181 1765 cuncta,
2209 1702 2451 1768 profundi
2485 1700 2545 1753 In
2572 1717 2776 1768 corpus.

1838 1769 1963 1840 255.
2009 1771 2152 1837 \"at.,
2185 1770 2473 1824 solidantur
2500 1788 2595 1840 que
2627 1790 2676 1825 η.

1694 1840 1740 1901 Β
1838 1838 1962 1892 254.
2008 1840 2150 1903 Vat.,
2185 1841 2440 1894 masculus
2470 1838 2670 1895 Ititmor.

2013 1911 2171 1982 Υἱοὶ..
2207 1928 2257 1964 o.
2292 1913 2609 1982 geminantur
2639 1928 2689 1965 α.

1842 1978 2153 2058 236._Vat.,
2205 1983 2244 2049 Ῑ.
2292 1978 2367 2058 tot
2418 1982 2631 2058 forsitan
2674 1999 2893 2058 (equore.
2948 1985 3109 2053 Vict.,
3151 1990 3190 2057 f.
3230 1999 3348 2058 quot

1770 2054 1941 2122 forsan
1973 2051 2251 2122 itt_wquore
2278 2053 2437 2121 pisces
2469 2050 2717 2105 Incedunt
2741 2055 2923 2122 ﬂuido.

1841 2120 1965 2174 257.
2013 2120 2150 2185 \’at.,
2185 2120 2388 2187 notato;
2420 2123 2484 2177 ad
2513 2138 2709 2192 marg,
2741 2120 2935 2179 natatu.

1600 2251 1827 2309 ΝΟΤᾸΕ.

149 2371 290 2426 221.
331 2370 490 2433 Magis
522 2368 691 2437 placet
715 2366 813 2434 fusi
835 2380 993 2437 quam
1017 2364 1199 2432 plttebi.
1220 2364 1417 2437 _Vertex
1437 2365 1669 2418 radiatus

85 2459 181 2510 pro
232 2443 349 2496 sole
394 2441 478 2494 hic
520 2435 812 2510 accipitur.
856 2435 1057 2490 Ennius
1096 2435 1238 2510 apud
1271 2436 1581 2510 Ciceronem
1614 2452 1667 2488 ιιι

83 2506 149 2568 de
181 2512 364 2569 0rat..
395 2525 514 2578 cap.
542 2508 631 2573 40,
666 2507 841 2559 Oculis
884 2506 1387 2578 postretnumulumen
1416 2507 1669 2558 radiatum

84 2599 235 2652 rape.
289 2581 432 2636 Solis
460 2576 734 2642 verticem,
768 2578 887 2630 sive
926 2576 1276 2652 caputhradiis
1304 2585 1550 2652 ornatum
1579 2592 1667 2629 vc-

86 2644 241 2707 teres
270 2652 568 2720 ﬁngebant,
613 2659 670 2702 ut
712 2658 894 2720 notum
923 2656 1024 2720 est.
1074 2644 1284 2720 Clarius
1321 2646 1491 2720 legam
1526 2650 1663 2720 fusa,

85 2724 303 2777 scilicet
348 2716 464 2775 luce
502 2720 612 2772 lusa
650 2718 853 2772 vertice
890 2718 1096 2771 radian
1142 2716 1355 2769 luminis
1397 2718 1665 2769 immensi.

88 2795 203 2848 Lib.
262 2809 346 2858 ιιι,
390 2806 533 2846 vers.
580 2790 629 2853 1,
680 2788 904 2841 Luminis
948 2788 1152 2853 wterni,
1201 2787 1333 2838 tante
1380 2786 1498 2851 luas,
1549 2786 1673 2839 lucis

88 2880 263 2917 ονιαο.

156 2882 161 2907 ¹
248 2900 263 2916 ο

156 2882 294 2987 ἕὲῧ.
323 2932 542 2985 Videtur
574 2930 833 2983 rationem
863 2928 1133 2993 assignare
1156 2941 1253 2979 cur
1276 2928 1473 2980 lateant
1499 2926 1674 2980 s'dera

90 3006 188 3059 σιὼ
220 3004 364 3057 sole.
414 3000 515 3055 Sed
544 3015 786 3066 qmenam
828 3008 909 3051 est
951 2997 1064 3050 lucc
1104 2998 1282 3049 ratio?
1333 3000 1439 3050 Aut
1465 2996 1509 3049 si
1542 2999 1675 3050 ratio

92 3074 243 3130 nulla
284 3074 372 3125 hic
401 3071 683 3124 exhibetur
715 3078 909 3136 praeter
940 3068 1255 3122 immensum
1304 3066 1480 3120 lumen
1522 3068 1670 3130 SOilS,

91 3145 213 3212 quid
253 3143 356 3197 sibi
388 3142 520 3198 vult.
552 3140 662 3202 Quo
694 3140 941 3191 mundum
972 3147 1215 3212 monstrat
1246 3152 1485 3212 mensura
1514 3138 1678 3191 mino-

1779 2367 2190 2443 ctioSirmondi
2234 2371 2504 2443 ministrat.
2561 2368 2747 2443 Omnia
2782 2373 2961 2439 jussus
3008 2375 3143 2443 agit,
3196 2386 3354 2430 totum

1778 2440 1869 2516 sub
1899 2439 2003 2507 lege
2030 2440 2243 2516 laborat.
2296 2440 2444 2516 Miles
2481 2449 2528 2493 et
2568 2441 2675 2516 ipse
2711 2440 2845 2516 Dei:
2889 2439 3190 2516 quanquam
3236 2458 3356 2516 post

1780 2507 1975 2559 laborat
2012 2510 2208 2567 \ireula
2243 2526 2346 2563 non
2377 2512 2549 2563 obest.
2585 2510 2857 2565 Sententia
2888 2507 3156 2567 Dracontii
3185 2507 3265 2569 est
3292 2519 3358 2571 ab

1781 2578 2005 2648 imperio
2034 2579 2124 2632 Dei
2150 2582 2328 2633 venire
2354 2581 2530 2633 omnia
2561 2596 2887 2648 quacunque
2917 2585 3217 2638 ministrant
3244 2588 3359 2641 sive

1781 2646 2095 2723 inserviunt.
2152 2646 2657 2723 Proi'iertiuslibht,
2694 2652 2764 2705 el.
2792 2651 2877 2716 18,
2906 2652 3103 2723 Aspice,
3136 2655 3206 2708 uti
3235 2658 3358 2710 caelo

1778 2719 1932 2770 modo
1960 2718 2058 2774 sol.
2090 2721 2238 2771 modo
2265 2720 2386 2772 [una
2415 2721 2683 2773 ministret.
2796 2772 2805 2775 _

1850 2788 1976 2841 228.
2018 2788 2224 2842 Mallem
2253 2792 2355 2853 agit
2386 2806 2618 2853 cursum,
2668 2806 2785 2857 qua:
2829 2790 3036 2856 phrasis
3080 2803 3158 2845 est
3202 2794 3355 2849 Plinii

1781 2858 1870 2910 lib.
1897 2874 1951 2917 v.
1975 2874 2091 2929 cap.
2116 2860 2204 2911 24.
2240 2858 2555 2912 Prudentius
2584 2875 2597 2911 ι
2626 2870 2809 2913 contra
2839 2860 3064 2929 Symm.,
3093 2878 3230 2917 vers.
3255 2866 3357 2919 554

1780 2929 1983 3001 desole
2006 2946 2034 3001 :_
2055 2928 2374 3001 Rra’scriptis
2400 2930 2506 3001 lege
2528 2930 2629 3001 sub
2646 2946 2745 3001 una
2780 2928 2987 3001 Deditus
3013 2933 3207 3001 ofﬁciis.

1848 2997 1975 3070 229.
2018 2998 2133 3052 Lib.
2164 3014 2220 3056 ll,
2249 3014 2390 3051 vers.
2413 3000 2502 3064 25,
2535 2998 2723 3052 Militia
2754 2997 3151 3070 famulantesua
3174 3005 3359 3058 servire

1786 3064 1949 3136 ﬁdelis
1974 3084 1989 3119 :
2028 3070 2147 3122 vide
2178 3081 2377 3123 notam.

1852 3138 1975 3191 250.
2024 3140 2334 3193 Dracontius
2359 3140 2527 3193 innuit
2554 3140 2871 3194 sententiam
2899 3142 3245 3209 quorumdam
3272 3159 3359 3197 ve-
3452 3124 3461 3131 ἢ

383 3179 609 3265 νει.’ρξι
639 3226 752 3279 qua:
781 3223 877 3275 pro
897 3224 997 3280 (tuo
1022 3222 1041 3260 :
1083 3209 1174 3261 setl
1219 3208 1402 3261 eadem
1436 3217 1677 3280 remanet
1703 3179 1747 3241 C
1784 3218 1976 3268 terum,
2014 3209 2103 3278 qui
2136 3211 2317 3280 stellas
2350 3210 2550 3263 lumine
2580 3224 2609 3263 a
2640 3210 2752 3264 sole
2781 3179 3000 3277 accepto
3033 3179 3355 3280 pugili};-

94 3284 411 3338 dillicultas.
460 3282 651 3348 Legam
694 3280 852 3347 igitur
882 3278 1101 3339 Sidera;
1136 3293 1288 3348 quem
1315 3278 1508 3329 mundo
1534 3293 1677 3330 mon-

96 3364 238 3408 strat.
276 3347 599 3406 Prudentius
626 3350 715 3404 lib.
754 3350 1025 3420 tSyinm..
1059 3362 1199 3420 vers.
1234 3347 1367 3420 514,
1419 3348 1485 3400 de
1524 3349 1673 3420 sole:

95 3424 159 3477 lit
189 3422 510 3489 quodinemo
546 3431 696 3490 negat
727 3417 937 3479 mundo,
972 3417 1211 3490 ueloque
1234 3418 1512 3490 minorem.
1547 3418 1679 3471 Area

94 3486 262 3562 major
296 3492 461 3551 enim.
493 3486 761 3562 quamgqui
785 3489 1039 3562 percurrit
1072 3488 1122 3539 in
1154 3486 1367 3562 illa.‘Si
1401 3487 1679 3562 italegere

96 3558 249 3632 velis,
285 3576 448 3630 supra
481 3560 742 3632 resrrihes
776 3558 892 3632 Non
924 3561 1125 3632 mirum.
1156 3558 1332 3632 aut‘in
1363 3573 1456 3632 nec
1486 3559 1680 3632 inte-ll.-

95 3649 185 3702 ges
231 3627 372 3694 non,
427 3642 481 3683 ut
525 3632 663 3698 apud
713 3630 990 3702 Sedulium
1037 3629 1088 3683 in
1141 3627 1347 3695 prwlat.
1393 3627 1459 3680 ad
1498 3628 1673 3681 Carm.

97 3700 388 3771 paschale,
425 3703 653 3767 Quorum
693 3700 1013 3771 multiplices
1037 3715 1122 3750 nec
1162 3708 1680 3771 numeranturopes:

96 3766 161 3828 de
201 3788 311 3840 qua
359 3766 740 3839 signiﬁcatione
780 3766 1016 3823 adverbii
1059 3784 1158 3840 nec
1189 3784 1284 3833 pro
1326 3785 1425 3840 non
1457 3766 1578 3822 vide
1610 3767 1679 3823 ibi

96 3838 512 3912 Wopkensium.
563 3841 711 3906 Quod
754 3841 796 3893 si
832 3840 1120 3912 retineatur
1148 3838 1309 3893 lectio
1338 3838 1543 3912 vulgata
1565 3883 1579 3903 ,
1629 3840 1681 3892 in

96 3909 359 3967 mundum
391 3912 623 3978 intellige
654 3920 847 3963 terram
880 3911 1045 3963 solam
1066 3949 1079 3971 ,
1127 3923 1229 3961 non
1277 3909 1680 3964 universitatem

98 3986 235 4037 hanc
263 3998 485 4045 rerum;
529 3998 648 4035 nam
682 3981 925 4034 ntundum
956 3996 1048 4047 pro
1081 3988 1241 4041 terra,
1276 3989 1326 4032 et
1369 3979 1683 4032 mortalibus

97 4056 359 4109 dixerunt
381 4053 535 4111 etiam
564 4052 760 4105 ethnici
785 4054 1102 4116 scriptores,
1126 4061 1177 4104 et
1200 4050 1512 4103 Dracontius
1541 4064 1678 4102 vers.

100 4125 199 4178 705
244 4123 411 4190 hujus
457 4122 596 4177 libri.
653 4120 708 4176 Si
757 4124 867 4173 hcce
910 4121 1118 4173 videtur
1161 4120 1307 4174 reddi
1360 4122 1523 4185 ratio,
1576 4134 1680 4173 non

102 4197 295 4247 mirum
332 4208 450 4246 esse
478 4193 518 4245 »ί
551 4194 648 4244 sub
672 4192 785 4246 sole
813 4190 986 4243 sidera
1016 4190 1233 4253 lateant,
1261 4205 1378 4243 cum
1404 4190 1483 4244 sol
1514 4192 1683 4256 major

100 4266 162 4318 sit
188 4275 362 4318 terra.
383 4262 493 4315 Alia
518 4262 797 4329 explicatio
820 4277 881 4313 ex
907 4261 1229 4313 astronomia
1256 4261 1412 4327 petita
1437 4262 1549 4314 haec
1572 4270 1677 4323 est,

100 4351 161 4389 eo
189 4334 367 4402 magis
395 4334 555 4386 latere
580 4332 676 4387 sub
699 4333 809 4386 Sole
832 4345 1056 4402 corusco
1077 4329 1251 4402 s‘dera
1275 4346 1380 4397 quo
1400 4333 1476 4385 sol
1501 4340 1683 4385 nostro

101 4398 411 4469 conspECtui
444 4404 615 4455 minor
640 4413 857 4470 apparet
881 4417 894 4455 ι
924 4401 1127 4456 scilicet
1147 4398 1405 4455 dtatneter
1427 4402 1555 4457 SllilS
1577 4416 1683 4470 quo

102 4477 269 4543 magis
301 4478 368 4527 ad
402 4471 577 4526 zenith
606 4474 836 4537 accedit,
880 4488 945 4526 eo
988 4471 1156 4539 magis
1183 4472 1493 4526 decrescere
1531 4473 1682 4527 nobis

104 4545 341 4598 videtur.

170 4615 301 4669 221.
349 4612 540 4667 Confer
581 4629 789 4668 versum
829 4612 897 4666 24
940 4621 993 4666 et
1032 4627 1143 4679 seq.
1200 4612 1458 4666 Incertum
1500 4623 1582 4668 est
1620 4630 1685 4665 an

107 4683 434 4737 Dramiitius
476 4694 651 4737 teneat
690 4684 870 4737 Stellas
900 4684 1057 4736 etiam
1088 4697 1205 4749 qua:
1236 4681 1351 4734 lixa:
1381 4684 1627 4736 dicuntur
1656 4698 1684 4737 a

107 4757 215 4810 sole
248 4754 434 4807 lumen
467 4754 729 4818 accipere,
763 4753 904 4821 quod
937 4752 1131 4805 indicat
1185 4750 1268 4805 hic
1299 4768 1483 4805 versus
1510 4769 1575 4807 an
1606 4769 1692 4807 so-

106 4825 214 4877 lum
237 4825 485 4893 planetas
507 4825 783 4888 intelligat.
809 4823 914 4878 Res
939 4822 1119 4876 istltasc
1142 4822 1263 4874 olim
1287 4825 1438 4875 valde
1461 4826 1686 4878 obscura

106 4905 244 4957 erat,
266 4908 443 4961 neque
467 4909 606 4948 nunc
627 4893 841 4963 quidem
865 4894 996 4946 satis
1019 4893 1203 4960 liquet,
1227 4907 1289 4944 ac
1314 4893 1393 4945 vix
1420 4894 1689 4947 alﬁrmare

108 4980 421 5029 pnssunius,
454 4964 649 5017 nullam
683 4964 892 5017 ostendi
923 4966 1180 5017 rationem
1212 4977 1311 5030 qua
1344 4964 1530 5017 stellas
1559 4964 1689 5019 lixas

105 5051 256 5087 suam
291 5050 323 5087 a
355 5034 465 5087 sole
494 5034 667 5089 lucem
698 5035 924 5088 tntituari
953 5048 1273 5088 asseramus.

175 5105 309 5157 225.
357 5104 604 5159 Fortasse
634 5103 823 5158 melior
849 5112 931 5157 cst
963 5104 1117 5174 lectio
1142 5103 1283 5163 Val.,
1311 5101 1561 5174 Concepta
1588 5106 1689 5156 vir-

105 5182 210 5227 tute
246 5174 371 5235 Dei,
413 5191 588 5241 quem,
625 5175 703 5228 vel
735 5173 1013 5243 legendum
1045 5173 1321 5241 Conceptus
1353 5175 1531 5226 virtute
1567 5175 1689 5238 Dei,

103 5262 275 5311 quem.
313 5246 625 5303 Sirmondus
657 5262 759 5298 non
784 5246 952 5304 solum
982 5244 1154 5311 ipsum
1181 5245 1347 5298 solem
1374 5255 1687 5312 conceptum

107 5316 388 5381 intelligit,
430 5316 520 5369 sed
561 5316 805 5369 eumdem
848 5314 1087 5383 agnoscit
1127 5330 1243 5368 esse
1282 5331 1438 5383 quem
1480 5315 1688 5382 sphmra

106 5388 359 5470 sustinet,
387 5400 491 5437 n-m
524 5386 708 5441 Deum.
742 5384 845 5439 Sed
876 5386 1269 5470 quolpactoosol
1304 5387 1482 5470 vagari
1515 5394 1691 5453 potest

106 5457 359 5526 dominus
391 5471 477 5524 per
508 5468 681 5509 cuncta
722 5457 944 5509 tonans?
986 5453 1190 5526 (lonjici
1230 5455 1349 5509 licet
1380 5453 1689 5526 Conceptunt

106 5525 296 5597 virtute
339 5523 432 5577 Dei
471 5542 617 5595 quem
658 5529 857 5596 spha'ra
898 5527 1129 5597 polorum
1162 5523 1420 5591 Sustinet,
1460 5536 1504 5579 et
1541 5523 1690 5580 sentit

109 5596 375 5667 dominum
424 5612 509 5667 per
543 5597 688 5667 signa
726 5596 998 5651 volantem.
1049 5597 1152 5651 Sed
1203 5606 1417 5665 pricstat
1462 5598 1693 5652 retinere

108 5665 430 5730 Scripturatn
458 5665 577 5718 Vat.

177 5732 308 5786 227.
350 5733 538 5803 Caius,
576 5737 774 5791 scilicet
824 5737 932 5790 Dei.
989 5736 1121 5793 llinc
1166 5736 1361 5792 rectius
1408 5739 1694 5792 ministrant

111 5816 271 5869 quam
303 5805 556 5862 ministrat
587 5822 706 5863 cum
738 5806 855 5862 Vat.
887 5816 941 5864 et
968 5809 1130 5867 Sirm.
1179 5809 1284 5865 Nec
1315 5809 1488 5879 placet
1513 5808 1700 5865 dmin-

1538 5969 1631 5979 ..ι-κ

1781 3281 2066 3341 serebant,
2116 3279 2181 3331 de
2226 3295 2327 3348 qua
2383 3280 2613 3333 Isidorus
2657 3295 2773 3348 cap.
2811 3281 2877 3334 21
2924 3282 2989 3334 de
3034 3279 3216 3337 Naiur.
3250 3300 3359 3339 rer.

1782 3348 1914 3419 Vitle
1941 3350 2099 3402 etiam
2134 3366 2273 3402 vers.
2300 3349 2423 3402 224.
2480 3350 2684 3403 Poteris
2713 3352 2870 3403 etiam
2904 3350 3204 3419 explicare:
3246 3370 3361 3409 cum

1781 3418 1922 3471 Deus
1952 3421 2126 3471 lunam
2156 3430 2203 3472 et
2233 3419 2403 3473 sidera
2431 3431 2611 3472 cuncta
2644 3430 2856 3473 ostentat
2884 3438 2894 3471 :
2942 3418 3061 3475 nam
3092 3438 3231 3478 vers.
3257 3423 3361 3479 216

1781 3500 1836 3543 et
1863 3490 1966 3542 217
2002 3492 2168 3555 ignes,
2208 3498 2263 3542 et
2294 3491 2458 3554 jubar
2488 3491 2757 3558 proprium
2784 3491 2952 3545 stellis
2977 3493 3358 3549 conceduntur.

1850 3559 1975 3612 251.
2019 3558 2137 3611 Tiro
2167 3560 2431 3625 adjective
2460 3563 2618 3612 etiam
2646 3559 2859 3627 dicitur,
2885 3571 2941 3613 ut
2968 3562 3063 3616 tiro
3091 3566 3362 3630 exercitus,

1785 3632 1881 3683 t'ro
1911 3630 2073 3682 miles.
2110 3630 2288 3682 Tironi
2311 3630 2598 3697 opponitur
2623 3640 2909 3693 veteranus,
2934 3634 3073 3691 quod
3107 3634 3363 3690 militibus

1787 3701 2060 3765 Convenit,
2094 3699 2185 3752 sed
2219 3700 2335 3753 aliis
2365 3716 2574 3768 quoque
2604 3702 2763 3754 rebus
2794 3702 3061 3755 veteribus
3092 3705 3362 3761 tribuitur.

1855 3768 1979 3823 252.
2022 3769 2385 3833 loterpunctio
2415 3769 2549 3825 Vict.
2594 3772 2769 3839 inepta
2810 3782 2912 3826 est.
2955 3770 3094 3825 Vidit
3122 3789 3185 3826 an
3217 3776 3362 3827 addit

1786 3840 1951 3907 legas,
1984 3840 2203 3905 perinde
2230 3851 2330 3894 est.
2365 3839 2493 3893 Vide
2522 3855 2662 3893 vers.
2693 3840 2813 3894 156.
3414 3842 3423 3849 ’

1855 3910 1980 3962 255.
2026 3909 2183 3984 Forte
2212 3912 2472 3984 nervisque
2500 3911 2747 3979 ligantur.
2800 3911 2914 3966 Lib.
2947 3927 3023 3975 ιιι,
3058 3926 3198 3968 vers.
3226 3913 3361 3984 6H,

1789 3978 1910 4032 Jam
1940 3982 2103 4033 nervis
2133 3980 2350 4037 membra
2377 3978 2619 4048 ligantur.

1854 4051 1980 4101 255.
2023 4051 2371 4124 Scribendum
2423 4051 2597 4124 potius
2645 4061 2962 4119 gemmantur
3006 4067 3163 4120 quam
3207 4056 3367 4124 gemi-

1786 4132 1993 4184 nuntur,
2017 4122 2259 4188 quamvis
2287 4121 2385 4174 hoc
2413 4136 2516 4173 non
2546 4123 2611 4173 sit
2642 4135 2864 4189 prorsus
2892 4121 3364 4190 contemnendum,

1787 4207 1905 4245 cum
1938 4193 2216 4262 oculisint
2240 4191 2460 4259 gemini.
2508 4190 2674 4244 Versu
2705 4192 2807 4246 515
2837 4201 3120 4262 utrumque
3146 4209 3365 4262 expres-

1786 4275 1903 4316 sura
1933 4273 2033 4326 est,
2063 4260 2193 4313 Orbe
2224 4263 2409 4314 micant
2434 4263 2633 4331 gemino
2662 4264 2966 4331 gemmantia
2995 4260 3190 4317 Iuntina
3212 4260 3369 4324 uisus.

1791 4331 1921 4402 Vide
1953 4331 2044 4384 lib.
2077 4348 2155 4393 ιιι,
2188 4346 2329 4385 vers.
2359 4332 2483 4385 6l8.
2519 4329 2799 4385 Gemmant
2826 4332 2989 4392 oculi.
3023 4336 3142 4402 quia
3177 4336 3227 4388 in
3260 4352 3371 4389 m0-

1787 4401 1913 4455 dum
1962 4416 2192 4470 gemma:
2240 4402 2568 4469 splendent:
2621 4404 2778 4455 iidem
2824 4413 3190 4471 gemmantur,
3250 4420 3368 4459 cum

1764 4472 1921 4533 ,liunt
1969 4478 2133 4525 instar
2161 4488 2426 4541 gemmae:
2470 4481 2523 4527 et
2564 4474 2805 4541 quamvis
2846 4475 3018 4525 at-tive
3063 4474 3371 4542 plerumque

1714 4554 1768 4614 ι)
1795 4542 1895 4597 hoc
1927 4543 2146 4596 verbum
2181 4553 2483 4608 usurpctur,
2517 4558 2581 4596 ex
2599 4544 2891 4614 participio
2922 4552 3202 4609 gemmatns
3229 4553 3373 4610 patet

1796 4629 1953 4681 posse
1982 4615 2138 4666 etiam
2169 4614 2268 4666 dici
2290 4614 2554 4679 getnmari.
2597 4611 2815 4665 Rivinus
2844 4627 2938 4679 pro
2960 4615 3127 4681 gelato
3157 4614 3372 4681 conjieit

1795 4684 2063 4753 putatam:
2107 4684 2189 4736 cui
2233 4684 2448 4735 minime
2486 4682 2841 4734 subscribam.
2892 4681 3020 4753 Nam
3051 4683 3188 4735 oculi
3218 4698 3371 4751 gem-

1796 4751 2008 4805 inantur
2034 4755 2214 4820 aquis.
2264 4754 2386 4805 dum
2423 4753 2615 4804 humor
2644 4752 2866 4821 gelatur,
2913 4751 3035 4821 sive,
3065 4755 3375 4821 astringitur

1797 4826 1964 4877 instar
1992 4824 2133 4891 gelu.
2167 4822 2297 4875 Mar.
2322 4822 2519 4875 Victor.
2544 4822 2633 4874 lib.
2658 4837 2713 4873 ιιι
2738 4820 2959 4884 Genes.,
2986 4820 3160 4874 Herba
3184 4820 3372 4891 virens,

1794 4896 1953 4963 [laxas
1979 4909 2093 4945 cum
2123 4893 2405 4963 duravisset
2437 4891 2914 4963 aristas,Sﬁolisiob
2943 4892 3153 4963 ardores
3184 4894 3236 4945 in
3266 4898 3377 4962 [ru-

1796 4960 1905 5031 gem
1934 4963 2063 5016 lacte
2103 4962 2289 5030 gelato.
2341 4962 2492 5026 Quod
2535 4963 2584 5014 in
2626 4962 2743 5014 aliis
2783 4960 3105 5031 editionibus
3138 4960 3277 5016 vers.
3309 4964 3375 5017 66

1794 5030 1946 5087 aliter
1976 5034 2275 5101 profertur;
2331 5032 2503 5086 Herba
2549 5032 2671 5097 sibi,
2724 5041 2770 5085 et
2815 5030 3028 5085 calamis
3075 5033 3128 5085 in
3178 5035 3375 5105 frugem

1794 5106 1923 5157 lacte
1954 5105 2139 5158 aelate.

1866 5123 2310 5228 ééiiiei‘ﬂiiitiones
2356 5182 2563 5227 veteres
2617 5172 2950 5242 distinguunt
3010 5173 3169 5241 pisces
3222 5170 3373 5225 Ince-

1796 5246 1947 5305 dunt,
1996 5253 2097 5297 ctc.
2152 5244 2464 5298 Sirmondus
2510 5244 2689 5308 pisces.
2736 5242 3009 5308 Luserunt,
3054 5251 3186 5313 etc.,
3236 5244 3375 5313 quod

1797 5316 2021 5369 fortasse
2050 5314 2117 5367 ab
2145 5330 2210 5368 eo
2242 5316 2465 5378 factum,
2509 5322 2568 5367 ut
2602 5316 2831 5369 luserunt
2870 5315 3130 5367 referatur
3160 5315 3225 5367 ad
3256 5316 3375 5367 ani-

1798 5386 1951 5437 malia
1984 5401 2128 5439 vers.
2165 5384 2301 5443 9.52,
2352 5395 2405 5439 et
2456 5388 2653 5454 factura
2683 5400 2823 5438 vers.
2857 5384 2992 5450 259,
3042 5383 3149 5438 sint
3189 5384 3375 5439 eadem

1798 5456 2065 5510 animalia.
2102 5456 2285 5510 Posset
2316 5471 2503 5509 versus
2531 5456 2635 5509 259
2663 5456 2840 5510 statim
2872 5464 2984 5521 post
3027 5469 3241 5508 versum
3274 5454 3380 5510 252

1800 5528 1943 5597 poni,
1972 5539 2023 5580 et
2047 5527 2121 5581 sic
2153 5526 2264 5579 [nec
2291 5526 2576 5579 dillicultas
2608 5536 2970 5580 evanesceret.
3000 5524 3193 5579 Verum
3217 5525 3377 5581 etiam

1794 5601 1839 5652 si
1876 5598 2073 5652 nullum
2107 5600 2178 5651 s't
2208 5612 2413 5651 comma
2443 5597 2527 5651 vel
2558 5606 2812 5664 punctum
2844 5606 2963 5662 post
2989 5597 3169 5666 pisces,
3198 5604 3257 5649 ut
3280 5597 3379 5666 ipsi

1795 5672 1931 5733 sint,
1971 5673 2057 5737 qui
2090 5668 2357 5731 luserunt,
2412 5679 2584 5721 tamen
2633 5671 2832 5734 factura
2879 5665 3067 5737 referri
3110 5667 3269 5721 debet
3301 5665 3382 5723 ad

1801 5735 2067 5803 attitttalia,
2100 5740 2178 5793 vel
2210 5738 2274 5791 ad
2310 5740 2479 5806 pisces
2500 5780 2515 5809 _,
2537 5739 2643 5801 'qui
2675 5745 2799 5791 sunt
2826 5735 3075 5809 animalia
3106 5738 3379 5809 prolundi.

1870 5813 1993 5866 257.
2021 5804 2344 5867 υοιιείιιιιίιιε
2376 5817 2457 5865 est
2486 5807 2742 5864 Luseruut
2765 5821 2923 5878 quam
2951 5804 3230 5869 Incedunt.
3257 5804 3381 5888 Lib;

1906 5979 1931 5989 —.
