3964 6296
493 5217 514 5258 Ρ

550 343 650 395 119

1908 338 2170 393 CELASII
2214 337 2415 393 ΡΑΡΑΞ
2452 340 2474 395 ῐ

3738 346 3835 401 120

550 456 789 512 tissimus
826 456 1077 519 Salomon
1106 444 1133 509 ε’
1154 456 1271 509 Non
1311 466 1381 508 est
1421 456 1572 508 Itonia
1610 456 1697 525 qui
1739 471 1839 507 non
1879 452 2141 523 peccavit;
2170 453 2224 511 Α
2250 464 2573 522 postremus,
2603 456 2722 525 plus
2742 456 2993 512 omnibus
3021 457 3315 526 laboraret,
3338 469 3393 515 et
3412 462 3501 532 qui
3530 477 3636 519 non
3661 465 3832 519 solum

544 558 597 603 et
640 546 767 601 item
807 547 953 615 ipse:
992 548 1120 613 Quis
1145 545 1448 617 gloriabitur
1478 555 1674 600 castum
1716 562 1769 598 se
1806 544 1991 598 habere
2016 560 2129 629 por,

544 650 631 694 aut
678 640 927 693 mundum
969 655 1024 694 se
1062 656 1170 693 esse
1209 656 1240 691 a
1280 647 1485 710 peccato
1522 639 1692 709 (Eccl.
1724 639 1866 707 vn)?
1916 637 2022 692 Sed
2066 652 2137 692 ne

544 742 805 801 putentur
834 734 1044 788 illorum
1075 744 1377 802 temporum
1409 733 1578 797 sancti
1607 731 1676 787 ab
1706 731 1805 786 hac
1835 730 2139 801 impassibi-

547 828 700 885 litate
727 828 949 883 forsitan
978 827 1316 896 excipiendi,
1364 827 1620 898 quoniam
1660 824 1934 880 concessis
1965 840 1994 877 a
2027 824 2137 879 Deo

546 921 866 991 conjugibus
894 921 1201 983 utebantur,
1229 920 1473 990 quamvis
1502 928 1556 974 et
1581 918 1773 974 beatus
1801 917 1943 971 Elias
1967 917 2138 988 passi-

546 1012 671 1067 bilis
699 1014 861 1067 fuisse
892 1022 1243 1079 memoretur,
1270 1011 1722 1081 quemadmodum
1753 1010 2136 1079 consequentia

547 1088 938 1165 declarabunt:
982 1118 1033 1164 et
1072 1111 1126 1163 S.
1158 1108 1419 1179 propheta
1454 1106 1637 1160 Daniel
1677 1121 1785 1160 non
1824 1105 1999 1158 solum
2039 1119 2137 1174 pro

546 1204 761 1273 populi,
802 1203 896 1258 sed
929 1210 981 1257 et
1013 1218 1109 1272 pro
1139 1201 1251 1255 suis
1278 1199 1513 1270 peccatis
1554 1198 1900 1269 perhibeatur
1927 1211 2133 1266 orasse,

545 1296 682 1351 sicut
730 1298 845 1365 ipse
894 1294 1059 1349 dicit:
1092 1293 1221 1347 Cum
1265 1309 1493 1355 orarem,
1539 1300 1587 1344 et
1629 1290 1901 1356 con/iterer
1931 1296 2137 1357 peccata

545 1410 681 1459 mea,
700 1403 746 1447 ct
768 1406 973 1461 peccata
998 1391 1178 1461 populi
1201 1389 1297 1443 mei
1316 1388 1537 1441 Domino
1559 1386 1669 1439 Deo
1690 1382 1978 1453 meo(Dan.
2002 1380 2134 1451 xtx);

552 1487 767 1540 tandem
799 1483 1078 1539 veniamus
1121 1481 1185 1535 ad
1215 1481 1403 1535 beatos
1434 1478 1729 1548 apostolos,
1762 1485 1812 1531 et
1842 1476 1983 1530 dicat
2012 1474 2139 1528 bea-

548 1588 635 1632 tus
663 1578 754 1631 ille
782 1576 1035 1638 Jacobus,
1067 1575 1156 1644 qui
1193 1589 1314 1627 cum
1343 1586 1533 1626 omnes
1574 1570 1756 1639 utique
1778 1568 1918 1638 justi
1958 1574 2139 1622 essent

549 1669 802 1739 apostoli,
835 1667 1050 1737 pr0prie
1078 1675 1237 1736 atque
1267 1665 1551 1735 speciatim
1580 1663 1708 1732 justi
1738 1662 1838 1716 viri
1868 1674 2138 1729 praeroga-

546 1764 709 1820 tivam
742 1765 935 1833 legitur
963 1770 1243 1816 assecutus
1268 1779 1280 1813 :
1317 1758 1508 1812 Beatus
1537 1759 1614 1811 vir
1642 1758 1730 1827 qui
1762 1753 1942 1820 su/fert
1973 1764 2137 1807 tenta-

544 1859 753 1927 tionem,
800 1858 919 1924 quia
968 1872 1080 1908 cum
1128 1854 1368 1925 probatus
1402 1853 1586 1922 fuerit,
1634 1850 1850 1920 accipiet
1896 1863 2139 1901 coronam
2167 1825 2216 1886 Β

544 1955 686 2015 vitae,
729 1968 880 2020 quam
905 1948 1200 2019 repromisit
1234 1947 1371 1999 Deus
1400 1943 1726 2014 diligentibus
1782 1958 1836 1995 se
1901 1940 2040 2010 (Jac.
2072 1938 2132 2011 ι).

542 2045 612 2098 Ει
646 2044 771 2097 item
803 2050 923 2109 post
954 2038 1265 2108 paululum:
1303 2036 1662 2105 Unusquisque
1699 2044 1871 2089 autem
1909 2041 2136 2088 tentatur

544 2154 575 2189 α
600 2133 1010 2204 concupiscentia
1035 2148 1129 2184 sua
1151 2130 1436 2185 abstractus
1464 2137 1509 2182 et
1538 2127 1758 2182 illectus.
1795 2126 1996 2180 Deinde
2016 2143 2136 2179 con-

544 2229 853 2298 cupiscentia
880 2243 995 2278 cum
1023 2224 1339 2290 conceperit,
1370 2222 1505 2290 parit
1535 2232 1827 2290 peccatum;
1873 2228 2137 2290 peccatum

545 2336 659 2373 vero
692 2336 805 2371 cum
835 2324 1243 2369 consummatum
1272 2314 1446 2383 fuerit,
1478 2320 1686 2381 generat
1714 2320 1951 2364 mortem.
2000 2308 2133 2364 Item

542 2410 685 2466 idem
724 2427 735 2463 :
791 2407 857 2461 In
898 2407 1070 2461 multis
1110 2407 1244 2459 enim
1284 2402 1591 2471 o/fendimus
1631 2418 1824 2456 omnes.
1882 2401 2135 2469 Idemque

544 2511 764 2558 secutus
806 2498 1087 2570 adjunxit:
1132 2496 1201 2550 Et
1232 2495 1379 2549 Elias
1422 2497 1572 2549 homo
1612 2503 1724 2549 erat
1765 2494 1949 2549 similis
1990 2495 2136 2549 nobis

543 2592 799 2663 passibilis
824 2588 1029 2661 (Jacob.
1055 2590 1158 2657 ιιι).
1192 2588 1340 2642 Dicat
1370 2586 1560 2641 beatus
1590 2585 1784 2640 Petrus
1814 2584 2130 2655 apostolus:

544 2684 842 2747 Carissimi,
888 2699 1012 2753 rogo
1041 2691 1098 2735 ut
1122 2680 1269 2751 quasi
1308 2678 1490 2754 incola;
1527 2686 1573 2731 et
1604 2677 1812 2731 advena:
1840 2676 2134 2730 abstineatis

541 2794 628 2831 vos
657 2793 688 2829 a
717 2773 1070 2845 corporalibus
1108 2770 1474 2837 voluptatibus,
1503 2784 1617 2839 qua:
1643 2768 1865 2821 militant
1892 2768 2133 2821 adversus

543 2868 768 2920 animam
798 2864 847 2937 (Ι
885 2862 999 2917 Pet.
1030 2861 1119 2932 ιι);
1155 2872 1208 2917 et
1238 2862 1467 2915 iterum:
1505 2858 1682 2913 Nolite
1725 2860 1903 2912 mirari
1932 2860 1999 2912 ad
2030 2861 2133 2929 fer-

542 2977 730 3027 vorem,
763 2961 853 3029 qui
882 2959 949 3011 ad
977 2957 1312 3013 tentationem
1336 2955 1477 3008 vobis
1508 2956 1599 3022 Iit;
1631 2955 1778 3024 quasi
1802 2954 1915 3006 novi
1935 2953 2133 3022 aliquid

541 3054 678 3106 vobis
704 3053 966 3123 contingat
995 3048 1050 3119 (Ι
1078 3048 1196 3105 Pet.
1216 3047 1312 3117 tv).
1347 3047 1476 3101 Item
1506 3055 1723 3116 postea:
1750 3045 1923 3098 Sobrii
1952 3055 2129 3109 estote,

540 3156 586 3198 et
616 3146 842 3214 vigilate,
874 3143 996 3213 quia
1022 3141 1349 3194 adversarius
1375 3148 1535 3193 vester
1565 3139 1826 3202 diabolus,
1867 3139 2012 3206 quasi
2054 3140 2131 3192 leo

540 3238 778 3306 fremens,
809 3234 986 3287 circuit
1019 3248 1251 3300 quazrens
1282 3247 1432 3299 quem
1462 3230 1695 3296 devoret;
1721 3230 1807 3284 cui
1836 3231 2053 3285 resistite
2080 3232 2131 3285 in

540 3327 645 3395 ﬁde
671 3325 718 3395 (Ι
752 3324 870 3380 Pet.
894 3326 984 3395 v):
1030 3325 1261 3379 scientes
1297 3322 1513 3377 easdem
1556 3324 1837 3393 passiones
1885 3325 1939 3378 in
1987 3328 2132 3381 omni

541 3433 661 3488 qua:
706 3426 790 3471 est
834 3417 885 3470 in
938 3416 1137 3470 mundo
1166 3415 1500 3469 fraternitate
1535 3428 1712 3469 vestra
1756 3415 1906 3482 ﬁeri,
1955 3432 1984 3470 a
2026 3432 2131 3487 qua

540 3511 873 3564 fraternitate
895 3509 1147 3563 nimirum
1169 3523 1229 3564 se
1252 3509 1353 3578 ipsi
1378 3507 1615 3563 fidelium
1639 3523 1783 3578 saepe
1808 3520 2126 3566 cunctorum

539 3600 735 3655 fratres
766 3601 1087 3656 annuntiant
1108 3642 1121 3667 ,
1165 3615 1265 3671 nec
1302 3615 1453 3654 suam
1484 3601 1778 3669 probantur
1803 3601 2130 3661 discrevisse

541 3708 849 3764 personam.
902 3693 1055 3747 Dicat
1095 3695 1285 3748 beatus
1319 3693 1557 3748 Joannes
1586 3684 1863 3763 apostolus
1889 3704 1943 3748 et
1970 3710 2132 3750 evan-

539 3787 729 3856 gelista
768 3786 856 3840 ille
894 3787 984 3855 qui
1025 3786 1076 3840 in
1122 3794 1340 3855 pectore
1378 3786 1650 3841 discubuit
1679 3786 2021 3843 Salvatoris:
2068 3788 2131 3843 Si

541 3881 821 3932 dixerimus
851 3881 971 3948 quia
1013 3889 1277 3946 peccatum
1322 3896 1425 3933 non
1472 3880 1744 3948 habemus,
1797 3882 2132 3952 nosmetipsos

541 3970 859 4032 seducimus,
911 3972 1032 4037 quia
1073 3974 1257 4024 veritas
1300 3972 1353 4023 in
1394 3972 1536 4025 nobis
1591 3990 1696 4027 non
1738 3982 1848 4039 est;
1907 3976 2043 4043 quod
2086 3975 2130 4028 si

540 4061 762 4126 confessi
804 4060 1050 4129 fuerimus
1090 4061 1277 4113 delicta
1315 4070 1513 4128 nostra,
1556 4065 1725 4130 ﬁdelis
1760 4075 1832 4118 est
1862 4074 1909 4119 et
1934 4071 2127 4135 justus,

541 4154 627 4219 qui
672 4153 896 4206 dimittat
936 4152 1080 4206 nobis
1118 4161 1364 4223 peccata,
1413 4162 1460 4206 et
1501 4157 1708 4208 mundet
1751 4173 1843 4210 nos
1885 4158 1948 4210 ab
1992 4159 2131 4213 onmi

542 4247 807 4315 iniquitate
835 4243 889 4315 (I
917 4245 1072 4299 Joan.
1094 4244 1159 4315 ι).
1195 4245 1319 4298 Item
1351 4245 1491 4313 quod
1515 4247 1560 4298 si
1589 4246 1867 4302 dixerimus
1888 4251 2009 4318 quia
2028 4268 2128 4305 non

539 4340 887 4408 peccavimus,
952 4340 1247 4393 mendacem
1308 4340 1552 4409 faciemus
1612 4357 1765 4409 eum,
1819 4351 1864 4396 et
1908 4341 2129 4397 Verbum

539 4433 652 4501 ejus
687 4448 789 4485 non
826 4434 921 4484 erit
963 4432 1015 4484 in
1054 4432 1197 4485 nobis
1230 4430 1281 4499 (I
1308 4431 1467 4486 Joan.
1494 4432 1575 4503 ιι).
1614 4433 1964 4489 Dicatidem:
1999 4435 2128 4490 Haec

538 4525 703 4578 scribo
746 4523 883 4577 vobis
923 4532 979 4576 ut
1017 4539 1121 4578 non
1162 4525 1395 4593 peccetis.
1444 4526 1549 4581 Sed
1584 4528 1628 4580 si
1660 4528 1774 4596 quis
1814 4531 2129 4598 peccaverit;

2245 546 2493 603 ﬁdelibus
2523 548 2758 603 insinuet
2787 550 2912 619 quid
2943 565 3106 620 super
3133 551 3234 607 hac
3263 560 3416 621 parte
3444 554 3705 621 sentiret,
3743 556 3835 612 sed

2243 640 2403 694 etiam
2445 638 2572 707 quid
2622 641 2690 695 de
2736 655 2795 696 se
2842 643 2957 709 ipso
3001 643 3349 711 pronuntiet,
3382 645 3552 701 libere
3596 647 3834 704 veritatis

2243 733 2432 783 doctor
2471 720 2772 785 annuntiet.
2832 732 2896 787 Et
2943 734 3196 802 quoniam
3252 735 3469 806 longum
3512 746 3594 791 est
3641 750 3832 795 cumcta

2242 840 2360 894 quae
2387 825 2454 878 ad
2486 823 2622 879 hanc
2661 838 2880 881 causam
2930 828 3197 895 pertinent
3224 827 3369 883 dicta
3401 830 3706 899 revolvere,
3744 848 3833 901 po-

2248 926 2444 971 nantur
2473 933 2639 987 pauca
2670 917 2736 973 de
2763 919 2967 987 multis,
3022 936 3085 974 ex
3130 921 3327 991 quibus
3375 923 3530 978 nobis
3556 923 3832 980 sufficien-

2245 1011 2450 1066 tissime
2478 1011 2898 1079 demonsu'etnr,
2944 1014 3124 1083 magis.
3157 1030 3256 1069 nos
3284 1030 3407 1070 cum
3439 1016 3603 1071 Paulo
3631 1017 3833 1074 debere

2242 1104 2527 1171 infirmari,
2559 1116 2617 1160 ut
2648 1106 2853 1160 habitet
2876 1105 3126 1162 Christus
3174 1108 3227 1163 in
3281 1108 3457 1175 nobis,
3504 1125 3666 1179 quam
3716 1125 3832 1165 cum

2241 1197 2478 1263 quolibet
2508 1198 2665 1253 aliter
2692 1199 2958 1254 sentiente
2984 1214 3145 1269 quam
3193 1200 3394 1255 Paulus
3436 1200 3603 1258 fortes
3637 1203 3831 1266 videri,

2241 1298 2297 1345 et
2326 1290 2468 1344 velut
2516 1290 2679 1361 (quod
2728 1291 2893 1361 absit)
2941 1292 3142 1348 Christi
3191 1294 3451 1350 remediis
3496 1310 3602 1351 non
3648 1312 3831 1368 egere.

2243 1384 2331 1438 Ait
2374 1398 2541 1453 ergo:
2593 1386 2713 1438 Scio
2755 1386 2889 1439 enim
2932 1387 3052 1454 quia
3093 1403 3197 1441 non
3242 1387 3436 1443 habitat
3481 1390 3536 1443 in
3573 1408 3687 1458 me,
3740 1393 3835 1447 hoc

2240 1484 2335 1540 est,
2380 1475 2433 1527 in
2473 1491 2625 1528 carne
2663 1492 2795 1542 mea,
2844 1476 3066 1543 bonum;
3109 1494 3229 1531 nam
3271 1478 3399 1534 velle
3436 1480 3640 1553 adjacet
3674 1482 3805 1538 mihi
3818 1525 3833 1547 ,

2242 1566 2482 1632 perﬁcere
2520 1575 2688 1620 autem
2728 1566 2915 1621 bonum
2953 1585 3054 1625 non
3089 1570 3293 1625 invenio
3316 1587 3335 1625 :
3376 1589 3479 1626 non
3520 1575 3657 1628 enim
3696 1558 3835 1644 quod

2240 1657 2354 1709 volo
2393 1656 2489 1709 hoc
2538 1658 2694 1727 facio,
2743 1676 2842 1711 non
2884 1676 2977 1729 ego
3022 1677 3203 1729 operor
3244 1663 3397 1731 illud,
3442 1666 3532 1718 sed
3572 1669 3713 1736 quod
3746 1669 3836 1721 ha-

2244 1752 2370 1806 bitat
2403 1751 2458 1804 in
2495 1768 2573 1805 me
2613 1762 2878 1819 peccatum
2901 1753 3080 1824 (Rom.
3114 1755 3232 1823 vn).
3284 1758 3455 1812 Item:
3498 1756 3838 1815 Condelector

2242 1846 2376 1898 enim
2417 1845 2515 1912 legi
2552 1844 2645 1898 Dei
2686 1846 2967 1899 secundum
3009 1847 3303 1902 interiorem
3344 1848 3643 1904 hominem:
3686 1851 3837 1906 video

2244 1949 2413 1994 autem
2468 1941 2626 1993 aliam
2677 1938 2833 2011 legem
2895 1942 2947 1993 in
3009 1942 3246 1994 membris
3296 1943 3420 1996 meis
3465 1955 3837 2015 repugnantem

2244 2032 2342 2102 legi
2382 2032 2563 2084 mentis
2608 2046 2761 2096 meat,
2819 2047 2879 2082 ac
2920 2034 3175 2099 captivum
3214 2049 3292 2086 me.
3328 2034 3594 2087 ducentem
3632 2036 3687 2088 in
3728 2036 3839 2106 lege

2242 2125 2454 2195 peccati,
2496 2140 2607 2193 qua:
2645 2132 2718 2176 est
2759 2125 2813 2177 in
2856 2125 3089 2177 membris
3130 2125 3276 2180 meis.
3328 2124 3489 2181 Miser
3518 2144 3611 2197 ego
3653 2127 3836 2195 homo,

2241 2224 2353 2292 quis
2393 2234 2473 2271 me
2513 2217 2745 2271 liberabit
2788 2219 2851 2270 de
2890 2233 3102 2284 corpore
3152 2221 3331 2273 mortis
3381 2219 3587 2285 huius?
3648 2219 3837 2277 Gratia

2243 2310 2339 2364 Dei
2378 2326 2467 2380 per
2504 2309 2684 2363 Jesum
2726 2309 2988 2364 Christum
3031 2310 3309 2365 Dominum
3350 2322 3576 2365 nostrum
3619 2312 3837 2385 (lbid.).

2241 2405 2420 2473 Quare
2457 2419 2516 2459 se
2553 2404 2714 2473 igitur
2746 2404 3002 2459 miserum
3042 2403 3318 2460 hominem
3348 2407 3624 2476 appellat?
3666 2424 3839 2478 quare

2241 2512 2299 2553 se
2324 2496 2521 2566 gaudet
2548 2511 2643 2566 per
2669 2495 2865 2551 Christi
2892 2498 3117 2565 gratiam
3143 2497 3212 2553 de
3234 2499 3421 2554 mortis
3445 2514 3672 2570 corpore
3700 2501 3839 2557 libe-

2239 2590 2368 2655 rari,
2392 2589 2439 2644 si
2464 2589 2626 2643 nullis
2646 2588 2927 2644 affectibus
2951 2589 3199 2645 humanae
3220 2592 3453 2647 miserias
3480 2592 3797 2661 pulsabatur
3817 2635 3835 2661 ,

2239 2682 2285 2735 si
2317 2682 2479 2735 nullis
2509 2679 2883 2745 infestabatur,
2926 2697 2995 2736 ex
3025 2683 3221 2752 quibus
3249 2683 3573 2741 liberaretur
3602 2686 3841 2743 incursi-

2238 2772 2383 2827 bus?
2422 2774 2550 2829 Item
2581 2772 2720 2827 idem
2747 2790 2761 2827 :
2796 2773 2928 2827 Caro
2956 2775 3271 2846 concupiscit
3299 2776 3543 2831 adversus
3566 2778 3835 2848 spiritum,

2238 2876 2287 2920 et
2330 2868 2538 2938 spiritus
2580 2867 2817 2921 adversus
2858 2883 3105 2921 carnem:
3151 2867 3260 2922 haec
3300 2869 3433 2922 enim
3474 2870 3691 2925 invicem
3733 2873 3840 2926 ad-

2237 2971 2501 3013 versantur
2535 2960 2661 3026 sibi,
2713 2969 2771 3013 ut
2809 2976 2911 3014 non
2950 2977 3064 3029 qum
3102 2962 3255 3015 vultis
3296 2961 3387 3016 illa
3423 2963 3652 3033 faciatis.
3680 2948 3839 3020 ’Νοιι

2238 3052 2368 3105 enim
2408 3068 2522 3121 qua:
2557 3052 2667 3104 vult
2703 3053 2913 3122 spiritus
2956 3052 3173 3120 perﬁcit,
3203 3070 3265 3107 ne
3304 3053 3367 3107 de
3405 3056 3714 3124 perfectione
3741 3074 3839 3110 su-

2240 3145 2434 3215 perbiat
2456 3145 2710 3217 (Gabv);
2742 3155 2794 3199 et
2826 3145 2968 3201 idem
2996 3165 3007 3199 :
3042 3163 3145 3200 non
3175 3148 3375 3218 perficit
3405 3164 3526 3201 caro
3554 3165 3667 3219 qua:
3694 3152 3833 3219 vult,

2240 3246 2297 3293 ut
2326 3239 2403 3292 sic
2428 3236 2675 3292 humanm
2702 3238 3028 3293 conditionis
3053 3238 3361 3294 admoneat.

2310 3329 2387 3384 Nc
2428 3330 2608 3384 tamen
2649 3318 3029 3401 usquﬁmaque
3060 3333 3393 3403 propositum
3422 3332 3581 3389 tldele
3610 3334 3838 3391 demer-

2240 3432 2325 3491 gat
2352 3440 2366 3488 ;
2408 3438 2480 3477 ac
2509 3439 2577 3477 ne
2607 3421 2857 3489 forsitan,
2896 3432 2953 3477 ut
2980 3425 3157 3479 solent
3185 3425 3401 3495 quidam
3436 3427 3585 3481 vanis
3616 3429 3838 3496 opinio-

2239 3514 2397 3569 nibus
2425 3514 2708 3581 arhitrari,
2757 3515 2900 3586 quod
2944 3514 3059 3571 haec
3093 3516 3154 3573 Β.
3184 3518 3459 3587 apostolus
3500 3519 3695 3575 Paulus
3724 3522 3838 3577 sub

2238 3606 2459 3662 alterius
2502 3608 2683 3663 nescio
2711 3608 2866 3677 cujus
2909 3624 3138 3678 persona
3172 3612 3513 3677 pronuntiet,
3556 3627 3713 3682 quam
3764 3615 3839 3671 de

2238 3700 2415 3767 seipso
2443 3700 2697 3767 fateatur;
2743 3704 2984 3771 quamvis
3020 3703 3153 3758 nibil
3196 3704 3305 3759 illic
3334 3704 3442 3761 tale
3470 3707 3645 3762 valeat
3675 3722 3840 3778 pror-

2238 3810 2330 3851 sus
2358 3796 2604 3862 ostendi,
2644 3805 2823 3851 tamen
2868 3812 2989 3851 cum
3032 3798 3145 3852 ait:
3178 3796 3336 3853 Miser
3364 3816 3457 3869 ego
3486 3800 3672 3871 homo,
3715 3805 3839 3873 quis

2238 3900 2325 3943 me
2346 3890 2577 3944 liberabit
2615 3892 2678 3944 de
2707 3900 2920 3958 corpore
2949 3892 3129 3946 mortis
3160 3892 3363 3954 huius?
3402 3892 3585 3947 Gratia
3614 3893 3708 3948 Dei
3739 3914 3841 3964 per

2236 3980 2416 4036 Iesum
2442 3980 2735 4050 Christum,
2784 3993 2888 4036 tam
2919 3983 3168 4053 gentilis,
3217 3999 3376 4053 quam
3416 3984 3589 4040 Judaei
3621 3996 3839 4047 remota

2236 4074 2493 4143 probetur
2521 4088 2643 4128 esse
2670 4088 2933 4143 persona;
2964 4074 3246 4129 audiamus
3286 4083 3465 4131 tamen
3494 4075 3639 4131 hunc
3665 4076 3835 4146 alibi,

2235 4167 2385 4236 quasi
2407 4181 2527 4221 sese
2548 4161 2708 4220 manu
2739 4167 2955 4235 propria
2980 4166 3348 4238 dosignantcm
3378 4182 3442 4223 ac
3471 4169 3838 4240 semetipsum

2235 4261 2543 4328 specialiter
2592 4262 2911 4315 indicantem
2964 4278 2977 4316 :
3025 4260 3137 4332 Ego
3178 4262 3289 4333 ipse
3317 4272 3482 4317 mente
3524 4264 3688 4318 servio
3727 4265 3839 4335 legi

2236 4354 2427 4421 peccati
2464 4354 2481 4423 (
2492 4354 2639 4408 Rom.
2661 4352 2778 4423 vn);
2806 4366 2861 4408 et
2890 4355 3015 4409 item
3044 4355 3113 4410 de
3138 4356 3315 4419 seipse
3347 4373 3359 4409 :
3395 4356 3602 4429 Castigo
3639 4375 3839 4428 corpus

2235 4460 2423 4511 meum,
2466 4454 2512 4499 et
2553 4446 2607 4498 in
2645 4448 2941 4500 servitutem
2977 4448 3177 4519 redigo,
3208 4463 3272 4502 ne
3299 4450 3388 4519 qui
3424 4449 3542 4503 aliis
3574 4451 3834 4521 pra’dico,

2231 4536 2341 4605 ipse
2373 4536 2619 4608 reprobus
2659 4538 2846 4607 e/iiciar
2870 4536 2958 4610 (ll
2990 4537 3223 4609 Corax).
3250 4539 3378 4607 Quis
3408 4529 3568 4610 igitur
3597 4557 3701 4596 non
3729 4544 3837 4597 ad-

538 4616 844 4669 advocatum
889 4615 1129 4669 habemus
1180 4616 1319 4686 apud
1368 4615 1580 4672 Patrem
1627 4622 1865 4689 justum,
1925 4629 1974 4673 et
2016 4598 2206 4690 ipseD
2234 4638 2407 4684 vertat
2470 4630 2598 4700 quid
2642 4631 2905 4687 interesse
2949 4635 3185 4701 potuerit
3223 4634 3361 4704 quod
3414 4635 3651 4690 membra
3725 4651 3837 4695 sua

537 4709 836 4780 propitiatio
875 4720 1199 4779 peccatorum
1238 4723 1548 4777 nostrorum,
1573 4729 1677 4766 non
1701 4723 1897 4767 tantum
1922 4727 2128 4770 nostro-

535 4821 673 4871 rum,
716 4804 803 4859 sed
837 4813 885 4858 et
910 4806 1060 4876 totius
1085 4806 1260 4858 mundi
1318 4803 1527 4876 (Ibid).
1575 4806 1705 4861 Item
1738 4808 1853 4877 ipse
1894 4826 1905 4861 :
1964 4808 2123 4865 Omne

535 4899 669 4966 quod
710 4898 761 4951 in
804 4898 993 4949 mundo
1027 4907 1121 4961 est,
1149 4898 1557 4966 concupiscentia
1592 4900 1762 4952 carnis
1802 4912 1895 4968 est,
1928 4912 1976 4955 et
2008 4919 2123 4956 con-

533 4993 846 5057 cupiscentia
887 4991 1176 5057 oculorum,
1218 5001 1264 5042 et
1304 4990 1513 5042 ambitio
1538 4993 1733 5057 smculi,
1776 5009 1889 5057 qua:
1922 5011 2022 5047 non
2050 5005 2122 5049 est

533 5098 565 5132 a
606 5080 780 5145 Patre,
828 5083 917 5135 sed
955 5099 1018 5135 ex
1064 5082 1252 5135 mundo
1293 5090 1403 5143 est;
1445 5092 1491 5134 et
1534 5084 1757 5137 mundus
1800 5088 2023 5151 transit,
2073 5096 2121 5141 et

532 5173 939 5239 concupiscentia
997 5177 1153 5241 eius:
1208 5173 1293 5242 qai
1351 5183 1520 5227 autem
1577 5176 1751 5245 fecerit
1812 5177 2121 5233 voluntatem

502 5263 761 5340 {,Domini,
792 5273 960 5315 manet
990 5265 1042 5315 in
1068 5274 1312 5318 aeternum
1338 5264 1427 5336 (ll
1454 5266 1573 5323 Cor.
1601 5272 1716 5339 xu).
1743 5270 1933 5326 Veniat
1962 5274 2119 5327 mini-

529 5374 649 5417 mus
686 5358 1085 5427 apostolorum,
1136 5362 1228 5417 sed
1279 5363 1384 5419 Vas
1432 5368 1710 5422 electionis
1758 5368 1891 5434 Dei;
1937 5369 2116 5425 veniat

529 5450 783 5520 magister
824 5452 1065 5520 gentium
1100 5452 1297 5509 Paulus
1347 5458 1662 5525 praedicator
1688 5460 1882 5516 divinae
1926 5462 2123 5538 gratiae.

527 5544 837 5612 singularis,
883 5555 938 5601 et
975 5549 1218 5617 mysterii
1261 5550 1497 5606 caelestis
1525 5552 1772 5620 copiosus
1815 5555 2106 5625 expositor,

524 5638 613 5692 ille
639 5638 726 5707 qui
755 5640 916 5695 verba
956 5642 1239 5697 ineffabilia
1280 5643 1393 5698 sive
1440 5643 1493 5698 in
1540 5659 1768 5713 corpore
1807 5648 1920 5704 sive
1957 5659 2111 5704 extra

520 5730 717 5797 eorpus
747 5732 993 5787 nesciens
1035 5732 1086 5787 in
1132 5736 1346 5790 tertium
1376 5737 1572 5793 cmlum
1614 5737 1822 5792 levatus
1864 5742 2107 5796 audivit:

522 5821 623 5890 qui
646 5832 787 5881 tanta
826 5828 993 5894 gratia
1037 5827 1382 5893 redundavit.
1429 5839 1487 5885 ut
1525 5844 1649 5887 cum
1687 5833 1927 5890 omnium
1957 5844 2100 5892 esset

2231 4722 2539 4793 castigando
2568 4725 2883 4790 refrenaret,
2906 4741 2973 4779 ne
3002 4727 3261 4797 reprobus
3290 4728 3565 4794 existeret,
3590 4730 3636 4784 si
3661 4731 3836 4788 nullis

2232 4814 2425 4869 talibus
2457 4816 2685 4871 stimulis
2714 4817 3044 4887 pulsaretur,
3078 4820 3220 4889 quod
3254 4819 3593 4891 negligenda,
3628 4833 3681 4876 et
3712 4838 3832 4880 non

2194 4910 2468 4977 corporis
2512 4910 2592 4965 sui
2638 4910 2985 4982 castigatione
3030 4913 3346 4982 subigendo,
3395 4916 3659 4984 reprobus
3698 4932 3835 4977 esse

2228 5001 2529 5069 potuisset?
2567 5001 2902 5072 Quapropter
2941 5018 3061 5058 cum
3104 5004 3221 5060 haec
3264 5015 3319 5060 et
3354 5007 3580 5075 apostoli
3620 5008 3687 5062 de
3727 5024 3829 5065 se-

2230 5094 2470 5163 metipsis
2496 5095 2718 5165 professi
2752 5097 2915 5154 fuisse
2945 5110 3332 5169 monstrantur,
3358 5102 3447 5170 qui
3476 5101 3685 5157 etiamsi
3717 5105 3829 5159 ista

2229 5185 2446 5241 minime
2496 5188 2886 5256 prodidissent,
2939 5192 3126 5260 procul
3176 5193 3337 5248 dubio
3390 5200 3569 5248 tamen
3628 5209 3832 5253 omnes

2226 5282 2523 5336 orationem
2565 5282 2887 5339 dominicam
2935 5294 2989 5340 et
3017 5287 3326 5342 necessario
3354 5288 3730 5357 praedicarent,
3767 5304 3826 5345 et

2223 5375 2399 5429 veraci
2443 5375 2607 5431 corde
2652 5376 2973 5445 proferrent,
3000 5394 3125 5453 ‘qua
3166 5380 3406 5451 quotidie
3452 5380 3829 5451 supplicantes

2222 5466 2416 5522 dimitti
2446 5468 2549 5524 sibi
2579 5485 2673 5525 sua
2704 5469 2885 5525 debita
2915 5471 3271 5540 postularent,
3304 5482 3359 5529 ct
3387 5489 3456 5529 ne
3481 5474 3534 5528 in
3568 5475 3829 5529 tentatio—

2223 5573 2345 5613 nem
2386 5558 2766 5615 inducerentur
2794 5575 3009 5631 orasse,
3041 5572 3097 5619 et
3123 5574 3176 5619 ut
3218 5579 3248 5619 a
3279 5564 3422 5620 malo
3457 5563 3828 5621 liberarentur

2221 5652 2539 5722 suppliciter
2566 5652 2882 5723 implorasse
2900 5658 3221 5724 doceantur,
3250 5668 3467 5729 prapter
3487 5657 3630 5728 quod
3651 5656 3826 5717 etiam

2222 5745 2282 5797 Ι).
2301 5742 2535 5799 Joannes
2572 5747 2869 5817 apostolus,
2919 5750 3062 5820 quod
3105 5756 3267 5821 supra
3308 5751 3418 5820 jam
3462 5750 3662 5806 dictum
3705 5759 3820 5818 eet,

2222 5836 2542 5903 intelligitur
2570 5838 2821 5905 edidisse.
2852 5841 3039 5901 dicens
3068 5860 3083 5900 :
3112 5842 3177 5899 Si
3203 5842 3485 5899 dixerimus
3512 5858 3605 5899 nos
3633 5857 3823 5913 porca.
