3942 6310
176 364 272 417 725

173 476 273 531 διδ
344 474 487 544 167
516 474 659 527 Orbe
692 483 889 527 micant
920 473 1130 544 gemino
1162 474 1483 541 gemmantia
1526 472 1722 525 Iuntina
1755 474 1801 533 Α

1469 561 1655 633 [visus,

338 656 396 710 Et
417 669 601 709 vocent
624 668 880 723 compago
901 654 1069 715 dedit,
1088 668 1219 706 nova
1246 653 1489 706 machina
1508 664 1729 720 surgens

334 750 616 802 Auctorem
650 747 866 801 laudare
894 763 1069 809 suum,
1099 746 1299 816 gavisa,
1325 746 1462 815 quod
1495 754 1656 799 esset.

401 839 548 896 Tunc
577 840 762 895 oculos
794 855 889 910 per
928 851 1117 894 cuneta
1146 839 1295 908 jacit,
1327 840 1547 891 miratur
1569 850 1732 890 ama:-

1514 924 1659 996 [num

336 1022 420 1075 Sic
448 1020 639 1077 ﬂorere
668 1021 870 1085 locum,
899 1021 975 1074 sic
1004 1034 1163 1088 puros
1187 1018 1417 1073 fontibus
1439 1030 1626 1070 amnes

169 1108 264 1165 550
332 1113 567 1177 Quatuor
592 1113 884 1166 undisonos
914 1112 1191 1180 stringenti
1223 1109 1430 1177 gurgite
1458 1109 1599 1172 ripas

332 1204 411 1257 Ire
436 1218 529 1272 per
553 1203 809 1258 arboreos
834 1204 1021 1270 saltus,
1042 1215 1366 1269 camposque
1392 1200 1624 1253 virentes

336 1292 582 1347 Miratur:
600 1293 691 1349 sed
716 1294 840 1363 quid
865 1295 932 1347 sit
956 1294 1134 1357 homo,
1155 1307 1287 1361 quos
1306 1290 1473 1345 lactus
1489 1292 1553 1345 ad
1580 1307 1724 1355 usus,

336 1383 491 1454 168
524 1383 674 1439 Scire
708 1384 853 1453 cupit
885 1384 1131 1452 simplex,
1175 1392 1228 1437 et
1267 1398 1371 1436 non
1408 1382 1565 1435 habet
1589 1381 1727 1436 unde

1377 1475 1613 1543 requirat
1641 1492 1653 1526 :

225 1680 342 1734 διδ.
374 1680 536 1745 Esti,
563 1682 690 1734 rint.
724 1672 865 1744 γει..
894 1684 1047 1734 visus.

225 1749 342 1802 358.
378 1751 516 1808 Vah,
547 1762 696 1813 atque
725 1752 915 1803 oculos.

226 1819 340 1888 550.
369 1821 461 1874 S'c
486 1819 624 1879 Vat.;
659 1823 859 1886 caueri,
894 1821 955 1885 ρ.
986 1820 1215 1887 ntuli/lno
1244 1821 1541 1888 stringentes
1564 1836 1614 1888 g.
1640 1834 1681 1869 r.

228 1887 343 1968 .352.
388 1890 533 1954 νειμ,
581 1892 837 1944 miratur:
866 1890 953 1943 sed
993 1890 1131 1958 quid.
1184 1889 1341 1954 Editi,
1375 1887 1587 1941 miratur
1617 1904 1669 1941 se
1702 1903 1721 1941 :

373 2030 537 2093 Vict.,
570 2030 787 2099 simplex
806 2040 899 2097 est,
923 2045 1043 2082 non.
1075 2028 1236 2082 Sirm.
1262 2027 1534 2097 distinguit
1561 2028 1719 2098 cupit,

165 2100 359 2163 timplcx
386 2109 457 2153 et.
574 2152 577 2153 ,

224 2168 336 2223 εει.
393 2168 540 2234 \’at.,
586 2185 636 2235 q.
683 2166 886 2222 meritos
927 2187 971 2223 s.
1012 2169 1197 2233 Sirm.,
1238 2186 1288 2235 p.
1329 2168 1523 2220 munJi.
1560 2166 1717 2233 Vict.,

166 2240 362 2300 Magn,
392 2238 543 2301 V'at.,
577 2256 628 2304 p.
659 2235 901 2291 mundus.
1100 2262 1103 2265 ·

222 2308 337 2361 355.
374 2309 445 2362 Ita
481 2308 631 2368 Vah;
658 2307 709 2360 in
739 2308 956 2375 Azagr.,
995 2308 1157 2374 Atque
1197 2308 1377 2360 domus
1406 2308 1609 2358 alterna
1639 2308 1729 2358 ne-

164 2395 262 2430 nius
282 2394 368 2444 per
388 2381 550 2445 [.‘orea
578 2393 720 2431 rura.
753 2377 939 2445 Sirm.,
967 2376 1129 2444 Vict.,
1153 2377 1313 2446 Atque
1338 2386 1523 2430 (eterna
1546 2376 1728 2429 domus

1360 356 1644 412 C-.\R.\IEN
1687 354 1775 409 DE
1819 355 1969 411 DEO.
2013 354 2140 410 LIB.
2184 356 2221 409 1.

3305 354 3408 413 7'26

2008 475 2125 541 Quo
2155 472 2346 526 merito
2378 470 2590 524 sibimet
2619 470 2738 524 data
2767 470 2837 525 sit
2860 469 3125 539 possessio
3153 468 3407 533 mundus,

1833 567 1936 621 555
2013 568 2073 620 Et
2099 565 2287 619 domus
2312 564 2450 617 alma
2474 578 2657 617 nemus
2676 576 2771 630 per
2788 561 2947 616 ﬂorea
2969 575 3128 630 regna
3147 570 3406 629 paratum;

2015 661 2089 711 Ac
2110 656 2296 725 procul
2320 653 2810 724 exspectatvirides
2835 653 3073 721 jt-menta
3107 667 3199 721 per
3229 667 3409 719 agros,

2020 748 2085 800 Et
2114 747 2179 801 de
2203 761 2260 800 se
2290 746 2503 811 tacitus,
2532 760 2649 815 quae
2677 744 2782 797 sint
2810 742 2924 797 lure
2949 752 3139 797 cuncta
3164 741 3408 811 requirit,

2016 840 2081 894 Et
2111 854 2273 909 quare
2301 851 2481 892 secum
2511 850 2616 891 non
2646 836 2755 889 sint
2784 834 2899 889 haec
2925 834 3060 901 ipsa,
3088 834 3291 887 volutat
3323 851 3336 862 ’

2019 930 2175 1002 169
2196 928 2325 983 Nam
2347 936 2593 983 consorte
2619 939 2831 990 carens,
2852 939 2971 979 eum
2993 940 3099 994 quo
3118 923 3408 987 conferret,

3106 1014 3336 1085 [egebaL
3402 1051 3417 1091 ι.

2089 1112 2303 1167 Viderat
2325 1111 2671 1180 Omnipotens
2700 1109 2812 1164 lucc
2834 1108 2981 1163 illum
3003 1108 3164 1163 corde
3190 1122 3408 1162 moren-

3187 1197 3337 1267 item.

2015 1293 2079 1346 Et
2110 1293 2393 1348 miseratus
2422 1294 2497 1347 ait
2534 1312 2543 1346 :
2580 1293 2774 1347 Demus
2802 1291 3063 1360 adjutoria
3094 1290 3265 1355 facto,

2012 1384 2328 1453 Participem
2350 1386 2563 1453 generis
2596 1403 2608 1438 :
2637 1394 2883 1453 tanquam
2912 1384 2954 1437 si
2976 1382 3178 1437 diceret
3203 1370 3407 1440 auctar,

2009 1475 2121 1531 Non
2152 1476 2325 1529 solum
2367 1476 2522 1530 decet
2544 1490 2661 1530 esse
2691 1477 2890 1539 virum,
2920 1474 3186 1529 consortia
3216 1473 3406 1530 b'aada

1835 1112 1940 1167 560

1450 1588 1685 1643 VAerE
1726 1586 2125 1642 LECTIONES.

1832 1677 2051 1729 nemoris
2080 1692 2167 1739 per
2196 1677 2351 1743 ﬂorea
2379 1694 2517 1731 rura.

1900 1747 2023 1801 555.
2063 1746 2149 1800 Sic
2181 1746 2320 1810 Vat.;
2356 1748 2407 1799 in
2436 1748 2554 1801 aliis
2586 1745 2751 1798 Parva
2784 1746 2960 1811 procul
2980 1756 3172 1814 spectat
3202 1749 3315 1816 v.j.
3349 1765 3402 1816 p.

1829 1833 1908 1879 a.;
1939 1816 2033 1871 sed
2064 1816 2221 1873 Vict..
2246 1818 2410 1870 vineta
2433 1833 2525 1879 pro
2547 1817 2800 1884 jamenta.

1902 1887 2028 1940 557.
2065 1886 2136 1939 lta
2171 1886 2322 1950 Vat.;
2348 1887 2547 1950 αιτιοι-ἰ,
2578 1885 2691 1939 Hoc
2713 1887 2774 1939 de
2793 1900 2846 1937 re
2867 1893 3047 1940 tacitus
3071 1885 3338 1954 voluitque,
3360 1898 3405 1941 et

1830 1958 1981 2010 corde
2008 1957 2243 2022 requirit;
2276 1957 2367 2010 sed
2402 1959 2616 2026 Azagr.,
2644 1957 2806 2027 angit,
2844 1965 2898 2009 et
2931 1955 3089 2025 Vict.,
3127 1958 3407 2027 cogitatque

1834 2042 1930 2095 pro
1951 2027 2218 2095 volvitque.

1902 2096 2026 2151 558.
2074 2093 2261 2159 Sirm.,
2293 2098 2368 2149 vel
2403 2110 2576 2167 quare.
2610 2095 2752 2167 νειμ,
2789 2094 2853 2148 Et
2894 2112 3050 2167 quare
3088 2112 3189 2167 non
3236 2112 3403 2151 secum

1829 2182 1943 2236 quia
1962 2167 2195 2236 sint/uec
2220 2177 2399 2219 cuncta
2416 2164 2654 2229 requirit.
2687 2164 2820 2236 Vict.
2853 2164 2911 2218 ut
2932 2165 3019 2219 hic
3043 2165 3241 2236 editur.

1902 2236 2025 2291 561.
2055 2235 2238 2301 Sirm.,
2268 2237 2429 2300 Vict.,
2461 2238 2635 2288 demus
2664 2235 2847 2288 solatia
2869 2236 3021 2304 facta.
3054 2235 3196 2301 Vat.,
3226 2237 3402 2289 demus
3448 2294 3449 2297 η

1825 2307 2110 2375 adjuctoria
2139 2310 2181 2377 ι’.
2216 2308 2423 2376 Αῑιετη
2450 2307 2502 2358 d.
2529 2306 2787 2376 adjutorio
2818 2304 2861 2372 Ῑ.

1662 2465 1890 2521 NOT/E.

223 2559 334 2612 545.
367 2558 505 2614 Vide
528 2576 577 2611 ν.
606 2559 734 2625 235,
770 2568 822 2614 et
851 2560 887 2613 1.
922 2576 980 2624 ιι,
1010 2577 1063 2614 v.
1096 2558 1218 2623 659.,
1252 2568 1306 2613 et
1334 2558 1373 2614 l.
1407 2573 1482 2622 ιιι,
1512 2574 1561 2609 v.
1595 2557 1721 2621 6|8,

163 2625 279 2679 lude
304 2629 453 2683 dures
489 2633 622 2683 oculi
652 2639 899 2695 gemmato
929 2632 1115 2683 lumine
1139 2630 1353 2682 vibrant.
1380 2628 1573 2682 Oculos
1602 2628 1721 2680 ulti-

164 2713 263 2749 tuus
291 2700 505 2752 lnrntari
535 2714 600 2754 ex
630 2699 802 2753 Plinio
831 2708 977 2753 notat
1005 2700 1251 2764 Rivinus;
1280 2699 1372 2752 sed
1408 2697 1719 2752 Dracontius

163 2779 408 2835 postremo
440 2770 563 2824 loco
594 2771 825 2839 linguam
855 2776 1259 2824 commemorat.

224 2858 339 2913 546.
371 2859 595 2912 Rivinus
623 2858 813 2913 melius
841 2867 1006 2924 putat,
1037 2858 1099 2911 Et
1122 2874 1292 2911 vocent
1316 2873 1558 2925 compage
1580 2859 1717 2912 dedit

160 2942 271 2978 nova
297 2931 557 2992 machina,
585 2945 796 2994 surgens
840 2930 1103 2982 Auctorem
1145 2929 1357 2981 laudare
1385 2928 1552 2980 suum.
1588 2929 1718 2984 lluie

161 2998 461 3068 conjectura:
494 3001 633 3053 favet
661 3000 749 3052 lib.
780 3014 837 3063 ιι,
864 3015 1051 3052 versus
1078 3001 1168 3064 8t,
1206 2998 1445 3051 Ini/nitur
1477 3013 1719 3068 compage

163 3064 301 3130 Deus,
337 3077 598 3123 structura
639 3071 847 3139 ligatur.
888 3068 1086 3122 Confer
1136 3073 1169 3121 Ι.
1222 3084 1298 3126 Ill,
1350 3084 1399 3139 v.
1430 3069 1554 3121 (ιιι.
1596 3064 1719 3124 Post
1746 3078 1791 3139 C

160 3151 347 3207 surgens
392 3156 505 3192 non
546 3138 691 3193 bene?
722 3140 924 3207 virgula
975 3141 1024 3192 iu
1070 3140 1225 3193 editis
1266 3138 1516 3207 penitur:
1555 3142 1714 3194 intel—

161 3204 317 3273 ligitur
336 3212 483 3263 enim
506 3226 716 3278 surgens
742 3204 1174 3262 ad'laudandum.

208 3278 329 3355 .547.
360 3280 527 3355 Vers._
548 3279 653 3333 253
675 3279 742 3333 de
766 3280 976 3355 avibus,
1014 3279 1097 3344 Et,
1129 3289 1268 3347 puto,
1292 3280 1587 3332 collaudant
1610 3277 1714 3333 Do-

159 3361 332 3399 nuntiat
360 3366 607 3402 meruisse
633 3365 814 3402 creari.

215 3415 330 3471 548.
360 3419 517 3482 Man,
546 3418 725 3473 Victor
749 3420 783 3471 Ι.
813 3419 1066 3483 th-ne=.,
1089 3435 1139 3471 ν.
1178 3418 1299 3482 155,
1328 3416 1436 3471 Nec
1462 3428 1719 3485 spectator

156 3486 305 3559 adest.
335 3506 488 3557 quem
519 3498 673 3541 tanta:
706 3490 869 3559 gloria
903 3491 1049 3559 molis
1094 3487 1343 3559 Impleat,
1376 3500 1524 3554 atque
1557 3490 1715 3542 oculis

158 3556 339 3628 aridum
371 3577 460 3626 per
504 3556 723 3628 singula'
750 3560 921 3612 ducat.
957 3556 1226 3612 Fabricius
1264 3558 1402 3612 hunc
1434 3562 1626 3622 locutu,
1661 3568 1718 3612 ut

153 3626 386 3694 pleraque
406 3631 514 3682 alia
544 3626 788 3691 Victoris,
820 3629 975 3699 longe
1004 3629 1160 3682 aliter
1187 3628 1371 3681 edidit.
1405 3629 1715 3682 Dracontius

154 3710 238 3759 pro
264 3714 346 3762 per
373 3701 551 3770 omnia
591 3699 727 3770 solet
757 3700 934 3770 dicere
972 3715 1059 3770 per
1088 3708 1291 3770 cuncta.
1344 3698 1474 3751 Vide
1518 3715 1569 3753 ν.
1611 3699 1717 3753 292

155 3780 258 3817 cum
289 3780 427 3822 uota.
461 3768 719 3837 Virgilius
761 3769 794 3821 Ι.
840 3784 897 3835 ιν,
942 3766 991 3821 ν’.
1037 3768 1161 3830 570,
1206 3766 1505 3833 Passimque
1544 3770 1716 3822 oculos

154 3852 230 3909 uer
252 3851 423 3909 cuncta
459 3840 667 3909 ferenti.
698 3839 799 3891 Alii
832 3838 1007 3892 dicunt
1039 3840 1305 3906 conjicere.
1333 3839 1569 3909 trajicere
1598 3855 1718 3891 ocu—

152 3903 237 3981 los.
263 3903 489 3981 ‘Rivinus
524 3910 826 3981 suspicatur
864 3910 1085 3981 miratur
1104 3903 1341 3970 amomis,
1368 3903 1473 3981 quo
1503 3911 1717 3963 nomine

154 3977 197 4025 in
230 3977 404 4040 tlurali
438 3993 573 4033 usus
602 3988 685 4034 est
722 3978 958 4033 Persius.
985 3978 1089 4034 Sed
1121 3994 1376 4031 amomum
1407 3978 1540 4033 adeo
1584 3982 1717 4035 bene

152 4054 242 4104 est,
271 4058 325 4101 ut
351 4050 486 4102 nihil
522 4051 732 4103 melius.

211 4113 325 4190 5590.
375 4119 647 4190 Stringere
688 4120 824 4187 ripas
868 4118 1319 4190 deﬂuminibus,
1360 4126 1418 4170 ut
1452 4119 1713 4190 mordere,

151 4183 372 4256 lumbre,
416 4183 700 4256 elegantiae
735 4183 905 4241 'nntzr.
948 4188 1245 4243 Undisouus
1288 4188 1567 4256 l‘r0pertii,
1600 4190 1712 4243 Val.

157 4252 336 4317 Flacci,
365 4252 533 4313 Statii
554 4259 773 4313 verbum
801 4268 900 4311 est.

213 4327 329 4379 551.
355 4328 442 4382 Ire
466 4329 536 4383 de
567 4344 699 4397 aqua
726 4330 989 4398 poeticum
1021 4336 1101 4382 est
1126 4346 1139 4381 :
1167 4344 1285 4382 nam
1308 4339 1361 4384 et
1386 4331 1545 4395 pedes
1566 4345 1719 4398 aquze

153 4406 177 4441 τι
199 4399 360 4460 poetis
392 4401 720 4453 tribuuntur.
756 4397 884 4452 Vide
918 4408 1096 4451 notam
1130 4400 1409 4454 Brouknsii
1439 4402 1502 4453 ad
1534 4397 1718 4453 'l'ibul-

154 4461 309 4536 Iuntl.
342 4485 379 4529 ι,
410 4471 553 4525 εΙριι.
588 4471 671 4532 ll),
709 4484 760 4523 ν.
792 4470 881 4534 56,
924 4468 985 4521 Et
1020 4486 1172 4536 puras
1202 4470 1430 4535 ﬂuminis
1465 4473 1561 4523 isse
1587 4474 1712 4524 vias.

212 4534 327 4589 552.
352 4540 627 4608 Scriptura
664 4538 779 4593 Val.
811 4534 1029 4592 venusta
1062 4550 1141 4593 est
1168 4534 1222 4593 et
1248 4540 1422 4593 verior
1447 4542 1673 4595 videtur.

213 4628 329 4681 354.
378 4629 565 4683 Lectio
601 4628 871 4682 Sirmondi
904 4627 1115 4682 defendi
1156 4637 1355 4697 potest;
1396 4631 1487 4683 sed
1528 4631 1715 4686 melius

152 4697 341 4750 videtur
371 4699 619 4766 mundus,
653 4710 709 4752 ιιι
738 4715 791 4754 v.
822 4713 961 4768 seq.,
994 4699 1055 4750 Et
1081 4700 1260 4753 damus
1288 4703 1423 4752 alma
1447 4717 1643 4754 nemus.

212 4788 328 4843 535.
381 4790 681 4861 Cyprianus
722 4790 773 4844 in
820 4791 1043 4855 Genes.,
1087 4790 1308 4845 .Edibus
1347 4793 1399 4844 in
1444 4793 1619 4848 mediis
1648 4794 1715 4847 de

154 4862 663 4934 [uradiso._Dontus,
689 4862 832 4934 Διιειίεδ
875 4876 969 4929 pro
998 4863 1273 4916 mmsione
1306 4871 1361 4915 et
1402 4878 1715 4934 quacunque

153 4929 298 5000 sede,
317 4941 371 4983 ut
398 4932 593 4985 dnmns
620 4931 818 4999 avium,
845 4946 1118 5000 pecorum.

215 4999 331 5072 556.
365 5001 519 5055 \'ers.
553 5001 678 5067 270,
710 4999 951 5055 Jurnen'a
984 5018 1074 5072 per
1103 5018 1275 5071 agros.
1314 5002 1419 5055 Pro
1459 5011 1716 5072 exspectat

152 5067 382 5124 substitui
427 5083 610 5138 posset
657 5081 914 5137 aspectat;
944 5067 1036 5125 sed
1066 5067 1301 5139 exspecto
1350 5089 1443 5138 pro
1489 5067 1715 5140 simplici

153 5150 306 5214 specto
351 5142 634 5214 adhibetur
659 5156 706 5214 _a
755 5141 939 5214 Plauto
971 5141 1151 5214 Aulul.
1182 5158 1258 5214 ιν,
1290 5144 1343 5205 8,
1378 5144 1433 5207 7,
1465 5143 1714 5198 Petronio

154 5208 394 5281 ursatyr.
436 5228 489 5267 c.
535 5213 619 5274 Π,
658 5212 821 5265 Paulo
869 5216 921 5265 in
967 5212 1167 5280 Digest.
1194 5212 1229 5265 Ι.
1265 5229 1374 5275 ιιι,
1410 5216 1491 5266 tit.
1528 5214 1574 5277 Ι,
1610 5216 1712 5281 leg.

149 5272 232 5353 iii.
264 5272 331 5332 Et
352 5272 707 5349 quamvishis
737 5282 787 5335 in
819 5282 950 5336 locis
981 5272 1263 5353 lectionem
1296 5272 1536 5337 nonnulli
1562 5272 1713 5336 solli-

153 5352 327 5412 citent,
354 5363 528 5404 tamen
555 5367 614 5405 ea
641 5354 802 5420 proba
832 5361 914 5406 est
940 5370 950 5404 :
979 5368 1098 5405 nam
1128 5352 1179 5404 hi
1204 5363 1427 5417 mutant,
1453 5354 1572 5421 quia
1596 5370 1715 5408 ceu-

154 5428 516 5485 seutexspec'o
554 5422 990 5487 significationem
1022 5424 1293 5489 spectandi
1338 5440 1441 5475 non
1492 5422 1710 5488 habere,

154 5498 259 5563 {tum
288 5492 419 5563 ratio
452 5491 637 5545 idonea
672 5509 775 5545 non
808 5504 912 5557 (εει,
948 5502 1002 5544 et
1037 5493 1086 5549 in
1121 5494 1355 5559 probatis
1392 5492 1715 5547 editinuilnts

156 5560 351 5633 "fit-Hb
392 5574 645 5633 exspecto,
680 5578 781 5615 non
816 5572 1019 5628 specto.
1060 5563 1323 5617 Prmterea
1359 5563 1558 5617 Statius
1592 5564 1625 5613 I.
1661 5580 1711 5629 ν,

155 5628 260 5679 silv.
287 5630 340 5685 2.
372 5646 421 5681 ι’.
448 5630 536 5693 2‘2,
570 5631 906 5697 Exspectatur
929 5634 1353 5698 rqnns..0vidius
1382 5633 1416 5686 Ι.
1450 5648 1533 5685 ιιιν
1565 5628 1711 5699 Met.,

157 5709 202 5771 ν.
232 5700 348 5761 418,
382 5699 715 5761 Enpectatus
748 5713 873 5755 erat.
912 5704 1144 5770 Uterque
1178 5720 1271 5771 pro
1301 5714 1469 5773 specto
1498 5717 1715 5769 compo-

155 5777 300 5822 suum
330 5783 560 5838 exspecto
597 5784 831 5843 usurpat.
877 5774 1148 5843 Seriptura
1184 5775 1385 5843 vulgata
1420 5774 1711 5829 tolerabilis

1833 2571 1935 2610 non
1965 2564 2065 2610 est.
2099 2555 2234 2622 Quid
2264 2556 2407 2611 enim
2448 2565 2531 2611 est
2576 2572 2728 2625 parra
2756 2558 3032 2626 jumenta?
3056 2556 3235 2626 Neque
3273 2559 3404 2613 scti-

1830 2638 1983 2695 ptura
2016 2625 2175 2689 Vict.,
2210 2644 2362 2695 parva
2382 2628 2571 2689 vineta,
2603 2626 2725 2679 huic
2752 2625 2867 2679 loco
2891 2625 3158 2695 congruit.

1898 2697 2023 2751 337.
2057 2695 2216 2749 Forte
2242 2696 2366 2764 quid
2394 2697 2514 2766 sint.
2556 2697 2611 2750 In
2644 2695 2870 2766 lecti_one
2895 2695 3033 2766 _\’ict.
3066 2704 3147 2749 est
3188 2698 3403 2766 ragitat-

1823 2783 1939 2835 que,
1978 2766 2117 2834 quod
2164 2775 2335 2819 metro
2370 2765 2697 2835 adversatur.
2752 2764 3026 2835 Fabricius
3068 2764 3302 2820 correxit
3337 2782 3401 2821 es

1825 2833 2038 2904 ingenio
2072 2835 2344 2901 voluitque.
2379 2834 2488 2887 lloc
2526 2835 2695 2901 ipsum
2728 2833 2897 2904 edidit
2929 2834 3274 2904 Sirmondus,
3306 2838 3401 2891 sed

1822 2902 1943 2957 cuin
1970 2905 2138 2959 codex
2170 2908 2358 2974 Azagr.
2386 2904 2574 2967 variet,
2622 2903 2816 2958 merito
2851 2902 3096 2974 dubitare
3135 2909 3308 2972 possis
3333 2922 3400 2960 an
3436 2956 3441 2961 ς

1823 2990 1884 3027 ex
1914 2975 2096 3027 codice
2122 2988 2220 3027 suo
2248 2973 2562 3029 Sirmondus
2584 2975 2652 3028 ita
2680 2973 2953 3041 scripserit
2975 2988 3042 3028 an
3071 2990 3133 3029 ex
3170 2975 3397 3030 Fabricii

1821 3044 2175 3099 correctione.
2213 3044 2441 3107 Requirit
2468 3046 2530 3097 de
2554 3060 2608 3098 se
2631 3059 2724 3112 pro
2750 3061 2781 3097 a
2810 3060 2882 3107 se,
2905 3044 2987 3097 vel
3014 3057 3076 3114 ea
3102 3061 3156 3099 se
3179 3060 3197 3098 :
3228 3061 3400 3114 neque

1822 3130 2144 3184 magnopere
2172 3114 2418 3175 obstabo,
2450 3115 2493 3169 si
2527 3115 2657 3168 velis
2694 3114 2991 3184 resvribere
3021 3112 3085 3166 Et
3114 3132 3145 3167 ιι
3171 3132 3242 3180 se,
3276 3112 3398 3170 nam

1821 3182 2123 3253 hujusmodi
2151 3186 2514 3255 monosyllaba
2541 3198 2680 3255 saepe
2701 3184 2809 3237 vidi
2832 3182 3107 3255 producta,
3132 3186 3398 3253 prmcipne

1822 3252 2172 3333 inprincipio
2210 3252 2412 3319 versus;
2446 3262 2503 3309 ut
2536 3253 2583 3307 lt
2613 3252 2783 3322 eques.
2824 3252 2942 3309 Alio
2971 3252 3089 3308 loco
3120 3252 3395 3310 Ostendam

1820 3326 1882 3377 sit
1909 3326 2067 3379 etiam
2095 3340 2215 3381 esse
2240 3339 2541 3379 commune.

1868 3397 2011 3453 .558.
2046 3395 2321 3459 Weitzins,
2345 3410 2445 3447 non
2473 3396 2571 3447 sint
2599 3394 2721 3461 me,
2747 3395 2854 3464 ipse
2881 3397 3091 3459 uolutat,
3125 3392 3265 3464 quod
3298 3396 3389 3447 mi-

1821 3482 1917 3519 nus
1957 3466 2146 3533 probat
2174 3466 2412 3519 Rivinus.
2446 3464 2541 3519 llic
2578 3466 2738 3519 etiam
2780 3466 3023 3533 suspicor
3051 3465 3390 3522 Sirmondum

1819 3552 1881 3589 ex
1931 3535 2174 3589 Fabricio
2226 3537 2393 3604 magis
2442 3549 2707 3604 quamet
2749 3548 2846 3590 suo
2887 3543 2988 3589 ms.
3031 3536 3264 3590 edidisse
3303 3534 3394 3588 Vel

1818 3622 1970 3672 quare
1995 3622 2007 3656 :
2030 3620 2149 3658 cum
2178 3603 2332 3659 enim
2351 3605 2512 3659 editio
2544 3603 2711 3672 prima
2740 3605 2875 3661 Vict.
2902 3605 3095 3659 habeat
3120 3605 3183 3658 Et
3211 3620 3389 3672 quare,

1819 3677 1900 3729 cui
1932 3678 2202 3730 consentit
2234 3676 2373 3741 νειμ,
2416 3674 2689 3729 Fabricius
2729 3674 2811 3729 vel
2851 3690 2997 3737 casu,
3025 3679 3105 3730 vel
3145 3676 3211 3730 de
3239 3678 3392 3729 indu-

1818 3747 1944 3799 stria
1982 3746 2149 3799 edidit
2198 3745 2289 3799 Vel
2320 3761 2496 3807 quare.
2544 3744 2654 3798 Non
2691 3756 2841 3799 erant
2874 3746 3161 3799 animantia
3196 3754 3391 3800 caetera

1818 3832 1937 3869 cum
1971 3816 2172 3869 Adamn
2209 3816 2259 3869 in
2301 3815 2544 3877 paradiso
2572 3829 2633 3867 ex
2668 3831 2718 3867 ν.
2746 3814 2872 3875 556.
2900 3816 2969 3867 Αι·
3006 3816 3184 3881 procul
3216 3831 3392 3883 exspe-

1819 3896 1943 3949 ctat,
1967 3895 2019 3939 et
2049 3902 2100 3939 v.
2126 3884 2249 3949 454,
2284 3884 2536 3938 Ρι-ωιετεα
2563 3884 2681 3937 solis
2711 3885 2861 3937 datus
2889 3895 2959 3936 cst
2984 3886 3123 3937 locus
3148 3885 3235 3937 ille
3258 3887 3390 3937 duo-

1817 3958 1929 4008 bus.
1962 3956 2136 4024 Atque
2167 3957 2235 4009 ita
2266 3956 2480 4024 quidem
2509 3954 2745 4007 sentiunt
2778 3955 3012 4007 nonnulli
3048 3969 3168 4007 cum
3203 3954 3397 4007 Dama;

1817 4040 1979 4079 scena
2002 4026 2034 4078 I.
2063 4042 2094 4078 ιι
2122 4026 2186 4078 (ιρι
2209 4026 2337 4079 Fide
2357 4025 2522 4083 orth.,
2547 4039 2664 4091 cap.
2693 4026 2778 4089 tl,
2804 4038 2975 4092 neque
2997 4038 3127 4078 sane
3150 4026 3201 4077 in
3223 4026 3391 4077 sacris

1819 4097 1831 4149 l
1858 4104 1948 4149 ttet
1966 4095 2011 4148 is
2040 4096 2241 4163 liquido
2268 4095 2559 4167 alﬁrtnatur
2582 4094 2829 4167 animalia
2856 4094 3019 4167 fuisse
3040 4094 3399 4167 inAparadiso,‘

1816 4181 1935 4219 cum
1970 4162 2170 4219 mentio
2208 4166 2377 4217 solum
2420 4166 2666 4216 arborum
2697 4174 2751 4218 et
2781 4163 3056 4216 ﬂuminum
3088 4162 3199 4216 ﬂat.
3232 4162 3393 4217 Pete-

1819 4238 1927 4288 rius
1974 4237 2024 4287 in
2072 4244 2363 4287 comment.
2402 4239 2464 4285 al
2508 4232 2704 4287 Genes.
2736 4247 2854 4302 cap.
2893 4249 2952 4297 ιι,
2992 4249 3047 4297 v,
3078 4234 3132 4293 9.
3170 4233 3395 4287 similius

1818 4320 1942 4358 vero
1971 4307 2239 4358 existimat
2278 4304 2438 4358 fuisse
2475 4305 2719 4357 animalia
2752 4304 2803 4357 in
2831 4305 3100 4373 paradiso,
3133 4306 3395 4359 rationes-

1818 4392 1922 4444 que
1947 4386 2001 4428 et
2024 4390 2098 4427 sci
2116 4376 2315 4442 iptnri-s
2342 4374 2413 4444 ita
2440 4375 2728 4429 sentientes
2760 4376 3029 4443 producit.

1747 4447 1795 4505 ι)
1838 4442 1849 4444 “
1892 4444 2014 4498 559.
2052 4444 2301 4497 Fortasse
2330 4442 2458 4505 Nec,
2487 4456 2716 4498 consorte
2745 4442 2948 4508 carens,
2994 4460 3235 4513 cumquo
3275 4460 3394 4497 con-

1823 4516 1995 4583 ferret,
2031 4514 2264 4568 habebat.
2297 4513 2393 4567 Hic
2418 4517 2652 4583 conferre
2679 4524 2763 4570 est
2789 4516 3052 4583 colloqui,
3099 4513 3401 4567 communi-‘

1820 4601 1942 4639 care
1963 4586 2203 4638 consilia.
3392 4644 3395 4647 .

1891 4655 2011 4709 56L
2067 4656 2155 4709 Sic
2191 4657 2330 4717 Vat.,
2382 4653 2468 4707 cui
2513 4653 2653 4708 lavet
2694 4655 2881 4723 Azagr.
2924 4653 3115 4707 Cmteri
3161 4654 3396 4708 editores

1821 4724 2044 4779 fortasse
2067 4740 2128 4779 ex
2163 4725 2397 4792 ingenio,
2425 4733 2481 4776 ut
2512 4733 2682 4777 metro
2708 4726 3070 4779 consulerent.
3101 4734 3396 4791 pourerunt

1817 4795 2002 4848 solatia
2045 4809 2139 4862 pro
2171 4795 2451 4865 adjutoria.
2482 4792 2678 4865 Genes.
2708 4808 2828 4865 cap.
2860 4809 2917 4857 ιι,
2949 4810 3001 4851 v.
3039 4794 3127 4853 18.
3163 4792 3281 4847 Non
3324 4803 3397 4847 est

1818 4864 2004 4916 bonum
2032 4861 2141 4918 esse
2176 4861 2427 4917 hominem
2467 4861 2634 4916 solum
2664 4878 2684 4915 .·
2728 4864 2972 4932 faciamus
3007 4865 3047 4914 ei
3080 4865 3397 4929 adjutorium

1817 4936 1983 4988 simile
2019 4936 2134 4989 sibi.
2180 4936 2308 5003 Cap.
2362 4949 2465 4986 xvu
2497 4932 2888 5003 Ecclesiastic.,
2918 4949 2973 4987 ι’.
3008 4935 3059 4997 5,
3096 4933 3294 4987 Creavit
3335 4950 3397 4987 ea:

1819 5004 2285 5075 ipsoadiutorium
2314 5005 2481 5057 simile
2507 5002 2620 5075 sibi.
2652 5002 2945 5075 Columella
2976 5006 3010 5056 Ι.
3054 5020 3143 5059 xu.
3173 5019 3222 5058 c.
3252 5003 3302 5064 l,
3347 5006 3397 5057 ιιι

1822 5073 2040 5140 prmfat.
2086 5091 2151 5131 ex
2198 5076 2492 5129 (lieonom.
2523 5073 2799 5128 Ciceronis
2832 5091 2843 5127 :
2879 5073 2946 5128 Ut
2991 5091 3052 5127 ex
3089 5077 3182 5127 hac
3228 5075 3399 5127 eadem

1818 5147 2059 5197 societate
2108 5145 2404 5198 mortalibus
2450 5144 2713 5214 adjutoria
2758 5146 3062 5209 senectutis,
3110 5147 3400 5214 necrrninus

1818 5217 2210 5285 propugnacula
2252 5213 2685 5285 praepararentur.
2724 5216 2873 5281 Quod
2915 5226 3093 5269 autem
3142 5213 3310 5283 prima
3353 5216 3402 5269 itt

1820 5284 1999 5338 demus
2030 5289 2127 5339 hoc
2159 5284 2276 5339 luco
2307 5287 2656 5353 corripiatur,
2686 5285 2815 5338 ninil
2847 5285 2999 5339 obest
3030 5303 3041 5338 :
3075 5301 3193 5337 nam
3243 5285 3403 5338 etiam

1828 5356 1861 5405 Ι.
1916 5370 1993 5420 ιιι,
2030 5370 2082 5406 v.
2125 5355 2248 5417 678,
2300 5356 2588 5424 corripitur
2624 5355 2913 5421 :Judicio,
2962 5353 3097 5407 Deus
3126 5355 3290 5418 alme,
3323 5367 3404 5408 tuo

1824 5425 1972 5477 detur
1999 5427 2118 5477 inde
2149 5427 2454 5492 triumphus.
2490 5427 2593 5479 Aut
2626 5440 2752 5493 ergo
2782 5440 2842 5478 ea
2871 5426 3073 5495 syllaba
3105 5427 3405 5479 communis

1826 5506 1962 5554 erat,
1986 5504 2079 5548 aut
2096 5495 2362 5549 Dracoulii
2388 5505 2626 5563 tempore
2650 5505 2844 5549 mutata
2866 5496 2966 5550 fuit
2988 5496 3102 5562 ejus
3118 5498 3403 5564 quantitas.

1828 5565 2189 5637 Tertullianus
2234 5566 2268 5618 Ι.
2317 5582 2328 5618 ι
2366 5580 2549 5619 centra
2579 5566 2896 5619 Marcinnem
2951 5583 2964 5619 :
3014 5563 3151 5637 Dum
3188 5567 3404 5637 spatium

1825 5636 1996 5755 Zetnr,
2028 5648 2076 5690 et
2114 5639 2309 5704 patiens
2340 5639 2522 5703 pietate
2547 5638 2780 5706 perennis
2831 5636 2929 5691 nisi
2956 5637 3038 5691 hic
3068 5636 3230 5693 etiam
3267 5637 3404 5707 h-gut

1864 5716 1992 5755 ulur.

1864 5716 1992 5758 titur.

1896 5776 2015 5830 565.
2053 5776 2125 5832 εκ
2152 5778 2253 5832 loc.
2288 5778 2379 5831 cit.
2409 5777 2598 5833 Gencs.
