3942 6310
156 342 254 400 757

153 456 254 509 ΠΟ
322 454 641 523 Aggreditur
676 454 773 509 sub
805 469 930 509 ioee
960 455 1064 524 pia,
1102 470 1348 510 sermone
1381 458 1611 523 maligno

322 546 612 601 Insidiosns
642 547 749 601 adit
782 548 914 601 heu!
943 550 1119 602 mollia
1152 548 1312 601 corda
1341 550 1548 616 puellm,

320 635 519 704 Ingerit
549 651 643 691 Ore
669 638 818 690 cibos
848 638 1048 692 crudeli
1084 641 1263 693 funere
1291 641 1493 707 p'enns.

325 728 419 780 llis
449 728 615 782 semel
638 730 925 796 assumptis
954 738 1260 783 reserantur
1290 731 1484 783 lumina
1516 732 1709 797 cordis,

319 820 394 870 Ac
427 820 690 885 permixta
721 819 873 872 bonis
903 820 1071 885 patuit
1093 819 1332 873 doctrina
1362 821 1641 874 malorum.

320 907 571 962 Paenituit
600 910 831 962 nescisse
859 910 1042 977 dapes,
1074 920 1123 963 et
1148 913 1334 963 damna
1368 918 1616 979 putintur
1690 933 1699 941 θ

318 997 810 1067 Temparisexacta
839 1000 1006 1066 spatia
1034 1015 1047 1051 :
1080 1000 1367 1067 proredere
1398 1001 1546 1068 pejus

322 1090 474 1158 181
503 1091 699 1141 Ausum
727 1087 922 1157 quippe
946 1087 1113 1142 nefas.
1136 1089 1323 1142 Tentat
1356 1089 1569 1143 seducta
1604 1104 1713 1142 ma-

1434 1181 1636 1251 [ritum,

315 1268 375 1321 Et
400 1268 535 1336 capit
571 1267 830 1320 insontem
853 1266 961 1336 jam
988 1268 1141 1321 noxia
1170 1269 1358 1323 femina
1387 1271 1603 1324 victum.

313 1356 684 1412 Circumventa
712 1357 866 1427 perit,
897 1356 991 1412 sed
1020 1358 1420 1430 circumscripta
1450 1358 1656 1425 fefellit,

1336 343 1611 399 C\ll.\ilZN
1653 344 1737 397 DE
1782 343 1930 397 DEO.
1978 342 2106 397 LIB.
2149 342 2187 396 l.

1745 461 1791 515 Α
1824 456 1925 507 430
1999 455 2104 507 Nec
2155 452 2585 521 circumscriptor
2625 467 2845 523 serpens
2905 468 3121 525 impune
3176 455 3331 509 trium

3291 346 3393 400 738

3175 548 3281 605 bat.

2927 594 2936 603 _
3175 548 3281 605 bat.

1995 635 2126 689 Nam
2156 644 2429 704 postquam
2457 635 2669 702 juvenis
2700 636 2890 689 violata
2914 646 3090 691 tuente
3112 546 3351 693 [tibinedit
3412 704 3421 713 ,

1997 726 2266 779 Funereos
2289 727 2403 779 siue
2427 726 2540 794 lege
2566 726 2712 780 cibos
2738 725 2787 779 in
2815 737 2984 780 morte
3018 728 3244 795 futurus,

2005 817 2160 886 182
2188 815 2304 868 Mox
2333 815 2471 883 sapit
2501 814 2700 882 infelix,
2732 815 2855 885 quid
2896 830 3140 885 pravum,
3167 818 3291 887 quid
3322 819 3395 875 sit

2965 906 3277 977 [honestum
3302 926 3317 961 :

1993 994 2214 1064 Cognita
2263 995 2608 1064 simplicitas,
2655 994 2748 1050 sed
2797 1011 2921 1049 mox
2973 1009 3057 1051 est
3106 999 3267 1052 corde
3311 997 3391 1052 fu-

3155 1086 3316 1158 [gata.

1814 1176 1919 1231 485
1994 1175 2225 1229 Membra
2258 1174 2499 1243 pudenda
2531 1183 2675 1244 putat
2704 1183 2927 1244 partem,
2959 1192 3075 1245 qum
3101 1188 3183 1231 est
3226 1178 3389 1247 prolis

3125 1266 3309 1337 [ot'igo,

1992 1356 2058 1410 Et
2076 1370 2175 1425 qua
2203 1356 2399 1409 ventris
2425 1365 2540 1409 erat
2566 1355 2811 1426 digestio,
2842 1358 3005 1426 turpis
3032 1356 3273 1412 habetur.

1443 1470 1679 1561 VARIAS‘
1713 1467 2109 1525 LECTIONES.

204 1565 327 1617 471.
360 1562 497 1619 νεα.
532 1564 859 1631 interpungit
889 1564 1079 1616 corda:
1109 1565 1289 1626 puella:
1320 1563 1513 1634 Ingerit
1542 1580 1572 1618 ο

204 1635 325 1688 475.
363 1635 502 1697 Vat.,
539 1633 697 1696 Vict.,
731 1635 942 1701 Azagr.,
976 1633 1146 1687 semel.
1180 1634 1365 1699 Sirnr,
1389 1633 1561 1688 simul.

202 1703 330 1756 475.
367 1704 524 1765 \'ict.,
557 1721 608 1772 p.
634 1704 843 1772 rescisse
864 1705 916 1755 tl.

1808 1562 2113 1626 cumscripta
2138 1576 2182 1613 s.

1876 1632 2000 1684 481.
2048 1631 2141 1683 llic
2188 1642 2373 1683 versus
2401 1636 2455 1684 et
2483 1643 2633 1698 seqq.
2666 1642 2832 1698 usque
2860 1629 2924 1683 ad
2954 1630 3139 1685 v.‘559
3170 1632 3249 1685 Ad
3274 1649 3379 1688 sce-

1807 1701 1887 1773 lus
1914 1703 2105 1754 desunt
2145 1700 2197 1773 in
2218 1699 2389 1773 _\lict.,
2418 1709 2541 1773 sunt
2565 1710 2741 1773 autem
2773 1714 2956 1756 versus
2984 1700 3071 1767 58,
3103 1702 3191 1771 qui
3222 1718 3379 1773 repe-
3470 1756 3471 1759 η

958 1787 1005 1823 e.
1035 1787 1219 1840 spa....
1261 1772 1527 1841 procedere
1555 1747 1701 1842 pejus
1734 1774 1780 1834 Β
2214 1747 2399 1832 Sirio:

142 1844 323 1893 Ausum
347 1842 534 1909 quippe
558 1845 700 1909 nefas
729 1850 886 1893 tentat
917 1858 959 1894 s.
986 1856 1057 1893 m.

198 1912 318 1963 477.
366 1911 509 1974 Vat.,
538 1920 627 1963 aut
656 1926 798 1963 suum
819 1912 1024 1979 quippe.

198 1979 317 2051 U8.
363 1980 571 2051 Vat.,#f.
598 1978 837 2031 vinctum.
860 1978 996 2032 Vict.
1028 1979 1300 2048 distinguit
1326 1979 1573 2033 insontem
1590 1982 1703 2051 jam

64 2108 73 2118 δ
138 2060 181 2101 tt.
273 2051 458 2102 victum
488 2048 834 2101 Circumventa
863 2051 1012 2116 perit.

230 2119 315 2171 8t).
364 2119 484 2171 Val.
515 2120 634 2171 sic.;
662 2117 820 2171 Vict..
848 2120 1012 2171 circun

230 2119 315 2174 8t).
364 2119 484 2172 Vat.
515 2120 634 2183 sic.;
662 2117 820 2183 Vict.,
848 2117 1282 2186 circumscriptum
1311 2134 1355 2172 s.
1387 2118 1572 2183 Sirm.,
1606 2118 1707 2171 cir-

1876 1838 2001 1893 482.
2051 1839 2187 1900 Vat.,
2221 1855 2288 1889 m.
2322 1842 2541 1907 futuros.

1875 1907 1999 1961 484.
2042 1907 2225 1970 Si’rm.,
2258 1924 2301 1960 s.
2328 1916 2375 1960 et
2405 1924 2471 1960 tn.
2505 1906 2646 1969 Vah,
2675 1909 2763 1960 sed
2790 1925 2858 1963 m.

1876 1976 1999 2047 485.
2047 1977 2189 2047 _Vat.,
2222 1985 2401 2047 putant
2433 1987 2723 2047 patremque
2749 1988 2797 2030 et
2826 1978 2986 2047 prolis
3014 1995 3062 2031 ο.

1876 2046 1998 2100 486.
2041 2045 2130 2118 Sic
2162 2047 2303 2110 \’at.,
2353 2046 2439 2118 ubi
2481 2046 2660 2118 digesti
2673 2062 2793 2118 pro
2828 2045 3061 2117 digestio.
3090 2050 3276 2118 Sirm.,
3312 2053 3375 2106 Et

1805 2132 1906 2186 qua
1928 2117 2112 2168 ventris
2138 2125 2245 2169 erat
2280 2117 2477 2185 pridem
2505 2116 2712 2186 digestio
2734 2116 2913 2185 turpis.

1637 2206 1842 2262 NOTAE

136 2296 303 2352 Victor
332 2298 372 2352 1.
406 2314 421 2351 t
453 2296 673 2360 Genes.,
702 2295 865 2349 Casus
912 2297 1093 2351 mentis
1128 2298 1294 2367 inOps.
1330 2298 1419 2353 Sic
1448 2298 1593 2366 inOps
1618 2314 1703 2351 ra-

138 2371 298 2430 tionis.
331 2370 558 2431 consilii,
591 2368 941 2419 humanitatis.

194 2440 315 2492 470.
372 2440 558 2490 Pos~et
596 2453 715 2490 cum
766 2439 897 2489 Silio
936 2438 969 2489 Ι.
1001 2451 1094 2501 vtt,
1126 2452 1178 2489 v.
1218 2435 1345 2502 260,
1376 2436 1479 2491 dici
1528 2435 1701 2490 Frau-

137 2509 297 2573 disque
321 2524 514 2559 veneno
538 2507 840 2576 Aggreditur
858 2518 1078 2576 mentes.

196 2578 315 2629 471.
349 2576 599 2630 Barthius
621 2575 660 2628 'l.
694 2591 760 2627 vn
790 2575 1038 2635 Advers.,
1067 2590 1185 2640 cap.
1216 2575 1306 2641 ΞΟ,
1350 2577 1458 2628 α.¹ἱτ
1483 2575 1698 2643 accipit,

137 2656 185 2699 ut
210 2649 349 2699 adire
382 2662 590 2698 manum
619 2646 755 2712 apud
786 2644 1043 2697 Plautum.
1068 2644 1171 2699 Sed
1204 2647 1303 2698 hoc
1332 2649 1446 2697 loco
1470 2662 1563 2714 pro
1587 2663 1700 2698 con-

136 2718 306 2778 venire,
337 2716 553 2785 aggredi
595 2716 906 2785 recte_adire
942 2730 972 2767 u
1008 2725 1242 2779 urpatur.
1273 2716 1419 2783 Legit
1451 2726 1625 2769 autem
1652 2723 1707 2767 et

137 2781 451 2854 interpungit
470 2784 686 2837 Barthiu
698 2781 1023 2854 {Insidiosus
1039 2784 1147 2836 adit
1169 2788 1261 2837 heu
1279 2785 1299 2836 .'
1322 2781 1497 2837 mollia
1513 2785 1667 2838 corda
1686 2802 1699 2836 :

136 2856 295 2922 puella
322 2853 521 2921 Ingerit
548 2870 634 2906 ore
662 2853 816 2905 cibos.

200 2927 316 2978 ιπδ.
354 2924 617 2979 “"eitzius
647 2938 766 2977 eum
800 2921 935 2975 Vict.
965 2921 1204 2975 Paenituit
1231 2924 1438 2975 rescisse
1468 2923 1593 2989 (hoc
1619 2931 1702 2977 est

136 3004 395 3062 gustasse,
432 2996 692 3055 eustando
722 2992 1060 3062 cognovisse)
1092 2996 1268 3061 dapes.
1310 3002 1355 3045 et
1393 2995 1579 3045 damna
1606 3010 1702 3061 ρας

138 3061 294 3116 tantur
337 3064 604 3131 Temporis
634 3064 795 3115 exacti
842 3061 1008 3128 spatio
1055 3064 1325 3132 procedere
1355 3065 1522 3132 pejus.
1563 3066 1699 3115 Ausa

137 3136 307 3201 quippe
337 3134 489 3202 nefas
530 3142 682 3184 tentat
723 3131 931 3202 seducta
962 3130 1363 3202 maritum._Ulii
1392 3130 1578 3199 quippe
1609 3132 1703 3202 tri-

136 3199 393 3272 syllabum
413 3199 583 3256 estex
610 3200 816 3272 Barthii
836 3199 1108 3264 Opinione,
1131 3201 1224 3272 qui
1240 3199 1339 3272 hoc
1359 3212 1413 3253 et
1436 3201 1703 3255 nonnullis

134 3268 242 3324 alis
294 3272 435 3326 locis
484 3286 671 3324 versus
721 3268 969 3339 trajectos
1011 3283 1130 3322 esse
1180 3271 1429 3331 altirmat,
1478 3286 1703 3339 quorum

137 3342 402 3395 restitutio
434 3341 726 3408 peculiares
764 3349 914 3393 notas
940 3338 1476 3408 desiderat.rltiviuus
1509 3344 1707 3394 l(‘('l|0-

136 3423 245 3463 nem
294 3407 539 3478 nostr.:m
578 3408 811 3477 pra-fert.
852 3418 905 3463 et
945 3408 1175 3474 explicat
1217 3407 1379 3476 Nefas
1409 3426 1588 3462 ausum
1632 3420 1705 3463 est

134 3483 399 3543 procedere
424 3481 588 3549 pejus.
622 3479 724 3533 Sed
758 3493 860 3531 non
892 3479 1113 3550 exponit
1137 3478 1261 3545 quid
1290 3482 1361 3550 sit
1389 3480 1578 3532 damna
1608 3496 1706 3550 pu-

134 3557 295 3601 tantur
328 3547 595 3619 Temporis
617 3558 790 3601 exacta
810 3549 995 3617 spatia.
1022 3547 1271 3602 Fortasse
1294 3548 1557 3603 Dracontii
1581 3547 1706 3603 sen-

134 3621 283 3672 tentia
316 3629 428 3684 est,
463 3620 623 3672 Evam
655 3620 903 3671 datutnim
935 3627 1167 3683 puta~se,
1195 3619 1335 3686 quod
1364 3629 1516 3673 antea
1540 3620 1706 3673 absti-

132 3690 319 3753 nueiit,
351 3693 599 3758 adeoque
629 3689 768 3743 ultro
801 3689 854 3741 in
893 3688 1040 3758 pejus
1075 3690 1415 3758 processisse.

196 3758 315 3811 477.
360 3756 719 3811 Μητζνὶριοι·
749 3758 782 3811 Ι.
816 3773 853 3820 1,
885 3774 935 3809 v.
959 3756 1069 3829 ξίίὸ
1104 3758 1325 3829 βοηθεῖ..
1362 3757 1571 3826 Experti
1590 3762 1705 3829 jam

132 3826 269 3880 docta
301 3829 434 3881 mali
463 3829 715 3881 consortia
745 3829 908 3895 (ulpw
941 3828 1154 3892 Quaerit,
1188 3836 1233 3879 et
1269 3828 1526 3880 incautum
1561 3826 1708 3897 [ἐστι-

131 3898 201 3949 dis
230 3902 359 3953 male
378 3915 548 3997 quam
576 3899 833 3958 maritum,
861 3899 971 3960 Qua
1000 3898 1146 3960 periit
1169 3898 1328 3965 prior,
1353 3909 1463 3950 arte
1491 3903 1631 3966 petit.

200 3968 294 3997 1'30
364 3967 379 3997 I
418 3969 687 3997 .annsina
712 3966 942 3997 Iniunnl.
994 3981 1021 3997 ιν
1073 3967 1105 3997 ’Χ
1159 3965 1333 3997 ἸῚιηρίι
1364 3976 1407 3997 .s
1433 3968 1631 3997 ἱκιιηηι..

194 3968 318 4022 478.
362 3965 690 4020 Prudentius
711 3966 965 4035 lDittoch.
994 3981 1044 4019 v.
1072 3967 1124 4030 3,
1159 3965 1333 4019 Tinxit
1360 3976 1407 4018 et
1433 3965 1704 4023 innocuum

130 4039 332 4090 maculis
356 4036 686 4089 sordentibus
712 4036 896 4088 Adam.
929 4036 1174 4088 Barthius
1207 4036 1332 4103 h-git
1359 4038 1561 4100 victum,
1592 4039 1705 4091 Cir-

132 4120 383 4159 cumvrn'a
427 4117 643 4173 prrmt,
687 4122 775 4175 spe
817 4106 1194 4175 circumscripta
1239 4106 1437 4174 fefellit.
1482 4107 1706 4163 Putabat

133 4176 264 4228 enim
288 4177 422 4238 Eva,
448 4179 493 4230 si
519 4176 796 4243 conjugem
830 4176 1103 4227 iuvitaSset
1132 4174 1196 4226 ad
1231 4186 1523 4241 peccatum,
1550 4192 1701 4233 suum

134 4245 289 4310 ipsius
310 4250 679 4300 allevaturam.
710 4245 933 4297 llivinus
963 4254 1139 4296 notam
1174 4259 1273 4297 ms.
1316 4247 1381 4297 ad
1414 4250 1703 4314 marginem

134 4315 269 4375 vid.t,
302 4333 406 4382 qua
434 4315 683 4369 Barthius
715 4314 1019 4381 conjecerat
1050 4314 1236 4381 fem'na
1264 4316 1444 4366 rictum
1477 4315 1706 4370 Circum-

132 4396 269 4455 renta
297 4387 493 4452 aperit.
529 4385 640 4453 Ipse
678 4394 851 4455 autem
898 4384 1116 4436 Itivinns
1154 4384 1438 4455 distinguit
1486 4399 1535 4438 et
1582 4388 1706 4455 legit

1809 2308 1984 2369 pretes
2026 2299 2253 2354 fatentur
2283 2302 2540 2354 Adamum
2584 2300 2762 2368 aliquo
2788 2314 2946 2355 sensu
2980 2299 3048 2354 ab
3078 2303 3183 2357 Eva
3216 2300 3378 2359 fuisse

1808 2371 2376 2438 deceptum,quamvis
2419 2385 2524 2422 non
2576 2384 2683 2422 uno
2732 2373 2888 2423 modo
2936 2372 3093 2424 verba
3142 2376 3378 2437 Apostoli

1810 2438 2260 2508 interpretentur,
2292 2454 2356 2492 ne
2388 2438 2511 2492 huic
2540 2439 2838 2507 deceptioni
2887 2440 3071 2493 Adami
3112 2444 3374 2497 contraria

1806 2509 2104 2562 videantur.
2135 2508 2414 2561 Probabile
2458 2510 2582 2561 mihi
2624 2516 2708 2561 est
2727 2508 2798 2573 .S.
2830 2508 3049 2561 Paulum
3095 2513 3377 2567 ostendero

1808 2578 2067 2650 édamum
2092 2579 2267 2650 minus
2292 2578 2691 2650 deceptionibus
2720 2577 2881 2650 fuisse
2901 2579 3193 2650 obnoxium
3219 2597 3377 2650 quam

1809 2647 1994 2728 Eram,
2021 2649 2140 2728 quia
2173 2652 2283 2728 haec
2319 2649 2469 2728 prior
2491 2662 2519 2700 a
2546 2649 3041 2728 serpente'decept-a
3084 2649 3200 2712 fuit,
3234 2647 3318 2728 i_l_|e
3346 2667 3378 2708 ι

1808 2717 1999 2769 femina
2025 2716 2133 2783 jam
2164 2716 2407 2783 decepta.
2442 2717 2755 2770 Ambrosius
2786 2716 2878 2769 lib.
2908 2732 2958 2771 tv
2993 2717 3059 2769 de
3090 2720 3375 2782 paradiso:

1806 2785 1995 2838 Mulier
2020 2787 2161 2854 prior
2189 2787 2402 2854 decepta
2424 2795 2514 2845 est,
2538 2793 2583 2837 et
2611 2786 2769 2837 virum
2799 2786 2909 2854 ipsa
2934 2787 3146 2854 decepit.

1873 2854 1998 2909 480.
2040 2855 2396 2908 Tertullianns
2422 2854 2457 2907 l.
2492 2869 2528 2907 tl
2567 2854 2823 2908 adversus
2859 2855 3137 2924 Marciam,
3171 2870 3290 2924 cap.
3319 2859 3372 2921 7,

1806 2922 2031 2994 Denique
2075 2933 2233 2992 puta,
2272 2924 2604 2976 intercessisse
2645 2923 2899 2991 (Deum),
2942 2934 3067 2994 puta
3112 2922 3378 2981 rescidisse

1801 2992 1953 3046 illum
1990 2994 2185 3046 arbitrii
2215 2994 2413 3046 libertat
2442 3010 2492 3046 m
2512 3034 2526 3057 ,
2553 2995 2675 3045 dum
2705 3002 2901 3046 revocat
2927 2992 2990 3045 ab
3019 2996 3218 3057 arbore,
3250 2997 3376 3051 dum

1804 3063 1972 3129 ipsum
2001 3063 2485 3133 circumscriptorem
2524 3062 2788 3115 colubrum
2817 3079 2847 3115 a
2872 3078 3142 3133 congressu
3176 3065 3378 3133 femina

1806 3141 1963 3186 arcet.
2008 3131 2229 3185 Rivinus
2269 3131 2320 3186 in
2369 3133 2579 3201 vulgata
2613 3133 2838 3187 lectione
2869 3131 3136 3197 haerebat,
3168 3131 3288 3202 quia
3322 3136 3376 3190 hi

1808 3202 2054 3256 versiculi
2093 3203 2233 3256 male
2262 3210 2316 3255 et
2343 3203 2481 3257 inter
2505 3217 2624 3256 sese
2648 3211 2702 3255 et
2738 3216 2859 3255 cum
2888 3216 3036 3269 Seqq.
3067 3204 3375 3259 cohaerent',

1805 3272 2072 3326 scribebat
2109 3288 2236 3341 ergo
2263 3271 2383 3325 Jam
2412 3274 2563 3325 noxia
2592 3272 2782 3340 femina
2808 3272 3018 3336 victum,
3050 3273 3121 3325 Ac
3159 3274 3379 3327 circum-

1804 3342 2051 3409 scriptum
2072 3357 2277 3408 serpens
2306 3344 2509 3413 impune
2530 3342 2829 3410 triumphat,
2863 3342 3069 3413 passive
3096 3344 3376 3411 triumpho,

1808 3421 1861 3463 et
1881 3415 2099 3464 omnino
2118 3410 2476 3479 praetermisso
2495 3424 2650 3463 versu
2676 3410 2993 3478 prmcedenti
3010 3410 3374 3469 Circumventa.

1806 3480 1908 3535 Sed
1956 3483 2215 3544 scriptura
2245 3496 2273 3533 a
2303 3481 2453 3535 nobis
2497 3483 2739 3534 restituta
2789 3481 2942 3549 plana
2985 3491 3065 3534 est
3093 3497 3156 3536 ac
3183 3482 3375 3539 facilis.

1807 3549 1990 3604 Solum
2035 3550 2194 3615 objici
2228 3559 2423 3618 posset,
2449 3551 2585 3619 quod
2615 3564 2751 3604 vers.
2792 3564 2906 3617 seq.
2939 3552 3177 3605 redditur
3220 3556 3376 3621 ratio,

1806 3634 1903 3672 cur
1930 3634 2149 3687 serpens
2181 3622 2393 3686 impune
2436 3636 2539 3672 non
2587 3621 2893 3687 triumphet,
2926 3629 2980 3674 et
3020 3622 3148 3674 nihil
3196 3632 3377 3687 postea

1806 3688 1871 3743 de
1894 3700 2139 3756 serpente
2166 3690 2377 3743 dicitur.
2396 3689 2533 3751 Hmc
2554 3690 2836 3742 difﬁcultas
2864 3691 3070 3758 utrique
3100 3693 3379 3759 scriptura!

1807 3760 1978 3822 obest,
2010 3760 2248 3827 adeoque
2289 3760 2462 3828 potius
2504 3772 2688 3811 versus
2739 3759 2823 3812 hic
2843 3800 2857 3822 ,
2891 3761 2977 3811 ubi
3006 3774 3183 3813 sermo
3207 3770 3288 3814 est
3311 3762 3379 3815 do

1805 3838 2075 3895 serpente,
2107 3828 2224 3883 loco
2263 3829 2556 3882 movendus
2585 3837 2746 3894 esset,
2777 3843 2932 3896 quam
2964 3844 3148 3882 versus
3180 3845 3379 3896 praece-

1805 3898 1938 3951 dens
1960 3896 2306 3951 Circumventa
2326 3900 2474 3967 perit.
2499 3897 2761 3967 Craterum
2782 3912 2963 3952 versus
2984 3912 3213 3966 sequens
3236 3899 3376 3953 Nam

1807 3978 2069 4035 postquam
2102 3970 2459 4021 narrationem
2498 3982 2668 4033 ptume
2704 3968 2907 4021 Adamo
2935 3979 2987 4021 et
3016 3968 3138 4021 Eva:
3167 3969 3379 4024 inﬂictas

1807 4039 2040 4104 inchoat,
2064 4039 2131 4091 de
2158 4040 2353 4107 quibus
2379 4052 2598 4105 serpens
2629 4052 2734 4091 non
2762 4038 2980 4104 impune
3008 4037 3374 4106 triumphavit,

1805 4110 1925 4175 quia
1960 4109 2096 4160 Deus
2134 4108 2265 4161 iram
2314 4110 2464 4162 venia
2510 4108 2826 4174 temperavit
2850 4117 2904 4161 et
2934 4109 3382 4164 resurrectionem
3420 4146 3423 4149 -

1805 4177 1964 4230 etiam
1992 4193 2175 4231 eorum
2202 4186 2320 4244 post
2344 4187 2565 4231 mortem
2596 4178 2851 4231 decrevit.

1876 4247 2003 4300 485.
2046 4247 2193 4316 Sapit
2231 4248 2457 4300 sumitur
2484 4262 2579 4310 pro
2605 4249 2729 4312 scit;
2758 4247 3041 4316 exponitur
3082 4247 3224 4302 enim
3253 4249 3380 4316 quid

1808 4314 1860 4368 in
1888 4317 2090 4369 Adamn
2116 4314 2276 4370 arbor
2313 4316 2550 4370 scientia:
2584 4317 2705 4370 boni
2731 4327 2784 4370 et
2820 4314 2938 4370 {nali
2973 4315 3228 4371 effecerit.
3259 4314 3383 4372 Bar-

1811 4387 1950 4439 thius
1978 4388 2013 4440 Ι.
2041 4403 2122 4440 l.\'l
2153 4388 2399 4450 Δάνα-8.,
2428 4402 2545 4454 cap.
2577 4387 2630 4453 5,
2664 4397 2809 4440 notat
2837 4403 3011 4453 sapere
3036 4402 3131 4454 pro
3161 4390 3377 4456 sentire,

137 4450 193 4503 Et
221 4450 355 4523 capt!
387 4450 657 4507 insonte».
694 4452 813 4505 lam
858 4457 1011 4505 noxia
1043 4450 1453 4525 femina_v:ctum
1481 4450 1709 4508 Circum-
1738 4462 1784 4521 ι)
1811 4457 1970 4519 scire,
2001 4458 2306 4510 existimare
2356 4450 2627 4525 proprium
2674 4472 2793 4510 esse
2835 4450 3152 4521 scriptorum
3201 4450 3382 4511 Roma:

133 4532 266 4575 senta
293 4528 449 4593 petit.
482 4525 567 4575 sed
597 4525 974 4589 circumscripta
1003 4524 1202 4592 fefellit.
1238 4523 1340 4578 Sed
1374 4526 1543 4578 tninns
1576 4528 1707 4580 bene

132 4592 314 4673 dicitur
346 4596 472 4664 petit
501 4597 705 4659 victum,
737 4610 839 4646 non
870 4594 1012 4647 enim
1054 4601 1220 4647 v.ctus
1245 4604 1376 4659 erat,
1408 4611 1527 4648 cum
1560 4597 1703 4650 illum

133 4666 291 4728 peiit.
1480 4728 1483 4731 .

196 4734 316 4788 679.
364 4734 474 4787 Pro
516 4734 603 4785 sed
648 4734 834 4788 melius
878 4741 1020 4788 esset
1054 4744 1119 4786 et.
1154 4734 1406 4789 Libenter
1442 4734 1598 4787 etiam
1632 4735 1704 4788 le-

132 4816 298 4874 gerent
341 4804 742 4872 Circumscripta
790 4806 937 4874 perit,
969 4812 1014 4855 et
1057 4806 1439 4861 circumscripta
1482 4804 1702 4870 ftfellit:

131 4882 214 4945 aut
232 4871 583 4945 Circumventa
609 4871 767 4945 perit,
781 4871 1294 4943 circutitscribensqne
1313 4875 1513 4945 fefellit.
1534 4877 1702 4928 01-οη-

132 4943 226 5013 tius
248 4958 298 4996 v.
329 4942 439 4997 540
467 4942 533 5013 de
558 4944 666 4995 Eva
692 4962 706 4996 :
732 4943 805 4995 Tu
832 4945 932 4996 cito
959 4946 1182 5013 decepta,
1214 4942 1270 4997 tu
1300 4942 1399 4997 cito
1426 4944 1696 5011 dec’piens.

130 5008 289 5084 Hujus
317 5012 549 5084 Urentii,
576 5013 689 5067 sive
718 5014 963 5079 Orientii,
993 5008 1103 5069 sive
1132 5016 1333 5068 Orontii
1364 5008 1545 5084 poeta!
1564 5015 1701 5082 pari-

132 5088 205 5131 ter
233 5082 452 5148 llispani
483 5082 959 5137 Commonitorium
999 5098 1217 5139 carmen
1243 5095 1324 5139 est
1353 5082 1616 5139 eruditum
1648 5093 1701 5138 et

129 5163 433 5220 venustum,
452 5151 545 5206 sed
570 5154 746 5208 multis
768 5153 897 5208 locis
920 5153 1264 5220 depravatum
1287 5166 1340 5208 et
1364 5163 1697 5220 corruptum.

132 5217 428 5292 I_lispanicis
461 5223 699 5277 versibus
742 5224 869 5277 illud
901 5217 1128 5277 reddidit
1161 5225 1471 5278 Emmanuel
1504 5217 1697 5292 Ioseph

131 5286 441 5362 Fernandez
488 5291 715 5362 Vinjoy,
763 5293 977 5357 Matriti,
1030 5293 1172 5359 ἰπὶ-4,
1229 5308 1370 5347 anno
1423 5296 1577 5357 1790,
1610 5286 1699 5361 qui

128 5361 399 5433 Utentium
436 5362 486 5413 in
529 5366 701 5416 lronte
741 5365 917 5432 operis
955 5372 1194 5417 sanctum
1233 5366 1484 5433 appellat,
1518 5366 1696 5419 nescio

128 5443 227 5502 quo
265 5431 411 5498 jure.
437 5433 728 5502 Sententia
772 5431 973 5487 Urentii
1016 5442 1069 5486 et
1110 5431 1371 5486 Dracontii
1402 5435 1542 5502 quod
1582 5435 1689 5487 Eva

129 5497 387 5571 Adamum
417 5500 719 5569 deceperit,
748 5503 1010 5556 insontem
1044 5506 1264 5571 ceperit,
1298 5497 1563 5565 fefel'erit,
1589 5519 1693 5558 non

130 5569 441 5642 advegsatur
470 5573 727 5639 Apostolo
750 5587 834 5642 cp.
869 5573 886 5626 Ι
926 5574 990 5626 ad
1018 5569 1248 5627 Timoth.
1269 5612 1282 5636 ,
1315 5588 1430 5641 cap.
1462 5589 1518 5637 ll,
1553 5589 1691 5627 vers.

133 5636 228 5713 με
257 5637 319 5691 Et
352 5636 642 5713 Adamnan
682 5655 754 5695 est
784 5636 1037 5707 seductus,
1069 5645 1251 5697 mulier
1286 5636 1455 5695 autem
1492 5644 1697 5697 seducta

129 5711 175 5758 in
201 5711 618 5777 pra'varit'atione
644 5715 759 5783 fuit.
795 5713 1035 5782 Plerique
1066 5716 1205 5771 enim
1239 5714 1422 5770 Patres
1453 5723 1504 5769 ct
1531 5714 1694 5768 inter-

1810 4525 2132 4592 inclinantis,
2166 4537 2218 4581 et
2260 4529 2610 4594 Augustinum
2655 4527 2706 4579 in
2745 4540 2859 4579 eam
2898 4540 3008 4578 rent
3039 4526 3248 4591 allegat.
3279 4526 3382 4594 Ye-

1810 4610 1925 4649 rum
1981 4599 2117 4649 idem
2162 4593 2380 4650 verbum
2423 4612 2599 4663 sapere
2639 4609 3017 4663 nonnunquam
3048 4609 3075 4644 a
3115 4593 3382 4648 veteribus

1807 4665 1874 4717 ita
1900 4676 2202 4732 usurpatur,
2230 4678 2305 4729 nt,
2326 4668 2367 4718 si
2391 4665 2588 4719 sciendi
2607 4665 3048 4732 significationem
3074 4677 3174 4716 non
3201 4665 3380 4728 habet,

1805 4744 1951 4789 certe
1995 4752 2097 4788 non
2144 4740 2297 4804 longe
2339 4736 2407 4786 ab
2447 4750 2505 4787 ea
2550 4733 2640 4787 sit.
2690 4736 2840 4804 Nunc
2870 4733 3107 4802 quaedam
3133 4733 3380 4804 vulgares

1807 4804 1997 4871 lingu:c
2022 4821 2051 4858 a
2078 4802 2253 4876 sapere
2293 4805 2475 4859 dicunt
2504 4805 2660 4868 scire,
2694 4812 2745 4857 ut
2778 4802 3009 4872 Hispana
3061 4803 3225 4867 sober,
3255 4803 3381 4855 ltala

1802 4891 1998 4927 subere.

2040 4944 2355 5012 Simplicitas
2402 4957 2498 5011 pro
2542 4942 2840 4996 innocentia
2888 4942 3121 4997 occurrit
3158 4940 3196 4994 l.
3230 4957 3301 5006 tt,
3327 4956 3379 4993 v.

1802 5013 1927 5067 805.
1961 5014 2013 5066 lu
2040 5030 2102 5069 eo
2134 5015 2385 5082 temporis
2416 5022 2639 5081 puncto,
2668 5029 2775 5081 quo
2805 5012 3040 5066 Adamus
3070 5012 3381 5082 simplicita-

1804 5092 1910 5136 tem
1940 5086 2053 5138 sive
2086 5080 2279 5138 bonum
2316 5093 2369 5137 et
2412 5080 2697 5137 honestum
2734 5084 3000 5147 cognovit,
3032 5083 3200 5150 gratia
3226 5080 3379 5134 exci-

1803 5155 1899 5211 dit.
1931 5154 2232 5221 bonumque
2260 5152 2455 5206 amisit.
2507 5152 2611 5208 Sed
2654 5151 2818 5221 quid?
2847 5152 3196 5220 lgnorabatne
3225 5160 3380 5221 antea

1801 5224 1924 5290 quid
1973 5234 2115 5276 esset
2144 5218 2461 5276 honestum?
2500 5223 2612 5276 Non
2655 5218 2927 5290 ignorabat
2956 5230 3131 5285 certe;
3162 5218 3254 5273 sed
3289 5233 3381 5285 per

1804 5303 2078 5363 peccaturo
2125 5294 2494 5362 experimento
2521 5295 2766 5361 cognovit
2794 5292 2986 5345 bonum
3010 5291 3148 5359 quod
3179 5290 3379 5363 amisit,

1802 5360 1856 5416 et
1877 5362 2071 5416 malum
2105 5364 2155 5416 in
2186 5360 2324 5432 quod
2353 5364 2554 5427 incidit,
2583 5360 2639 5415 ut
2666 5363 2903 5430 plerique
2932 5363 3115 5415 Patres
3144 5367 3199 5414 et
3227 5360 3378 5412 theo-

1805 5432 1909 5501 logi
1953 5444 2244 5500 exponunt.
2295 5434 2369 5487 De
2414 5434 2717 5502 cogni'ione
2760 5434 2941 5497 etiam,
2971 5446 3074 5499 qua
3122 5432 3375 5502 praeditus

1804 5502 1906 5557 fuit
1942 5503 2199 5567 Adamus,
2232 5501 2606 5572 mysteriorum
2634 5503 3138 5569 supernaturatium,
3170 5501 3382 5572 non_|e-

1806 5573 1884 5643 vis
1912 5582 1993 5627 est
2030 5576 2253 5643 quaestio
2277 5569 2471 5641 {quam
2504 5588 2683 5628 veram
2714 5572 2872 5627 fidem
2919 5569 3379 5641 supernaturalem

1805 5642 1967 5697 fuisse
1997 5642 2318 5712 probabilius
2343 5651 2444 5698 est.

1875 5709 2013 5768 486.‘
2057 5715 2383 5776 Scripturam
2439 5711 2709 5770 Sirmondi
2760 5710 2946 5768 falsam
2998 5726 3119 5768 esse
3170 5709 3384 5781 agnovit
