3964 6296
172 327 245 383 lii
1334 314 1685 375 EPISTULA.
1723 315 1811 374 ΕΤ
1852 317 2189 379 DECRETA.

2730 274 2739 284 ι.
2784 270 2817 287 ’7-
2894 270 2897 271 ⁷

3297 334 3403 392 ηε

176 456 260 497 tum
284 458 371 494 non
402 441 595 506 habere,
627 444 920 495 mendacem
951 440 1191 509 faciemus
1224 455 1339 491 eum
1370 437 1419 490 ll
1442 435 1599 491 Joan.
1638 440 1787 510 t),’A
1814 442 2185 509 sustinuimus,
2242 446 2476 515 ipsarum
2524 464 2704 505 rerum
2750 449 3068 507 desideratis
3114 452 3394 512 affectibus

174 537 400 594 Christum
437 534 657 601 scilicet,
689 535 782 604 qui
822 534 955 588 hanc
994 533 1180 589 orandi
1224 532 1451 588 formam
1483 534 1593 588 suis
1632 534 1714 588 di-

172 629 354 699 scipulis
393 626 753 692 condidisset,
806 627 859 681 in
907 642 1006 696 qua
1059 626 1142 680 vel
1192 626 1491 696 quotidiani
1544 626 1708 681 debiti

172 724 393 779 relaxatio
411 722 731 791 proveniret,
762 730 815 777 et
860 737 927 776 ne
952 721 1002 775 in
1037 720 1382 775 teutatiouem
1414 720 1713 777 inciderent

171 817 492 886 implorarent,
513 814 597 869 vel
632 824 689 869 ut
712 830 738 867 a
764 814 903 867 malo
932 814 1287 869 liberarentur
1335 812 1709 884 exposcerent,

169 910 204 964 si
233 908 344 961 nihil
372 915 505 962 esset
535 907 756 960 omnino
794 905 935 976 quod
961 915 1051 959 aut
1079 905 1317 961 debitum
1358 914 1713 975 prtegravaret

171 1001 361 1055 minime
379 1000 687 1062 relaxatum.
713 1010 803 1052 aut
828 999 1049 1053 tentatio
1075 1008 1251 1069 posset
1278 998 1461 1053 inferri
1486 982 1709 1067 peccati,

170 1104 247 1150 aut
284 1094 462 1149 nullum
492 1109 524 1146 a
558 1107 666 1161 quo
708 1092 1061 1147 liberarentur
1106 1092 1301 1146 malum
1348 1108 1565 1160 prorsus
1602 1092 1715 1148 exi-

171 1196 328 1244 steret.
355 1188 433 1242 Sic
467 1198 649 1242 autem
679 1188 937 1255 quosdam
984 1196 1161 1241 movet
1198 1186 1492 1255 surripiens
1534 1186 1713 1245 illusio

170 1280 530 1343 dormientium,
565 1278 715 1349 quasi
744 1294 846 1333 non
876 1280 1093 1347 gravior
1121 1280 1382 1333 aestimata
1418 1280 1483 1333 sit
1515 1294 1713 1333 concu-

170 1374 386 1443 piscentia
428 1374 783 1441 vigilantium.
837 1372 1091 1440 Quamvis
1142 1374 1282 1427 enim
1332 1382 1385 1427 et
1433 1374 1712 1427 insolentia

169 1466 420 1534 corporalis
446 1464 783 1533 frequentius
812 1464 1131 1519 refrenanda
1160 1465 1229 1518 sit
1258 1464 1337 1518 vel
1365 1465 1714 1532 castigatione

166 1561 341 1630 jejunii,
370 1560 447 1614 vel
487 1560 736 1614 ciborum
775 1560 1076 1629 frugalitate
1114 1568 1471 1627 sumptorum,
1508 1573 1574 1612 ne
1603 1574 1716 1612 ma—

166 1656 273 1710 teria
307 1655 607 1724 praebeatur
646 1654 891 1707 humanis
940 1654 1186 1708 sensibus
1232 1654 1581 1723 phantasticte
1622 1666 1716 1707 vo-

165 1748 348 1814 luptatis
394 1748 777 1817 imaginatione
820 1746 1083 1809 fallendis,
1127 1746 1209 1799 vel
1253 1746 1457 1815 magnis
1507 1744 1606 1798 hoc
1648 1744 1715 1799 de

162 1841 466 1896 miseratione
494 1842 680 1895 divina
724 1842 790 1896 sit
824 1841 1066 1910 precibus
1109 1841 1527 1909 implorandum,
1562 1850 1619 1895 ttt
1645 1840 1712 1895 ab
1742 1819 1790 1881 Β

168 1932 463 1987 illecebrosis
491 1933 793 1987 visionibus
838 1934 1024 2002 sopita:
1056 1941 1262 1987 mentes
1294 1933 1582 1987 reddantur
1616 1934 1714 1988 im-

163 2041 320 2081 munes
344 2044 355 2079 :
385 2038 563 2080 tamen
600 2027 714 2081 sive
740 2026 853 2080 haec
882 2026 1274 2080 incontinenter
1299 2027 1577 2095 agentibus
1601 2026 1715 2081 sive

161 2120 422 2173 virentibus
449 2118 798 2173 continenter
835 2116 1107 2181 eveniant,
1157 2126 1301 2171 certe
1351 2118 1395 2171 si
1441 2116 1559 2186 quis
1606 2126 1710 2187 est,

165 2211 306 2264 minor
339 2220 514 2266 reatus
555 2220 645 2266 est
680 2210 1056 2276 nescientium,
1087 2225 1242 2280 quam
1273 2208 1501 2263 carnalis
1533 2212 1713 2276 operis

163 2304 360 2371 appetitu
386 2304 564 2373 palam
606 2313 895 2373 aperteque
933 2303 1276 2371 cupientium.
1314 2302 1552 2373 Denique
1592 2302 1717 2358 licet

163 2410 244 2447 non
278 2410 429 2465 parvo
462 2397 555 2450 Dei
604 2410 828 2451 munere
870 2396 1102 2465 potiatur
1143 2394 1384 2464 quisquis
1422 2404 1513 2447 aut
1551 2395 1713 2451 nullis

163 2487 341 2554 talibus,
368 2489 409 2542 si
439 2489 557 2543 fieri
595 2497 797 2557 potest,
830 2498 919 2543 aut
946 2490 1177 2557 pcrraris
1209 2490 1452 2557 pulsatur
1484 2490 1712 2557 insidiis,

162 2591 378 2647 nusquam
407 2580 643 2648 legimus
675 2580 728 2636 in
755 2579 963 2647 culpam
997 2578 1176 2633 vocari
1209 2579 1577 2648 phantasmata
1621 2595 1713 2635 so-

157 2672 411 2736 mulorum,
446 2672 540 2725 sed
581 2672 737 2740 plane
769 2672 935 2740 ipsius
964 2671 1172 2726 Domini
1207 2688 1337 2726 voce
1368 2687 1471 2726 non
1506 2672 1716 2741 ignora-

156 2779 252 2818 mus
272 2780 382 2820 esse
407 2766 791 2836 depromptum
824 2766 963 2834 quod
1004 2766 1233 2836 quisquis
1255 2766 1513 2820 mulierem
1534 2768 1714 2822 viderit

155 2858 206 2909 ad
253 2859 743 2926 concupiscendum,
818 2858 1042 2913 eamdem
1098 2860 1164 2912 sit
1212 2875 1304 2913 suo
1375 2860 1525 2911 corde
1590 2877 1713 2913 mae-

155 2958 303 3011 chattu
327 2957 536 3047 (aluit/1.
571 2957 652 3027 γ),
684 2958 774 3013 ubi
815 2967 1207 3028 consequenter
1244 2966 1450 3012 reatum
1492 2958 1714 3013 Sttbesse

154 3068 239 3106 non
279 3052 486 3108 dubium
533 3060 645 3107 est.
704 3050 937 3121 Ideoque
995 3059 1102 3106 tam
1147 3053 1256 3119 jugi
1300 3051 1710 3119 supplicatione,

154 3158 284 3211 quam
312 3146 695 3215 eleemosynis,
734 3145 1053 3214 ceterisque
1091 3144 1245 3197 bonis
1283 3143 1580 3197 actionibus
1614 3159 1713 3199 ex-

154 3238 365 3303 piandum
395 3247 492 3293 est.
525 3236 651 3293 Non
679 3238 821 3291 enim
853 3248 1003 3291 vacat
1033 3235 1307 3308 mysterio,
1341 3234 1481 3303 quod
1512 3235 1710 3291 dictum

155 3337 218 3381 est
239 3330 397 3385 omnia
432 3346 525 3401 per
558 3330 966 3401 eleemosynam
1000 3343 1157 3399 posse
1191 3328 1456 3393 mundari,
1490 3343 1610 3381 cum
1638 3328 1714 3383 ait

153 3417 401 3486 Dominus,
453 3423 592 3477 dum
638 3422 708 3477 de
758 3422 981 3477 internis
1028 3421 1373 3490 externisque
1424 3419 1713 3490 figuraliter

158 3512 579 3578 puriﬁcationibus
612 3516 921 3585 loqueretur
945 3531 957 3567 :
986 3514 1346 3569 Verumtamen
1374 3516 1509 3582 quod
1534 3529 1713 3583 super-

155 3616 243 3671 ω,
274 3609 377 3664 date
418 3610 799 3680 eleemosynam
831 3618 876 3662 et
907 3625 1015 3663 ecce
1045 3608 1216 3662 omnia
1245 3609 1435 3661 munda
1471 3617 1591 3661 sunt
1618 3624 1711 3662 vo-

160 3699 216 3753 bis
245 3701 378 3770 (Luc.
400 3706 477 3774 ιι).
527 3704 639 3760 Sed
684 3704 845 3759 etiam
882 3704 1008 3757 illud
1050 3703 1190 3772 quod
1228 3704 1415 3755 caritas
1456 3704 1713 3770 cooperiat

160 3794 490 3849 multitudinem
547 3806 879 3865 peccatorum
931 3792 1026 3863 (II
1070 3792 1187 3847 Pet.
1231 3792 1343 3863 tv),
1399 3801 1459 3846 ut
1508 3807 1548 3846 si
1570 3792 1713 3858 ilicet

160 3881 370 3953 quidquid
409 3887 789 3942 insinceritate
820 3884 1059 3955 corporis
1088 3894 1141 3939 et
1170 3884 1364 3938 mentis
1401 3883 1708 3953 attrahitur,

156 3974 392 4031 rationalis
428 3978 649 4046 pietatis
685 3991 849 4045 opere
886 3976 1145 4030 deleatur.
1191 3974 1267 4028 De
1304 3974 1475 4029 beatis
1508 3984 1710 4040 autem,

157 4065 267 4119 sicut
294 4083 441 4135 supra
469 4070 583 4139 jam
619 4068 875 4133 diximus,
907 4066 1188 4135 apostolis,
1224 4074 1425 4119 tantum
1455 4064 1716 4122 debemus

154 4169 286 4213 nosse
310 4176 421 4228 quae
450 4161 551 4229 ipsi
587 4160 660 4214 de
700 4175 794 4212 sua
822 4158 1228 4213 conversatione
1260 4158 1455 4211 sentiri
1484 4158 1714 4227 propriis

155 4248 339 4304 Vocibus
366 4253 676 4308 ediderunt.
708 4252 836 4319 Quae
857 4266 983 4306 vero
1013 4252 1168 4305 tacita
1200 4260 1324 4303 sunt
1352 4250 1417 4303 ab
1447 4252 1547 4315 eis,
1573 4252 1711 4306 nulla

156 4340 277 4395 nobis
306 4344 641 4411 relinquetur
666 4343 881 4397 licentia
909 4342 1303 4413 perscrutantli.
1334 4342 1434 4395 Sed
1457 4344 1564 4410 jam
1590 4342 1713 4396 dili-

158 4435 329 4500 gentius
376 4438 743 4509 vestigemus,
791 4452 885 4491 cur
938 4447 1059 4506 ant
1112 4435 1507 4504 reparationem
1581 4450 1733 4504 quo»

158 4539 237 4590 que
260 4530 458 4597 generis
495 4530 746 4595 humani,
786 4529 1295 4597 renovationemque
1328 4535 1558 4591 .naturte,
1592 4541 1711 4596 quae

163 4614 205 4668 ﬁt
241 4633 323 4683 per
360 4622 704 4690 baptismatis
752 4628 1167 4683 sacramentum,
1218 4633 1323 4671 non
1374 4618 1561 4691 solum.
1602 4616 1714 4671 bzec
1743 4589 1796 4649 D

165 4705 257 4761 vitia
284 4710 476 4767 sublata
510 4727 624 4767 non
659 4711 875 4776 fuerint,
906 4709 1000 4765 sed
1032 4711 1176 4779 ipsos
1206 4710 1368 4765 etiam
1414 4711 1464 4763 in
1510 4724 1716 4779 magnae

165 4800 462 4858 manentia:
511 4802 796 4873 proposito
836 4803 1152 4856 constitutos
1192 4802 1548 4865 sive.minus,
1598 4801 1717 4855 sive

165 4890 375 4959 amplius,
424 4905 593 4964 prout
641 4894 880 4963 quisquis
928 4893 1098 4963 gratia
1146 4892 1322 4947 divina
1372 4876 1716 4961 dispensante

166 4981 429 5050 profecerit,
464 4995 656 5040 tamen
687 4984 941 5040 infestare
958 4999 1064 5037 non
1093 4984 1373 5049 desinant,
1405 4998 1498 5038 cur
1532 4984 1713 5037 relicta

163 5071 249 5125 sint
304 5087 475 5134 contra
524 5092 653 5148 qua:
698 5092 849 5131 meus
894 5078 1138 5149 religiosa
1185 5088 1465 5147 pugnaret.
1501 5077 1563 5131 Et
1594 5078 1717 5133 licet

161 5162 246 5229 jam
279 5169 451 5223 salvati
489 5185 593 5240 per
626 5168 783 5223 fidem
816 5184 963 5239 spem
1016 5169 1399 5239 redemptionis
1440 5171 1713 5238 acceperi-

161 5270 273 5325 mus,
298 5262 461 5317 adhue
504 5271 689 5317 tamen
733 5270 1093 5331 exspectetur,
1128 5262 1264 5316 sicut
1302 5261 1375 5315 ait
1406 5262 1714 5330 Apostolus,

161 5350 420 5422 redemptio
446 5354 701 5422 corporis
733 5355 920 5418 nostri,
954 5365 1007 5408 et
1034 5369 1154 5408 cum
1187 5352 1455 5424 mysteriis
1485 5352 1716 5409 coelesti-

159 5436 236 5494 bus
272 5443 375 5511 jam
425 5445 638 5500 renatis
682 5445 868 5515 pignus
912 5446 982 5501 sit
1030 5434 1338 5516 adeptiouis
1388 5445 1712 5514 ingenitum,

159 5533 446 5597 perﬁcienda
473 5539 739 5606 deinceps
777 5538 1101 5593 sustineatur
1140 5538 1380 5607 adoptio,
1417 5545 1473 5591 ut
1509 5537 1715 5593 scilicet

158 5619 499 5683 deﬁcientibus
540 5627 733 5683 iisdem
766 5630 904 5684 vitiis
948 5641 1130 5685 contra
1176 5646 1295 5700 qute
1334 5630 1488 5684 nobis
1530 5629 1581 5684 in
1611 5629 1713 5684 hoc

160 5720 365 5784 tempore
383 5721 647 5775 continua
668 5720 1000 5777 dimicatione
1029 5722 1146 5793 (sic)
1174 5723 1237 5773 ab
1263 5723 1360 5775 hac
1390 5723 1711 5777 necessitate

161 5802 359 5878 liberati,
386 5810 530 5882 quod
576 5810 683 5869 ﬁde
720 5813 1075 5885 suscepimus,
1120 5814 1259 5883 quod
1304 5820 1403 5884 Spe
1440 5814 1709 5886 preposita

1738 3201 1786 3265 (ἒ

1818 549 2186 607 assequamur,
2211 548 2473 608 quatenus
2496 540 2593 595 hac
2619 541 2987 598 incursionum
3010 553 3158 614 peste
3182 561 3401 615 prorsus

1818 632 1998 695 exuti,
2054 633 2337 701 tranquilla
2389 649 2603 705 semper
2658 638 3080 695 sanctificatione
3129 640 3402 709 vivamus,

1817 722 1957 792 quod
1983 722 2033 776 in
2062 723 2152 778 illa
2185 725 2357 781 futura
2390 726 2717 797 beatitudine
2748 732 3078 799 promittitur
3103 749 3222 789 esse
3254 750 3402 791 com-

1817 822 2102 892 plendum,
2142 842 2282 891 cum,
2316 828 2455 883 sicut
2482 830 2556 883 ait
2584 830 2907 898 Apostolus,
2934 832 3262 903 corruptibile
3304 832 3427 903 hoc,

1817 919 2041 973 induerit
2081 922 2537 990 incorruptionem,
2587 933 2635 977 et
2664 923 2877 977 mortale
2911 924 3007 978 hoc
3046 926 3273 980 induerit
3304 926 3401 977 im-

1817 1013 2179 1067 mortalitatem
2203 1012 2256 1081 (I
2275 1012 2395 1069 Cor.
2420 1016 2530 1083 xv),
2564 1024 2723 1085 atque
2754 1016 2984 1072 animale
3018 1032 3212 1086 corpus
3243 1018 3401 1085 spiri—

1820 1103 2013 1157 tualem
2044 1105 2333 1173 sumpserit
2360 1106 2693 1175 dignitatem.
2744 1108 2905 1177 Igitur
2934 1108 3152 1163 dubium
3184 1123 3289 1163 non
3320 1117 3415 1183 est,

1817 1197 2122 1275 superbiam
2172 1213 2333 1268 super
2379 1214 2538 1255 omne
2582 1215 2700 1255 esse
2747 1210 3052 1267 peccaturo;
3100 1202 3295 1269 quippe
3334 1200 3403 1255 de

1818 1276 1919 1357 qua
1945 1290 2203 1358 scriptum
2232 1300 2349 1346 est:
2380 1291 2597 1346 Initium
2620 1294 2781 1347 omnis
2803 1293 2997 1363 peccati
3016 1293 3251 1363 superbia
3276 1290 3403 1360 (Ec-

1818 1382 1915 1435 cle.
1948 1380 2025 1450 x).
2070 1382 2221 1449 Quod
2268 1392 2471 1437 tantum
2519 1385 2721 1439 malum
2768 1394 2869 1451 est,
2907 1394 2960 1437 ut
2993 1384 3198 1453 singula
3240 1396 3404 1453 prave

1820 1476 1951 1529 facta
1999 1474 2052 1530 in
2096 1477 2194 1530 hoc
2239 1477 2352 1544 ipso
2382 1479 2502 1546 quia
2548 1494 2709 1547 prava
2760 1487 2884 1533 sunt
2935 1488 3255 1535 censeantur
3285 1496 3405 1536 esse

1819 1570 2141 1635 damnanda,
2166 1570 2386 1640 solaque
2413 1572 2482 1626 sit
2502 1572 2752 1640 superbia
2804 1587 2920 1640 quae
2944 1582 2999 1627 et
3027 1574 3077 1626 in
3111 1572 3404 1628 benefactis

1822 1664 2116 1730 periculosa
2141 1663 2397 1719 doceatur
2421 1680 2435 1718 :
2461 1663 2573 1718 lucc
2599 1673 2680 1718 est
2700 1680 2817 1733 qute
2844 1680 2947 1717 non
2975 1674 3177 1718 tantum
3204 1665 3401 1720 animal

1821 1752 2080 1807 rationale
2130 1753 2179 1807 in
2232 1754 2387 1807 terris
2432 1754 2662 1827 positum
2704 1763 2959 1827 constare
2990 1770 3095 1808 non
3132 1754 3276 1823 sinit,
3309 1754 3404 1810 sed

1819 1844 2110 1912 angelicam
2138 1861 2349 1914 quoque
2378 1844 2573 1913 dejecit
2604 1844 2792 1898 infesta
2828 1824 3093 1899 naturam.
3122 1846 3252 1899 Nam
3284 1862 3404 1900 cum
3470 1892 3479 1901 .

1820 1936 1957 1989 Deus
1984 1936 2343 2004 omnipOtens,
2374 1936 2461 2005 qtti
2492 1936 2616 1991 fecit
2646 1938 2822 1989 omnia
2851 1937 2985 1989 bona
3014 1937 3189 2000 valde,
3214 1945 3405 1992 cuncta

1818 2028 1928 2080 suis
1952 2027 2123 2081 modis
2160 2036 2213 2081 et
2237 2028 2486 2096 congruis
2521 2027 2795 2081 ordinibus
2823 2028 3060 2080 instituta
3082 2026 3402 2091 condiderit,

1818 2134 1987 2187 eaque
2010 2120 2246 2189 propriis
2275 2120 2603 2173 concesserit
2634 2118 2714 2173 vel
2746 2132 2993 2182 manere,
3034 2117 3117 2171 vel
3146 2118 3407 2185 prolicere

1818 2227 1975 2281 posse
2020 2214 2313 2275 mensuris;
2369 2209 2455 2265 hic
2506 2208 2802 2265 rationabili
2844 2222 3101 2264 creaturae
3140 2209 3408 2278 subrepsit

1818 2305 2059 2370 affectus,
2085 2306 2172 2375 qui
2200 2321 2294 2374 per
2323 2305 2396 2367 id,
2421 2303 2561 2373 quod
2594 2304 2873 2359 decentius
2900 2302 3037 2357 facta
3064 2302 3404 2363 consisteret,

1818 2402 1936 2471 plus
1978 2399 2025 2453 ci
2070 2399 2136 2453 de
2168 2398 2378 2467 prOpria
2420 2398 2697 2467 dignitate,
2734 2394 3025 2459 conlidere,
3072 2411 3231 2465 quam
3272 2396 3409 2453 sicut

1819 2491 2010 2545 modus
2060 2491 2175 2560 ejus
2228 2489 2501 2552 noscebat,
2553 2488 2621 2542 de
2666 2488 2781 2556 ipso
2831 2486 3087 2541 collatore
3136 2487 3408 2557 uigmtatis

1818 2584 2057 2647 ingessit,
2090 2592 2249 2650 atque
2286 2582 2356 2635 ita
2396 2580 2550 2633 aliter
2578 2578 2879 2649 appetendo
2921 2577 3005 2633 sui
3033 2578 3283 2632 culminis
3315 2578 3408 2632 tir-

1820 2674 2079 2736 tnitatem,
2112 2688 2269 2742 quam
2298 2680 2611 2739 competens
2643 2671 2759 2739 ejus
2787 2670 2984 2725 decens
3016 2684 3200 2724 norma
3233 2671 3409 2738 requi-

1819 2775 1983 2833 reret,
2011 2766 2135 2821 fecit
2162 2782 2280 2821 eam
2314 2773 2510 2835 praeter
2538 2763 2779 2819 ordinem
2814 2762 3111 2817 naturalem
3144 2760 3409 2830 cupiendo

1819 2862 2084 2931 fastigium
2139 2860 2314 2915 meriti
2367 2858 2591 2929 potioris
2645 2872 2960 2925 erumpere,
3009 2856 3099 2925 qui
3149 2868 3410 2911 excessus

1819 2954 2001 3021 utique
2037 2952 2175 3006 sicut
2216 2958 2420 3004 reatum
2473 2948 2651 3003 intulit
2694 2948 2995 3012 excedenti,
3035 2947 3112 2999 sic
3147 2946 3409 3015 justitiam

1817 3044 2145 3110 Conditoris,
2184 3051 2369 3099 contra
2397 3042 2549 3111 cujus
2574 3040 2814 3094 ordinem
2860 3037 3197 3104 tendebatur,
3241 3035 3410 3091 ollen‘

1818 3138 1924 3204 dit;
1960 3147 2013 3192 et
2042 3137 2167 3191 dum
2196 3136 2260 3192 ab
2290 3152 2356 3191 eo
2386 3146 2573 3190 tenore
2601 3143 2839 3189 cessatur
2898 3148 3003 3201 quo
3033 3131 3149 3185 solo
3178 3130 3406 3199 prolice-

1820 3246 1964 3290 retur
2012 3234 2078 3288 ad
2123 3232 2314 3288 summi
2359 3232 2483 3287 boni
2533 3246 2765 3302 perenne
2816 3226 3168 3289 consortium,
3214 3240 3407 3279 conse-

1818 3308 2063 3397 quenter,
2100 3326 2190 3395 qui
2232 3326 2299 3379 ad
2338 3324 2453 3394 ejus
2492 3322 2738 3379 stabilem
2782 3319 3244 3389 participationem
3289 3332 3410 3388 per-

1818 3421 2003 3476 venire
2039 3434 2142 3473 non
2186 3425 2367 3485 posset
2416 3416 2657 3471 defectus
2693 3415 2941 3482 accessit,
2976 3414 3114 3467 sicut
3148 3420 3411 3467 creaturae

1817 3512 2093 3568 rationalis
2122 3512 2306 3566 usibus
2337 3509 2685 3579 congruebat.
2740 3507 2853 3561 Non
2886 3506 3106 3577 angelos
3136 3505 3202 3558 ad
3232 3504 3412 3575 profe-

1817 3617 1960 3661 ctum
2027 3606 2270 3661 conditos
2310 3602 2682 3674 promerendae
2722 3601 3031 3658 stabilitatis
3067 3608 3281 3654 {sternte
3320 3599 3409 3653 illa

1822 3716 1909 3756 res
1942 3699 2160 3765 indicat,
2194 3698 2450 3768 quoniam
2481 3696 2527 3751 si
2557 3695 2679 3749 facti
2711 3702 2892 3749 essent
2940 3704 2995 3744 ut
3026 3691 3246 3744 ulterius
3278 3690 3411 3745 nihil

1819 3801 2070 3861 egerent,
2115 3791 2259 3846 nulla
2297 3804 2421 3859 pars
2466 3801 2651 3843 eorum
2696 3784 2863 3837 ullum
2908 3782 3173 3849 potuisset
3212 3779 3411 3835 habere

1818 3884 2124 3940 defeetum:
2159 3897 2262 3936 non
2296 3882 2437 3936 enim
2470 3878 2522 3931 in
2554 3878 2631 3932 eis
2659 3875 2927 3929 diversam
2958 3880 3201 3926 naturam
3242 3870 3409 3925 fuisse

1818 3976 2102 4030 dicendum
2127 3985 2228 4037 est,
2258 3987 2325 4026 ne
2348 3970 2454 4034 ille,
2481 3968 2573 4053 qui
2598 3967 2810 4038 propria
2836 3965 3108 4019 voluntate
3133 3964 3410 4033 prolapsus
3462 3960 3463 3963 “

1818 4078 1900 4124 est
1927 4068 2153 4137 angelus
2207 4072 2580 4129 excusaretur,
2611 4060 2656 4115 si
2687 4060 2789 4114 ltoc
2819 4059 2892 4113 illi
2924 4073 3029 4113 non
3061 4072 3170 4111 sum
3198 4064 3411 4127 proter-

1820 4161 1999 4215 vitatis
2038 4158 2259 4228 ingessit
2300 4156 2605 4219 arbitrium,
2636 4154 2730 4208 sed
2762 4154 3057 4207 necessitas
3096 4150 3196 4203 sibi
3230 4149 3413 4203 indita:

1820 4251 2149 4307 conditionis
2181 4248 2505 4317 imposuisse
2544 4245 2809 4299 videatur.
2855 4241 3005 4297 Unde
3036 4255 3163 4309 ergo
3192 4240 3331 4295 benti
3360 4247 3413 4295 et

1819 4347 2078 4400 sublimes
2122 4342 2296 4413 angeli
2338 4341 2406 4395 de
2449 4339 2717 4409 perceptis
2759 4334 2920 4407 grati,
2963 4334 3065 4404 piae
3109 4331 3413 4387 devotionis

1821 4440 2021 4505 ofﬁcio,
2060 4447 2113 4492 ct
2157 4451 2263 4491 non
2310 4434 2539 4503 seipsos,
2578 4432 2671 4485 sed
2709 4430 2886 4499 petius
2935 4429 3033 4497 ipsi
3079 4423 3414 4496 praeferendo

1824 4533 2208 4588 convenienter
2235 4538 2533 4590 auctorem,
2566 4525 2630 4578 ad
2661 4524 2777 4592 ejus
2810 4522 3218 4591 perpetuitatem
3250 4518 3413 4587 profi-

1821 4641 1945 4681 cere
1984 4622 2313 4693 provehique
2377 4626 2690 4675 meruerunt
2750 4613 2874 4668 inde
2924 4612 3013 4667 isti
3064 4613 3151 4680 qui
3202 4608 3413 4678 reprobi

1821 4726 1974 4781 sunt,
2003 4717 2068 4769 de
2098 4713 2363 4782 perceptis
2393 4716 2785 4778 consequenter
2817 4704 3031 4773 ingrati,
3065 4702 3410 4767 debitumque

1821 4806 2222 4863 dissimulantes
2262 4800 2602 4871 obsequium,
2645 4812 2811 4866 seque
2856 4797 2999 4863 ipsos
3045 4792 3214 4861 magis
3257 4805 3413 4859 quam

1822 4899 1909 4966 qui
1939 4906 2099 4951 tanta:
2120 4894 2396 4963 dignitatis
2425 4890 2778 4945 substantiam
2805 4887 3139 4950 condiderat,
3163 4884 3413 4951 prteletre

1824 4991 2131 5055 molientes,
2182 4998 2237 5041 et
2284 4984 2645 5041 delectatione
2693 4997 2803 5036 sua:
2852 4976 3141 5033 creationis
3187 4973 3350 5027 illecti
3385 4986 3414 5025 a

1822 5080 2093 5136 Creatoris
2124 5079 2330 5133 honore
2360 5074 2646 5138 cessando,
2683 5080 2883 5142 quanto
2925 5076 3237 5136 arroganter
3266 5064 3414 5129 elati,

1824 5185 1969 5229 tanto
1998 5173 2313 5228 aeternitatis
2343 5168 2718 5225 rectitudinem
2748 5180 2842 5233 per
2870 5151 3278 5217 irreverentiam
3307 5172 3414 5213 non

1822 5266 2118 5337 sequendo,
2151 5265 2218 5319 ab
2250 5264 2366 5331 ejus
2398 5260 2597 5331 pariter
2639 5266 2693 5313 et
2723 5255 3089 5325 indignatione
3117 5261 3171 5307 et
3202 5249 3415 5320 partici-

1822 5359 2033 5428 patioue
2060 5357 2279 5411 retracti
2310 5361 2453 5416 sunt,
2488 5360 2543 5406 et
2572 5350 2638 5404 ab
2666 5364 2732 5404 eo
2756 5347 2897 5418 quod
2923 5344 3414 5415 sempiternumest

1822 5450 2163 5513 recedentes,
2195 5448 2246 5501 in
2292 5445 2342 5500 id
2372 5443 2516 5515 quod
2547 5457 2760 5512 semper
2790 5438 2971 5494 deficit
3012 5442 3135 5489 sunt
3166 5430 3409 5484 reducti:

1818 5541 1961 5611 quod
1998 5547 2288 5608 praestante
2317 5537 2426 5592 Deo
2455 5544 2663 5599 nostro,
2686 5532 2818 5586 alias
2854 5525 3170 5583 confidimus
3204 5520 3415 5590 plenius

1818 5631 2244 5699 exsequendum.
2290 5628 2442 5684 Nunc
2481 5626 2693 5682 interim
2726 5628 2981 5691 quantum
3014 5612 3267 5686 praesenti
3311 5627 3412 5667 ne-

1819 5724 1964 5793 gotio
2004 5722 2220 5790 sulticit,
2264 5726 2380 5778 iure
2420 5721 2507 5775 illa
2546 5731 2705 5771 causa
2747 5720 2849 5779 est,
2885 5710 2986 5766 hoc
3022 5707 3150 5765 illud
3187 5706 3412 5774 malum,

1816 5830 1911 5882 per
1941 5814 2085 5879 quod
2111 5814 2273 5874 etiam
2288 5816 2418 5900 sine
2448 5812 2578 5893 vitio
2606 5804 2872 5877 COrporali
2897 5802 3126 5900 quadam
3145 5797 3412 5871 spirituali
