3942 6310
135 414 221 472 Ίὸδ
1260 404 1541 464 CABMEN
1582 405 1670 461 DE

1260 404 1541 464 CABMEN
1582 405 1670 461 DE
1710 406 1864 462 DEO.
1907 405 2036 461 LIB.
2078 404 2119 461 1.

292 526 531 601 Agricola
572 526 819 581 dominus
851 538 1010 597 quam
1054 524 1287 581 nondum
1328 532 1560 581 verterat
1588 539 1685 579 un-
1711 526 1763 589 Α

1412 617 1614 688 inuam.

300 713 407 783 Ipse
437 710 638 780 rigatur
660 716 811 773 erat,
847 715 1013 773 sator,
1043 709 1202 773 altor,
1233 721 1461 773 messor,
1492 715 1692 762 arator.

294 802 571 858 Oll‘endunt
592 800 733 854 hunc
754 799 909 854 ambo
933 800 1073 869 pium
1097 818 1108 852 :
1131 798 1416 854 truduntur
1430 797 1498 852 ab
1517 797 1693 862 horto,

302 892 540 962 Perpetui
565 891 725 945 ﬂores
750 905 850 946 nec
879 898 999 944 sunt
1022 890 1121 944 sub
1140 889 1256 958 jure
1279 903 1517 955 reorum,

147 990 237 1045 555
302 986 364 1041 Et
384 986 503 1038 vitte
534 997 678 1038 mors
705 992 844 1038 meta
879 983 1035 1036 datur
1061 998 1179 1038 cum
1212 984 1314 1037 line
1336 983 1623 1037 malorum.

303 1082 475 1151 Magna
501 1080 591 1135 Dei
616 1080 816 1150 pietas,
842 1079 994 1137 venia
1020 1079 1107 1149 qui
1131 1088 1396 1149 temperat
1429 1078 1554 1132 iras.

3266 402 3371 457 ΗΟ

1968 522 2083 577 Vita
2108 521 2285 592 gravis
2310 518 2585 578 hominum
2606 518 2922 575 subducitur
2948 518 3145 587 impete
3164 517 3372 583 mortis,

1980 615 2137 687 19o
2201 614 2329 682 Quae
2378 612 2610 669 recidiva
2667 611 2839 682 magis
2894 609 3169 667 conversis
3212 610 3379 666 corde

3033 700 3113 774 [re
3146 703 3306 771 urglt.

1982 798 2124 853 Mors
2153 797 2539 852 mundanorum
2568 796 2781 866 requies
2823 802 2906 850 est
2940 801 3085 849 certa
3115 794 3380 859 laborum,

1803 891 1907 949 560
1988 891 2143 962 191
2171 890 2239 943 Et
2265 889 2405 944 male
2433 888 2631 943 viventi
2665 895 2943 956 praestatur
2970 886 3076 941 fine
3102 886 3307 941 salutis.

1985 982 2313 1036 (lontinuans
2343 978 2693 1050 quodcunque
2722 987 2879 1034 nocet
2923 992 3249 1049 pravumque
3288 977 3384 1033 bo-

3034 1068 3308 1140 {numqua

1360 1191 1596 1248 VARIE
1639 1187 2043 1249 LECTIONES.

205 1309 315 1364 551.
347 1308 505 1365 Sirm.
542 1308 643 1371 ita;
690 1306 807 1361 Vat.
832 1345 845 1368 ,
883 1304 1171 1374 Agricolam
1199 1303 1476 1360 Dominum
1508 1323 1559 1374 q.
1598 1322 1699 1359 non

144 1380 357 1434 dirimat
382 1395 602 1448 unquam
625 1396 643 1432 :
670 1377 806 1431 forte
830 1383 915 1430 est
937 1390 1051 1444 qua:
1078 1391 1199 1448 non.

206 1449 317 1503 552.
345 1444 486 1511 Vat.',
511 1455 652 1501 sator
677 1448 803 1501 alter
827 1461 1046 1509 messor;
1073 1444 1186 1510 alii,
1217 1461 1261 1498 s.
1289 1454 1487 1511 auctor,
1520 1462 1591 1500 m.

206 1518 317 1573 553.
349 1519 491 1579 Vat..
531 1534 581 1571 ο.
617 1517 753 1570 hunc
789 1533 840 1570 a.
872 1516 1067 1577 Sirm.,
1101 1530 1152 1568 ο.
1183 1531 1337 1568 nunc.
1371 1531 1421 1567 a.
1478 1516 1697 1583 Azagr.,

146 1608 187 1645 ο.
213 1597 319 1641 tunc
345 1604 394 1641 a.
429 1587 569 1643 Vict.
591 1629 604 1653 ,
637 1604 685 1642 ο.
717 1587 822 1641 lucc
850 1603 901 1641 a.
930 1586 985 1639 ln
1017 1585 1162 1650 Vat.,
1194 1586 1317 1639 ortu‘
1339 1600 1433 1654 pro
1463 1587 1627 1639 horto.

1878 1304 2002 1363 554.
2032 1305 2226 1375 Azagr.
2259 1303 2327 1358 ita
2350 1319 2381 1375 ;7
2407 1302 2596 1369 Sirm.,
2629 1322 2680 1373 p.
2713 1304 2878 1373 ﬂoris,
2905 1318 3013 1375 non
3041 1312 3118 1375 est
3145 1320 3187 1357 s.
3223 1305 3386 1372 Vict.,

1808 1394 1860 1445 p.
1892 1376 2057 1444 ﬂoris,
2083 1373 2267 1445 necest
2292 1392 2335 1428 s.
2369 1374 2510 1437 Vat.,
2540 1376 2767 1443 perpetui
2796 1374 2959 1442 ﬂoris,
2985 1389 3076 1428 nec
3100 1373 3248 1429 habet
3272 1394 3316 1435 s.

1880 1446 2005 1517 555.
2030 1444 2292 1517 Sic_Vat.;
2326 1445 2376 1497 in
2408 1444 2544 1509 aliis,
2577 1462 2629 1509 ῃ.
2659 1460 2854 1517 semper
2880 1445 2989 1513 qui.

1879 1515 2004 1570 558.
2030 1514 2103 1567 Ita
2125 1514 2277 1579 Vat.;
2308 1519 2512 1579 cteteri,
2540 1533 2610 1570 m.
2634 1514 2795 1570 vivaci
2815 1517 2968 1569 corde
2986 1531 3035 1569 r.

1880 1585 2005 1641 559.
2042 1584 2187 1649 Vat.,
2217 1601 2261 1637 r.
2291 1585 2368 1638 vel
2388 1593 2544 1639 certa.

205 1792 317 1867 55-51.
350 1790 487 1845 γίοι,
513 1787 639 1843 facit
658 1801 780 1843 cum
804 1786 993 1867 stem"
1020 1788 1113 1843 sed
1138 1787 1412 1867 [fabr-iuius
1436 1804 1531 1867 pro
1551 1694 2069 1867 quiill'rﬁtionem.
2102 1787 2344 1867 Imitatus
2370 1802 2499 1867 ergo
2517 1788 2961 1867 est_Drac_ontium
2986 1792 3253 1867 Eugenius
3283 1802 3391 1867 epi-

147 1863 289 1918 cdidit
316 1876 423 1914 eum
457 1874 552 1927 per
579 1873 846 1922 errorem,
878 1858 932 1911 in
962 1874 1121 1925 quem
1150 1859 1407 1914 Weitzius
1432 1862 1592 1916 etiam
1624 1862 1706 1914 in-

146 1934 275 1988 cidit.
304 1931 523 1985 Bivinus
550 1929 849 1993 suspicatur
877 1928 1128 1993 Agricola:
1151 1930 1309 1983 vomis
1338 1946 1455 1983 cum
1477 1932 1707 1984 nondum

147 2011 330 2058 verteret
366 2016 566 2069 agrum.
594 1997 866 2063 Barthius,
916 1997 1004 2052 lib.
1048 2015 1118 2053 vn
1160 1999 1388 2055 Advers.
1412 2041 1426 2064 ,
1459 2015 1579 2069 cap.
1611 2002 1705 2066 20,

147 2019 330 2058 verteret
366 2019 398 2054 α
433 2019 566 2054 rum.
594 2019 866 2063 Daunius,
916 2019 1004 2052 ιιυ.
1048 2019 1118 2053 Vll
1160 2019 1388 2055 AOVCI‘S.
1412 2041 1426 2064 ,
1459 2019 1579 2069 cap.
1611 2019 1705 2066 Συ,

144 2074 363 2143 Spurium
399 2019 799 2143 ﬁunc_ve_rsum
833 2077 1004 2143 putat,
1030 2083 1137 2139 quo
1164 2070 1380 2143 dempto
1408 2071 1706 2143 clarissima

146 2138 215 2197 est
238 2142 513 2198 sententia.
545 2138 621 2193 Ex
645 2138 764 2193 Vat.
793 2138 983 2206 conjici
1019 2138 1196 2208 potest
1225 2140 1513 2209 Agricolam
1540 2142 1709 2195 domi-

148 2230 251 2265 num
273 2228 379 2282 quis
406 2211 639 2282 nondum
658 2210 850 2262 viderat
876 2209 1316 2282 unquam.AVerb.t
1347 2209 1540 2266 Geues.
1566 2227 1626 2276 tt,
1649 2212 1705 2276 5,

146 2282 244 2337 htec
270 2279 385 2336 sunt
415 2299 429 2335 :
470 2279 537 2333 Et
570 2281 717 2332 homo
756 2294 856 2332 non
892 2288 1025 2343 erat,
1057 2280 1145 2347 qui
1176 2290 1469 2349 operaretur
1498 2290 1705 2336 terram.

205 2353 316 2407 552.
347 2351 423 2406 Ex
457 2350 655 2422 mendo
684 2349 802 2422 Vat.
838 2349 999 2422 alter,
1032 2350 1148 2418 lego
1169 2352 1304 2422 altor
1334 2352 1514 2414 potius
1542 2367 1703 2422 quam

146 2432 303 2475 auctor
328 2436 444 2475 cum
484 2421 661 2475 editis.
701 2419 829 2474 Vide
856 2418 950 2473 lib.
981 2435 1060 2485 ιιι,
1089 2434 1231 2475 vers.
1257 2421 1382 2481 515,
1406 2436 1527 2475 cum
1559 2418 1705 2478 nota.

146 2493 312 2547 Cicero
340 2492 427 2546 lib.
468 2506 504 2545 ll
533 2491 600 2545 de
627 2490 807 2542 Natur.
835 2489 1008 2552 deor.,
1042 2504 1089 2544 c.
1128 2492 1218 2555 34,
1255 2490 1491 2544 Omnium
1519 2507 1710 2561 rerum,

145 2579 244 2630 qute
266 2572 439 2616 natura
477 2561 921 2621 administrantur,
965 2562 1257 2621 seminator,
1287 2572 1336 2614 et
1364 2570 1524 2625 sator,
1549 2572 1595 2617 et
1619 2579 1713 2627 pa-

145 2650 261 2691 rcus.
283 2642 332 2687 ut
351 2635 424 2687 ita
458 2633 653 2696 dicant,
683 2640 833 2695 atque
857 2631 1117 2694 educator,
1141 2640 1189 2683 et
1208 2632 1343 2684 altor
1366 2642 1440 2686 est
1470 2634 1712 2687 mundus.

206 2702 318 2758 555.
366 2702 595 2757 Rivinus
649 2699 867 2768 conjicit
915 2699 1194 2767 0/]‘endunt
1234 2701 1535 2755 htecambo
1572 2705 1715 2771 pium

148 2773 222 2827 vel
267 2772 427 2827 Deum
451 2813 469 2837 ,
520 2780 583 2825 ut
619 2771 726 2824 hcec
755 2777 985 2840 ponatur
1024 2786 1119 2840 pro
1148 2772 1221 2827 hi.
1272 2771 1544 2827 Sententia
1592 2774 1711 2829 Vat.

155 2853 285 2899 recte
308 2842 571 2913 procedit.

211 2909 328 2968 554.
356 2913 639 2981 Scriptura
677 2910 791 2964 Vat.
824 2909 1099 2964 reformari
1134 2910 1203 2964 ita
1235 2919 1407 2979 potest
1441 2914 1715 2967 truduntur

149 2983 204 3052 ab
240 2984 377 3037 horto
410 2982 659 3049 Perpetui
694 2981 838 3051 floris
859 3021 873 3045 ,
909 2996 1002 3052 nec
1036 2982 1179 3052 adest
1216 2982 1308 3052 sub
1331 2984 1453 3052 jure
1487 2999 1710 3037 reorum.

150 3050 243 3123 Pro
266 3062 331 3123 est
362 3054 658 3123 scriptores
687 3050 949 3119 sequioris
975 3051 1170 3123 aetatis,
1198 3061 1254 3105 ut
1276 3050 1711 3117 commodianus,

148 3120 379 3177 Sedulius
403 3134 458 3179 et
472 3120 600 3185 'alii,
629 3128 890 3190 usurpant
915 3121 1077 3173 adest.

210 3164 895 3262 EESITJJJéHiiJ;
1131 3230 1145 3253 ,
1180 3204 1321 3245 vers.
1359 3192 1463 3247 527
1486 3232 1501 3251 .
1536 3189 1717 3247 Finem
1740 3164 1791 3229 θ

150 3262 380 3317 malorum
410 3264 665 3333 praestitit
678 3261 867 3333 iﬂortis
892 3276 1151 3333 supremus
1182 3262 1367 3315 exitus.

213 3333 327 3388 558.
357 3330 608 3388 Barthius
634 3331 729 3385 lib.
753 3346 893 3385 xxxv
916 3330 1168 3395 Advers.,
1202 3346 1320 3397 cap.
1356 3331 1441 3397 10,
1465 3334 1717 3389 recidivus

151 3405 349 3469 exponit
362 3405 474 3457 vita:
496 3403 783 3461 restitutus,
800 3411 844 3454 et
864 3402 995 3454 velut
1016 3401 1184 3454 excisa
1204 3402 1359 3469 stirpe
1377 3404 1715 3470 repullulans,

151 3474 276 3536 quod
304 3474 403 3529 hoc
428 3472 682 3540 exemplo
710 3471 976 3525 Dracontii
998 3471 1277 3525 conﬁrmat
1303 3481 1356 3524 et
1378 3471 1483 3526 alio
1511 3473 1718 3530 Paulini

152 3543 207 3594 ad
235 3542 463 3599 Nicetam
505 3542 580 3597 de
607 3540 817 3595 Christo
862 3558 876 3595 :
918 3540 1189 3594 Recidivus
1220 3540 1343 3593 Abel
1382 3544 1542 3607 pascit
1572 3543 1721 3609 effusi

149 3614 297 3683 pretio
344 3615 635 3680 redemptos
686 3611 965 3683 Sanguinis
1002 3626 1188 3683 agnos.
1227 3610 1455 3683 Barthio
1502 3615 1725 3683 opponit

151 3682 375 3750 Rivinus,
400 3684 549 3751 quod
579 3683 678 3736 hoc
700 3680 969 3751 Dracontii
999 3680 1116 3735 luco
1136 3680 1359 3734 recidiva
1378 3691 1460 3735 est
1478 3697 1507 3736 a
1527 3680 1719 3746 recide,

151 3763 247 3806 non
277 3769 303 3805 a
329 3750 488 3808 cardo.
544 3751 741 3805 Verum
773 3750 988 3804 dubium
1037 3765 1144 3805 non
1188 3760 1271 3806 est
1314 3752 1440 3819 quin
1473 3754 1723 3807 recidivus

154 3836 241 3889 pro
260 3822 562 3879 renascenti
591 3828 851 3884 sumatur,
880 3822 991 3891 sive
1018 3836 1045 3874 a
1074 3821 1213 3874 cardo
1239 3820 1415 3875 trahat
1438 3823 1720 3891 originem,

153 3900 203 3944 ut
229 3895 371 3947 multi
410 3901 638 3962 putant,
670 3892 786 3945 sive
822 3905 853 3943 a
888 3890 1058 3962 recido
1098 3905 1197 3960 pro
1235 3890 1564 3947 recurrere:
1596 3890 1720 3948 nam

150 3962 373 4018 recidere
409 3961 668 4018 dicuntur
703 3976 821 4026 qua:
852 3961 1080 4015 redeunt
1116 3976 1213 4014 seu
1252 3972 1556 4015 recurrunt.
1609 3963 1726 4018 Vir-

147 4033 294 4097 gilius
320 4034 411 4088 lib.
446 4049 502 4095 x,
544 4045 683 4085 vers.
718 4031 807 4095 58,
840 4029 979 4083 Dum
1008 4028 1213 4084 Latium
1244 4029 1443 4097 Teucri,
1477 4034 1725 4087 recidiva-

152 4117 235 4167 que
261 4107 438 4157 moenia
464 4109 705 4173 qmerunt
743 4117 767 4173 :_
791 4100 883 4173 ubi
909 4100 1128 4173 Servius
1165 4100 1545 4173 interpretatur
1579 4120 1727 4157 rena-

152 4174 350 4231 scentia.
382 4182 436 4227 et
472 4170 503 4226 a
554 4171 692 4224 caedo
722 4170 932 4225 videtur
972 4170 1242 4226 deducere
1291 4172 1561 4226 recidivus.
1624 4175 1726 4237 Alii

149 4243 309 4312 minus
338 4253 461 4312 apte
492 4242 678 4295 muenia
707 4257 821 4309 qua:
844 4241 923 4312 bis
953 4242 1239 4294 ceciderunt
1279 4250 1577 4310 exponunt.
1623 4243 1725 4299 De-

150 4309 287 4365 heret
313 4309 528 4381 quidem
562 4312 794 4381 secunda
841 4310 893 4364 in
930 4312 1181 4381 recidivus
1218 4309 1529 4381 esselonga
1554 4352 1569 4374 ,
1611 4315 1655 4367 si
1694 4328 1725 4368 a

153 4382 291 4436 οωάο
318 4380 571 4437 recidivus
596 4380 883 4445 diceretur,
910 4380 1003 4434 sed
1032 4381 1082 4434 in
1106 4381 1358 4435 derivatis
1386 4380 1530 4449 srcpe
1555 4384 1730 4439 variat

153 4453 423 4516 quantitas.
455 4450 734 4507 Charisius
766 4450 867 4505 hoc
895 4450 1180 4505 discrimen
1209 4452 1345 4506 inter
1373 4452 1643 4519 recidivus,
1670 4462 1726 4508 et

1811 1868 2107 1933 grammate
2154 1859 2246 1914 illo
2291 1874 2408 1915 suo.
2441 1859 2617 1933 Quod
2661 1862 2847 1915 attinet
2883 1862 2949 1916 ad
2987 1859 3396 1933 explicationem

1814 1932 1973 1999 hujus
1994 1940 2048 1984 et
2070 1930 2300 1985 duorum
2324 1932 2661 1999 sequentium
2693 1946 2964 1995 versuum,
2994 1930 3289 1991 audiendus
3315 1950 3399 1995 est

1812 2000 2061 2070 Barthius
2113 1999 2205 2053 lib.
2254 2016 2338 2054 LIV
2384 2001 2649 2066 Advers.,
2697 2015 2814 2070 cap.
2857 2004 2907 2068 9,
2947 2003 3031 2057 Ita
3060 2006 3191 2059 enim
3235 2020 3400 2063 τίνει

1813 2069 2038 2144 .ilichael
2065 2070 2249 2144 Glycas
2271 2071 2362 2144 lib.
2392 2086 2407 2123 ι
2433 2072 2623 2144 Annal.
2649 2069 2898 2126 cum’aliis
2929 2076 3110 2143 priscis
3135 2075 3246 2129 Pati
3326 2096 3395 2144 'ts,

1810 2142 1920 2193 sine
1946 2141 2136 2194 mortis
2166 2142 2361 2193 auxilio
2389 2150 2499 2211 post
2535 2140 2734 2209 lapsum
2787 2140 3008 2210 primum
3050 2157 3308 2211 parentem
3354 2140 3399 2203 ⁷ιί

1814 2212 2071 2278 perpetuis
2094 2211 2270 2281 hujus,
2303 2228 2428 2279 quas
2452 2212 2659 2264 meritus
2682 2222 2817 2275 erat,
2852 2212 2965 2267 vi'tte
2994 2216 3208 2269 miseriis
3239 2220 3381 2272 victu»

1814 2296 1928 2334 rum
1950 2282 2140 2350 fuisse:
2161 2281 2325 2334 Deum
2346 2292 2513 2334 autem
2534 2282 2793 2335 misertum
2813 2284 3131 2351 infinitarum
3145 2303 3401 2341 terumna-

1814 2366 1930 2420 (um
1959 2368 2051 2420 pro
2082 2366 2230 2418 pana
2269 2351 2449 2420 simul,
2492 2361 2537 2404 et
2576 2350 2758 2406 solatio
2795 2350 3005 2407 mortem
3034 2357 3400 2413 introduxisse.

1817 2418 2647 2497 Producitautentglgcastestes
2665 2462 2679 2486 ,
2702 2432 2751 2475 et
2776 2425 3110 2497 fundamenta
3137 2426 3290 2497 hujus
3308 2429 3403 2483 sibi

1815 2492 2114 2566 assertionis
2147 2490 2433 2566 Basiliam,
2469 2490 2915 2566 Chtgsostomum,
2955 2490 3258 2566 Gregorium
3290 2498 3402 2553 Na-

1817 2561 2117 2614 zianzenum
2133 2569 2179 2614 et
2194 2562 2521 2615 Anastasium
2546 2561 2916 2619 Sinaitam.....
2944 2565 3051 2619 Sed
3060 2561 3150 2620 'Iiis
3167 2569 3402 2623 admissis

1818 2633 2081 2686 sciendum
2107 2640 2219 2706 est,
2249 2648 2342 2706 nos
2382 2633 2586 2706 minime
2629 2634 2897 2706 terminum
2936 2637 3083 2689 malis
3122 2638 3401 2706 imponere,

1818 2717 1936 2755 cum
1954 2714 2066 2772 post
2085 2704 2239 2755 vitam
2259 2704 2556 2756 insolentem
2580 2703 2767 2755 mortui
2790 2705 3056 2771 fuerimus,
3078 2708 3167 2759 sed
3186 2703 3402 2762 crimina

1819 2781 1991 2825 nostra
2030 2773 2288 2845 simulset
2318 2788 2490 2825 eorum
2518 2788 2717 2845 pinnam
2745 2774 2799 2825 in
2839 2775 2994 2826 aliam
3022 2786 3252 2841 mortem,
3290 2795 3403 2845 ῳιω

1819 2858 2078 2915 nunquam
2099 2842 2345 2915 moritura
2368 2850 2462 2915 est,
2484 2842 2816 2915 continuare:
2837 2860 2938 2911 qua
2952 2845 3024 2915 de
3034 2862 3096 2915 ire
3117 2847 3189 2899 sic
3214 2842 3401 2915 optime

1818 2913 1991 2986 scribit
2017 2910 2244 2986 Joannes
2276 2912 2681 2986 Saresburiensis
2709 2911 2796 2986 lib.
2834 2910 2887 2966 xt
2924 2914 2988 2986 de
3022 2914 3189 2986 Nugis
3233 2910 3403 2971 curia-

1819 2982 1968 3046 lium,
2000 2999 2047 3036 c.
2080 2981 2173 3047 27,
2203 2998 2268 3035 ex
2303 2983 2571 3035 vetustiore
2611 2983 2835 3050 quodam
2876 2981 3133 3051 scriptore
3161 2988 3401 3041 ecclesia-

1818 3054 1941 3123 stico
1963 3068 1982 3105 :
2013 3051 2182 3106 Unum
2218 3062 2310 3117 est,
2346 3052 2535 3120 inquit,
2558 3054 2710 3123 quod
2743 3053 2860 3105 totis
2894 3056 3071 3108 utentis
3098 3064 3143 3109 et
3173 3061 3404 3123 corporis

1818 3122 2007 3175 viribus
2031 3123 2327 3193 fugiendum
2350 3132 2421 3194 est
2440 3137 2459 3176 :
2478 3122 2601 3194 quid
2622 3122 2752 3194 illud
2771 3124 2857 3185 sit,
2889 3125 3111 3194 quaeris?
3146 3129 3404 3192 turpitudo

1822 3200 1869 3244 et
1898 3194 2055 3245 totius
2087 3191 2274 3261 species
2312 3192 2577 3245 inhonesti.
2616 3191 2745 3245 Haec
2768 3191 2909 3245 enim
2939 3198 3157 3263 faciunt,
3192 3191 3403 3251 mortem

1823 3278 1927 3315 non
1953 3280 2059 3317 esse
2088 3264 2358 3316 terminum
2384 3263 2657 3325 malorum,
2682 3264 2772 3315 sed
2794 3266 3195 3319 antecedentium
3214 3279 3260 3320 et
3285 3285 3402 3321 suc-

1822 3333 2107 3386 cedentium
2145 3334 2399 3402 copulam.
2446 3331 2613 3397 Quam
2656 3333 2885 3386 eamdem
2923 3338 3220 3389 sententiam
3258 3340 3405 3393 nobis

1825 3405 2090 3470 praposuit
2107 3401 2261 3455 etiam
2286 3401 2633 3471 Dracontius"
2722 3402 2867 3457 Mors
2883 3406 3281 3469 mundanorum,
3296 3419 3401 3463 etc.

1822 3471 1966 3545 Idem
2000 3471 2265 3545 Barthius,
2299 3471 2391 3526 lib.
2437 3486 2546 3538 vn,
2579 3486 2700 3545 eap.
2729 3471 2831 3545 ΞΟ,
2864 3476 3136 3543 explicans
3162 3493 3402 3545 versum,

1826 3540 1893 3594 Et
1924 3543 2054 3595 male
2072 3544 2251 3595 viventi
2271 3552 2544 3611 prastatur
2572 3540 2674 3607 ﬁne
2702 3543 2905 3609 salutis,
2929 3540 3000 3599 ait
3021 3562 3035 3598 :
3058 3545 3313 3602 Praestare
3332 3540 3405 3602 est

1825 3612 2068 3687 beneﬁcio
2106 3627 2256 3680 quem
2272 3608 2468 3687 "aliqua
2505 3614 2739 3687 a/ﬁcere._
2770 3608 2912 3687 Mors
2951 3632 3008 3669 eo
3044 3617 3144 3679 ﬁne
3182 3620 3406 3687 beneﬁcii

1824 3682 1987 3757 instar
2007 3681 2160 3757 datur
2179 3682 2495 3757 mortalibus,
2518 3690 2571 3733 ut
2588 3684 2767 3757 salutis
2788 3686 2989 3757 tetidem
3008 3687 3109 3739 sint
3130 3681 3403 3757 compotes.

1827 3751 1947 3805 Alio
1976 3766 2104 3805 vero
2132 3752 2271 3815 loco,
2305 3761 2361 3805 ut
2391 3752 2765 3806 animadvertit
2794 3752 3030 3818 Bivinus,
3067 3756 3148 3808 vel
3180 3751 3406 3813 fortasse

1825 3822 1889 3874 ad
1923 3821 2063 3894 hunc
2107 3822 2295 3894 locum,
2324 3836 2483 3876 manu
2532 3823 2744 3894 scripsit
2771 3823 3038 3894 Barthius
3062 3865 3077 3890 ,
3123 3825 3404 3894 legendum

1826 3906 1967 3966 esse,
1996 3891 2062 3945 Et
2089 3891 2224 3944 male
2250 3892 2431 3966 viventi
2455 3892 2837 3966 prastatﬁuire
2863 3894 3039 3957 saluti,
3062 3891 3203 3964 quod
3232 3897 3407 3966 rejicit

1826 3962 2049 4016 ltivinus
2092 3975 2365 4031 exponens
2395 3962 2498 4029 ﬁne
2526 3962 2705 4014 salutis
2724 4003 2739 4027 ,
2774 3962 2873 4018 hoc
2903 3972 2986 4017 est
3009 3962 3198 4019 salutis
3224 3962 3405 4020 causa.

1829 4031 2086 4097 Equidem
2136 4032 2463 4104 sententiam
2526 4032 2826 4104 obscuram»
2872 4034 3047 4104 adhuc
3092 4050 3408 4104 permanere

1829 4110 1958 4169 puto
1991 4118 2004 4153 :
2038 4115 2157 4155 nam
2186 4102 2233 4156 si
2276 4116 2422 4155 mors
2452 4111 2534 4156 est
2559 4101 2771 4169 requies
2815 4102 3057 4158 laborum
3095 4101 3170 4159 iis
3201 4114 3405 4162 tantum

1825 4172 1915 4239 qui
1964 4170 2101 4225 bene
2148 4172 2366 4237 vivunt,
2399 4186 2503 4239 quo
2539 4182 2695 4239 pacto
2724 4182 3008 4239 praestatur
3039 4176 3179 4230 male
3205 4176 3409 4233 viventi

1830 4242 1934 4314 line
1964 4241 2192 4314 salutis,
2237 4241 2659 4314 nempesalutis
2704 4256 2863 4296 causa
2887 4284 2901 4306 ,
2934 4244 3016 4298 vel
3046 4254 3106 4299 ut
3138 4256 3411 4314 compotes

1829 4312 2015 4365 salutis
2042 4312 2189 4366 sint?
2236 4310 2306 4364 Et
2333 4311 2456 4379 quid
2483 4350 2499 4375 ,
2529 4327 2659 4381 rogo
2681 4352 2699 4379 ,
2739 4322 2819 4367 est
2850 4323 3073 4369 mortem
3101 4310 3412 4373 continuare

1828 4382 2185 4452 quodcunque
2214 4391 2383 4453 nocet
2402 4396 2730 4453 pravumque
2770 4383 3123 4453 bonumque?
3158 4385 3289 4439 Nam
3315 4388 3411 4440 bo-

1830 4466 1957 4505 num
2003 4451 2317 4524 cui’nocet?
2346 4451 2407 4506 Et
2457 4452 2500 4504 si
2546 4454 2828 4524 continuat
2868 4451 3014 4507 mors
3060 4455 3411 4524 quodcunque

154 4521 388 4594 redivivus
417 4521 702 4594 agnoscit,
740 4520 880 4589 quod
926 4536 1170 4574 nsnrvtu
1213 4521 1429 4574 dicimus
1468 4538 1582 4590 qua:
1616 4533 1729 4594 post
1753 4522 1811 4587 1)
1834 4531 2010 4594 nocet,
2044 4523 2186 4594 male
2199 4524 2409 4594 viventi
2435 4535 2542 4594 cur
2574 4522 2727 4575 datur
2755 4522 2943 4594 salutis
2970 4520 3129 4576 causa
3161 4524 3241 4577 vel
3269 4520 3410 4580 line?

153 4590 394 4646 interitum
416 4590 655 4655 redeunt,
678 4604 927 4645 uacuum
955 4604 1069 4657 quae
1093 4606 1156 4644 ea:
1178 4607 1269 4644 suo
1295 4608 1418 4644 casu
1446 4590 1728 4647 restituun-

154 4667 246 4715 tur.
293 4663 347 4717 Si
395 4664 498 4719 hoc
540 4658 827 4716 discrimen
858 4675 1072 4729 semper
1109 4671 1444 4725 servaretur,
1480 4662 1579 4717 hoc
1609 4664 1730 4719 loco

154 4733 315 4797 potius
355 4733 642 4804 legendum
674 4741 820 4804 esset
860 4730 987 4796 Qua:
1018 4730 1448 4804 redivivamagis.
1484 4732 1537 4786 In
1559 4734 1729 4804 editis

155 4812 226 4854 est
250 4801 595 4857 vivaci'corde
621 4803 868 4871 resurgit,
904 4801 1045 4869 quod
1076 4801 1143 4854 de
1172 4802 1355 4871 anima
1380 4812 1495 4866 post
1522 4802 1727 4857 obitum

156 4878 382 4940 corporis
417 4872 713 4943 superstite
742 4868 959 4939 intelligi
996 4877 1189 4943 potest.
1230 4868 1286 4924 lu
1319 4870 1436 4924 Vat.
1474 4874 1728 4926 conversis

156 4943 292 5014 corde
314 4940 523 5014 accipio
556 4943 624 4998 de
652 4944 1050 5014 resurrectione
1073 4940 1231 5014 etiam
1265 4950 1572 5014 corporum,
1607 4958 1727 5008 qua:

154 5011 294 5075 justis
316 5008 627 5068 hominibus
648 5012 715 5066 ad
742 5021 995 5066 cternam
1028 5008 1331 5064 felicitatem
1361 5012 1723 5066 concedetur:

156 5082 217 5152 de
242 5097 338 5148 qua
376 5082 774 5152 resurrectione
810 5088 994 5150 postea
1036 5080 1217 5134 multis
1255 5081 1587 5149 argumentis
1622 5084 1730 5152 agit

157 5148 459 5208 Dracontius
484 5168 515 5206 a
544 5165 687 5206 vers.
717 5148 842 5207 62f.

219 5221 336 5276 559.
368 5221 600 5277 Rivinus
633 5230 779 5289 putat
803 5221 946 5275 hunc
970 5234 1183 5275 versum
1213 5234 1333 5275 esse
1374 5220 1593 5289 Eugenii
1625 5220 1727 5275 To-

158 5285 331 5356 letani,
358 5294 447 5361 qui
476 5285 795 5361 epigramm.
824 5292 858 5345 4
880 5290 950 5346 de
969 5290 1111 5346 bono
1132 5292 1275 5361 pacis
1303 5291 1377 5343 ait
1406 5308 1419 5342 :
1448 5285 1563 5344 Pax
1584 5294 1730 5360 fessis

159 5362 360 5431 requies,
377 5359 489 5431 pax
510 5359 731 5429 denique
747 5371 884 5415 certa
903 5361 1109 5425 laboris,
1129 5359 1217 5415 ubi
1238 5374 1338 5431 ego
1358 5362 1571 5431 mallem
1588 5359 1729 5414 meta

160 5426 354 5484 laboris.
384 5426 517 5486 'lmo
542 5426 663 5485 cum
695 5432 746 5484 in
776 5431 1047 5486 Dracontii
1076 5446 1233 5485 versu
1261 5426 1379 5484 Vat.
1413 5429 1606 5485 habeat
1643 5447 1727 5483 re-

156 5501 287 5565 quies
316 5503 395 5555 vel
423 5511 598 5565 certa,
631 5515 733 5554 non
764 5502 1021 5556 absonum
1050 5510 1193 5556 esset
1228 5500 1404 5569 legere
1436 5502 1630 5568 requies
1656 5500 1733 5553 vel

160 5578 303 5634 insta,
325 5580 550 5640 sumpto
578 5570 653 5624 vel
678 5585 773 5639 pro
798 5580 867 5633 et,
892 5570 1204 5640 intelligitur
1230 5571 1371 5624 enim
1402 5578 1497 5635 est,
1519 5569 1727 5625 etiamsi

162 5650 260 5711 non
301 5639 655 5711 exprimatur.
703 5641 792 5695 Sic
815 5655 956 5695 vers.
1001 5641 1129 5711 555,
1168 5639 1235 5693 Et
1275 5642 1390 5693 vita:
1426 5655 1559 5693 mors
1597 5649 1730 5711 nteta

164 5708 306 5761 datur
334 5708 451 5765 cum
483 5712 592 5779 ﬁne
618 5712 889 5764 malorum.
917 5710 1069 5775 Quod
1097 5719 1273 5765 autem
1302 5711 1387 5764 hic
1413 5725 1597 5765 versus
1628 5710 1734 5764 Eu-

162 5783 290 5845 genii
318 5783 407 5845 sit,
442 5797 553 5835 non
587 5781 845 5835 assentior
874 5780 1063 5836 Rivino
1093 5798 1103 5831 :
1131 5789 1305 5836 exstat
1333 5780 1473 5835 enim
1505 5780 1555 5835 in
1595 5781 1728 5835 Vict.

166 5856 216 5900 et
240 5848 379 5916 Vat.,
405 5854 456 5905 in
486 5850 680 5920 quibus
708 5851 906 5904 nullam
937 5866 1055 5906 esse
1080 5852 1271 5919 opinor
1299 5850 1519 5920 Eugenil
1551 5865 1729 5905 corre-

393 5943 666 6004 ΡΑτιιοι..
713 5941 845 6003 LX.

1836 4591 2056 4646 Rivinus
2087 4592 2266 4646 mallet
2295 4591 2607 4661 Continuans
2633 4593 2966 4661 quodcunque
2993 4602 3137 4645 necat
3166 4610 3408 4661 pravum-

1832 4678 1929 4729 que
1957 4662 2256 4727 bouumque.
2297 4660 2403 4715 Sed
2440 4661 2722 4714 dillicultas
2754 4660 2939 4715 eadem
2974 4669 3087 4726 est,
3118 4660 3231 4717 sive
3266 4676 3409 4718 necat

1832 4732 1947 4785 sive
1974 4742 2116 4784 nocet
2143 4732 2304 4800 legas.
2336 4730 2594 4783 Existimo
2623 4731 2782 4798 igitur
2832 4731 2967 4800 hanc
2996 4745 3114 4785 esse
3145 4731 3409 4789 Dracontii

1834 4809 2086 4859 mentem.
2119 4799 2259 4869 quod
2290 4815 2434 4853 mors
2459 4810 2541 4854 est
2566 4801 2775 4867 requies
2805 4799 3043 4854 laborum
3076 4801 3231 4869 hujus
3258 4802 3405 4870 vitae,

1832 4879 1887 4923 et
1912 4870 2109 4925 homini
2154 4871 2323 4928 male.
2358 4870 2457 4923 hoc
2494 4878 2577 4921 cst
2614 4870 2663 4922 in
2703 4871 2957 4923 :erumnis
2986 4879 3040 4924 et
3068 4871 3296 4926 miseriis
3328 4872 3411 4926 vi-

1832 4941 1975 4994 venti
2009 4950 2287 5009 prazstatur
2317 4939 2562 5010 beneﬁcii
2593 4948 2643 4993 et
2674 4941 2878 5010 gratias,
2900 4940 3017 4993 loco
3041 4980 3057 5004 ,
3086 4942 3209 5010 quia
3238 4950 3411 4998 morte

1831 5011 2090 5065 molestiae
2134 5010 2288 5078 hujus
2336 5010 2455 5062 vitae
2500 5008 2774 5064 ﬁniuntur.
2840 5009 3040 5063 Versus
3098 5008 3410 5067 Continuam

1830 5080 2163 5149 quodcunque
2186 5088 2326 5132 nocet
2345 5092 2465 5132 cum
2489 5093 2648 5134 versu
2672 5078 2914 5148 sequenti
2934 5079 3181 5149 conjungi
3207 5091 3410 5149 posset,

1832 5160 1890 5202 ut
1912 5152 2050 5204 Deus
2078 5151 2147 5203 sit
2176 5152 2492 5219 continuans
2516 5149 2653 5203 vitas
2684 5150 2956 5204 hominum
2978 5160 3032 5204 et
3053 5150 3410 5219 quodcunque

1829 5219 1909 5289 eis
1939 5230 2093 5272 nocet
2112 5261 2127 5284 ,
2163 5218 2386 5289 adversa
2415 5228 2468 5272 et
2492 5233 2766 5287 prospera.
2798 5219 2907 5273 Nisi
2938 5218 3105 5273 mavis
3135 5220 3206 5273 ita
3233 5218 3411 5289 legere

1831 5287 2138 5359 Continuum
2182 5288 2521 5359 quodcunque
2567 5298 2710 5342 nocet
2754 5304 3059 5359 pravumque
3103 5287 3410 5359 bonumque,

1830 5361 1914 5413 vel
1935 5357 2251 5414 Continuans
2281 5357 2595 5413 neutrorum
2620 5374 2788 5429 more,
2822 5358 2924 5412 hoc
2949 5367 3031 5412 est
3058 5357 3414 5429 quodcunque

1831 5430 2152 5483 continuans
2182 5429 2263 5482 vel
2294 5429 2602 5483 continuum
2621 5468 2635 5491 ,
2676 5428 2790 5482 sive
2817 5442 3039 5497 pravum
3069 5427 3183 5483 sive
3214 5427 3411 5486 bonum

1832 5498 1921 5562 sit,
1955 5507 2133 5563 nocet,
2162 5498 2302 5567 quod
2328 5498 2540 5552 demum
2570 5497 2697 5551 mihi
2721 5498 2878 5551 unice
2904 5497 3076 5564 placet
3101 5515 3114 5549 :
3141 5506 3199 5551 ut
3222 5514 3415 5556 sensus

1835 5569 1925 5633 sit,
1956 5569 2115 5622 etiam
2149 5570 2286 5622 bona
2317 5567 2473 5636 hujus
2501 5568 2645 5633 vitm,
2674 5569 2717 5620 si
2745 5577 3003 5691 perpetua
3034 5578 3233 5633 essent,
3267 5570 3415 5625 lasti-

1839 5639 1982 5691 dium
2012 5638 2232 5691 allatura
2258 5676 2273 5691 .
2304 5653 2424 5691 cum
2456 5652 2554 5691 nec
2582 5652 2706 5691 vere
2782 5651 2882 5691 ona
2925 5646 3053 5691 stnt.
3105 5636 3239 5691 Tum
3271 5655 3412 5691 vers.

1839 5639 1982 5692 dium
2012 5638 2232 5691 allatura
2258 5676 2273 5701 ,
2304 5653 2424 5691 cum
2456 5652 2554 5691 nec
2582 5652 2706 5692 vere
2745 5636 2882 5691 bona
2925 5636 3053 5694 sint.
3105 5636 3239 5692 Tum
3271 5655 3412 5695 vers.

1838 5723 1954 5778 seq.
1983 5709 2159 5778 legere
2187 5710 2385 5781 poteris
2414 5708 2567 5781 Solus
2594 5708 2653 5781 in
2674 5714 2918 5781 (sternam
2936 5706 3105 5781 bonus
3130 5719 3416 5781 estregna-

1838 5776 1936 5842 tor,
1968 5788 2014 5833 et
2041 5776 2220 5832 auctor
2253 5778 2423 5831 Virtus
2452 5778 2586 5830 trina
2618 5777 2776 5831 Deus.
2801 5776 3129 5847 Matthtxu,
3166 5778 3251 5845 l7,
3281 5776 3415 5847 Quid

1837 5865 1915 5902 me
1937 5850 2217 5918 interrogas
2247 5848 2307 5901 de
2333 5849 2502 5901 bona?
2534 5848 2573 5901 U
2583 5864 2676 5900 nus
2696 5856 2767 5902 est
2791 5847 2948 5901 bonus
2970 5846 3125 5900 Deus.

2981 5933 3057 5994 Ἃ
