3942 6310
591 370 690 438 151

762 487 1028 547 lllustrata
1056 487 1273 560 vigent,
1305 495 1359 544 et
1394 495 1620 561 tangunt
1644 489 1809 546 ﬂabra
1840 491 2098 560 palatum.

771 583 928 655 196
944 582 1057 637 Non
1080 581 1194 637 haec
1206 580 1451 637 humanis
1466 591 1669 638 tantum
1688 583 1977 653 spiramina
2001 598 2173 638 mem-

1966 671 2101 745 [bris

771 767 905 821 Sunt
945 766 1088 834 data,
1129 764 1225 821 sed
1270 765 1476 821 cunctis
1517 765 1878 822 animantibus
1916 780 2044 821 aura
2085 780 2171 822 re-

1889 858 2094 930 [currit.

593 950 697 1005 600
768 948 999 1017 Spiritus
1021 948 1112 1004 ille
1140 949 1253 1016 Dei,
1276 964 1381 1020 quo
1400 963 1627 1020 corpora
1648 958 1837 1005 cuncta
1861 960 2163 1019 moventur,

764 1040 950 1095 Omnia
972 1040 1334 1111 complectens
1354 1041 1539 1111 agitat,
1564 1040 1727 1105 fovet,
1752 1041 1962 1107 inserit,
1987 1052 2164 1112 urget,

771 1132 923 1187 Unde
949 1144 1114 1203 genus
1134 1131 1343 1187 diversa
1372 1132 1587 1186 trahunt
1609 1140 1665 1186 et
1687 1133 1891 1187 semina
1913 1147 2114 1198 rerum,

768 1221 932 1278 Moles
960 1229 1015 1277 et
1042 1221 1321 1290 immensa,
1352 1222 1608 1278 mittenda
1638 1236 1669 1278 e
1697 1224 1844 1279 fonte
1872 1223 2113 1293 perenni.

764 1312 996 1368 Artiﬁcis
1019 1311 1247 1368 formata
1277 1328 1434 1370 manu
1466 1313 1670 1383 digeSIa
1699 1323 1987 1369 vomuntur

774 1408 925 1479 197
951 1407 1152 1465 Ordine
1180 1416 1370 1464 cuncta
1399 1422 1497 1463 suo
1523 1425 1534 1460 :
1570 1417 1749 1463 manet
1780 1407 2160 1474 irrevocabile,

1859 1499 2093 1568 [munus,

764 1588 872 1644 Nec
902 1598 1079 1644 tamen
1108 1589 1381 1644 intereunt
1411 1587 1685 1655 pereuntia
1710 1588 1830 1657 lege
1858 1588 2073 1643 diurna.

762 1683 894 1751 Quis
918 1690 1072 1754 neget
1093 1681 1362 1738 undiﬂuos
1383 1680 1674 1752 procedere
1696 1680 1931 1736 fontibus
1952 1695 2139 1736 amnes

593 1409 695 1465 605

1863 373 2230 434 DRACONTII
2269 375 2595 433 CARMINA.

3675 385 3747 443 752

2460 492 2695 559 Quorum
2714 491 2823 559 jam
2848 491 3052 549 reditus
3076 506 3181 548 non
3204 506 3429 564 unquam
3452 502 3604 564 sperat
3623 497 3750 571 origo!

2453 584 2787 639 lncessanter
2809 598 2974 663 aquas
3008 584 3131 640 licet
3157 595 3365 640 evomat
3389 586 3563 655 impete
3586 589 3725 656 pleno,

2273 674 2380 731 6l0
2452 674 2721 729 Jacturam
2754 685 2929 730 tamen
2961 674 3098 729 unda
3124 685 3284 744 negat
3312 676 3498 731 sentire
3519 677 3677 745 ﬂuenti,

2453 766 2712 822 Omnibus
2736 766 2826 822 hic
2864 780 2981 822 mos
3008 775 3091 822 est
3116 766 3185 822 de
3210 766 3432 823 ﬂammis
3468 770 3623 825 tollere
3644 773 3750 826 ﬂam-

3588 860 3705 932 imas,

2449 950 2559 1006 Nec
2576 950 2767 1004 minuit
2783 950 3071 1021 quidquam
3092 949 3362 1006 detractus
3381 952 3443 1006 ab
3458 952 3632 1021 ignibus
3645 954 3752 1025 ignis.

2452 1040 2648 1095 Damna
2676 1040 2850 1096 aliena
2876 1041 3053 1095 solent
3081 1042 3307 1097 aliorum
3337 1044 3471 1096 lucra
3492 1042 3664 1111 parare.

2448 1130 2515 1186 Hi
2532 1140 2770 1202 quaestus
2790 1133 2874 1187 cui
2894 1132 3325 1200 damna-parant!
3348 1134 3397 1187 in
3418 1134 3575 1188 fomite
3592 1135 3755 1190 ﬂamma:

2267 1223 2393 1279 615.
2453 1224 2609 1295 198
2638 1224 2903 1279 Detracta:
2935 1226 3019 1280 cui
3048 1224 3186 1280 forte
3204 1227 3359 1295 jubar
3388 1226 3636 1281 succiditur
3655 1228 3755 1297 igni?

2446 1313 2556 1368 Nec
2583 1314 2801 1369 carnale
2822 1330 2992 1384 genus
3019 1316 3215 1371 minuit
3239 1316 3405 1373 fetura
3427 1316 3637 1371 creando.

2452 1402 2590 1457 Ecce
2619 1402 2768 1457 dedit
2799 1404 2999 1459 homini
3034 1407 3315 1476 plusquam
3345 1407 3441 1461 sibi
3461 1423 3540 1461 rex
3566 1406 3675 1461 Deus
3694 1423 3756 1461 au-

3591 1500 3709 1572 [clor.

2452 1589 2774 1646 Formantur
2799 1590 2995 1647 virtute
3014 1591 3108 1646 Dei
3136 1606 3251 1646 mas
3278 1606 3429 1658 unus,
3449 1603 3496 1647 et
3514 1607 3619 1657 una,

2455 1680 2522 1735 Et
2544 1681 2744 1736 multos
2767 1690 2916 1737 creat
2938 1697 3076 1737 unus
3098 1681 3284 1749 homo,
3309 1698 3536 1738 mansura
3559 1697 3734 1753 propago

2198 494 2253 556 Δ

1890 1795 1975 1850 VA
1986 1795 2121 1851 [lle
2160 1790 2561 1854 LECTIONES.

657 1889 777 1943 597.
809 1890 951 1954 Vat.,
977 1897 1191 1958 tangunt
1217 1888 1361 1941 labra
1381 1906 1431 1958 p.
1467 1886 1632 1950 Vict.,
1661 1888 1823 1956 tangit
1848 1887 2014 1957 ﬂabra
2034 1905 2088 1959 p.

658 1960 780 2015 598.
810 1960 954 2028 Vat.,
986 1960 1093 2014 lucc
1114 1960 1371 2013 brnmanis
1395 1968 1434 2011 t.

656 2033 778 2087 605.
794 2030 940 2093 Vat.,
960 2030 1133 2083 Mollis
1149 2032 1211 2082 ab
1226 2030 1473 2083 immenso
1494 2028 1739 2082 mittenda
1761 2028 1900 2095 fonte
1929 2043 2157 2096 perenni.

588 2102 774 2165 δῖε-ιιι,
821 2100 1029 2155 ﬂabilis
1057 2102 1298 2153 immenso
1326 2100 1526 2153 veniens
1551 2116 1578 2153 e
1620 2099 1760 2166 [ante
1788 2098 1996 2169 perenni
2026 2114 2045 2153 :
2084 2099 2163 2153 sic

601 2170 758 2239 Vict.,
792 2172 883 2225 sed
914 2171 1100 2225 nobilis
1129 2185 1223 2237 pro
1251 2170 1469 2223 mobilis.

652 2242 776 2295 60t.
807 2242 953 2305 Vat.,
986 2250 1286 2303 vomuntur;
1310 2241 1417 2305 alii,
1456 2247 1736 2293 moventur.

656 2312 781 2367 607.
807 2312 953 2372 Vat.,
985 2328 1039 2377 ρ.
1074 2310 1326 2363 montibus
1355 2326 1407 2363 a.

655 2382 778 2435 608.
812 2382 884 2435 Ita
910 2381 1030 2434 Vat.
1066 2380 1252 2462 Situm,
1289 2394 1337 2431 r.
1369 2394 1628 2447 nunquam
1661 2381 1880 2451 speravit
1910 2396 1961 2435 ο.
1993 2379 2161 2447 Vict.,

587 2470 630 2505 r.
659 2467 917 2530 nunquam
943 2452 1239 2531 sperabit_o.

817 2520 976 2601 _\iet.,
1006 2520 1145 2601 Quas
1169 2530 1478 2601 incessanter
1504 2521 1827 2601 licetuetwmit
1924 2539 1978 2601 ρἶ

654 2592 779 2645 611.
806 2590 1028 2661 Azagr..
1057 2590 1346 2644 hominibus
1373 2605 1469 2659 pro
1498 2591 1747 2643 omnibus.
1786 2590 1927 2655 Vat.,
1960 2591 2038 2645 his
2066 2604 2164 2661 pro

586 2662 685 2726 hic,
713 2670 806 2715 aut
834 2665 896 2715 is.
928 2659 1089 2726 Vict.,
1116 2670 1155 2713 t.
1184 2663 1468 2728 ﬂammant.

2195 1888 2242 1950 Β
2276 1961 2281 1962 ί
2340 1888 2463 1944 612.
2516 1888 2733 1957 Azagr.,
2774 1887 2847 1943 N.
2885 1906 2955 1944 m.
2996 1906 3228 1961 unquam
3265 1891 3489 1946 detractis
3527 1892 3581 1944 ab
3616 1891 3759 1962 ignibus

2266 1961 2467 2102 ῳὴέ
2491 2030 2676 2102 Sirm.,
2706 2030 2806 2084 Hic
2833 2039 3053 2102 quastus
3083 2047 3185 2085 non
3212 2032 3396 2084 damna
3419 2041 3617 2101 parant:
3640 2033 3679 2084 in
3704 2034 3761 2102 fo-

2266 2100 2627 2225 rpiteJIammis
2659 2101 2909 2155 Detractis
2938 2102 3137 2171 auferte
3157 2103 3341 2173 jubar,
3373 2100 3614 2155 succiditur
3634 2100 3760 2169 ignis:

2267 2173 2348 2226 sic
2421 2172 2535 2226 ict..
2564 2170 2657 2225 sed
2689 2172 2768 2225 liis
2799 2186 2896 2226 pro
2920 2172 3023 2226 hic.
3054 2182 3107 2226 et
3150 2174 3464 2226 succenditur
3490 2182 3573 2226 ut!)
3597 2174 3760 2224 succidi-

2268 2185 2348 2226 Slc
2377 2181 2535 2236 Vict.,
2564 2181 2657 2225 sed
2689 2181 2768 2225 Itis
2799 2186 2896 2240 pro
2920 2181 3023 2235 hic,
3054 2182 3107 2226 et
3150 2181 3464 2226 succenditur
3490 2182 3573 2239 pit)
3597 2181 3760 2224 succidi-

2268 2250 2370 2297 tur.
2404 2243 2620 2310 Azagr.,
2663 2239 2727 2293 In
2767 2250 2989 2310 quwstus
3030 2257 3130 2295 non
3158 2243 3347 2295 damna
3380 2253 3544 2305 parant
3570 2243 3611 2294 in
3637 2245 3761 2309 {aiizite

2266 2314 2502 2395 ﬂammas
2536 2312 2787 2365 Detracta:
2812 2313 2895 2364 cui
2916 2316 3045 2381 forte
3059 2312 3222 2383 jubar
3248 2313 3527 2367 subducitur
3548 2311 3759 2380 ignis.\’al.

2268 2390 2327 2436 ut
2354 2382 2516 2437 edidi.

2485 2452 2757 2535 _Vict.,.m.
2790 2453 3000 2535 fortuna
3028 2468 3073 2505 c.
3176 2524 3187 2535 '

2337 2522 2461 2593 617.
2485 2523 2631 2587 Vat.,
2661 2522 2855 2576 homini
2882 2522 3110 2593 linguam
3141 2522 3258 2577 sibi.

2340 2592 2462 2648 618.
2494 2593 2639 2660 Vat.,
2667 2592 2986 2663 formantur;
3011 2593 3127 2660 alii,
3158 2594 3427 2663 formatur.

2100 2734 2327 2810 nom;

652 2847 778 2904 597.
809 2845 913 2900 Pro
938 2843 1207 2899 lllustrata
1235 2842 1465 2899 fortasse
1504 2844 1644 2899 aliud
1672 2846 1889 2911 scripsit
1923 2844 2157 2901 Dracon-

583 2919 709 2983 tius,
745 2916 831 2971 vel
856 2924 1003 2970 terte
1031 2915 1287 2968 illustrata
1317 2914 1580 2983 signiﬁcat
1611 2916 1953 2984 perlnstrata,
1987 2926 2046 2971 ut
2070 2918 2156 2971 di-

582 3004 699 3043 cam
731 2986 797 3042 ad
828 3003 883 3042 v.
908 2985 979 3039 45
1010 2986 1100 3038 lib.
1128 3001 1184 3039 ιι.
1222 2983 1413 3038 Flabra
1435 3000 1465 3038 a
1491 2983 1621 3052 ﬂatu
1649 3001 1748 3039 vox
1782 2987 1985 3055 poetica
2017 2997 2119 3041 est.

653 3059 777 3113 598.
823 3055 1146 3111 Prudentius
1190 3071 1227 3109 ιι
1264 3063 1449 3127 contra
1486 3057 1718 3127 Symm.,
1754 3072 1807 3110 v.
1853 3056 1979 3117 8H,
2008 3058 2157 3111 Addo

581 3129 746 3192 aliud,
777 3135 976 3182 nostros
1010 3134 1184 3192 potant
1211 3126 1456 3179 animalia
1491 3130 1747 3193 {ontes....
1790 3135 1965 3179 nostra
2003 3130 2158 3182 intrat

582 3211 627 3253 et
652 3200 785 3266 ipsos
816 3198 960 3266 Aura
994 3212 1164 3260 canes,
1194 3198 1483 3266 animatque
1507 3197 1601 3250 leui
1631 3197 1740 3264 [era
1763 3213 1977 3266 corpora
2005 3201 2156 3266 ﬂatu.

2263 2858 2411 2925 ptum
2445 2850 2544 2904 fuit
2579 2852 2810 2925 Artiﬁcis
2848 2857 3097 2920 formante
3134 2871 3292 2909 manu
3333 2856 3515 2925 digesta
3540 2863 3763 2925 vomuntur.

2262 2919 2512 2995 Vo_mere,
2547 2931 2606 2975 ut
2635 2919 2929 2995 ell'undere,
2973 2932 3057 2981 est
3093 2924 3243 2995 large
3283 2919 3534 2982 emiitere.
3574 2924 3764 2995 Virgilius

2261 3004 2295 3042 ll
2318 2991 2537 3059 Georg.,
2564 3008 2617 3046 v.
2651 2993 2778 3057 462,
2807 2993 2960 3049 Mane
2978 2991 3298 3050 salutantum
3328 2998 3441 3051 totis
3466 2998 3598 3050 vomit
3622 2991 3763 3049 adibit:

2261 3062 2476 3114 undam.
2507 3062 2637 3117 Vide
2658 3078 2708 3116 v.
2742 3066 2865 3128 609,
2892 3065 3032 3121 Licet
3060 3076 3283 3120 evomat.

2334 3132 2459 3185 605.
2484 3132 2699 3200 Quasrat
2723 3137 2913 3204 aliquis
2940 3153 3034 3192 cur
3064 3152 3263 3191 munus
3291 3137 3389 3193 hoc
3425 3137 3555 3192 dicat
3577 3138 3762 3191 irrevoca-

2261 3200 2379 3277 bile,
2427 3218 2549 3277 cum
2594 3219 2751 3259 versu
2804 3200 2915 3272 seq.
2966 3209 3198 3262 fateatur
3242 3223 3333 3263 eas
3377 3223 3458 3263 res
3501 3210 3651 3277 perire
3682 3208 3762 3277 ltge

582 3256 743 3347 hiulta
762 3267 921 3321 habet
938 3256 1259 3322 Prudentius
1281 3281 1308 3318 a
1334 3256 1473 3347 vers.
1493 3256 1646 3347 7βοιί
1659 3282 1697 3347 ιι
1714 3256 1898 3321 contra
1924 3256 2155 3347 Symm.,
2185 3256 2231 3319 C
2263 3256 2473 3347 diurna.
2504 3256 2922 3347 Dracontius'de
2949 3256 3763 3347 {Sinni‘ieré'n'ni'éicciss'nbeilic

584 3338 706 3393 Non
752 3353 876 3407 nego
916 3350 1231 3390 communem
1263 3338 1456 3391 cunctis
1490 3338 1764 3392 viventibus
1802 3338 2155 3406 usum'Aeris,

582 3419 859 3480 astrorum,
888 3408 1074 3480 pelagi,
1108 3416 1238 3480 etc.,
1280 3422 1401 3476 qua:
1436 3407 1711 3480 simillima
1754 3416 1881 3480 sunt
1924 3409 2004 3463 his
2040 3425 2161 3480 quas

582 3477 900 3547 Dracontius
927 3477 1177 3547 edisserit
1206 3486 1261 3530 et
1287 3493 1404 3544 qua:
1429 3477 1655 3533 fortasse
1681 3479 1723 3532 is
1750 3479 1961 3547 legerit.

651 3549 773 3605 600.
820 3546 1113 3619 De__spiritu‘
1151 3546 1512 3619 divinonunc
1543 3548 1679 3619 agit,
1724 3546 1933 3619 dequo
1964 3550 2156 3606 iterum

584 3618 674 3673 lib.
708 3633 766 3686 tt,
795 3633 846 3671 v.
878 3614 1142 3686 δίδωμι..
1176 3617 1465 3671 simillimis
1494 3614 1671 3672 verbis
1704 3628 1757 3673 et
1784 3614 2083 3674 sententiis.

622 3682 779 3761 ⁴ϐοὶ.
810 3682 1059 3741 Barthius
1082 3682 1303 3761 coniicit
1345 3686 1492 3761 Unde
1519 3705 1673 3758 genus
1709 3690 1910 3761 diversa
1951 3691 2158 3745 trahunt

581 3756 627 3830 rt
650 3760 1041 3830 seminarerum
1076 3756 1291 3830 Nubilia
1316 3772 1335 3811 :
1361 3756 1605 3812 immenso
1634 3760 1764 3811 venit
1806 3775 1893 3813 ens
1926 3777 1953 3813 e
1989 3765 2152 3830 fonte.

582 3829 802 3884 Perenni
829 3828 1054 3897 Artiﬁcis
1072 3828 1306 3952 Igorrnata
1333 3844 1510 3893 manu,
1535 3830 1731 3898 digesta
1756 3828 2019 3883 mouentur
2053 3831 2155 3885 0r-

582 3900 697 3952 dine
723 3906 901 3951 cuncta
930 3914 1041 3951 suo.
1120 3898 1315 3952 xolicat
1342 3913 1471 3952 vero
1501 3917 1512 3952 :
1542 3899 1801 3952 Suprema
1836 3900 1926 3952 illa
1951 3908 2007 3952 et
2031 3902 2155 3952 sub-

581 3900 697 3953 dine
723 3906 901 3951 cuncta
930 3914 1041 3951 suo.
1072 3898 1315 3967 Explicat
1342 3913 1471 3952 vero
1501 3917 1512 3952 :
1542 3899 1801 3966 Suprema
1836 3900 1926 3953 illa
1951 3908 2007 3956 et
2031 3902 2158 3955 sub-

580 3970 895 4024 stantiarum
933 3969 1173 4021 omnium
1213 3971 1329 4022 fons
1360 3986 1447 4021 ens
1496 3969 1695 4023 dicitur
1715 3984 1781 4024 ex
1813 3985 1964 4023 sacra
1992 3972 2154 4026 etiam

580 4040 871 4106 Scriptura,
890 4037 977 4091 ubi
1003 4038 1254 4092 Dominus
1284 4041 1418 4092 Deus
1442 4039 1675 4105 loquitur
1699 4057 1711 4091 :
1741 4040 1842 4103 Qui
1868 4050 1961 4107 est,
1977 4051 2152 4099 etc....

580 4110 752 4162 Omne
778 4122 907 4175 ergo
924 4122 1026 4177 eus
1051 4108 1119 4161 ab
1150 4109 1413 4162 immenso
1440 4109 1530 4161 illo
1557 4109 1905 4177 omniumque
1941 4126 2153 4167 summo

580 4181 725 4232 tonte
754 4176 1124 4243 proﬁciscitur.
1168 4177 1380 4229 Nubilia
1407 4187 1606 4242 autem,
1642 4180 1761 4243 quia
1803 4176 1925 4232 vita:
1951 4196 2016 4235 ex
2046 4182 2155 4235 alto

578 4248 858 4317 venientes
888 4244 1091 4317 nubunt
1120 4250 1262 4301 velut
1284 4248 1617 4315 corporibus,
1639 4257 1744 4302 etc.
1773 4250 1931 4302 Addit
1950 4260 2152 4317 autem,

579 4315 916 4386 conjecturas
944 4313 1040 4386 has
1059 4330 1205 4386 esse,
1239 4326 1294 4370 et
1323 4313 1410 4371 vix
1444 4317 1685 4371 invenire
1714 4318 1853 4386 apud
1880 4313 2151 4377 auctorem

581 4385 956 4457 suumitidem.»
985 4384 1207 4457 Difﬁcile
1230 4387 1461 4457 quidem
1496 4396 1577 4441 est
1617 4384 1799 4442 veram
1833 4390 2151 4457 scripturam

581 4455 843 4528 invenire.
866 4456 917 4509 ln
947 4455 1171 4528 lcetione
1201 4456 1319 4511 Vat.
1335 4457 1421 4528 hic
1436 4465 1518 4510 est
1539 4471 1728 4511 sensus
1753 4476 1765 4510 :
1790 4460 1833 4528 Α
1856 4455 1966 4512 Deo
1985 4475 2154 4528 genus

580 4527 802 4600 trahunt
828 4526 1031 4600 semina
1061 4542 1237 4580 rerum
1260 4536 1315 4600 et
1340 4526 1571 4600 diversa.
1599 4534 1659 4600 e_t_
1678 4526 1831 4600 molis
1853 4526 2150 4600 immensas,

582 4596 836 4651 mittenda
864 4612 893 4649 e
917 4595 1061 4669 fonte
1086 4596 1448 4669 perenni._Vel
1474 4597 1589 4669 lege
1613 4595 1759 4651 Unde
1780 4616 1934 4669 genus
1955 4595 2154 4657 diversa

580 4669 808 4728 trahunt,
841 4675 886 4718 rt
914 4668 1106 4719 semina
1134 4683 1303 4720 rerum
1333 4665 1598 4720 Nobilium
1623 4665 1868 4721 immenso
1896 4672 2098 4724 ueniunt
2127 4689 2156 4726 e

582 4739 719 4806 fonte
746 4737 970 4807 perenni.
998 4736 1103 4789 lies
1128 4737 1351 4791 mobiles
1377 4747 1537 4790 erunt
1559 4752 1665 4801 res,
1698 4753 1816 4807 qute
1846 4754 2149 4806 moventur,

580 4819 669 4861 aut
701 4806 907 4877 moveri
929 4816 1175 4875 possunt,
1206 4818 1297 4860 aut
1327 4821 1412 4863 res
1442 4808 1744 4872 mutabiles,
1777 4824 2000 4877 quarum
2034 4812 2153 4866 alia:

580 4879 696 4930 aliis
720 4875 1044 4930 succedunt:
1068 4892 1187 4930 nam
1212 4878 1279 4930 de
1303 4878 1383 4930 his
1408 4877 1592 4945 incipit
1616 4880 1779 4945 loqui,
1797 4875 1852 4934 et
1875 4882 1974 4935 hoc
1995 4897 2153 4936 sensu

580 4947 791 5000 videtur
816 4945 1181 5014 accipiendum
1209 4956 1468 5000 moventur
1494 4964 1545 5002 v.
1570 4949 1691 5010 600,
1721 4949 1821 5003 hoc
1843 4959 1925 5003 est
1947 4966 2155 5005 mutan-

580 5030 682 5086 tur,
709 5026 760 5069 ct
789 5030 931 5070 vers.
956 5015 1049 5069 601
1083 5026 1259 5085 urget,
1303 5016 1549 5072 videlicet
1577 5019 1801 5086 impellit
1823 5060 1837 5082 ,
1880 5022 2152 5086 prOpt-llit.

580 5085 776 5141 Verum
808 5100 927 5139 cum
955 5085 1045 5137 lib.
1086 5101 1142 5152 tt,
1173 5103 1223 5140 ν.
1257 5088 1345 5151 35,
1375 5086 1533 5141 moles
1561 5085 1804 5141 immensa
1832 5085 1932 5143 huc
1964 5090 2152 5146 eodem

582 5158 643 5229 in
665 5165 976 5229 argumento
1008 5154 1303 5229 de__ntundo
1332 5156 1564 5229 dicatur,
1599 5158 1756 5213 lectio
1784 5168 1837 5213 ct
1872 5159 2151 5229 interpun-

580 5227 685 5281 ctio
711 5228 825 5279 haec
854 5225 1145 5293 probabilis
1166 5227 1418 5291 occurrit,
1440 5243 1559 5296 qua:
1582 5228 1852 5283 nonnullis
1874 5225 2027 5285 certa'
2041 5232 2153 5287 visa

578 5308 677 5360 est,
698 5296 846 5351 Unde
865 5312 1022 5368 genus
1044 5296 1241 5349 diversa
1261 5296 1467 5349 trahunt
1492 5306 1539 5351 et
1561 5299 1750 5353 semina
1774 5315 1962 5365 rerum,
1992 5301 2153 5358 Moles

578 5378 624 5439 et
654 5367 894 5419 immensa
925 5367 1167 5419 mittenda
1190 5383 1218 5439 e
1238 5371 1381 5439 fonte
1399 5369 1747 5433 perenni,etc.
1766 5369 1967 5439 Nempe
1983 5372 2150 5426 moles

579 5438 838 5507 immensa
854 5446 1115 5507 correpto
1144 5454 1170 5491 e
1196 5438 1249 5492 in
1280 5437 1457 5501 moles,
1500 5449 1555 5491 ιιι
1595 5440 1647 5491 in
1680 5443 1839 5507 fames
1877 5437 1931 5495 et
1958 5440 2149 5495 simili-

578 5509 675 5562 bus
696 5506 822 5563 fecit
853 5504 1195 5576 Prudentius,
1222 5511 1333 5562 sive
1362 5509 1515 5561 malis
1536 5504 1771 5564 scribere
1802 5512 1948 5565 molis
1971 5511 2023 5564 in
2052 5527 2149 5564 no-

578 5578 860 5650 minativo.
878 5575 990 5629 Huc
1005 5577 1163 5631 etiam
1184 5575 1525 5647 lacitVirgilii
1570 5593 1756 5650 versus
1784 5580 1817 5632 Ι.
1834 5596 1904 5645 vt,
1922 5579 2148 5650 Spiritus

578 5648 710 5719 intus
732 5648 845 5719 alit,
861 5655 1111 5719 totamque
1132 5650 1307 5717 infusa
1328 5664 1414 5718 per
1445 5661 1587 5701 artus
1604 5647 1748 5703 Mens
1760 5652 1919 5719 agitat
1939 5647 2144 5705 ntalem.

648 5715 975 5787 ﬁﬂ.l._Aptitts
1000 5715 1213 5787 videtur
1232 5715 1495 5787 uomuntur
1515 5733 1671 5787 quam
1698 5715 1958 5774 morientur
1980 5736 1997 5772 :
2022 5736 2144 5776 nam

580 5782 830 5840 praecedit
867 5784 1110 5838 mittenda
1152 5802 1178 5839 e
1214 5786 1353 5855 fonte
1392 5782 1616 5853 perenni,
1657 5803 1718 5842 ac
1754 5789 1977 5845 fortasse
2013 5794 2147 5846 scri-

2182 4630 2234 4692 D

2265 3343 2391 3416 agit.
2423 3342 2615 3416 Omnia
2648 3346 2811 3415 igitur
2838 3347 3030 3403 ordine
3054 3342 3169 3402 suo'
3185 3350 3552 3416 producuntur,
3582 3348 3761 3411 adeoque

2264 3413 2368 3467 alia
2390 3413 2510 3488 aliis
2529 3413 2852 3471 succedunt:
2882 3418 2981 3473 hoc
3003 3433 3131 3488 ergo
3153 3413 3238 3474 est
3258 3420 3583 3476 irrevocabile
3602 3430 3760 3478 munus,

2264 3493 2322 3537 ut
2343 3485 2520 3559 series
2545 3500 2721 3540 rerum
2753 3501 2857 3541 non
2894 3485 3334 3559 interrumpatur.

2334 3555 2457 3609 606.
2485 3551 2809 3629 Oxymorum
2841 3567 2895 3613 et
2916 3551 3227 3629 oppositio,:
3263 3563 3511 3629 pereuntia
3538 3573 3626 3615 non
3654 3558 3753 3629 integ-

2261 3635 2439 3700 reunt,
2461 3626 2583 3693 quia
2608 3628 2707 3700 etsi
2736 3626 3319 3700 pereaut’paliaitameu
3354 3632 3573 3700 ejusdem
3604 3627 3761 3700 geneiis

2261 3695 2513 3749 continua
2543 3697 2685 3772 serie
2709 3695 3082 3772 subrogantur.
3112 3695 3408 3771 Exemplis,
3435 3716 3541 3772 qum
3560 3698 3761 3753 adducun.

2263 3775 2368 3826 tur,
2406 3780 2491 3819 res
2518 3768 2796 3823 manifesta
2820 3768 2895 3823 ﬁt.
3010 3808 3019 3815 ς

2331 3835 2454 3910 607.
2498 3836 2847 3910 Ecclesiastes
2896 3854 3014 3910 cap.
3064 3857 3102 3905 ι,
3139 3856 3192 3894 v.
3244 3845 3297 3908 7,
3346 3844 3424 3896 Ad
3466 3843 3626 3903 locum,
3656 3836 3761 3910 unde

2259 3909 2439 3983 ςεραηὶ
2478 3909 2731 3976 ιβυιηὶηα,
2782 3908 3121 3983 reuertuntur,
3158 3922 3217 3966 ut
3254 3915 3432 3967 iterum
3462 3916 3618 3983 ﬂuant.
3646 3908 3762 3983 Origo

2261 3974 2422 4056 igitur
2447 3974 2550 4030 nun
2575 3974 2759 4056 sperat
2785 3980 3007 4056 reditus,
3038 3984 3158 4051 quia
3189 3974 3757 4056 occultum'esthua‘vis

2260 4044 2499 4120 ﬂumina
2523 4048 2589 4101 ad
2610 4044 2827 4115 locum,
2871 4044 3009 4105 unde
3035 4044 3256 4120 exeunt,
3286 4055 3515 4109 redeant.
3549 4044 3760 4117 Lindi/laus

2259 4130 2356 4183 pro
2393 4118 2622 4171 undosus
2653 4120 2743 4173 vix
2771 4129 2895 4175 ante
2925 4121 3191 4177 Dracontii
3225 4118 3472 4179 Smcnlum
3501 4122 3752 4176 invenietur.

2331 4184 2831 4259 609.7Hieronymus
2855 4190 2989 4245 dixit
3008 4193 3395 4259 incessabiliter,
3423 4195 3556 4248 Zeno
3588 4193 3758 4258 impera-

2260 4262 2344 4309 tor
2368 4266 2416 4307 et
2442 4258 2764 4319 Apollinaris
2792 4260 3045 4316 Sidonius
3066 4258 3397 4319 incessanter.

2330 4326 2455 4380 61οο
2489 4326 2642 4402 Unda
2662 4331 2841 4402 ﬂuenti
2865 4347 2957 4386 seu
2980 4331 3214 4387 ﬂuminis
3240 4351 3342 4390 non
3365 4336 3518 4389 sentit
3540 4333 3757 4402 iacturam.

2257 4393 2372 4475 lilon
2411 4393 2731 4475 male_esset
2775 4396 3042 4475 Iacturam
3089 4413 3255 4458 tamen
3301 4408 3417 4458 inde
3462 4393 3594 4475 negat
3626 4399 3758 4453 sentit!

2257 4468 2525 4541 βυςηζυηε.
2554 4466 2684 4541 Inde
2708 4479 2763 4525 et
2792 4473 2931 4525 unda
2956 4487 3098 4541 saepe
3117 4466 3577 4530 coufundrmturin
3604 4484 3704 4523 mss.

2260 4605 2271 4615 ι
2330 4536 2453 4615 615.
2484 4538 2731 4594 Barthius
2756 4542 2789 4593 l.
2819 4557 2855 4596 ιι
2878 4536 3281 4615 Advers.,cap.
3312 4547 3397 4610 19,
3428 4546 3553 4598 hanc
3577 4542 3757 4615 regulam

2260 4610 2311 4657 in
2360 4610 2605 4683 universa
2654 4618 2840 4665 natura
2882 4613 3146 4667 dominari
3190 4616 3288 4682 ait,
3335 4630 3384 4671 et
3423 4615 3658 4683 eleganter
3689 4611 3758 4659 hoc

2258 4690 2464 4751 versus
2485 4679 2781 4751 _Dracontio
2801 4684 3050 4751 exprimi.

2331 4746 2454 4825 6H:
2484 4747 2677 4825 ln_t_am
2709 4746 3217 4825 variis'lectionibus
3247 4757 3503 4825 scriptura
3530 4753 3633 4808 Val.
3662 4761 3758 4825 ΡΨ

2258 4816 2474 4889 ferenda
2507 4819 2739 4880 videtur.
2771 4822 2924 4889 cujus
2954 4821 3040 4876 hic
3069 4834 3150 4878 est
3176 4816 3385 4880 sensus.
3427 4826 3547 4878 Cum
3582 4837 3634 4875 ex
3658 4816 3758 4871 alio-

2259 4901 2377 4966 rum
2406 4886 2782 4966 lucrisdamna
2812 4886 3035 4945 aliorum
3064 4897 3274 4966 soleant
3297 4896 3527 4957 evenire,
3548 4898 3756 4966 nummi:

2257 4956 2448 5028 quibus
2474 4958 2611 5027 ignis
2639 4974 2702 5013 ex
2729 4961 2849 5028 igne
2880 4963 3208 5024 accenditur.
3235 4967 3318 5020 cui
3342 4956 3523 5019 damna
3546 4956 3759 5028 inferum?

2258 5026 2359 5103 (Sui
2387 5026 2809 5103 ignisucciditur
2830 5031 2990 5099 jubar
3008 5049 3073 5088 ex
3096 5048 3161 5088 eo
3187 5038 3327 5103 quod
3351 5037 3467 5090 inde
3490 5036 3669 5087 ﬂamma
3693 5027 3758 5079 dc-

2260 5096 2537 5151 trahatur?
2568 5098 2693 5154 Haec
2714 5096 2890 5156 autem
2920 5106 3185 5158 sententia
3207 5096 3401 5160 clarior
3420 5108 3516 5160 erit
3538 5104 3574 5157 si
3603 5102 3758 5167 legal"!

2258 5167 2310 5247 in
2338 5168 2757 5247 [duriter/lemma
2789 5171 3063 5247 Detractis,
3090 5176 3177 5247 cui
3198 5176 3328 5241 forte
3344 5177 3494 5247 jubar
3519 5170 3757 5247 subduci!"

2256 5236 2401 5313 fimi?
2436 5235 2600 5313 ἔκραν’
2625 5256 2734 5313 pro
2773 5243 2959 5311 quovis
2994 5235 3277 5310 splendore
3314 5235 3431 5313 poni
3460 5239 3697 5313 solet:sic
3715 5249 3753 5313 γ.

2256 5306 2380 5379 659,
2403 5308 2588 5379 {uber
2618 5306 2749 5379 ignis
2778 5306 2948 5367 anheli
2966 5330 2983 5379 ;
3014 5306 3105 5369 lib.
3129 5330 3205 5379 ιιι,
3235 5331 3287 5369 v.
3314 5306 3371 5379 ἒ,
3397 5314 3551 5368 Iubar
3582 5307 3755 5365 wlhert's.
3848 5322 3849 5329 η

2258 5376 2554 5431 Succiditur
2574 5376 2657 5433 est
2694 5376 3034 5444 subsecatur;
3062 5376 3475 5440 subducitur'erit
3495 5380 3752 5437 detrahitur.

2256 5446 2572 5525 subripitur,
2601 5459 2659 5525 ut
2686 5466 2738 5503 v.
2764 5451 2888 5517 557,
2925 5454 3037 5525 Vita
3055 5459 3219 5525 grauis
3244 5457 3495 5509 hominum
3517 5449 3755 5525 subducitur

2254 5516 2435 5585 impete
2474 5521 2682 5583 mortis;
2708 5530 2780 5589 iet
2813 5516 2880 5576 v.7
2914 5524 3035 5589 668,
3055 5516 3297 5579 'Nuntms
3321 5540 3511 5579 aurora?
3536 5521 3754 5589 subducta!

2249 5597 2410 5662 morte
2438 5588 2652 5662 diurna.
2694 5588 2758 5641 In
2791 5592 2966 5659 fomite
2994 5588 3211 5662 ﬂamma:
3235 5597 3465 5648 detractio
3492 5588 3751 5661 intelligitur

2248 5654 2441 5779 inlipsa
2466 5660 2687 5713 materia
2715 5654 2861 5715 arida
2890 5654 3142 5731 ﬂamma,
3168 5680 3285 5734 qum
3313 5680 3376 5721 ex
3405 5665 3506 5719 alio
3526 5664 3629 5731 igne
3645 5656 3751 5712 om

2248 5740 2296 5779 ω
2328 5744 2409 5779 ttr.

2248 5740 2409 5792 pttttr.

2317 5798 2438 5852 616.
2474 5798 2545 5853 De
2575 5800 2744 5866 fetura
2772 5801 2892 5857 vide
2922 5818 2973 5857 v.
2999 5802 3102 5857 455
