3942 6310
132 421 224 479 757

294 533 498 590 Mortua
525 534 614 590 lux
642 534 741 589 sub
768 533 889 590 luce
919 533 1078 601 cadit,
1110 535 1249 605 perit
1277 549 1435 590 aurea
1463 537 1607 605 luna,

296 627 470 697 Atque
495 642 591 696 per
620 641 892 692 ascensus,
923 637 977 682 et
1003 643 1202 683 cornua
1234 628 1435 698 colligit
1461 632 1629 699 ignes,

134 720 225 775 665
294 720 452 791 203
482 719 547 775 Et
574 720 700 775 dum
732 733 873 776 caeca
903 720 1061 787 latet,
1093 729 1340 791 reparato
1372 720 1573 777 lumine
1596 721 1703 777 ful-

1492 813 1633 884 lcet.

296 904 652 975 Mentiturque
676 903 818 959 diem
849 904 937 958 lux
966 903 1185 975 frigida,
1210 905 1340 960 solis
1370 904 1566 976 imago.

294 996 545 1054 Lucifero
575 995 834 1052 redeunte
865 995 987 1066 polo
1019 997 1319 1052 moriuntur
1345 1006 1397 1052 et
1426 1006 1589 1052 astra.

299 1090 525 1145 Nuntius
551 1104 762 1145 aurorae
786 1089 1079 1145 subductus
1106 1099 1277 1145 morte
1298 1090 1485 1146 diurna

296 1180 510 1236 Lucifer
535 1181 835 1237 exstinctus
857 1179 1029 1235 reiicit
1058 1194 1153 1249 per
1180 1180 1353 1236 sidera
1383 1181 1643 1246 flammas,

132 1274 224 1325 070
295 1271 362 1326 Et
390 1281 685 1327 nocturnus
710 1285 873 1342 eques
902 1271 1057 1339 iubar
1084 1273 1276 1326 emicat
1309 1272 1429 1341 igne
1457 1287 1699 1327 corusco.

1329 423 1607 482 CARMEN
1645 421 1734 481 DE
1773 423 1926 481 DEO.
1972 423 2093 481 LIB.
2139 425 2177 479 l.

1728 536 1783 597 Α

3279 425 3382 481 758

1987 537 2214 593 Roscida
2249 537 2527 606 puniceum
2556 549 2813 606 spargens
2842 550 3034 590 aurora
3065 535 3313 591 ruborem

1984 628 2146 701 204
2172 628 2325 684 Ducit
2358 628 2551 698 ubique
2589 626 2764 693 diem,
2788 627 3083 697 periturum
3126 629 3296 683 nectis
3324 628 3389 682 ab

3047 722 3275 791 [umbris
3303 740 3315 774 :

1984 812 2053 868 Et
2079 821 2256 871 tamen
2286 816 2400 869 haec
2427 812 2654 869 ue.sole
2693 813 2862 885 perit,
2888 827 2997 883 quo
3023 814 3186 869 missa
3230 814 3390 869 rube-

3211 907 3319 961 bat.

3211 907 3319 961 bat.

1992 997 2085 1054 Sol
2117 998 2303 1055 oculus
2334 997 2454 1054 cmli
2474 1038 2489 1063 ,
2514 997 2745 1067 famulus
2770 1011 2934 1067 super
2960 1004 3101 1052 astra
3133 906 3385 1064 minantis,

1808 1088 1913 1145 675
1985 1089 2151 1161 Cujus
2189 1090 2257 1146 ab
2301 1090 2578 1147 immensis
2624 1090 2976 1161 languescunt
3020 1092 3196 1147 sidera
3238 1090 3387 1142 ﬂatu-

3194 1200 3321 1246 IIIIS.

3194 1200 3261 1237 Illl

1990 1274 2051 1327 Ni
2080 1275 2267 1345 gelidis
2297 1276 2561 1332 animetur
2589 1276 2740 1345 aquis
2771 1290 2865 1346 per
2893 1276 3088 1331 casula
3119 1184 3289 1346 pdltI:

1428 1382 1511 1437 VA
1523 1383 1661 1438 Rl/E
1704 1384 2100 1443 LECTIONES.

195 1500 309 1555 665.
342 1498 418 1554 ita
451 1498 605 1561 Vat.;
639 1500 840 1560 caeteri,
870 1515 937 1550 m.
964 1514 1065 1551 nox
1094 1516 1137 1551 s.

194 1572 310 1625 661.
347 1570 489 1632 Vat.,
522 1587 610 1636 per
632 1586 865 1622 assensus
894 1580 962 1622 et.

197 1642 312 1695 665.
348 1640 515 1705 Vict.,
541 1641 715 1691 latent.
746 1638 886 1699 Vat.,
914 1640 1035 1691 dum
1065 1640 1188 1692 caelo
1217 1640 1336 1692 latet
1362 1657 1408 1692 r.

200 1712 313 1765 670.
350 1710 539 1775 Sirm.,
564 1708 951 1780 Yict.,4exhinc
993 1710 1252 1763 nocturnis
1290 1711 1326 1762 i.
1362 1711 1552 1780 Azagr.
1600 1710 1702 1775 ita,

134 1782 215 1837 sed
246 1790 542 1834 nocturnus.
574 1779 711 1845 Vat.,
745 1778 804 1831 Et
834 1790 974 1832 nocet
1003 1797 1143 1833 unus
1162 1797 1309 1849 eques
1331 1781 1368 1833 ὁ.
1396 1798 1437 1833 c.
1470 1778 1505 1835 ἶ.
1535 1797 1579 1835 c.

194 1850 306 1906 675.
343 1850 483 1918 Vat.,
510 1850 633 1905 Sole
653 1851 834 1920 premit
863 1852 1131 1903 commissa
1149 1847 1357 1906 rubebat
1376 1868 1393 1915 ;
1415 1851 1480 1905 ad
1506 1865 1699 1920 marg.,
1731 1847 1783 1908 Β

1814 1502 2062 1563 obscure,
2091 1502 2235 1570 perit.
2264 1500 2428 1564 Vict.,
2459 1502 2600 1570 petit.

1883 1573 2006 1625 674.
2044 1571 2185 1635 Vat.,
2210 1571 2320 1624 sola
2340 1572 2486 1641 cujus
2516 1573 2645 1625 cteli.

1883 1642 2007 1696 675.
2056 1644 2215 1708 Vict.,
2240 1642 2301 1693 ab
2331 1652 2535 1708 aspectu
2557 1642 2593 1694 l.
2622 1658 2663 1695 s.
2692 1643 2824 1695 cali.

1882 1712 2008 1783 676.
2041 1711 2206 1779 Vict,
2237 1727 2299 1765 ne
2328 1731 2378 1783 g.
2403 1713 2655 1766 animetur
2690 1728 2741 1765 a.
2766 1711 2951 1777 Sirm.,
2978 1714 3031 1767 ni
3061 1732 3109 1783 g.
3143 1718 3395 1771 animetur.I

1812 1798 1864 1835 α.
1893 1782 2036 1851 Vat.,
2069 1783 2123 1837 ni
2147 1802 2199 1855 g.
2226 1782 2521 1838 animantur
2547 1799 2622 1848 a.,°
2647 1798 2837 1853 supra,
2860 1782 3165 1840 animentur.

1638 1963 1866 2019 NOTAE.

194 2077 308 2133 665.
342 2078 610 2132 Hactenus
628 2092 819 2149 omnes
848 2078 1089 2149 legerunt
1119 2075 1328 2131 Mortua
1360 2091 1462 2131 nox
1480 2078 1571 2131 sub
1594 2077 1709 2149 luce

131 2149 286 2215 cadit,
317 2149 464 2217 quod
504 2147 827 2203 conﬁrmant
866 2147 1023 2203 simili
1072 2150 1336 2202 sententia
1386 2163 1446 2199 ex
1492 2165 1543 2201 v.
1582 2147 1706 2217 116,

133 2216 294 2271 Prima
322 2216 434 2272 dies
475 2235 591 2272 nam
624 2220 749 2273 lucis
792 2228 932 2283 erat,
978 2235 1118 2273 mors
1163 2234 1267 2271 una
1316 2218 1553 2273 tenebris.
1601 2216 1707 2273 Sed

131 2290 380 2355 scriptura
422 2290 539 2344 Vat.
574 2291 695 2343 huic
728 2292 843 2344 loco
880 2290 1112 2343 maxime
1138 2290 1428 2343 convenit:
1462 2290 1704 2357 exempla

130 2361 258 2412 enim
279 2373 627 2428 apponuntur
651 2362 929 2428 luminum,
963 2376 1082 2427 qua:
1112 2360 1212 2414 sub
1231 2360 1417 2427 majori
1448 2360 1565 2414 luce
1595 2375 1709 2412 nio-

130 2432 343 2493 riuntur,
379 2442 435 2484 et
473 2440 651 2498 postea
684 2446 870 2485 rursus
898 2439 1230 2498 comparent.
1259 2430 1404 2484 Luna
1434 2446 1597 2484 aurea
1627 2430 1706 2483 di-

130 2501 251 2571 citur
277 2514 304 2553 a
339 2501 562 2571 Virgilio
591 2500 626 2553 l.
659 2516 674 2555 ι
705 2500 923 2571 Georg.,
949 2516 1003 2554 v.
1034 2498 1159 2569 451,
1204 2509 1259 2555 et
1288 2501 1353 2555 ab
1384 2499 1573 2555 Ovidio
1602 2500 1637 2554 l.
1674 2516 1703 2554 ι

131 2570 352 2635 Metam,
394 2570 451 2624 v.
478 2573 601 2626 M8.

189 2643 304 2696 661.
336 2642 617 2712 Virgilius,
642 2641 676 2695 l.
707 2657 721 2693 ι
762 2642 982 2709 Georg.,
1006 2656 1057 2694 v.
1088 2640 1209 2707 127,
1240 2640 1384 2694 Luna
1405 2649 1707 2695 revertentes

129 2727 226 2792 cum
254 2714 481 2795 primum
507 2714 698 2795 colligit
720 2714 879 2795 ignes:
911 2714 1160 2766 Ascensus
1186 2713 1413 2795 siderum
1437 2712 1574 2779 apud
1602 2712 1708 2765 Pli-

128 2783 257 2834 nium
288 2783 323 2836 l.
355 2799 512 2845 xxix,
544 2798 594 2837 c.
618 2786 669 2847 4,
706 2783 967 2851 significat
1008 2797 1193 2837 eorum
1225 2786 1576 2837 elevationem
1618 2799 1707 2835 su-

127 2866 208 2920 pra
240 2854 599 2918 horizontem,
622 2865 675 2907 ut
706 2854 942 2908 nonnulli
968 2855 1261 2922 explicant.
1289 2854 1604 2908 Dracontius
1625 2870 1707 2905 as-

98 2926 288 2977 ‘census
331 2926 485 2993 luna:
526 2925 689 2978 sumit
728 2940 824 2993 pro
866 2923 1202 2977 incremento
1240 2932 1294 2978 et
1335 2934 1574 2992 tempore
1603 2938 1707 2991 quo

127 2998 320 3048 crescit.
364 2992 484 3049 Sed
515 2995 598 3048 vix
640 2992 825 3049 dubito
869 2995 995 3061 quin
1038 2993 1319 3063 legendum
1361 2995 1428 3047 sit
1455 3011 1705 3047 accessus.

126 3063 422 3119 Macrobius
454 3067 490 3119 l.
517 3081 533 3119 ι
576 3064 625 3118 in
657 3068 845 3121 Somn.
876 3067 1049 3133 Scip.,
1080 3080 1199 3134 cap.
1234 3065 1320 3131 11,
1352 3064 1463 3117 Nec
1498 3065 1710 3117 dubium

127 3143 189 3186 rst
213 3136 330 3203 quin
356 3136 481 3206 ipsa
512 3136 680 3207 (luna)
712 3138 775 3193 sit
804 3134 1096 3207 mortalium
1136 3150 1403 3206 corporum
1426 3142 1705 3207 etauctor,

1814 2086 1915 2150 cat.
1943 2078 1997 2130 In
2029 2080 2324 2150 masculino
2349 2093 2564 2150 genere;
2579 2081 2737 2150 jubar
2777 2097 2957 2135 aureus
2994 2082 3127 2135 dixit
3166 2082 3397 2142 Severus

1814 2149 1866 2201 in
1894 2151 2132 2219 carmine
2163 2148 2229 2203 de
2251 2147 2504 2213 nam“:
2531 2147 2730 2204 Ennius
2754 2154 2890 2218 apud
2917 2152 3270 2219 Priscianum,
3301 2156 3396 2209 lib.

1812 2234 1864 2293 v,
1891 2216 2093 2293 Interea
2124 2220 2276 2293 fugit
2295 2221 2439 2293 albus
2462 2220 2617 2293 jubar
2647 2216 2959 2293 Hyperionis
2986 2239 3188 2276 cursum
3211 2241 3230 2277 :
3256 2216 3399 2293 quod

1812 2289 1878 2365 tle
1912 2290 2137 2365 lucifero
2167 2290 2392 2356 accipio,
2420 2289 2508 2359 qui
2540 2289 2746 2346 oriente
2768 2292 2882 2346 sole
2910 2293 3057 2361 fugit.
3084 2294 3188 2347 Alii
3216 2289 3400 2365 legunt

1814 2358 2128 2427 Hyperionis
2158 2376 2328 2413 cursu.

1887 2431 2012 2484 671.
2043 2432 2251 2484 Aurora
2280 2430 2483 2484 roscida
2522 2431 2718 2485 dicitur
2754 2431 2821 2486 ab
2849 2432 3055 2497 Ovidio,
3100 2433 3300 2489 Seneca
3348 2437 3401 2493 in

1816 2509 1984 2565 trag.,
2021 2510 2074 2554 et
2105 2497 2357 2569 Corippo.
2389 2499 2664 2569 Virgilius,
2698 2502 2792 2557 lib.
2832 2519 2937 2569 xit,
2976 2519 3116 2558 vers.
3152 2505 3241 2569 77,
3271 2504 3401 2560 (ἕνα

1814 2571 2036 2694 primum
2064 2572 2291 2625 crastina
2313 2571 2437 2625 caelo
2465 2571 2701 2627 Puniceis
2721 2573 2912 2628 invecta
2942 2576 3068 2629 rotis
3098 2591 3287 2629 aurora
3315 2593 3402 2630 ru-

1846 2659 1873 2694 e
1909 2651 1962 2693 rt.

1846 2651 1962 2695 ebrt.

1886 2711 2010 2789 673.
2043 2709 2291 2767 Barthius
2322 2712 2450 2784 legit
2478 2715 2597 2834 ταοὶ
2622 2713 2796 2767 missa.
2824 2715 2939 2777 Quo
2966 2718 3120 2769 missa
3144 2724 3226 2769 est
3248 2732 3280 2767 a
3298 2734 3401 2786 quo

1889 2800 1971 2834 ssa
1992 2822 2005 2834 .
2034 2783 2159 2834 quia
2186 2798 2391 2834 aurora:
2424 2799 2483 2834 sn
2507 2783 2677 2834 endor
2707 2784 2874 2834 solem
2910 2786 3118 2834 nuntiat
3144 2794 3199 2834 et
3226 2800 3253 2834 a
3283 2789 3401 2834 snln

1818 2784 1971 2834 missa
1992 2822 2005 2842 ,
2034 2783 2159 2847 quia
2186 2783 2392 2837 aurorae
2424 2783 2677 2845 splendor
2707 2784 2874 2836 solem
2910 2786 3118 2839 nuntiat
3144 2794 3199 2839 et
3226 2800 3253 2837 a
3283 2783 3401 2842 sole

1816 2852 2009 2906 oritur.
2044 2852 2320 2907 Fabricius
2340 2863 2394 2907 et
2424 2852 2681 2907 Weitzius
2705 2868 2825 2907 cum
2857 2853 2994 2907 Vict.
3027 2854 3308 2909 ediderunt
3336 2860 3399 2910 de

1814 2922 1921 2975 sole
1968 2924 2119 2988 petit,
2165 2938 2338 2992 neque
2378 2923 2723 2977 adverterunt
2766 2938 3036 2987 errorem,
3078 2926 3165 2991 qui
3218 2927 3401 2981 clarus

1817 3007 1937 3063 esse
1982 2993 2232 3047 videtur:
2273 3008 2394 3046 nam
2441 3008 2633 3049 sensus
2674 3003 2786 3061 est,
2825 3008 3072 3049 auroram
3110 2995 3401 3063 splendore

1816 3062 1942 3115 solis
1970 3063 2211 3117 obrutam
2244 3079 2325 3132 pet
2342 3065 2437 3118 ire.

1891 3132 2014 3187 674.
2042 3132 2357 3189 Ambrosius
2378 3136 2694 3191 Ilexaomer.
2722 3137 2811 3191 lib.
2838 3152 2920 3201 tv,
2941 3150 3058 3205 cap.
3086 3137 3136 3201 1,
3160 3136 3255 3192 Sol
3276 3154 3399 3190 ocu-

132 3214 169 3255 rt
193 3199 472 3271 conditrix,
506 3199 634 3261 adeo
659 3199 714 3260 ut
746 3205 991 3261 nonnulla
1013 3199 1234 3273 corporti
1253 3206 1344 3259 sub
1374 3205 1577 3259 luminis
1604 3206 1713 3273 ejus
1741 3199 1788 3263 C
1822 3204 1902 3275 lus
1934 3216 2005 3257 est
2048 3205 2263 3275 mundi,
2296 3207 2599 3275 jucunditas
2649 3207 2780 3271 diei,
2808 3199 2945 3272 etc.;
2975 3199 3029 3260 et
3071 3199 3137 3261 de
3183 3222 3302 3260 arca
3342 3218 3396 3262 et

133 3289 343 3331 accessu
381 3278 650 3349 patiantur
680 3285 1072 3349 augntenta,_et
1116 3275 1211 3349 hac
1252 3278 1561 3349 decrescente
1610 3276 1711 3328 mi-

134 3346 664 3403 nuantur.'Fortasse
696 3346 853 3401 etiam
894 3348 944 3399 in
993 3346 1163 3400 Plinio
1199 3347 1479 3415 legendum
1520 3354 1601 3398 e~t
1629 3363 1718 3399 ac-

134 3419 739 3537 lt'cssu_siderum;'nam
789 3418 855 3472 de
908 3417 1241 3472 incremento
1296 3420 1434 3471 lunae
1481 3417 1717 3486 loquitur

150 3497 344 3537 oc.ctl.

150 3500 226 3541 oc.
252 3490 344 3543 cit.

354 3559 658 3627 Drepanins
687 3560 738 3612 in
777 3560 977 3629 hymno
1008 3558 1164 3611 trium
1199 3571 1526 3629 puerorum:
1560 3554 1715 3629 Hunc

132 3624 533 3703 fulgens
562 3624 1211 3703 collaudet'lumineluna.
1232 3628 1423 3703 Sunra,
1457 3624 1708 3703 vers._52,

292 3698 435 3755 luna:
461 3700 685 3771 frigidus
710 3702 865 3764 orbis,
897 3700 984 3754 ubi
1032 3698 1175 3765 dixi,
1220 3714 1314 3753 cur
1354 3698 1547 3767 [rigida
1592 3699 1716 3753 luna

268 3786 349 3817 Ill‘-

166 3771 350 3824 icatnr.

194 3839 313 3895 668.
342 3840 548 3910 Supra,
576 3854 728 3910 vers.
747 3840 868 3905 557,
896 3838 1208 3895 Subducitur
1233 3840 1417 3906 impete
1441 3838 1636 3910 mortis,
1662 3848 1717 3893 et

131 3908 279 3980 LIII,
315 3907 462 3966 vers.
520 3909 653 3978 1M,
702 3909 994 3980 Puerosque
1046 3911 1154 3964 neci
1207 3912 1519 3963 subduceret.
1575 3907 1716 3964 Mors

131 3977 312 4053 diurna
336 3990 421 4036 est
450 3997 600 4053 mors
629 3996 793 4053 quam,
811 3977 1031 4053 lucifero
1060 3981 1173 4035 dies
1202 3981 1377 4034 infert.

192 4050 315 4107 669.
352 4052 577 4107 Lucifer
618 4050 714 4122 per
755 4052 962 4117 sidera,
1009 4065 1201 4119 nempe
1249 4050 1418 4122 noctis
1452 4058 1714 4122 tempore,

130 4122 289 4175 reiicit
322 4139 453 4178 suas
486 4118 747 4186 flammas,
782 4124 895 4177 sive
943 4123 1086 4177 clare
1138 4118 1295 4176 lucet.
1325 4118 1459 4174 Vide
1503 4130 1613 4175 not.
1647 4118 1716 4175 ad

134 4203 262 4244 vers.
294 4195 423 4248 682.

194 4262 317 4327 670.
354 4262 614 4318 Barthius
646 4264 850 4332 legebat
878 4261 994 4316 Exit
1025 4264 1282 4317 nocturnis
1310 4261 1433 4332 (hoc
1459 4271 1542 4317 est
1569 4269 1717 4317 lene-

132 4333 274 4399 bris),
297 4336 467 4403 jubar
504 4334 701 4403 emicat,
724 4335 838 4403 igne
870 4350 1099 4387 corusco.
1142 4334 1283 4390 Sane
1310 4334 1572 4401 scriptura
1602 4333 1717 4387 vul-

129 4410 238 4466 gata
266 4402 508 4457 obscura
550 4416 629 4475 est
662 4402 1181 4475 hincgnocturnis
1204 4403 1359 4475 jubar
1385 4406 1562 4475 emicat
1602 4403 1719 4473 igne

130 4485 354 4535 corusco,
397 4490 524 4543 quae
569 4473 775 4543 facilius
823 4473 1103 4529 reformari
1152 4473 1332 4543 posset
1380 4473 1580 4526 Exhinc
1624 4490 1719 4527 no-

134 4551 362 4597 ctumum
386 4542 575 4614 jubar.
606 4544 678 4596 Ex
713 4542 832 4597 Vat.
860 4543 1036 4599 lumen
1067 4542 1277 4614 aliquod
1309 4546 1615 4612 accipimus,
1652 4559 1718 4598 ex

129 4628 226 4678 quo
253 4615 339 4668 hic
386 4613 545 4669 locus
573 4616 904 4680 restituatur,
939 4614 1140 4670 scilicet
1170 4613 1234 4668 Et
1266 4624 1538 4667 nocturnus
1574 4630 1722 4681 eques

130 4684 270 4749 iubar
297 4686 491 4739 emicat
541 4687 655 4753 igne
697 4699 927 4745 corusco.
960 4685 1122 4738 Favet
1163 4686 1319 4739 etiam
1360 4686 1573 4747 Azagrq
1606 4684 1720 4737 Ea:-

132 4752 238 4805 hinc
266 4752 739 4825 noctttrnus’jubar
760 4769 780 4809 :
810 4770 875 4809 ex
907 4754 1007 4809 hoc
1040 4756 1198 4824 igitur
1236 4756 1419 4809 codice
1447 4765 1499 4807 et
1527 4769 1597 4825 ex
1620 4754 1724 4825 de-

134 4838 342 4895 pravata
370 4831 611 4881 lectione
640 4827 781 4891 Vat.,
813 4825 879 4878 Et
910 4836 1053 4879 nocet
1082 4844 1209 4879 unus
1239 4842 1413 4895 eques,
1440 4824 1723 4878 conficitur

134 4892 191 4943 Et
221 4908 509 4950 nocturnus
532 4912 699 4963 eques.
728 4897 877 4950 Adeo
907 4896 1045 4950 nulla
1072 4906 1154 4951 est
1186 4892 1289 4949 lani
1315 4906 1566 4963 corrupta
1589 4896 1724 4950 scri-

131 4975 274 5028 ptura
302 4983 368 5022 ex
412 4984 523 5037 qua
557 4967 820 5021 interdum
854 4968 1059 5021 fructus
1096 4968 1286 5037 aliquis
1317 4980 1421 5037 non
1454 4965 1721 5037 percipia-

132 5045 227 5088 lnr.
256 5035 572 5091 Notandum
612 5038 770 5091 etiam
798 5046 911 5104 cst,
960 5036 1285 5091 reconditam
1314 5036 1585 5090 Dracontii
1625 5035 1722 5090 do-

129 5107 349 5161 ctrinam
386 5108 659 5176 imperitis
706 5106 937 5161 librariis
968 5109 1301 5163 occasionem
1340 5106 1723 5176 corrumpendi

128 5178 239 5241 ejus
264 5180 513 5233 carmina
542 5178 772 5233 dedisse.
802 5176 998 5242 Poetae,
1026 5189 1081 5231 ut
1106 5180 1240 5231 luna:
1267 5177 1436 5244 bigas,
1462 5178 1559 5231 soli
1589 5194 1723 5247 qua-

128 5250 320 5317 drigas,
352 5253 436 5304 sic
466 5251 693 5304 lucifero
722 5263 912 5317 equum
950 5248 1272 5303 tribuebant.
1294 5250 1513 5313 Statius,
1542 5247 1636 5302 lib.
1670 5262 1721 5302 vr

128 5315 411 5383 'lhebaid.,
436 5335 589 5373 vers.
617 5320 744 5381 237,
772 5315 1001 5373 Roscida
1033 5322 1137 5388 iam
1167 5318 1332 5373 novies
1362 5318 1483 5372 cwlo
1516 5319 1723 5372 diruiss-

126 5398 201 5461 rat
239 5402 381 5443 nstra
437 5391 673 5461 Lucifer,
707 5399 752 5443 et
799 5388 1003 5461 totidem
1036 5388 1184 5461 luna:
1226 5390 1722 5461 praveneratjgncs

132 5457 325 5527 blutato
361 5456 655 5515 nocturnus
693 5476 836 5527 equo.
879 5458 1225 5525 Claudianus,
1252 5460 1343 5513 lib.
1376 5474 1408 5511 ιι
1451 5458 1517 5511 de
1547 5456 1722 5526 Raptu

130 5526 374 5602 Proserp.
398 5578 413 5600 ,
450 5544 597 5602 vers.
644 5526 775 5599 121,
824 5527 963 5582 Dum
1004 5547 1143 5582 meus
1182 5530 1436 5602 humectat
1482 5531 1721 5602 [fauentes

127 5599 737 5673 Iucifer_agros!i0ratttt'
759 5610 1024 5672 provectus
1047 5600 1453 5673 cquo.0vidius,
1482 5616 1517 5652 ιι
1549 5599 1714 5663 Fast.,

128 5671 433 5744 γρηκῦιέι.
480 5671 743 5744 Hesperus
761 5671 828 5744 let
870 5676 1014 5741 fusco
1058 5671 1290 5744 roscidus
1330 5671 1434 5744 ibat
1480 5678 1724 5744 equo,_et

127 5740 239 5795 Met.
270 5742 365 5797 l'ib.
394 5759 494 5807 xv,
522 5740 661 5798 vers.
693 5742 817 5810 189,
846 5740 1071 5806 Cumque
1111 5740 1435 5808 albo’lucifer
1464 5741 1565 5793 exit
1599 5740 1720 5792 (Ila-

126 5830 206 5862 rus
226 5831 377 5881 equo.
413 5815 623 5867 Dicitur
654 5824 925 5866 nocturnus
955 5829 1103 5881 eques
1122 5812 1278 5879 jubar
1307 5827 1400 5876 per
1429 5812 1715 5877 appositio-

127 5896 238 5938 ttetn
263 5925 275 5949 ,
311 5888 415 5939 nisi
456 5883 614 5937 malis
652 5886 827 5955 legere
862 5883 929 5937 Et
959 5896 1227 5937 nocturnus
1263 5900 1388 5955 equo
1413 5883 1571 5954 jubar
1594 5882 1718 5951 cnti-

1820 3274 1956 3346 Noe,
1994 3290 2113 3346 cap.
2146 3275 2198 3337 7,
2240 3274 2349 3344 Ipsi
2391 3277 2493 3345 (sol
2534 3286 2589 3332 et
2628 3277 2775 3346 luna)
2812 3288 2932 3331 sunt
2976 3278 3180 3343 quidam
3219 3282 3395 3331 mund:

1820 3344 1975 3397 oculi.
2010 3344 2326 3415 Dracontius
2353 3347 2402 3399 in
2434 3347 2583 3415 Eleg.
2616 3344 2906 3412 vers.245,
2940 3348 3032 3402 Sol
3062 3348 3236 3401 oculus
3262 3351 3391 3403 ctuti.

1818 3416 2036 3470 Ovidius
2057 3432 2117 3487 tv,
2135 3414 2286 3487 Mel_.,
2310 3432 2450 3472 vers.
2473 3418 2602 3483 227,
2630 3418 2816 3472 Omnia
2838 3421 2924 3486 qui
2950 3418 3112 3484 video,
3141 3435 3228 3487 per
3247 3436 3397 3487 quem

1819 3437 2036 3470 UVIUHIS
2057 3437 2107 3469 tv
2135 3437 2286 3478 ιιιθι..
2310 3437 2450 3472 τοι-ιι.
2473 3437 2602 3483 zzt,
2630 3437 2816 3472 umma
2838 3437 2924 3486 qut
2950 3437 3112 3484 eraso,
3141 3437 3228 3487 per
3281 3437 3397 3471 ueni

1819 3488 1952 3538 uidet
1982 3486 2153 3557 omnia
2183 3485 2352 3553 tellus,
2392 3486 2579 3542 Mundi
2619 3489 2817 3543 oculus.
2850 3488 2952 3543 Alii
2995 3490 3173 3557 legunt
3214 3437 3399 3542 Af’undi

1820 3558 2001 3619 oculis,
2032 3556 2345 3628 mihicrede,
2381 3558 2572 3628 places,
2606 3558 2795 3614 eodem
2825 3574 2987 3613 sensu
3021 3556 3079 3613 ut
3109 3559 3185 3614 sol
3213 3561 3399 3613 oculus

1820 3628 2003 3698 mundi
2029 3624 2256 3680 dicatur.
2289 3624 2504 3694 Capella
2532 3632 2582 3683 in
2617 3629 2815 3698 hymno
2852 3631 2999 3695 solis,
3033 3630 3123 3683 lib.
3150 3645 3209 3692 ιι.
3246 3631 3402 3683 Mun-

1820 3696 2084 3770 danusque
2123 3700 2320 3762 oculus,
2353 3700 2522 3768 fulgor
2565 3696 2873 3768 splendentis
2907 3700 3133 3769 Olympi.
3166 3700 3399 3770 iﬁgyptii

1824 3769 2197 3839 insculpebant
2233 3778 2537 3837 sceptrum,
2582 3772 2634 3825 in
2665 3785 2837 3835 eoque
2875 3773 3108 3839 speciem
3137 3769 3281 3825 oculi
3308 3786 3399 3825 εκ-

1824 3838 2157 3905 printehant,
2191 3854 2299 3907 quo
2337 3839 2491 3909 signo
2518 3840 2713 3895 Osirim
2761 3838 3159 3910 molnstrabant,
3204 3842 3399 3910 signiti-

1821 3917 2004 3980 cantes
2030 3924 2152 3963 eum
2183 3910 2351 3963 solem
2380 3924 2520 3969 esse.
2547 3912 2665 3980 quia
2693 3910 2852 3963 solem
2880 3909 3023 3965 locis
3051 3912 3253 3964 oculum
3293 3928 3395 3977 up-

1824 3979 1979 4049 pellat
1996 3981 2303 4049 antiquitas,
2328 3982 2402 4034 ait
2427 3981 2725 4036 Macrobius
2748 3982 2842 4037 lib.
2867 3996 2882 4035 ι
2905 3980 3148 4045 Saturn.,
3172 3996 3288 4049 cap.
3308 3983 3400 4035 21.

1826 4046 1958 4103 Vide
1981 4048 2259 4103 Barthiutn
2288 4051 2381 4105 lib.
2404 4068 2458 4106 XI
2483 4052 2735 4118 Advers.,
2762 4067 2881 4119 cap.
2906 4053 2961 4114 5,
2990 4060 3045 4105 et
3072 4046 3355 4105 Roam'lib.
3388 4068 3403 4107 ι

1822 4119 2112 4190 Singular.,
2148 4135 2267 4187 cap.
2295 4121 2384 4176 15.
2426 4123 2603 4177 Solem
2650 4123 2900 4190 [antatium
2934 4124 3025 4176 Dei
3068 4122 3204 4176 dixit
3242 4124 3404 4178 etiam

1825 4189 2147 4263 Prudentius
2175 4191 2268 4244 lib.
2293 4209 2309 4246 ι
2331 4204 2515 4248 contra
2542 4189 2774 4263 Symm.,
2800 4208 2941 4248 vers.
2966 4192 3092 4247 545.

1896 4258 2226 4334 67ξεἘονω
2277 4258 2632 4334 languescani,
2681 4274 2739 4319 ut
2784 4264 3056 4319 cohaereat
3096 4278 3215 4318 cum
3260 4279 3404 4319 vers.

1825 4346 1941 4395 seq.
1973 4330 2047 4384 Ni
2074 4333 2255 4399 gelidis
2281 4330 2534 4388 animetur
2556 4334 2721 4402 aquis.

1901 4402 2024 4458 676.
2055 4402 2275 4457 Birinus
2325 4405 2607 4459 lectionem
2657 4405 2925 4460 Sirmondi
2970 4404 3179 4458 videtur
3218 4416 3405 4472 sppro~

1826 4472 2055 4547 bareNi
2084 4474 2265 4547 gelidis
2293 4477 2581 4530 animentur
2607 4477 2775 4547 aquis,
2803 4477 2923 4547 quia
2948 4476 3122 4547 sidera
3154 4474 3202 4525 iu
3235 4476 3405 4547 altera

1745 4565 1803 4628 D
1829 4544 2215 4628 hemisphaerio
2234 4546 2383 4626 quasi
2410 4544 2731 4628 reviviscunt
2754 4545 3158 4628 refrigeratitnte
3176 4544 3401 4597 marina.

1832 4615 1888 4668 ln
1919 4615 2207 4669 Sirmondo
2237 4618 2489 4669 animetur
2528 4616 2720 4670 Rivino
2752 4616 2975 4669 fortasse
3017 4614 3226 4668 videtur
3254 4628 3407 4667 inen-

1828 4687 1955 4739 dum
2009 4686 2447 4755 typograpliicutn
2481 4706 2491 4739 ε
2527 4688 2620 4741 sed
2670 4689 2720 4740 in
2769 4687 2897 4739 edit.
2933 4683 3219 4738 Matritensi
3265 4684 3407 4739 idem

1829 4754 2050 4809 verbum
2076 4754 2372 4824 profertur,
2394 4772 2565 4822 neque
2590 4773 2662 4812 ex
2689 4756 2809 4810 cod.
2837 4758 3026 4824 Azagr.
3052 4755 3405 4823 discrepantia

1827 4834 2064 4880 notatur.
2115 4825 2362 4880 Barthius
2404 4826 2601 4895 aliquid
2637 4826 2780 4881 aliud
2831 4828 2997 4880 latere
3041 4828 3267 4879 credens
3313 4839 3413 4892 pro

1828 4898 2119 4950 animentur
2156 4897 2511 4951 substituebat
2538 4900 2619 4953 vel
2650 4907 2949 4964 vanumtur,
2982 4898 3061 4953 vel
3109 4905 3405 4965 pascantur.

1839 4966 2071 5021 Vanncre
2095 4978 2179 5022 est
2209 4965 2403 5020 Vannd‘
2424 4982 2517 5021 seu
2548 4969 2727 5022 cribro
2756 4969 2936 5035 fruges
2966 4982 3201 5029 movere,
3237 4967 3409 5019 venti-

1832 5039 1964 5102 lare,
1994 5040 2249 5093 cribrare.
2281 5039 2386 5094 Sed
2425 5040 2575 5091 ranni
2610 5039 2791 5093 sidera
2837 5040 2962 5105 quid
2999 5040 3070 5092 sit
3116 5053 3220 5090 non
3266 5051 3408 5089 asse-

1828 5123 1986 5176 quor.
2015 5107 2308 5161 Pascmttur
2336 5125 2463 5165 veru
2488 5125 2589 5163 non
2635 5110 2798 5163 alium
2826 5124 3043 5162 sensum
3074 5108 3229 5161 habet
3253 5123 3410 5174 quam

1828 5180 2137 5231 animentur.
2164 5179 2218 5231 In
2253 5177 2413 5234 Sirm.
2437 5192 2489 5234 et
2518 5183 2711 5247 Azagr.
2744 5181 3005 5246 scriptura
3033 5180 3283 5232 animetur
3312 5193 3410 5245 pu-

1831 5250 1953 5303 terit
1984 5248 2203 5317 intelligi
2237 5251 2339 5303 sol.
2366 5253 2444 5305 Ad
2476 5265 2618 5305 vers.
2646 5248 2717 5304 24
2743 5260 2797 5304 et
2825 5249 2894 5305 25
2924 5250 3137 5318 probavi
3171 5248 3411 5301 flammas

1829 5330 1885 5374 et
1912 5319 2059 5388 ignes
2086 5320 2336 5375 caelestes
2362 5338 2425 5374 cx
2456 5322 2726 5375 contrario
2770 5321 3057 5384 elemento,
3098 5334 3230 5387 aqua
3263 5320 3415 5370 scni-

1830 5399 1913 5444 cet
1942 5390 2166 5457 nutriri,
2201 5400 2259 5443 ut
2289 5401 2525 5444 veterum
2555 5392 2772 5459 quidem
2797 5400 2916 5445 erat
2946 5390 3128 5459 opinio
3159 5404 3173 5459 :
3204 5388 3286 5442 cui
3319 5402 3412 5439 au-

1828 5476 1940 5514 sam
1972 5461 2173 5529 praebet
2206 5462 2565 5529 experientia,
2596 5477 2699 5529 qua
2744 5458 3013 5515 cernimus
3060 5458 3239 5513 stellas
3288 5468 3411 5511 tunc

1830 5532 2062 5585 maxime
2106 5532 2419 5597 scintillare,
2450 5548 2573 5586 cum
2618 5532 2900 5586 viciniores
2942 5542 3065 5584 sunt
3114 5530 3408 5592 horizonti,
3506 5538 3525 5551 ‘

1828 5610 1920 5672 aut
1941 5600 2315 5672 cumufrigidus
2362 5612 2413 5657 et
2438 5602 2645 5672 gelidus
2685 5610 2767 5656 est
2804 5617 2914 5655 aer.
2964 5601 3234 5657 Sententia
3283 5613 3409 5664 ergo

1830 5670 2103 5742 Dracontii
2146 5671 2259 5725 [nec
2296 5687 2415 5727 esse
2444 5670 2653 5742 poterit
2688 5691 2698 5725 :
2742 5672 2928 5727 Sidera
2973 5673 3043 5726 ob
3090 5674 3413 5724 immensum

1829 5741 2079 5794 ardorem
2122 5742 2253 5795 solis
2290 5741 2572 5807 deficient,
2605 5743 2705 5797 nisi
2732 5743 2885 5811 aquis
2916 5743 3062 5812 ponti
3086 5742 3411 5812 animentur.

1829 5812 1933 5865 Sed
1960 5826 2080 5864 cum
2115 5812 2431 5868 Dracontius
2459 5814 2653 5868 docere
2683 5808 2931 5867 videatur
2956 5827 3095 5866 vers.
3119 5808 3249 5873 2‘24,
3285 5810 3411 5863 stel-

1829 5883 1906 5936 las
1944 5883 2072 5939 solis
2122 5885 2321 5942 lumine
2376 5902 2479 5941 non
2526 5885 2699 5941 minus
2747 5899 2903 5956 quam
2954 5886 3133 5939 lunam
3186 5883 3411 5957 fulgo-re,
