3942 6310
216 381 309 435 761
342 426 349 431 .

380 491 446 546 Ut
467 505 525 544 se
556 493 845 560 paeniteant
874 493 1092 549 sceleris
1121 494 1255 547 mala
1289 504 1408 549 vota
1435 512 1667 562 reorum,

204 584 307 642 695
382 583 447 637 Et
470 598 605 637 nova
634 584 924 639 succedant
951 586 1247 641 animorum
1277 588 1437 641 corda
1466 591 1703 657 piorum.

374 675 470 730 llle
513 675 708 730 etenim
765 675 905 731 Dens
957 684 1060 744 est,
1112 692 1273 749 quem
1345 679 1486 731 nulla
1542 678 1778 733 retardat

1499 768 1515 838 [
1535 770 1704 837 origo,

370 856 533 925 Cujus
560 855 628 910 ab
653 865 871 925 aspectu
903 866 1131 922 montes,
1162 867 1215 910 et
1241 871 1369 910 saxa
1401 854 1661 912 ﬂueseunt

372 950 425 1003 Ιιι
458 949 685 1013 cineres,
716 956 769 1002 et
796 948 966 1016 pulvis
993 948 1115 1014 erit,
1152 964 1269 1017 quae
1299 949 1427 1003 dura
1449 949 1653 1019 rigebat
1683 967 1696 1002 :

365 1041 486 1107 Qui,
513 1042 625 1095 visa
658 1040 847 1095 tellure
867 1040 1045 1107 simul,
1076 1056 1196 1095 mox
1221 1043 1453 1111 pondera
1478 1042 1662 1097 mundi

189 1133 289 1189 700
367 1132 636 1200 Concutit,
679 1144 732 1187 et
772 1131 1007 1187 subitum
1042 1141 1305 1188 monstrat
1333 1148 1464 1203 vaga
1495 1142 1636 1187 terra
1668 1142 1772 1188 tre-

1438 1223 1663 1295 [morem
1684 1263 1699 1289 ,

1373 382 1649 439 CARNIEN
1689 382 1778 439 DE
1818 380 1973 438 ΒΕΘ.
2018 380 2141 434 LIB.
2184 379 2222 433 1.

1806 503 1858 559 Α

3360 377 3460 433 769
3506 464 3511 469 ε

2059 495 2219 563 208
2245 494 2317 546 Ac
2346 490 2658 545 formidatos
2678 489 2912 545 ostendit
2940 490 3167 559 pendula
3192 498 3385 545 motus.

2064 584 2259 637 Alveus
2280 580 2489 650 expavit
2522 581 2756 634 violento
2782 580 2982 635 vertice
3015 589 3249 644 torrens,

2055 676 2189 730 Dum
2231 674 2455 730 reduces
2494 674 2719 729 sentiret
2753 670 2938 740 aquas,
2985 682 3041 729 et
3079 674 3297 728 sisteret
3337 686 3461 726 ant-

2866 748 2891 765 ⁶
3249 762 3394 833 [nem

2064 858 2183 913 Visa
2214 858 2307 913 Dei
2336 857 2517 924 iacies,
2550 866 2602 912 et
2631 870 2895 911 marmora
2922 856 3107 924 glauca
3135 854 3343 923 fugaret

2055 946 2287 1018 Gurgitis
2330 948 2585 1018 aequorei,
2615 962 2720 1017 quo
2752 946 2979 1001 mundus
3009 945 3237 1013 cingitur
3262 946 3459 999 omniss

2058 1041 2123 1095 Et
2153 1042 2337 1110 pelago
2367 1040 2631 1110 spatiante
2668 1039 2842 1106 iretis,
2876 1052 2939 1091 ac
2973 1037 3166 1091 littoris
3195 1044 3349 1090 testu.

2057 1132 2216 1204 209
2250 1132 2348 1199 Qui
2393 1133 2460 1189 de
2498 1132 2764 1188 thesauris
2794 1138 3074 1187 ventorum
3102 1129 3318 1183 ﬂamina
3343 1128 3439 1181 mit

3274 1220 3389 1291 [tit,

1872 948 1981 1006 705

1463 1331 1697 1386 ΥΑΒΙᾹΞ
1736 1333 2136 1393 LECTIONES.

256 1444 384 1498 695.
440 1444 629 1511 Sirm.,
688 1446 840 1509 Vicl.,
893 1443 1183 1499 succedant.
1244 1442 1386 1507 Vat.,
1432 1446 1760 1499 succendunt.

185 1516 403 1582 Azagr.,
447 1519 772 1570 succenderit.

253 1586 383 1639 696.
428 1585 571 1653 Vat.,
603 1586 653 1639 Ι.
686 1588 817 1639 enim
843 1586 899 1642 d.
925 1602 976 1655 q.
1007 1602 1061 1639 tt.
1087 1582 1299 1636 retraxit
1322 1600 1368 1635 ο.

250 1655 379 1708 697.
433 1656 621 1721 Sirm.,
680 1655 841 1723 Vict.,
893 1658 1149 1725 fluiscunt.
1209 1655 1439 1723 Magn,
1492 1658 1761 1723 ﬂuescunt.

184 1723 327 1786 Vat..
362 1729 624 1792 ﬂuuntur;
654 1726 719 1780 ad
763 1723 954 1796 marg.,
989 1729 1254 1793 ﬂuescunt.

248 1796 381 1849 698.
425 1796 511 1851 Sic
565 1797 705 1861 Vat.,
762 1794 946 1863 Sirm.,
974 1798 1108 1857 erit;
1150 1808 1296 1861 quem
1338 1794 1468 1847 dura
1510 1796 1757 1865 ligabant.

182 1866 348 1920 Vict..
381 1866 533 1920 quod.

228 1876 348 1929 tct.,
381 1876 533 1935 quod.

252 1937 381 1991 690.
426 1935 566 2003 Vat.,
608 1938 761 2007 semel
778 1952 798 1999 ;
828 1935 935 2000 alii,
967 1937 1121 1991 simul
1151 1955 1288 1993 mox.

1945 1448 2068 1503 700.
2114 1448 2273 1514 Editi,
2305 1448 2489 1502 subito.
2523 1447 2662 1513 Vat.,
2695 1448 2939 1502 subitum.

1945 1518 2072 1573 701.
2119 1519 2259 1583 Vat.,
2288 1536 2348 1571 ac
2379 1519 2706 1585 formidatus.

1947 1588 2067 1642 702.
2095 1588 2165 1642 Ita
2194 1589 2343 1650 Vat.;
2373 1590 2423 1641 in
2451 1600 2663 1657 Azagr.,
2692 1588 2909 1643 violento
2932 1605 2976 1641 v.
3002 1596 3227 1656 turgens.
3261 1585 3449 1652 Sirm.,

1874 1656 2035 1718 Vlct..
2067 1659 2253 1712 violato
2279 1676 2329 1712 v.
2370 1656 2598 1728 turgens.

1945 1730 2067 1781 705.
2116 1728 2228 1780 Vat.
2264 1746 2307 1781 s.
2341 1745 2533 1783 amnes.

1944 1799 2069 1851 706.
2112 1798 2237 1853 Vat.
2272 1799 2307 1850 Ι.
2338 1810 2507 1851 (estus.

1945 1867 2073 1921 707.
2138 1868 2301 1933 Vict.,
2356 1870 2589 1937 flamina.
2649 1868 2835 1931 Sirm.,
2895 1866 3128 1935 ﬂumina.
3189 1866 3329 1931 Vat.,
3386 1865 3453 1920 Et

1792 1929 1841 1991 Β
1858 1938 2074 2010 jud.....
2109 1956 2266 1993 aurus
2288 1929 2552 1992 ventorum
2577 1929 2828 2006 ﬂammea
2848 1929 3021 1991 mittit.

1712 2048 1940 2106 NOTE.

250 2158 384 2213 694.
426 2159 615 2215 Mirum
644 2160 855 2215 videtur
883 2159 1095 2225 llivino,
1126 2171 1177 2215 et
1210 2170 1292 2215 est
1320 2161 1534 2228 quidem
1568 2162 1759 2217 mirum

175 2231 356 2283 active
392 2231 663 2296 pamiteant
699 2246 752 2285 se
786 2232 1004 2285 sceleris.
1057 2231 1366 2299 Suspicatur
1396 2232 1494 2284 Aut
1530 2233 1575 2285 si
1604 2234 1763 2299 paeni-

173 2307 277 2352 teat
320 2302 549 2371 sceleris,
601 2300 663 2371 id
697 2309 801 2365 est,
832 2300 935 2355 nisi
980 2316 1127 2354 mens
1160 2317 1287 2369 pura
1328 2302 1466 2355 adsit
1507 2302 1587 2371 (ut
1618 2318 1759 2357 vers.

174 2384 349 2436 prmo.
383 2370 563 2438 dixit),
593 2370 781 2424 saltem
805 2386 899 2425 cor
938 2371 1157 2425 accedat
1198 2370 1523 2426 contritum.
1550 2372 1758 2426 Leviori

172 2442 477 2495 mutatione
528 2439 837 2494 restituetur
889 2440 954 2495 Ut
994 2441 1038 2493 si
1087 2442 1358 2508 poeniteant
1387 2441 1589 2495 sceleris
1619 2444 1755 2495 mala

171 2524 286 2563 rota
314 2527 540 2574 reorum,
586 2524 674 2563 aut
722 2509 787 2564 Ut
817 2511 889 2565 sic
938 2513 1229 2579 pwniteant,
1284 2521 1372 2565 aut
1430 2513 1552 2564 Ausi
1604 2515 1760 2579 paeni-

170 2590 339 2646 teant,
372 2592 475 2635 etc.
507 2580 561 2633 ln
606 2580 807 2650 Elegia,
867 2583 1069 2643 ν.100,
1124 2581 1182 2635 Si
1212 2583 1413 2635 sceleris
1460 2583 1583 2651 facti
1627 2599 1764 2635 mens

168 2666 256 2703 rea
304 2652 567 2720 paeniteat,
596 2661 731 2705 etv.
771 2651 893 2713 504,
944 2651 1017 2703 Ni
1069 2662 1273 2719 peccata
1314 2652 1488 2705 dolens
1530 2654 1762 2719 paeniteat

168 2723 406 2774 sceleris.
440 2722 567 2775 (lum
601 2723 759 2775 simili
806 2722 1132 2775 nominativo
1173 2737 1350 2775 rarum
1397 2734 1474 2774 est
1519 2724 1761 2791 pwniteo,

167 2790 263 2844 sed
292 2793 367 2846 ita
396 2800 570 2845 tamen
619 2802 899 2859 usurpatur
937 2809 965 2846 a
1016 2792 1260 2855 Pacuvio,
1307 2790 1526 2847 Justino
1571 2804 1623 2846 et
1680 2792 1765 2847 Li-

167 2860 253 2915 vio
289 2880 302 2912 :
343 2865 441 2916 etsi
468 2861 607 2930 apud
641 2865 779 2917 hunc
808 2864 950 2915 varia
981 2873 1060 2916 est
1091 2862 1267 2917 lectio.

237 2933 377 2987 695.
417 2933 524 2987 Cur
554 2933 742 2986 Rivino
774 2938 940 3001 magis
972 2933 1176 3000 placeat
1224 2948 1346 2987 cum
1387 2932 1615 2987 Weitzio
1645 2950 1762 2987 voce

166 3003 382 3069 piarunt
404 3017 561 3070 quam
584 3017 705 3056 cum
727 3004 934 3072 eteteris
962 3004 1113 3055 corda
1144 3004 1366 3072 piorum,
1398 3018 1611 3057 causam
1655 3020 1759 3057 non

166 3072 356 3126 video.
386 3073 519 3138 Quid
550 3074 691 3139 quod
732 3074 786 3126 in
839 3071 1066 3127 Weitzio
1121 3071 1369 3125 mendum
1418 3073 1761 3142 typographi-

166 3158 292 3195 cum
348 3152 475 3211 puto
524 3158 639 3196 voce
692 3145 937 3213 piarunt?
972 3143 1100 3196 Nam
1152 3142 1412 3197 Weitzius
1460 3144 1758 3197 Fabricium

166 3214 422 3280 sequitur
447 3215 657 3274 ducem,
691 3228 859 3281 neque
881 3213 947 3265 ab
977 3227 1041 3267 eo
1078 3213 1302 3268 discedit
1342 3230 1595 3281 un-ptam,
1628 3216 1752 3281 quin

164 3260 440 3337 raiionem
494 3260 879 3338 emendationis
930 3283 1205 3351 proferat:
1268 3284 1366 3337 hoc
1423 3260 1597 3337 :iuteui
1632 3260 1829 3338 iococ

167 3356 400 3423 penitus
424 3354 565 3409 silet.

234 3426 377 3479 606.
418 3423 616 3477 Sensus
655 3422 934 3477 verborum
979 3423 1166 3478 obvius
1217 3432 1317 3487 est,
1370 3423 1531 3476 Deum
1571 3438 1756 3477 verum

163 3510 317 3557 esse,
356 3494 442 3563 qui
479 3494 594 3549 sine
618 3493 876 3563 principio
906 3504 1025 3549 est:
1075 3494 1166 3547 sed
1197 3509 1262 3546 ex
1307 3493 1549 3546 versibus
1602 3507 1755 3562 seqq.

162 3566 358 3633 colligi
392 3574 584 3631 potest.
618 3579 766 3632 quem
814 3564 957 3615 nulla
1005 3564 1226 3616 retardat
1274 3564 1415 3631 origo
1456 3563 1757 3632 signiﬁcare

162 3644 499 3703 potestatem
550 3634 641 3688 Dei
693 3633 745 3686 in
775 3635 932 3688 rebus
972 3634 1114 3688 illico
1145 3634 1409 3688 Cl‘e‘JttdIS.
1442 3634 1640 3687 Eodem
1674 3649 1759 3688 re-

160 3705 502 3777 spicitiVat"
534 3704 763 3757 retraxit.

235 3775 372 3830 697.
396 3775 575 3838 Isaias,
598 3789 714 3842 cap.
754 3790 893 3839 Luv,
920 3790 969 3827 v.
1008 3778 1056 3842 l,
1101 3776 1141 3827 Α
1171 3775 1303 3845 facie
1326 3783 1411 3826 tua
1450 3784 1639 3827 montes
1671 3774 1759 3828 de-

158 3847 429 3911 ﬂuerent;
463 3861 511 3898 v.
543 3848 595 3908 5,
628 3845 670 3896 Α
702 3845 833 3913 facie
861 3854 948 3897 tua
972 3856 1158 3898 montes
1185 3846 1528 3913 deﬂuxerunt.
1574 3847 1751 3912 Augu-

158 3917 352 3969 stinus
382 3917 540 3970 etiam
585 3914 750 3969 verbo
777 3917 967 3983 ﬂuesco
1009 3931 1132 3969 usus
1170 3924 1271 3969 est.
1306 3913 1613 3969 Guntlterus
1644 3915 1761 3968 imi-

160 3990 268 4039 tari
325 3986 535 4039 videtur
564 3986 901 4039 Dracontium
949 3988 999 4039 in
1032 3986 1185 4055 praef.
1222 3986 1256 4038 Ι.
1295 4001 1349 4048 x,
1402 3983 1531 4039 Urbs
1562 3986 1676 4049 [luit
1704 3986 1756 4038 in

158 4058 398 4110 cinerem
421 4072 440 4109 :
469 4066 523 4110 et
551 4056 588 4109 1.
619 4072 675 4123 x,
707 4072 757 4109 ν.
792 4057 914 4119 470,
945 4056 1290 4110 Castrensibus
1319 4056 1507 4125 oppida
1536 4055 1757 4124 ﬂammis

161 4125 229 4178 In
253 4128 459 4180 cineres
502 4126 728 4193 collapsa
763 4128 949 4190 ﬂuunt.
984 4127 1201 4195 Rivinus
1229 4125 1414 4180 scrib.t
1436 4126 1678 4195 ﬂuiscunt
1706 4126 1757 4180 in

157 4197 391 4251 erratis.
428 4196 559 4250 Vide
590 4208 767 4249 notam
796 4197 860 4248 ad
897 4212 945 4249 ν.
980 4196 1106 4261 445,
1145 4198 1182 4250 l.
1220 4213 1295 4250 Ill.

233 4265 374 4321 698.
417 4266 691 4321 Fabricius
719 4276 773 4321 et
805 4264 1062 4320 Weilzius
1101 4282 1221 4321 cum
1261 4266 1423 4329 Vict.,
1456 4265 1595 4333 quod
1626 4265 1756 4319 dura

158 4338 425 4405 ligabant.
460 4336 678 4391 Rivinns
699 4335 916 4404 coniicit
945 4336 1108 4405 pulvis
1134 4339 1257 4399 erit,
1279 4352 1427 4404 quem
1449 4334 1595 4403 gleba
1623 4336 1756 4405 liga-

156 4409 281 4470 bat,
323 4407 407 4461 vel
426 4423 573 4475 quem
605 4424 722 4459 rura
755 4406 996 4477 ligabanl.
1037 4407 1230 4461 Verum
1262 4406 1348 4460 hic
1376 4420 1553 4477 sermo
1582 4407 1757 4477 adhuc

156 4488 247 4533 est
280 4476 355 4530 de
384 4474 526 4531 saxis
560 4481 609 4530 in
640 4474 957 4546 cineremiet
1001 4477 1270 4546 p’nlverem
1320 4475 1564 4529 redactis.
1614 4474 1761 4529 Reti-

158 4550 351 4602 nenda
398 4548 554 4616 igitur
583 4558 664 4602 est
701 4547 857 4600 lectio
879 4545 1010 4601 Vat.
1032 4548 1193 4617 pulvis
1220 4547 1347 4609 erit,
1379 4561 1493 4617 qua:
1522 4548 1653 4617 dura
1688 4548 1759 4597 ri—

157 4618 352 4687 gebat,
387 4614 489 4673 hoc
513 4631 595 4673 est
624 4632 740 4686 quae
784 4624 939 4671 antea
984 4614 1169 4670 saxum
1198 4624 1333 4671 erat.
1379 4614 1563 4687 Pulvis
1590 4616 1642 4668 in
1674 4631 1763 4681 ge-
1788 4624 1841 4685 Β

159 4684 310 4742 nere
342 4689 621 4752 feminino,
645 4684 789 4755 quod
825 4687 1001 4741 minus
1047 4688 1298 4741 usitatum
1348 4696 1462 4753 est,
1513 4684 1762 4741 librarios

159 4760 229 4813 ad
262 4758 719 4823 corrumpendum
752 4761 926 4813 locum
970 4759 1155 4810 movit.

238 4829 376 4884 699.
419 4829 553 4883 Psal.
600 4844 739 4892 xvn,
767 4843 817 4882 ν.
848 4829 910 4892 8;
944 4827 1085 4881 Psal.
1118 4841 1310 4890 vavt,
1341 4841 1392 4878 ν.
1432 4825 1528 4887 19;
1562 4837 1614 4878 et
1644 4840 1759 4889 cm,

161 4918 214 4952 v.
253 4898 351 4963 5‘3,
383 4900 481 4965 Qui
508 4900 709 4968 respicit
741 4909 947 4963 terram,
975 4908 1020 4951 et
1047 4898 1168 4968 facit
1189 4913 1301 4968 eam
1330 4907 1558 4968 tremet}.
1595 4895 1762 4963 Majus

157 4971 215 5025 id
252 4982 341 5021 est
378 4964 536 5036 quam
568 4964 706 5037 quod
736 4971 801 5023 de
827 4970 957 5023 Jove
992 4964 1191 5022 ethnici
1222 4966 1407 5037 dicunt
1436 4984 1445 5016 :
1484 4964 1631 5037 {Vitta
1661 4976 1761 5018 tre-

157 5041 374 5104 mefecit
397 5034 698 5108 Olympum.
736 5040 865 5094 Vide
896 5048 1072 5092 notam
1126 5036 1191 5089 ad
1226 5052 1278 5089 ν.
1311 5034 1433 5091 701.
1458 5035 1756 5108 Scriptura

161 5110 301 5163 Vat.
327 5106 578 5164 suetincri
610 5118 788 5178 posset
814 5127 831 5163 ι
868 5124 988 5163 nam
1018 5108 1170 5161 semel
1192 5122 1285 5176 pro
1313 5106 1465 5159 simul
1495 5106 1760 5159 interdum

197 5184 415 5233 onitur.

157 5197 664 5317 pagiiilflntcllige
688 5258 895 5303 montes
936 5250 1080 5317 ipsos
1108 5249 1255 5316 quasi
1278 5246 1538 5315 pendulos
1570 5246 1759 5300 videri.

162 5318 355 5373 Verba
382 5335 498 5386 cap.
549 5336 622 5381 Ix,
670 5336 720 5371 ν.
754 5320 864 5373 5et
912 5319 944 5372 6
973 5319 1089 5373 Jobi
1137 5329 1297 5371 sunt:
1356 5317 1454 5380 Qui
1506 5318 1763 5370 transtulit

159 5399 397 5455 montes,
426 5402 471 5444 et
492 5391 772 5443 nescierunt
800 5389 854 5442 hi
883 5406 1007 5456 quos
1053 5388 1296 5441 subvertit
1326 5388 1378 5439 in
1429 5390 1602 5454 furore
1645 5402 1755 5441 suo.

160 5460 285 5524 Qui
314 5470 583 5514 commovet
631 5470 815 5512 terram
845 5461 905 5512 de
957 5459 1067 5511 loco
1118 5476 1230 5521 suo,
1257 5469 1300 5511 et
1348 5457 1596 5509 columna:
1652 5459 1762 5525 ejus

160 5534 561 5585 concutiuntur.
585 5531 713 5596 Quae
742 5529 807 5583 de
832 5539 989 5585 terra:
1016 5528 1247 5582 violento
1274 5538 1417 5580 motu
1449 5525 1763 5581 Dracontius

164 5602 432 5668 exponit,
460 5610 519 5657 ut
550 5601 789 5670 plerique
828 5600 1166 5670 interpretes.
1196 5602 1263 5651 At
1294 5596 1519 5670 Didacus
1548 5598 1763 5670 Stunica

157 5670 434 5794 fluniga)
465 5668 900 5740 Augu~tinianus,
936 5668 1118 5737 satculi
1148 5683 1233 5721 ιινι
1265 5668 1457 5737 politus
1480 5675 1684 5729 auctor,
1714 5669 1763 5720 in

188 5743 483 5794 losmnent.
519 5743 569 5794 in
612 5741 801 5793 .lobum
833 5742 1103 5793 existimat
1137 5742 1276 5792 ltunc
1308 5739 1479 5791 locum
1511 5737 1762 5794 explicari

188 5737 483 5796 losnnient.
519 5737 569 5794 in
612 5741 801 5793 .lobum
833 5742 1103 5793 existimat
1137 5742 1276 5792 ltunc
1308 5739 1479 5791 locum
1511 5737 1762 5801 explicari

163 5825 349 5891 posse
378 5830 441 5868 ex
464 5814 724 5868 sententia
759 5808 1230 5891 Pythagoricorum
1273 5808 1603 5881 opinantium
1660 5818 1763 5861 ter-

1871 2180 1986 2219 ram
2027 2165 2228 2219 moveri
2257 2174 2445 2219 natura
2478 2180 2592 2219 sua.
2630 2164 2876 2233 Denique,
2919 2164 3021 2228 ait,
3051 2166 3222 2219 nullus
3252 2166 3453 2220 dabitur

1872 2233 2158 2301 Scriptum
2184 2246 2517 2289 sacrosancta:
2543 2236 2701 2299 locus,
2734 2236 2820 2302 qui
2847 2244 2949 2288 tam
2978 2245 3147 2302 aperte
3174 2236 3310 2289 dicat
3350 2247 3454 2290 ter-

1870 2320 1982 2357 ram
2012 2323 2112 2359 non
2154 2307 2369 2375 moveri,
2396 2320 2551 2374 quam
2577 2305 2656 2357 hic
2683 2306 2869 2375 moveri
2895 2305 3035 2375 dicit.
3053 2306 3220 2375 illanc
3251 2308 3455 2375 opinio-

1869 2390 1990 2428 nem
2022 2376 2216 2430 acriter
2242 2374 2434 2430 refellit
2464 2375 2663 2429 Pineda
2692 2374 2757 2427 ad
2780 2375 2884 2427 loc.
2922 2374 3016 2431 cit.
3043 2374 3169 2430 Job.

1944 2445 2067 2499 702.
2109 2445 2293 2498 Alvcus
2317 2445 2504 2498 violato
2530 2445 2711 2498 vertice
2731 2453 2934 2513 turgens
2959 2444 3009 2498 in
3038 2446 3200 2499 Sirm.
3228 2446 3456 2501 lectione

1868 2524 1952 2570 est
1981 2517 2166 2569 alveus
2212 2516 2363 2583 aquis
2416 2516 2481 2569 ad
2524 2514 2781 2583 originem
2829 2516 3041 2568 retortis
3092 2517 3345 2569 tumidus.
3402 2518 3457 2573 In

1868 2597 2053 2667 nostra
2085 2586 2349 2669 scriptura
2380 2584 3040 2669 estailv‘eus“exla‘estuans,
3094 2587 3356 2667 inundans
3402 2597 3455 2669 et

1870 2655 2071 2723 impetu
2120 2656 2311 2719 lluens,
2354 2656 2443 2724 qui
2491 2654 2614 2709 duin
2672 2656 2743 2708 ita
2776 2654 2988 2719 ﬂueret,
3025 2658 3262 2723 expavit,
3313 2658 3455 2725 quod

1870 2727 2092 2780 reduces
2119 2728 2343 2780 sentiret
2368 2740 2554 2794 aquas.
2587 2725 2834 2780 Refertur
2855 2726 3169 2779 miraculum
3192 2742 3324 2789 aqua
3336 2743 3451 2780 rum

1869 2795 2138 2858 Jordanis,
2160 2812 2277 2863 quae
2306 2805 2588 2860 steterunt,
2613 2804 2667 2847 ut
2689 2794 2809 2863 illac
2833 2796 3057 2861 populus
3081 2795 3242 2849 Israel
3273 2806 3449 2849 trans-

1871 2866 1998 2919 iret.
2039 2861 2205 2920 Josue
2238 2880 2355 2933 cap.
2395 2881 2485 2929 ιιι,
2520 2881 2571 2918 ν.
2606 2865 2696 2925 15,
2727 2861 2973 2935 Jordam's
3014 2874 3181 2917 autem
3210 2866 3349 2935 ripas
3380 2867 3453 2919 al-

1867 2936 1941 2987 vei
1988 2938 2067 2988 sui
2097 2945 2317 3004 tempore
2353 2936 2547 2989 messis
2572 2934 2885 3004 impleverat.
2917 2933 2973 3004 id
3008 2942 3189 2987 nostra
3223 2933 3450 2990 lectione

1867 3002 2344 3075 indicaturrquod
2394 3002 2819 3075 sequitur‘vers.
2872 3002 2935 3057 16
2962 3006 3281 3073 scripturam
3330 3007 3442 3059 Sir-

1866 3077 2048 3130 mondi
2078 3074 2362 3130 conﬁrmat
2386 3092 2401 3130 :
2428 3074 2686 3131 Steterunt
2716 3090 2865 3144 aqua:
2884 3076 3236 3128 descendentes
3258 3076 3311 3128 in
3343 3078 3454 3129 loco

1869 3161 1992 3212 uno,
2054 3156 2101 3200 et
2138 3148 2205 3199 ad
2256 3145 2418 3199 instar
2476 3147 2659 3200 montis
2710 3145 3088 3199 intumescentes
3140 3145 3453 3215 apparebant

1902 3218 2068 3269 rocul.

1866 3232 2068 3342 Ρηᾶῗῖἔῖ
2101 3285 2425 3341 Prudentius
2453 3285 2641 3356 bymn.
2676 3285 2743 3340 ts
2773 3284 2947 3352 Cath.,
2999 3298 3136 3340 vers.
3186 3285 3310 3351 178,
3350 3286 3469 3340 ιιι-κ

1873 3358 2080 3426 ﬂuentis
2102 3358 2268 3409 amnis
2292 3358 2452 3410 alveo.

1933 3426 2053 3481 704.
2096 3427 2183 3480 Sic
2212 3443 2263 3480 v.
2296 3428 2423 3493 697,
2453 3424 2610 3489 Cuius
2647 3425 2709 3478 ab
2744 3434 2970 3493 aspectu,
3012 3434 3140 3479 etv.
3185 3424 3309 3490 699,
3348 3426 3451 3492 Qui

1858 3498 1968 3550 visa
2011 3496 2213 3552 tellure.
2260 3496 2399 3551 Psal.
2446 3510 2636 3563 um,
2684 3510 2737 3549 v.
2771 3497 2857 3561 17,
2903 3494 3142 3549 Viderunt
3184 3506 3230 3547 ιε
3272 3512 3449 3565 aqua.

1860 3566 2029 3629 Deus,
2066 3568 2297 3620 viderunt
2323 3578 2369 3619 te
2395 3582 2561 3634 aquae,
2613 3575 2659 3619 et
2684 3566 2979 3620 timuerunt.
3013 3566 3155 3620 Alibi
3188 3567 3261 3620 irr
3283 3566 3451 3621 sacris

1859 3636 2049 3691 litteris
2092 3654 2123 3689 a
2164 3637 2294 3706 facie
2320 3635 2451 3703 Dei,
2478 3653 2509 3689 a
2555 3638 2685 3706 facie
2736 3646 2845 3689 tua.
2880 3636 3103 3689 Ponitur
3151 3638 3303 3705 facies
3354 3652 3449 3700 pro

1859 3705 2182 3776 prmsentia,
2239 3708 2379 3761 unde
2431 3722 2459 3761 a
2514 3705 2867 3774 scriptoribus
2917 3706 3319 3776 ecclesiasticisﬂ
3342 3705 3449 3759 fre-

1858 3773 2084 3846 quenter
2114 3784 2423 3845 usurpatum
2454 3786 2537 3831 est
2565 3773 2775 3846 inifacie
2803 3776 3000 3839 mundi,
3032 3778 3084 3828 in
3112 3777 3246 3844 facie
3277 3773 3453 3828 Eccle-

1859 3845 1971 3909 σιω,
2001 3848 2051 3900 in
2077 3847 2205 3914 facie
2227 3846 2449 3915 publica,
2475 3856 2528 3901 et
2558 3845 2870 3914 simpliciter
2896 3847 2951 3898 in
2980 3846 3107 3915 facie
3129 3860 3223 3912 pro
3250 3846 3446 3915 palam.

1862 3917 2164 3971 Ludovicus
2193 3916 2535 3985 Legionensis
2581 3916 2649 3970 de
2707 3916 2964 3970 nominib.
3004 3915 3215 3985 _Cnristi
3247 3930 3443 3969 nomen

1862 3987 1962 4041 hoc
1990 3986 2185 4040 Christi
2219 3983 2484 4053 proprium
2517 4000 2635 4039 esse
2673 3986 2746 4037 ait
2775 3986 2955 4055 faciem
2994 3983 3108 4047 Dei,
3142 3994 3233 4038 aut
3262 3986 3446 4053 faciem

1861 4057 2167 4126 (Ilispanice
2195 4056 2377 4126 faces),
2407 4058 2528 4123 quia
2552 4069 2695 4123 stepe
2724 4055 2780 4108 in
2808 4069 2959 4109 sacra
2989 4055 3264 4123 Scriptura
3292 4056 3449 4126 facies

1862 4125 1957 4180 Dei
2001 4126 2244 4181 Christus
2270 4140 2390 4180 esse
2420 4126 2753 4193 intelligitur.
2791 4126 3065 4179 Postrema
3099 4126 3257 4178 verba
3290 4125 3448 4193 hujus

1859 4212 2048 4251 versus
2078 4197 2347 4263 pertinent
2396 4196 2459 4249 ad
2507 4196 2820 4249 miraculum
2872 4196 3031 4249 maris
3078 4194 3267 4261 Rubri,
3316 4194 3456 4263 quod

1863 4268 2219 4330 interruptum
2248 4268 2347 4320 iter
2378 4267 2572 4334 populo
2595 4265 2754 4319 lsrael
2780 4266 3027 4334 prmbuit,
3060 4274 3116 4318 ut
3144 4265 3310 4320 fusius
3336 4282 3455 4319 nar-

1861 4350 2010 4391 ratur
2043 4337 2134 4391 lib.
2169 4352 2231 4400 ιι,
2266 4353 2317 4390 v.
2364 4336 2465 4390 160
2498 4352 2647 4404 seqq.
2681 4336 2894 4389 Planior
2922 4345 3065 4390 esset
3090 4339 3379 4397 sententia,
3414 4336 3457 4388 si

1864 4408 2131 4475 legeretur
2170 4407 2292 4460 Visa
2324 4407 2418 4459 Dei
2450 4407 2645 4475 facies:
2670 4406 2775 4459 [nec
2808 4421 3063 4458 marmora
3094 4405 3275 4474 glauca
3305 4410 3453 4472 fuga-

1862 4478 1950 4534 vit.
1982 4479 2088 4533 Sed
2117 4478 2257 4531 aliud
2289 4478 2456 4545 magis
2481 4478 2745 4545 poeticum
2769 4487 2870 4528 est.
2898 4476 3031 4528 Vide
3051 4476 3225 4545 Exod.
3260 4488 3308 4527 c.
3345 4489 3450 4526 xlv.

1940 4549 2060 4602 705.
2098 4543 2419 4601 Prudentius
2460 4543 2495 4600 1.
2529 4562 2543 4597 ι
2574 4558 2757 4598 contra
2792 4546 3018 4614 Sytnm.,
3073 4543 3222 4614 prmi.
3259 4558 3311 4614 Υ.
3359 4544 3453 4614 10,

1870 4616 2086 4671 Οωιιιιεὶ
2141 4618 2322 4687 prwlia
2370 4617 2607 4685 gurgitis.
2641 4612 2913 4682 Virgilius,
2952 4612 3198 4687 Ovidius,
3257 4612 3455 4687 Statius

1868 4681 2245 4765 aliique_s_i-i_nili
2282 4681 2665 4765 modon’gurges
2708 4681 2801 4750 pro
2833 4684 3271 4765 tnarinusnrpant.
3306 4681 3449 4761 Libr.

1871 4773 1941 4818 ιι,
1973 4752 2024 4809 v.
2056 4757 2183 4819 485,
2212 4758 2401 4809 iterum
2433 4752 2663 4820 Gurgitis
2682 4756 2923 4822 aequorei.
2951 4752 3051 4806 Pro
3084 4761 3223 4806 terra
3244 4753 3455 4822 ponitur

1869 4828 2110 4878 mundus.
2146 4827 2279 4880 Mela
2303 4826 2354 4878 in
2387 4826 2556 4891 princ.
2583 4838 2760 4892 oper.,
2797 4822 2954 4875 Terra
2980 4822 3207 4892 sublimis
3238 4822 3458 4892 cingitur

1868 4898 2095 4965 undique
2121 4897 2271 4949 mari.
2298 4894 2546 4949 Nonnulli
2578 4895 2880 4948 universam
2902 4905 3097 4947 terram
3119 4891 3347 4946 insulani
3365 4907 3455 4961 ap-

1907 4968 2151 5019 ellarunt.

1922 4981 2003 5018 ιιει
2091 4981 2151 5018 ιι.

1870 4981 2375 5090 pc'ilOi‘ilf'Obscurus
2416 5048 2602 5087 versus
2648 5042 2723 5101 et,
2778 5034 2877 5087 nisi
2925 5032 3100 5094 fallor,
3148 5042 3453 5100 corruptus.

1877 5106 2007 5159 Vide
2032 5122 2159 5160 num
2200 5104 2584 5159 restituendum
2616 5105 2686 5158 sit
2725 5101 2793 5155 Et
2824 5103 3003 5169 pelago
3036 5103 3287 5173 spatiante
3316 5103 3459 5169 fretis

1870 5176 1929 5298 fit
1955 5178 2095 5229 littus
2114 5177 2174 5257 .in
2197 5186 2344 5256 testu.
2380 5175 2610 5243 Spatiari
2640 5183 2722 5228 est
2759 5173 3004 5237 dill'undi,
3033 5186 3297 5254 crescere,
3326 5173 3459 5253 utin

1912 5264 1953 5297 is
1982 5246 2158 5298 verbis
2188 5247 2345 5298 Pltnn
2370 5245 2405 5298 l.
2438 5260 2492 5298 ν.
2529 5259 2579 5298 c.
2606 5245 2658 5298 9.
2695 5254 2827 5298 secl.
2864 5245 2953 5298 10.
2992 5243 3143 5295 Nilus
3175 5252 3324 5295 certis
3352 5243 3459 5294 dte-

1912 5248 1953 5297 is
1982 5246 2158 5299 verbis
2188 5246 2345 5300 Plinii
2370 5245 2405 5298 l.
2438 5260 2492 5309 v,
2529 5259 2579 5298 c.
2606 5245 2658 5304 9.
2695 5254 2827 5300 secl.
2864 5245 2953 5306 10,
2992 5243 3143 5295 Nilus
3175 5245 3324 5295 certis
3352 5243 3461 5294 die-

1877 5314 1966 5368 bus
1994 5326 2147 5369 auctu
2197 5331 2497 5387 ntagnaper
2538 5324 2693 5368 totam
2740 5312 3463 5387 spatiatus/Egyptumalt‘it

1871 5400 1999 5455 ergo
2046 5387 2216 5450 littus,
2264 5383 2403 5456 quod
2433 5393 2515 5438 est
2562 5398 2699 5456 terra
2753 5387 2887 5456 mari
2934 5383 3215 5456 adiacens,
3238 5384 3289 5436 in
3348 5383 3462 5450 ipso

1872 5453 2003 5510 testu
2054 5458 2218 5510 maris
2265 5453 2466 5523 agitati,
2498 5464 2553 5509 et
2587 5455 2757 5509 undas
2788 5453 3152 5523 glomerantis,
3187 5454 3312 5523 dum
3344 5466 3462 5504 sese

1872 5528 1925 5582 in
1952 5528 2055 5581 alia
2092 5529 2224 5581 freta
2252 5526 2518 5579 dill'undit.
2549 5526 2623 5579 De
2652 5522 2837 5578 eodem
2871 5524 3108 5593 prodigio
3141 5522 3459 5576 Prudentius

1873 5599 2058 5677 hymni.
2093 5596 2127 5651 5
2151 5598 2330 5677 (ξειιιιη
2382 5612 2454 5677 ν..
2483 5594 2573 5677 (ἓξ,
2603 5594 2853 5676 .Prazbent
2880 5602 3028 5664 rupta
3076 5594 3239 5647 locum
3284 5604 3462 5661 stagna

1871 5665 2127 5721 viantibus
2164 5667 2411 5737 Riparum
2437 5667 2487 5718 in
2513 5667 2691 5734 faciem
2716 5665 2906 5737 pervia.

1944 5739 2065 5790 707.
2102 5738 2202 5791 Job
2230 5732 2363 5805 'cap.
2412 5732 2602 5798 xxviii,
2640 5751 2691 5788 v.
2717 5732 2791 5788 ’25
2821 5743 2875 5788 et
2920 5732 3026 5797 26;
3073 5732 3211 5785 Psal.
3246 5748 3462 5805 cxxxtv,

1874 5826 1923 5864 γ.
1962 5810 2013 5877 7,
2048 5808 2283 5863 Edueem
2306 5802 2459 5859 nubes
2486 5806 2546 5859 ab
2576 5816 2797 5860 extremo
2829 5816 3011 5859 teme:
3042 5804 3246 5873 fulgura
3277 5804 3328 5857 in
3350 5802 3462 5874 plus
