3964 6296
519 292 618 349 ιῶ

1873 280 2139 341 GELAS“
2181 278 2385 337 ΡΛΡᾸΞ
2427 284 2445 337 l

3729 281 3825 334 ⁸24

522 410 873 474 torntcatione
915 414 1092 462 motus
1114 418 1333 476 angelus
1361 403 1592 467 a,divlna
1614 416 1719 473 qua
1744 390 2119 457 illustrabatur
2146 378 2515 469 opificium,
2542 414 2696 469 cujus
2727 408 2777 455 ct
2809 399 2956 453 aliud
2987 402 3120 468 opus
3142 396 3571 454 condarevcluti
3605 396 3828 454 minime

524 506 690 579 gratia
731 510 785 556 et
822 498 1228 570 participatione
1274 496 1529 565 delapsus
1568 504 1649 550 est
1682 512 1694 546 :
1726 509 1903 562 eoque
1952 492 2114 547 modo

524 603 760 670 degener
812 596 1014 659 factus,
1064 607 1127 647 ac
1176 591 1243 645 de
1288 588 1495 645 caelesti
1541 586 1670 643 sede
1719 602 1818 656 pro
1867 586 1967 640 hac
2014 600 2111 639 sua

528 691 926 751 decoloratione
963 686 1222 751 seclusus,
1253 682 1506 738 secundae
1550 679 1876 735 conditionis
1918 677 2110 748 imagi-

530 804 650 845 nem
683 785 775 840 Dei
804 798 896 852 per
926 780 1177 835 invidiam
1203 776 1506 831 flammatus
1533 773 1745 829 evertit.
1774 770 1968 825 Iisdem
1998 783 2117 823 mo-

533 882 674 935 tibus
703 875 1015 947 aggrediens
1041 875 1096 928 in
1143 871 1431 927 securitate
1476 867 1779 937 degentem,
1825 863 2021 933 quibus
2049 861 2118 915 de

533 971 757 1027 summis
801 969 866 1023 ad
904 968 1008 1022 ima
1054 966 1193 1019 male
1233 962 1472 1018 confisus
1512 962 1627 1029 ipse
1656 957 1948 1022 deciderat,
1996 955 2124 1009 hinc

538 1064 625 1118 illa
658 1062 882 1118 felicitas
910 1056 1147 1130 paradisi
1187 1054 1372 1125 primis
1401 1051 1705 1106 hominibus
1737 1058 1986 1104 constare
2015 1063 2121 1103 non

536 1152 739 1224 potuit;
784 1153 908 1206 hinc
948 1151 1036 1204 illa
1066 1149 1255 1217 prima:
1294 1144 1621 1201 conditionis
1660 1142 1958 1212 integritas,
1998 1140 2123 1219 dum

537 1245 609 1298 ita
659 1245 725 1299 de
772 1259 832 1298 se
872 1242 1008 1308 fidit,
1064 1252 1314 1309 tanquam
1368 1239 1486 1305 ipso
1527 1236 1615 1304 qui
1661 1234 1974 1290 condiderat
2018 1247 2126 1286 non

537 1356 717 1410 cgere,
753 1353 851 1394 nec
891 1338 959 1391 de
998 1334 1291 1409 perceptis
1296 1332 1405 1402 agit
1432 1330 1661 1400 gratias,
1693 1328 1835 1398 quod
1864 1341 2124 1397 nusquam

541 1432 734 1487 fecisse
778 1436 1126 1492 memoratur,
1172 1441 1273 1481 nec
1302 1424 1369 1479 de
1395 1421 1781 1478 conservandis
1825 1436 1943 1489 qua:
1982 1434 2130 1473 sum-

540 1532 723 1594 pserat
762 1520 934 1592 poscit
975 1519 1269 1584 auxilium,
1312 1531 1411 1572 nec
1447 1516 1512 1570 ad
1554 1530 1675 1569 eum
1717 1514 1874 1569 etiam
1922 1512 2127 1583 pulsata

541 1616 822 1671 tentatoris
878 1629 1093 1669 accessu
1149 1613 1340 1667 devota
1400 1610 1704 1672 concurrit,
1769 1618 1823 1662 et
1870 1604 2133 1670 consulit,

542 1724 760 1780 suaeque
787 1724 845 1764 se
874 1708 1043 1763 credit
1075 1708 1211 1762 inter
1236 1720 1494 1777 prospera
1522 1702 1800 1767 voluntati,
1832 1700 1985 1755 facile
2016 1700 2132 1753 sine

2222 493 2519 574 potuisset,
2556 493 2805 548 ineffabili
2837 496 3221 549 circumventae
3253 495 3448 563 pietate
3477 493 3826 558 consuleret,

2222 596 2503 657 utramque
2526 602 2657 641 vero
2682 596 2984 643 creaturam
3016 596 3161 643 recte
3187 587 3458 642 conditam
3483 587 3593 645 hac
3622 586 3829 642 ratione

2223 689 2568 743 monstraret,
2602 682 2724 749 quia
2755 690 2811 736 et
2839 681 3135 753 degeneres
3168 681 3341 752 angeli
3383 696 3476 750 per
3507 692 3827 735 sanctorum

2224 774 2537 843 angelorum
2580 773 2961 837 beatitudinem
3007 776 3372 828 confutantur.
3423 773 3583 839 Quod
3642 774 3829 826 iit-dent

2227 868 2399 923 modis
2434 869 2625 939 quibus
2671 869 2769 932 illi,
2815 870 2915 924 hoc
2955 878 3057 938 est,
3107 868 3303 923 debitae
3358 867 3582 938 pietatis
3629 866 3828 929 ofﬁcio,

2227 969 2631 1031 creatoremque
2674 976 2829 1016 suum
2869 962 3047 1016 debita
3097 960 3476 1033 praedicatione
3530 958 3829 1017 laudando,

2228 1069 2325 1131 per
2359 1055 2680 1124 dignationis
2716 1055 2832 1123 ejus
2867 1065 3172 1123 augmenta,
3216 1053 3630 1122 profectumque
3678 1066 3832 1105 reve-

2230 1148 2419 1203 rentiae
2458 1151 2843 1217 competentis,
2888 1147 3355 1217 participationem
3397 1146 3523 1200 boni
3569 1144 3833 1211 parentis.

2232 1244 2685 1313 stabilitatemque
2728 1250 3038 1312 perpetuam
3082 1241 3424 1308 sempiternae
3467 1238 3664 1310 gloriae
3718 1244 3837 1289 sunt

2234 1334 2452 1405 adepti;
2486 1335 2569 1389 sic
2601 1333 2684 1388 isti
2717 1348 2932 1403 quoque
2975 1332 3021 1385 si
3048 1331 3236 1386 eodem
3274 1340 3463 1384 tenore
3503 1328 3836 1391 niterentur,

2208 1426 2299 1487 ,ad
2330 1427 2579 1481 similcm'
2601 1425 2983 1480 beatitudinem
3018 1425 3199 1478 venire
3234 1421 3560 1491 potuissent,
3606 1421 3715 1481 nisi
3742 1419 3838 1473 de-

2236 1520 2381 1575 sides
2411 1536 2440 1575 a
2471 1521 2552 1573 sui
2601 1520 2756 1573 laude
2787 1518 3004 1573 factoris
3046 1528 3101 1573 et
3133 1526 3527 1587 competentem
3582 1528 3840 1568 reveren-

2240 1615 2365 1668 tiam
2401 1630 2505 1668 non
2535 1623 2854 1683 sequentes,
2890 1614 2957 1667 ab
2997 1614 3113 1681 ejus
3148 1610 3370 1665 retracti
3404 1608 3840 1678 participationis

2238 1706 2456 1773 affectu,
2492 1712 2724 1776 propria:
2774 1705 3140 1775 nequivissent
3170 1705 3500 1758 incrementa
3546 1699 3841 1779 perfectio-

542 1803 796 1873 prazsidio
832 1802 1105 1857 Creatoris
1152 1799 1321 1870 patuit
1350 1796 1659 1866 deceploris
1699 1794 1927 1857 inSidiiS,
1976 1802 2031 1847 Gl
2080 1794 2132 1846 in
2162 1784 2470 1866 Bnemquc
2523 1790 2735 1853 sumere
2782 1797 3087 1867 dignitatis,
3140 1796 3267 1849 dum
3320 1810 3431 1848 sua:
3478 1791 3841 1849 institutionis

542 1894 1041 1967 praevaricationem
1086 1900 1251 1947 tracta
1282 1898 1678 1959 consequenter
1716 1887 1909 1949 illiciti,
1944 1885 2132 1941 condi-

544 1990 741 2045 tiOnem
783 1988 1015 2058 praefixas
1061 1988 1250 2040 mortis
1292 1984 1493 2039 invenit
1523 1983 1821 2053 meritoque
1857 1990 1942 2040 eSt
1978 1996 2131 2037 com-

543 2081 745 2152 petenti
789 2080 1028 2149 subjecta
1074 2077 1324 2131 vindicta:
1364 2095 1376 2128 :
1424 2066 1674 2144 quoniam
1719 2088 1819 2129 nec
1864 2074 1930 2128 de
1979 2072 2136 2127 bonis

546 2174 723 2228 fuerat
772 2173 964 2226 devota
1021 2170 1337 2234 retinendis,
1398 2182 1498 2222 nec
1555 2167 1753 2220 malum
1806 2174 2139 2233 prmcaverat

548 2277 675 2322 ante
705 2267 1042 2334 praedictum,
1076 2264 1201 2318 dum
1241 2278 1337 2333 per
1366 2260 1585 2330 majoris
1618 2259 1875 2313 ambitum
1908 2266 2139 2327 potesta-

548 2361 636 2426 tis,
666 2361 832 2414 Dcum
882 2374 939 2413 se
983 2357 1187 2413 scilicet
1227 2356 1341 2410 fore
1383 2353 1782 2423 praesutnentis,
1816 2350 2000 2406 foveas
2041 2350 2138 2405 bo-

548 2452 686 2511 stilis
728 2451 1094 2523 persuasionis
1144 2449 1399 2513 incurrit;
1443 2454 1496 2501 et
1535 2461 1673 2515 quae,
1716 2445 1759 2498 si
1808 2457 1905 2498 suo
1951 2441 2140 2498 ordine

550 2543 838 2599 mansisset
860 2552 1009 2612 grata
1038 2542 1227 2597 factori
1259 2547 1576 2612 perpetuum
1621 2553 1847 2593 summae
1877 2551 2142 2591 commer-

476 2685 487 2694 .
526 2638 693 2692 ‘cium
726 2637 945 2691 Deitatis
981 2635 1247 2704 potuisset
1292 2630 1734 2701 apprehendere,
1774 2636 2143 2698 competenter

550 2729 670 2783 sine
714 2726 896 2781 debito
939 2740 1164 2780 summa:
1193 2724 1495 2778 Divinitatis
1535 2721 1717 2775 officio
1754 2718 1971 2789 copiosa
2016 2734 2143 2788 pro-

549 2820 808 2875 missione
847 2818 1092 2883 lustrata,
1133 2819 1200 2872 ad
1225 2817 1566 2871 Divinitatem
1612 2828 1715 2868 non
1757 2812 1927 2884 potuit
1956 2827 2144 2882 perve-

549 2914 687 2968 nire.
722 2913 813 2969 Sic
838 2929 966 2983 crgo
995 2912 1111 2967 sine
1136 2912 1280 2967 illius
1307 2909 1616 2981 principalis
1641 2924 1704 2963 ac
1725 2924 1949 2963 summa:
1979 2912 2145 2964 ratio-

550 3008 634 3064 nis
669 3008 889 3071 afl‘ectu,
925 3022 1041 3077 quae
1081 3008 1131 3061 in
1166 3006 1321 3061 bonis
1353 3021 1569 3075 semper
1598 3004 1895 3059 retinendis
1925 3013 2148 3059 contra.

550 3100 754 3169 riisque
801 3097 1095 3152 refutandis
1147 3099 1462 3152 intemerata
1520 3095 1807 3164 persistit,
1868 3095 1934 3149 ad
1990 3096 2143 3165 cujus

2237 1893 2477 1949 claritate
2515 1892 2715 1947 detenti
2773 1892 2998 1946 ulterius
3040 1906 3099 1945 se
3145 1889 3275 1943 nihil
3315 1903 3496 1957 egere,
3534 1902 3603 1941 ac
3645 1886 3747 1940 sibi
3786 1899 3841 1938 se

2239 1983 2486 2039 sufficere
2507 1998 2667 2053 posse
2697 1991 3044 2053 praesumunt,
3079 1996 3173 2051 per
3200 1996 3318 2059 qua:
3348 1980 3559 2049 seipsos
3592 1980 3840 2033 obtinere

2240 2076 2467 2131 fidentes
2496 2075 2750 2145 quidquid
2784 2090 2877 2144 per
2904 2075 3072 2130 solam
3105 2075 3328 2145 gratiam
3362 2072 3675 2142 potuissent
3701 2071 3840 2124 Con-

2241 2168 2429 2247 ditoris
2477 2168 2745 2237 adipisci,
2798 2167 2937 2236 quod
2995 2168 3045 2221 in
3096 2182 3209 2220 sua:
3264 2180 3483 2235 prorsus
3528 2165 3843 2220 conditione

2244 2254 2616 2314 mutabilitatis
2646 2260 2846 2315 habere
2879 2276 2983 2314 non
3030 2270 3300 2330 poterant,
3333 2260 3493 2313 ltomo
3525 2266 3749 2330 quoque
3780 2258 3844 2311 de

2243 2353 2420 2420 seipse
2457 2340 2755 2405 manifestis
2794 2352 3003 2406 indiciis
3041 2353 3375 2417 revineatur,
3403 2353 3463 2409 in
3500 2348 3715 2404 tantum
3747 2350 3843 2403 rite

2243 2448 2495 2512 factus,ut
2524 2448 2610 2516 qni
2636 2462 2731 2515 per
2756 2446 2990 2500 divinam
3017 2447 3241 2517 gratiam
3268 2453 3447 2515 pote-t
3467 2461 3697 2516 surgere
3726 2450 3844 2512 post

2243 2542 2471 2606 ruinam,
2500 2542 2665 2594 multo
2694 2542 2919 2610 amplius
2944 2542 3181 2611 petuisse
3206 2532 3484 2606 doceatur,
3509 2540 3555 2593 si
3589 2538 3840 2595 eamdem

2246 2636 2467 2705 gratiam
2512 2636 2701 2690 devota
2756 2645 2935 2690 mente
2985 2646 3326 2713 sequeretur,
3378 2636 3585 2706 integer
3635 2649 3845 2711 perma-

2247 2742 2397 2790 nere,
2440 2737 2915 2797 quantumcunque
2965 2728 3133 2798 gratia
3182 2728 3279 2780 ista
3335 2727 3628 2795 praevaleat
3679 2725 3846 2795 magis

2246 2820 2370 2874 inde
2399 2820 2673 2891 cognosci,
2698 2821 2823 2874 dum
2855 2831 2905 2875 ct
2934 2821 3213 2874 incolumis
3246 2820 3445 2891 absque
3473 2820 3671 2876 eadem
3704 2830 3844 2874 stare

2247 2914 2583 2983 nequiverit.
2652 2923 2706 2967 ct
2765 2913 2941 2968 valeat
3003 2914 3068 2967 ad
3114 2914 3356 2968 eamdem
3418 2914 3844 2967 incolumitatem

2246 3006 2423 3061 rcdirc
2465 3014 2585 3075 post
2626 3006 2857 3076 lapsum.
2909 3006 3087 3059 Bonus
3127 3020 3255 3075 ergo
3298 3003 3490 3059 artifex
3530 3005 3711 3067 Deus,
3759 3002 3845 3072 qui

2250 3099 2632 3167 sempiternum
2674 3107 2729 3152 et
2756 3111 3022 3151 summum
3053 3103 3267 3165 semper
3299 3096 3456 3151 habet
3502 3111 3626 3151 esse
3650 3138 3674 3167 ε,
3708 3076 3845 3163 qua:

532 3192 734 3262 utique
776 3191 1178 3244 similitudinem
1223 3189 1431 3243 ratione
1475 3189 1650 3242 fuerat
1691 3186 1887 3242 animal
1930 3187 2143 3241 institu-
2170 3156 2217 3219 ο
2251 3193 2423 3247 bonus
2462 3201 2564 3256 est,
2607 3190 2767 3261 atque
2812 3190 2932 3245 ideo
2973 3205 3072 3246 nec
3112 3204 3344 3260 unquam
3387 3174 3671 3245 crescendi
3712 3187 3846 3259 gerit

553 3291 687 3345 tum,
718 3289 773 3335 ut
809 3296 871 3334 ca
900 3295 994 3349 pro
1022 3295 1119 3334 suo
1161 3279 1379 3334 modulo
1403 3280 1654 3349 congruis
1683 3280 1986 3334 actionibus
2016 3280 2141 3334 imi-

553 3374 735 3439 tando,
771 3371 1045 3442 ipsiusque
1095 3371 1366 3425 servando
1396 3371 1775 3435 reverentiam,
1815 3371 2146 3441 subsequen-

554 3467 745 3536 doquc‘
780 3466 1040 3534 gratiam,
1100 3473 1157 3518 ut
1207 3478 1333 3518 vere
1380 3463 1673 3517 similitudo
1720 3464 1835 3531 ejus
1866 3473 1919 3520 ct
1969 3464 2146 3535 imago

556 3566 896 3627 permaneret
941 3556 1183 3612 obtinere
1216 3556 1511 3626 potuisset,
1545 3557 1802 3627 fieretque
1831 3558 2029 3613 divinae
2059 3576 2145 3613 ra-

555 3654 715 3709 tionis
757 3666 1003 3722 tanquam
1037 3667 1150 3707 suae
1182 3653 1421 3722 parentis
1456 3660 1510 3707 et
1545 3653 1780 3708 auctoris
1815 3652 1973 3723 digna
2016 3667 2143 3709 con-

553 3749 749 3814 sortio,
802 3760 857 3803 et
902 3763 997 3818 per
1048 3748 1161 3803 inec
1216 3747 1594 3812 nihilominus,
1646 3756 1830 3816 utpote
1877 3748 2146 3821 particeps

555 3842 903 3904 :eternitatis,
947 3851 1145 3895 aeterna
1193 3851 1462 3906 constare,
1505 3839 1632 3894 dum
1674 3854 1768 3894 sua
1811 3855 1929 3911 qua:
1965 3852 2144 3895 creata

557 3932 729 3985 fuerat
758 3929 1016 3997 dignitate
1045 3930 1298 3996 confidit,
1329 3932 1537 4000 sibique
1567 3946 1627 3985 se
1659 3938 1805 3998 putat
1833 3931 1885 3985 in
1915 3946 1981 3988 eo
2003 3930 2143 4002 quod

557 4031 673 4077 erat
702 4020 842 4077 facta
873 4021 1170 4090 subiacere,
1197 4036 1295 4075 nec
1318 4023 1527 4076 subdita
1554 4035 1841 4079 veneratur
1864 4025 2147 4081 dev0tione

557 4115 837 4183 factorem,
869 4123 925 4168 et
957 4113 1024 4169 ab
1061 4114 1204 4168 illius
1242 4114 1651 4181 participatione
1698 4116 1964 4181 discessit,
2002 4128 2056 4173 et
2093 4119 2147 4172 in

560 4209 735 4279 seipsa
783 4208 901 4262 sine
942 4206 1030 4261 illo
1075 4207 1128 4261 in
1177 4220 1283 4275 quo
1333 4204 1564 4259 habebat
1611 4205 1906 4263 subsistere
1947 4225 2145 4277 posse,

560 4317 668 4356 non
698 4298 957 4354 constitit.
992 4300 1165 4368 Atque
1197 4298 1267 4352 ita
1297 4297 1541 4351 ordinem
1583 4297 1833 4366 legitima:
1860 4299 2152 4354 rationabi-

561 4393 727 4447 litatis
773 4391 1073 4455 excedens,
1122 4392 1173 4444 in
1214 4388 1693 4445 irrationabilitatis
1722 4390 2008 4460 abruptum
2055 4408 2151 4461 per

561 4484 1084 4542 vcrisimilitudinem
1126 4484 1571 4552 ratiocinationis,
1604 4501 1703 4555 qua
1738 4486 1905 4540 Deum
1944 4502 2003 4542 se
2034 4488 2147 4543 fieri

562 4579 848 4646 credebat,
900 4577 1126 4633 abducta
1176 4586 1295 4642 cst;
1355 4586 1410 4631 et
1459 4577 1602 4631 illius
1652 4578 1978 4648 privatione,
2030 4597 2148 4650 qua:

563 4673 886 4741 sempiterna
912 4670 1017 4725 vita
1049 4680 1159 4737 est,
1193 4670 1245 4723 in
1278 4669 1432 4725 istam
1472 4669 1659 4723 recidit
1689 4685 1808 4738 qure
1845 4670 1962 4725 sine
2004 4668 2149 4727 lonte

563 4768 687 4823 vitae
717 4766 876 4821 vitam
911 4776 1221 4835 perpetuam
1249 4765 1483 4820 retinere
1515 4778 1619 4818 non
1653 4775 1853 4834 posset.
1897 4766 2150 4833 Quamvis

564 4878 692 4934 ergo
732 4860 947 4931 pro~his
990 4858 1502 4929 transgressionibus
1538 4857 1695 4927 digna
1733 4857 1890 4913 fuerit
1923 4862 2145 4926 ultione,

564 4954 735 5023 justus
759 4964 935 5010 tamen
957 4952 1155 5007 arbiter
1180 4952 1319 5007 Deus
1346 4954 1421 5006 sic
1444 4950 1597 5005 istam
1621 4962 1920 5006 creaturam
1954 4968 2152 5022 propo-

567 5050 680 5099 sita:
710 5048 840 5115 legis
861 5049 1121 5117 aequitate
1142 5047 1432 5119 corripuit,
1468 5056 1525 5100 ut
1571 5060 1691 5116 quae
1736 5045 1972 5100 divinum
2002 5048 2153 5119 sequi

567 5139 832 5195 tramitem
862 5141 998 5193 inter
1025 5141 1195 5195 felicia
1220 5141 1496 5207 fastidivit,
1526 5140 1739 5195 sibimet
1770 5141 1937 5207 ipsam
1961 5142 2152 5198 merita

550 5220 720 5285 lance
749 5229 968 5283 dimisit.
1016 5231 1077 5285 Ut
1111 5239 1286 5286 tanten
1317 5235 1437 5302 quia
1465 5242 1519 5287 et
1547 5234 1769 5306 decepta
1803 5233 1974 5289 fuerat
2003 5251 2153 5289 crea-

569 5335 702 5378 t-irze
742 5318 965 5392 potioris
1007 5319 1249 5387 incursu,
1304 5324 1446 5375 illius
1486 5326 1689 5382 scilicet
1728 5342 1846 5396 quae
1889 5324 2155 5381 fremebat

569 5418 657 5470 illo
692 5426 956 5471 terrenam
997 5410 1259 5482 proficere
1304 5426 1462 5480 posse
1493 5416 1841 5471 substantiam
1876 5417 2015 5472 unde
2046 5420 2153 5486 Spi-

570 5507 736 5562 titalis
784 5508 893 5576 ipsa
946 5503 1236 5570 deciderat,
1287 5511 1341 5558 et
1383 5511 1633 5569 tanquam
1677 5510 1924 5563 solatium
1964 5525 2155 5580 capere

571 5600 819 5669 cupiebat
844 5600 909 5655 de
937 5599 1155 5654 alterius
1184 5598 1334 5653 ruina
1365 5605 1649 5664 creaturte,
1681 5600 1826 5656 velut
1851 5619 1955 5659 non
1982 5606 2154 5661 solum

569 5709 628 5750 se
685 5693 1005 5762 culpandam
1063 5707 1127 5746 ex
1182 5692 1405 5747 alterius
1460 5704 1671 5760 quoque
1733 5697 2156 5765 transgressione

571 5786 961 5859 praetenderet,
990 5784 1082 5841 sed
1111 5783 1318 5855 lapsum
1358 5796 1510 5840 suum
1551 5783 1603 5839 in
1635 5782 1901 5839 Creatoris
1933 5788 2157 5845 referret

2248 3284 2477 3351 amplius
2523 3284 2816 3351 appetitum
2856 3300 2869 3337 :
2921 3284 3044 3352 quia
3093 3282 3224 3336 nihil
3277 3293 3358 3336 est
3399 3297 3561 3349 super
3611 3283 3663 3336 id
3709 3278 3846 3351 quod

2249 3376 2632 3445 sempiternum
2661 3376 2856 3429 bonum
2882 3374 3094 3444 semper
3115 3386 3168 3430 et
3188 3371 3453 3428 sumtltum
3479 3384 3583 3439 est,
3613 3389 3713 3430 nec
3745 3372 3846 3425 ulla

2251 3478 2427 3540 potest
2457 3468 2801 3524 inclinatione
2844 3469 3067 3524 diminui
3109 3470 3176 3524 de
3227 3470 3328 3523 hoc
3361 3469 3478 3538 ipso
3528 3470 3675 3539 quod
3708 3483 3847 3522 surn-

2250 3580 2394 3617 tuum
2430 3565 2623 3617 bonum
2656 3565 3148 3634 sempiternumque
3176 3557 3462 3618 consentit.
3499 3562 3657 3619 Unde
3688 3564 3847 3619 etiam

2252 3671 2356 3710 non
2387 3671 2484 3726 per
2512 3655 2751 3724 rapinam
2783 3656 2834 3710 in
2866 3655 3032 3710 forma
3063 3657 3155 3711 Dei
3189 3656 3361 3710 dictus
3390 3666 3471 3711 est
3499 3657 3845 3716 C0llSliltlltt~;

2250 3748 2341 3819 qui
2367 3749 2468 3804 hoc
2512 3750 2735 3805 habebat
2778 3750 2960 3820 utique
2992 3764 3089 3819 per
3120 3759 3385 3815 naturam,
3422 3749 3561 3803 sicut
3604 3749 3700 3803 ille
3744 3745 3847 3814 Spi-

2251 3844 2384 3896 ritus
2424 3841 2516 3913 qui
2564 3843 2705 3913 quod
2750 3857 2849 3898 nec
2892 3842 3278 3912 sempiternum
3325 3841 3554 3896 habebat
3596 3840 3847 3901 omnino,

2252 3950 2351 3990 nec
2396 3952 2697 4001 summum,
2732 3952 2825 4004 per
2864 3931 3106 4004 rapinam
3151 3934 3341 3989 maluit
3380 3950 3648 4005 occupare
3693 3948 3849 4005 quam

2252 4042 2348 4098 per
2391 4027 2624 4081 auctoris
2653 4028 2878 4097 gratiam
2911 4037 3184 4095 perpetem
3216 4028 3472 4095 consequi
3502 4027 3848 4097 dignitatem,

2252 4134 2282 4173 a
2325 4134 2429 4187 quo
2475 4127 2777 4186 sumpserat
2834 4118 3086 4189 angelicae
3143 4119 3496 4175 substantiam
3550 4118 3848 4180 claritatis,

2255 4211 2705 4280 quemadmodum
2739 4211 2881 4266 beati
2930 4212 3102 4282 angeli
3150 4212 3201 4265 in
3230 4213 3407 4266 divina
3438 4212 3604 4285 gratia
3639 4224 3851 4282 perma-

2258 4313 2447 4357 nentvs
2475 4304 2746 4359 consecuti
2778 4312 2901 4357 sunt
2932 4305 3276 4372 sempiternae
3307 4306 3653 4359 beatitudinis
3683 4304 3849 4358 firmi-

2258 4405 2417 4450 tatem
2455 4412 2468 4448 :
2501 4410 2694 4465 pravus
2736 4405 2911 4450 autem
2955 4397 3173 4465 spiritus
3204 4411 3303 4450 nec
3348 4396 3478 4451 illttd
3511 4398 3683 4466 potuit
3713 4393 3851 4450 obti-

2260 4503 2388 4543 nere
2417 4487 2556 4557 quod
2602 4490 2746 4543 visus
2787 4499 2868 4542 est
2902 4488 3334 4558 incontpetentcr
3379 4489 3653 4558 invadere,
3692 4497 3748 4545 et
3780 4499 3851 4541 tc-

2260 4598 2444 4638 uorem
2486 4598 2598 4637 sua:
2638 4581 2962 4637 conditionis
3007 4581 3301 4647 excedens,
3339 4584 3392 4637 in
3426 4584 3527 4638 hoc
3556 4585 3716 4638 ctiam
3751 4596 3853 4636 non

2260 4677 2432 4745 potuit
2470 4690 2788 4744 permanere
2829 4673 2970 4743 Quod
3012 4674 3180 4729 factus
3212 4684 3315 4728 est.
3353 4677 3551 4729 Auctor
3593 4692 3723 4747 ergo
3766 4677 3852 4725 ho-

2261 4785 2359 4823 nus
2413 4776 2469 4821 ut
2515 4768 2713 4839 bonum
2760 4782 2819 4821 se
2873 4782 3008 4837 opus
3054 4767 3359 4823 condidisse
3406 4768 3666 4835 firmaret,
3709 4769 3756 4827 si
3804 4766 3852 4819 it

2262 4861 2449 4918 eadem
2484 4859 2564 4915 sui
2592 4859 2900 4915 conditione
2925 4860 3263 4930 persisteret;
3294 4860 3569 4916 inferioris
3593 4871 3850 4916 creatura:

2263 4971 2374 5012 suae
2407 4956 2691 5018 miseratus
2718 4953 3007 5027 offensam,
3033 4954 3175 5023 quod
3208 4955 3502 5023 spiritualis
3532 4956 3851 5027 SIIiISlztllliD,

2260 5064 2378 5121 quae
2417 5058 2469 5104 ct
2516 5048 2596 5102 sui
2639 5056 2693 5102 et
2734 5047 2952 5102 alterius
2998 5026 3359 5115 processerat,
3414 5048 3527 5119 ipsa
3579 5026 3778 5117 decc-pf
3805 5047 3850 5098 ix

2260 5152 2421 5215 atque
2452 5144 2505 5196 in
2535 5156 2630 5196 sua
2664 5140 2901 5213 nequitia
2948 5154 3297 5208 perseverans
3339 5142 3559 5201 omnino
3598 5139 3851 5206 conswqui

2260 5234 2419 5306 digna
2452 5249 2558 5287 non
2591 5234 2783 5297 fuerat,
2814 5239 3043 5286 terrenae
3072 5231 3394 5288 conditionis
3418 5242 3471 5287 ct
3497 5249 3590 5302 per
3613 5233 3849 5287 fraudem

2263 5326 2503 5397 deceptae
2546 5324 2861 5380 substantia
2892 5330 3134 5377 naturam
3177 5324 3378 5393 pariter
3420 5325 3714 5379 clementer
3739 5339 3852 5379 Ith-

2262 5419 2400 5488 cepit
2445 5430 2498 5474 et
2542 5432 2785 5481 causam;
2835 5415 3043 5485 sicque,
3091 5424 3149 5469 ut
3191 5433 3329 5471 nunc
3358 5416 3593 5475 breviter
3621 5418 3853 5488 explice—

2264 5526 2407 5576 mus,
2436 5509 2766 5579 competenti
2798 5508 2998 5578 lapsam
3026 5507 3428 5580 dispensatione
3457 5524 3707 5578 reparare
3735 5520 3845 5579 pro.

2266 5616 2492 5673 ponens,
2524 5611 2579 5655 nt
2609 5601 2660 5655 in
2705 5601 2886 5671 seipse
2935 5601 3048 5657 haec
3097 5600 3285 5658 eadem
3336 5611 3555 5666 natura,
3600 5616 3720 5669 qua:
3763 5609 3852 5669 per

2264 5695 2682 5753 inobedientiam
2729 5695 2916 5751 mortis
2960 5694 3163 5750 rediret
3206 5693 3273 5747 ad
3318 5693 3509 5761 vitam,
3546 5694 3693 5751 solus
3740 5692 3849 5761 ipse

2263 5796 2451 5861 peccat
2487 5789 2540 5850 ie
2577 5805 2635 5849 se
2666 5790 2842 5849 sciens
2871 5788 3025 5861 [forte
3052 5784 3259 5859 peccati
3300 5783 3570 5853 nesciens]
3612 5786 3664 5843 in
3720 5782 3845 5841 sub-
