3942 6310
3279 421 3376 502 ree

1970 561 2228 630 Praepeti
2252 568 2341 614 aut
2374 559 2570 630 aquilae
2595 558 2746 615 senio
2773 573 3032 615 renovare
3055 559 3326 628 juventam
3355 603 3370 628 ,

1801 654 1902 709 79.5
1982 653 2145 724 213
2182 652 2314 718 Quae
2354 659 2529 708 rostro
2565 659 2843 708 crescente
2891 650 3082 708 famem
3117 653 3375 708 tolerabat

143 453 231 512 765
1315 447 1593 506 CARIIEN
1634 449 1722 508 DE
1761 447 1894 508 ἰ)Εο
1932 447 2060 506 ΜΒ·
2096 447 2135 512 l.

301 565 551 633 imperat;
586 562 822 618 autumni
846 562 936 634 qui
964 563 1140 618 dulcla
1173 577 1326 632 poma
1351 573 1586 632 saporat,
1718 565 1769 626 Α

296 655 358 710 Et
386 653 604 722 fragiles
635 654 862 723 gemmis
892 654 1065 707 variat
1090 653 1142 706 in
1173 652 1370 706 vitibus
1394 668 1544 715 uvas,

147 750 237 806 720
301 745 362 802 Ut
391 745 562 810 cibus,
597 755 650 800 et
676 754 831 814 potus
857 747 964 799 sint
995 747 1154 798 ubera
1185 745 1358 799 dulcia
1391 746 1588 808 musti;

3035 743 3303 815 [obunco:

300 837 454 907 212
478 836 579 902 Qui
605 835 698 890 dat
725 848 1009 891 corvorum
1039 835 1197 905 pullis
1240 834 1515 900 alimenta,
1548 834 1699 889 iacit-
1983 835 2086 905 Qui
2114 837 2301 906 pascit,
2351 835 2703 905 quodcunque
2744 843 2919 904 creat,
2953 835 3151 905 pietate
3182 850 3379 905 pareuo

1471 927 1625 998 ique.
3171 927 3301 999 [us,

307 1017 520 1071 Noverit
548 1025 604 1071 ut
632 1016 831 1084 vultur,
862 1034 961 1086 qua
995 1019 1064 1072 sit
1095 1020 1312 1089 regione
1343 1017 1589 1082 cadaver,

307 1107 411 1161 Dus
443 1107 596 1174 odor,
626 1118 785 1177 atque
827 1122 984 1177 sagax
1028 1123 1182 1177 quem
1231 1122 1346 1162 mos
1395 1107 1582 1162 invitat
1626 1106 1690 1159 ad

1408 1198 1627 1269 [escam,

1991 1017 2126 1071 Vitzc
2154 1024 2298 1072 certa
2329 1017 2472 1071 salus
2504 1031 2599 1083 per
2630 1017 2772 1071 mille
2803 1017 3034 1085 pericula
3064 1019 3266 1085 mortis,

1990 1107 2260 1164 Debilibus
2287 1109 2473 1174 virtus,
2498 1107 2765 1176 opulentia
2789 1108 2963 1178 major
2988 1109 3190 1179 egenis,

1426 1309 1658 1366 VARIIE
1696 1306 2094 1367 LECTIONES.

212 1408 320 1460 718.
352 1407 493 1472 Vat.,
517 1423 666 1477 poma
687 1417 946 1476 soporant.

211 1478 318 1531 719.
354 1473 526 1540 Vict,
548 1479 588 1544 f.
617 1473 792 1532 hiemis
813 1479 975 1530 variat
999 1480 1091 1532 sub
1117 1493 1163 1530 υ.
1203 1475 1320 1530 Vat.
1353 1487 1473 1529 cum
1500 1473 1698 1537 Sirm.,

148 1549 228 1602 sed
256 1565 356 1601 utve
385 1565 478 1610 pro
507 1565 648 1601 uvas.

212 1618 324 1670 72!.
357 1619 524 1671 Abest
552 1619 638 1671 hic
671 1632 854 1671 versus
874 1631 902 1670 a
933 1616 1051 1672 Vat.

213 1688 324 1740 722.
356 1687 473 1741 Vat.
498 1697 703 1739 noverat
736 1695 782 1740 et
808 1686 992 1740 vultur.

211 1756 324 1811 723.
355 1758 542 1820 Sirm.,
579 1757 698 1809 Dux
743 1758 870 1809 odor
913 1773 1066 1826 usque
1107 1774 1270 1826 sagax
1313 1773 1456 1825 quem
1495 1770 1614 1807 mox
1659 1755 1696 1806 ὅ.

152 1826 281 1890 Vat.,
310 1831 415 1880 dua:
442 1830 568 1880 odor
594 1837 745 1895 atque
769 1843 928 1899 sagas:
959 1825 1104 1892 quem
1138 1825 1258 1882 mox
1287 1830 1325 1881 i.
1363 1827 1524 1887 Vict.,
1569 1825 1695 1890 dux,

150 1907 386 1967 rectorque
409 1914 572 1968 sagax
589 1914 756 1966 quem.

1883 1403 2007 1479 ’724Γ
2041 1401 2110 1455 Ita
2131 1403 2290 1457 Sirm.
2316 1412 2369 1454 et
2392 1401 2535 1479 Vat.;
2562 1401 2614 1455 in
2635 1401 2791 1467 Vict.,
2812 1405 3040 1474 principii
3061 1417 3148 1460 aut
3169 1409 3383 1479 Asagr.,

1811 1490 1861 1527 a.
1891 1474 2085 1526 senium
2115 1487 2356 1526 renovare
2377 1475 2611 1542 juventa.

1881 1543 2002 1596 725.
2035 1543 2177 1608 Vat.,
2204 1543 2245 1608 Ῑ.
2273 1541 2501 1594 tolerabit
2523 1541 2585 1594 ab
2616 1559 2765 1594 unco.

1883 1612 2007 1667 726.
2041 1612 2228 1678 Sirm.,
2257 1612 2597 1681 Quwcunque.
2626 1610 2840 1682 Azagr.,
2864 1613 3025 1682 Vict.,
3052 1615 3194 1683 Vat.,
3223 1621 3382 1688 quod-

1810 1697 2022 1750 cunque.

1885 1755 2006 1807 7:27.
2037 1753 2176 1818 \'at.,
2200 1754 2300 1806 vita
2327 1763 2484 1806 certa.

1884 1825 2007 1879 728.
2048 1823 2184 1890 Vat.,
2214 1839 2263 1877 υ.
2295 1825 2537 1890 opulenta
2566 1840 2635 1877 m.

1647 1981 1872 2040 NOTAE.

149 2116 190 2153 v.
219 2100 333 2161 441,
358 2097 614 2163 occurrit,
634 2096 701 2150 Et
729 2099 924 2152 rosulas
954 2103 1203 2169 proferret
1231 2101 1408 2152 hiems.
1439 2099 1543 2153 Sed
1556 2098 1706 2169 r‘rosei

148 2175 303 2241 ﬂores,
335 2170 435 2241 hoc
466 2179 549 2222 est
587 2169 799 2241 pulchri
823 2184 858 2241 7a
890 2165 1025 2241 mult
1049 2165 1075 2224 s
1101 2172 1368 2232 dicuntur,
1401 2179 1455 2223 ut
1489 2184 1517 2220 a
1545 2165 1704 2241 Clau-

147 2237 290 2294 diano
315 2240 382 2295 de
417 2249 668 2308 magnete
697 2255 747 2290 v.
775 2239 866 2304 29,
909 2240 996 2308 qui
1027 2247 1202 2293 tamen
1232 2253 1388 2294 versu
1421 2253 1542 2292 mox
1571 2237 1706 2308 alle-

147 2312 303 2379 gando
323 2305 534 2363 stellata
556 2312 686 2362 rosis
711 2310 868 2361 dixit.
905 2305 1156 2362 Boethius
1180 2311 1214 2363 1.
1250 2325 1285 2372 l,
1317 2323 1484 2362 carm.
1513 2309 1568 2370 2,
1596 2305 1709 2359 lor-

149 2389 280 2434 tasse
307 2379 605 2433 imitatione
635 2380 896 2432 Dt'acontii
924 2397 937 2433 :
971 2379 1096 2444 Quis
1120 2382 1244 2433 veris
1266 2380 1494 2449 placidas
1521 2388 1708 2449 tempe-

150 2460 213 2502 ret
241 2453 407 2515 horas,
449 2459 507 2502 ut
531 2461 559 2502 t-
580 2466 689 2502 rras
720 2451 874 2501 roseis
909 2450 1121 2518 ﬂoribus
1163 2448 1322 2503 ornet.
1351 2448 1710 2503 Tertullianus

152 2521 208 2574 de
233 2519 438 2574 Judicio
472 2520 676 2572 Domini
704 2533 886 2572 versus
914 2519 1084 2583 tned.,
1121 2520 1183 2572 Et
1215 2522 1370 2572 roseis
1403 2522 1541 2572 niuea
1581 2519 1709 2570 cris-

151 2602 322 2657 pentur
348 2591 564 2658 ﬂoribus
588 2606 710 2642 arua
731 2604 748 2642 :
769 2603 833 2643 ex
863 2589 1005 2658 quod
1035 2590 1204 2645 obiter
1225 2590 1486 2656 corrigam
1517 2601 1710 2642 secun-

149 2662 264 2714 dum
295 2675 512 2715 versum
549 2663 704 2724 hujus
741 2663 1018 2730 poematis,
1057 2676 1214 2730 quem
1253 2662 1304 2712 in
1333 2661 1574 2730 pluribus
1600 2658 1712 2730 edi-

150 2731 367 2784 tionibus
398 2733 478 2783 ita
508 2730 718 2783 invenio
745 2729 1003 2798 scriptum
1037 2748 1048 2782 :
1077 2728 1152 2782 Et
1180 2732 1319 2784 verni
1342 2744 1512 2783 roseas
1539 2728 1714 2780 titulu-

150 2801 212 2854 bit
237 2802 448 2871 ﬂoribus
474 2817 651 2853 auras.
684 2799 827 2868 Lego
854 2817 864 2851 :
899 2799 962 2854 Et
986 2815 1165 2854 vernas
1191 2802 1345 2854 roseis
1376 2799 1590 2871 titulabit
1617 2799 1714 2866 ﬂo-

148 2870 272 2929 ribus
315 2887 503 2924 auras.
543 2875 680 2939 Ager
715 2873 986 2937 eleganter
1023 2872 1223 2924 stet/are
1263 2870 1472 2938 ﬂoribus
1498 2870 1710 2939 dicitur,

149 2955 200 2999 ut
224 2943 412 2998 coelum
437 2938 638 2995 ﬂorere
664 2941 950 2996 sideribus.
977 2940 1106 2994 Vide
1130 2939 1393 2996 Gilunium
1417 2939 1529 2993 Ind.
1556 2938 1711 2991 Lucr.

151 3016 301 3068 verbo
333 3015 522 3080 ﬂoreo.
555 3011 880 3066 Claudianus
912 3011 949 3064 l.
991 3026 1025 3065 ιι
1069 3014 1133 3063 de
1168 3011 1336 3079 Raptu
1367 3011 1541 3073 Pros.,
1573 3021 1712 3080 vers.

154 3085 259 3148 150,
291 3078 414 3154 Iliso
443 3082 690 3154 graditur
713 3078 1256 3154 stellato_rosis.rlllar.
1282 3080 1524 3154 Victori.
1566 3078 1712 3154 t_Ce-

149 3171 277 3218 nes.,
306 3149 558 3207 SitleFeos
585 3152 664 3204 hic
694 3161 780 3204 ter.
799 3169 830 3202 a
869 3152 1027 3204 vibrat
1057 3153 1289 3205 distincta
1330 3153 1522 3204 calores
1543 3191 1558 3216 ,
1602 3149 1718 3216 lege

148 3227 347 3279 colores.
387 3224 554 3278 l’rius
577 3222 779 3275 dixerat
808 3240 820 3274 :
857 3223 1104 3287 Astraque
1131 3222 1378 3274 distinctis
1408 3222 1584 3273 selum
1605 3220 1720 3286 pin-

150 3300 302 3366 gsntitt
341 3297 525 3366 sonis,
563 3289 804 3366 Floribus
834 3292 1253 3366 a‘thereis_uarios
1281 3292 1471 3344 vibrare
1504 3289 1717 3366 colores.

215 3367 334 3419 718.
378 3364 710 3419 Sirutondus
755 3363 1027 3427 distinguit
1064 3361 1288 3431 Imperat
1328 3362 1579 3422 autumni,
1612 3360 1718 3425 qui.

154 3436 259 3491 Non
288 3437 478 3504 probo.
509 3438 783 3486 Autumno
803 3433 1002 3485 lructus
1033 3433 1356 3504 tribuuntur,
1387 3446 1491 3484 non
1522 3431 1680 3504 liores
1706 3445 1719 3480 :

154 3500 301 3575 cujus
320 3505 630 3575 symbolum
661 3511 744 3556 est
783 3516 948 3575 cornu
968 3574 972 3575 ί
994 3503 1164 3570 copias
1190 3503 1341 3575 uvis,
1365 3510 1419 3557 et
1440 3500 1610 3570 pomis
1643 3513 1727 3553 re-

157 3572 362 3632 fertum.
392 3573 735 3628 Forct-liiuus
768 3572 835 3626 ad
866 3573 1086 3626 barbara
1123 3573 1307 3640 reiecit
1335 3586 1540 3639 sapore,
1567 3583 1725 3635 sapo-

152 3663 252 3713 res,
291 3663 398 3713 quo
433 3659 567 3698 usos
595 3642 790 3696 indicat
832 3643 1178 3696 Dracontium
1212 3654 1266 3698 et
1308 3643 1521 3696 Petrum”
1557 3642 1729 3713 ειη-γέ

153 3709 404 3787 sologum.
443 3714 707 3787 Admittit
748 3727 874 3766 vero
914 3713 1233 3782 adjectivqu
1264 3720 1554 3782 sapoatus,
1587 3709 1727 3780 quod

154 3785 289 3843 certe
316 3785 489 3854 nugis
522 3792 776 3838 nat-itum
805 3792 904 3837 est.
1084 3825 1108 3854 ,

219 3859 336 3912 719.
367 3852 601 3934 Βῐγὶιιιιβ
623 3853 1222 3934 excogitaverat‘plenis,
1369 3853 1583 3934 agnovit
1613 3865 1726 3934 iue-

153 3928 249 3984 iius
279 3943 401 3982 esse
433 3926 489 3978 in
521 3923 686 3977 Sirm.
718 3925 944 3992 gemmis.
995 3921 1071 3978 De
1107 3925 1332 3993 gemmis
1372 3921 1494 3977 vitis
1529 3921 1728 3974 dictum

148 3998 249 4067 jam
276 4011 438 4064 supra
462 3996 536 4050 ad
580 4010 633 4067 v.
659 3995 785 4048 575.
817 3993 1145 4067 Propertius,
1170 3996 1204 4047 I.
1232 4009 1302 4057 iv,
1331 3994 1464 4067 eleg.
1484 3993 1548 4067 β’,
1590 4004 1726 4044 vers.

155 4063 234 4134 i3,
262 4063 445 4122 Prima
472 4066 607 4118 mihi
633 4068 791 4116 variat
815 4064 1076 4116 liventibus
1099 4080 1197 4116 uva
1218 4064 1446 4116 racemis.
1480 4063 1736 4116 Dicuntur

153 4133 264 4194 m
293 4139 543 4208 fragiles,
577 4135 874 4208 quiavites
905 4133 1036 4202 ipsa:
1069 4134 1279 4208 fragiles
1308 4143 1461 4208 sunt,
1498 4135 1580 4186 vel
1611 4145 1732 4208 quis

152 4210 326 4264 vitrea:
367 4201 523 4272 sunt,
577 4201 630 4259 et
678 4206 863 4258 vitreus
902 4201 953 4259 et
999 4205 1199 4272 fragilis
1245 4219 1336 4271 pro
1365 4205 1552 4257 eodem
1596 4201 1732 4253 sumi

151 4281 336 4334 solent.
373 4278 608 4333 Publius
631 4278 799 4345 Syrus
821 4277 872 4328 in
900 4277 1041 4345 illim.
1076 4273 1311 4345 Fortuna
1329 4283 1488 4327 vitrea
1512 4282 1606 4336 est,
1630 4284 1734 4323 tum

151 4365 259 4403 cum
291 4348 563 4418 splendet,
596 4344 870 4414 frangitur.
899 4344 1009 4418 _Vei
1038 4344 1267 4413 denique
1308 4345 1429 4410 quia
1462 4359 1574 4397 uva:
1603 4357 1735 4409 quu-

150 4413 436 4474 dammodo
465 4413 787 4483 franguntur
813 4427 865 4468 et
895 4413 1044 4468 facile
1065 4426 1403 4482 rumpuntur.

1746 3120 1793 3184 C

1883 2093 2006 2169 72a.
2046 2093 2165 2169 lobi
2191 2107 2240 2148 c.
2288 2106 2559 2169 xxxrxtv.
2605 2097 2695 2169 βο,
2723 2096 2974 2152 Proverb.
3007 2112 3124 2169 cap.
3166 2118 3289 2168 xxx,
3337 2124 3387 2163 v.

1817 2167 1904 2242 Π,
1935 2166 2120 2242 Matth.
2149 2180 2199 2219 c.
2232 2179 2377 2242 χειν,
2401 2164 2570 2242 v._28,
2605 2166 2758 2242 boote
2778 2181 2895 2242 cap.
2925 2164 3132 2242 7“_Vll,—V.
3159 2164 3389 2242 57.Qui.

1813 2238 1913 2289 hus
1941 2238 1990 2288 in
2025 2236 2155 2289 locis
2175 2236 2346 2304 aquila
2377 2235 2728 2290 cadaveribus
2753 2238 2892 2303 pasci
2917 2237 3130 2294 dicitur.
3160 2235 3391 2301 Dracon-

1816 2307 1918 2360 tius
1948 2321 2066 2359 cum
2112 2304 2478 2376 Septuaginta,
2529 2306 2856 2376 Hieronymo
2884 2318 2937 2360 et
2977 2309 3096 2362 aliis
3126 2313 3389 2371 vulturem

1817 2376 2074 2438 nominat,
2100 2379 2220 2444 quia
2248 2375 2436 2444 aquilae
2459 2417 2473 2441 ,
2507 2391 2627 2442 quze
2653 2375 2876 2444 corpora
2903 2379 3147 2432 exanima
3181 2398 3392 2440 seetan-

1819 2455 1925 2520 tur,
1952 2447 2184 2514 speciem
2218 2448 2455 2501 reterunt
2483 2446 2718 2520 vulturis
2747 2463 2763 2501 :
2795 2461 2916 2500 nam
2949 2447 3066 2520 alia:
3096 2454 3284 2520 aquila:
3309 2471 3393 2510 ca.

1819 2519 2011 2594 davera
2042 2533 2144 2573 non
2166 2524 2439 2594 _t_angunt._
2467 2516 2549 2594 Ad
2587 2531 2874 2594 commune
2901 2516 3198 2585 aquilarum
3227 2540 3394 2594 genus

1818 2587 1998 2641 vultur
2024 2596 2079 2640 et
2108 2589 2300 2642 milvus
2330 2601 2359 2638 a
2392 2585 2660 2654 plerisque
2690 2588 3038 2642 reducuntur.

1892 2657 2015 2711 725.
2053 2655 2312 2736 Isidorus,
2349 2656 2389 2736 Ι.
2432 2671 2503 2710 ιιι
2541 2658 2710 2736 9t;ig.,
2753 2673 2808 2736 ο.
2846 2659 2896 2721 7,
2940 2657 3174 2736 Vultures
3203 2677 3392 2736 autem,

1818 2730 1948 2782 sicut
1990 2736 2038 2780 et
2077 2730 2283 2798 aquilas,
2324 2728 2475 2780 etiam
2500 2727 2636 2798 ultr'a
2679 2728 2841 2781 maria
2868 2729 3112 2782 cadauera
3132 2727 3394 2791 sentiunt}

1819 2799 1972 2868 altius
2008 2797 2194 2868 quippe
2220 2799 2439 2868 uolantes
2465 2797 2622 2868 multa
2663 2813 2776 2863 qua:
2798 2800 3065 2868 utentium
3097 2803 3396 2860 obscuritate

1819 2867 2069 2932 celantur,
2097 2865 2163 2922 ea:
2182 2867 2288 2920 alto
2313 2867 2418 2918 illa!
2439 2867 2773 2932 conspiciunt.
2798 2865 2894 2920 Ubi
2916 2881 3023 2920 non
3049 2873 3242 2926 eximia
3268 2879 3397 2929 odu-

1820 2938 1970 2992 randi
2001 2935 2222 2993 facultas
2253 2935 2677 3008 commendatur,
2709 2937 2852 3008 quod
2896 2945 3042 3004 putat
3066 2940 3397 3002 Fui-cellinus

1820 3009 1984 3063 verbo
2029 3008 2236 3074 Vultur,
2274 3005 2368 3059 sed
2407 3007 2682 3061 oculorum
2726 3005 2970 3062 acumen.
3014 3008 3163 3072 Quod
3208 3019 3399 3072 attinet

1821 3079 1886 3132 ad
1910 3080 2224 3147 scripturam
2245 3075 2402 3143 hujus
2419 3091 2626 3146 versus,
2643 3093 2762 3154 cum
2786 3080 2930 3154 prius
2951 3079 3233 3154 legeretur,
3256 3081 3396 3154 Dux,

1823 3159 2085 3219 rectorque
2125 3163 2286 3217 sagax
2316 3163 2463 3214 quem
2501 3164 2639 3211 mox,
2671 3149 2986 3204 Sirmontius
3017 3149 3245 3208 restituit
3279 3149 3399 3210 Diti:

1825 3220 1964 3292 odori
1991 3236 2147 3292 usque
2187 3235 2346 3292 sagax
2385 3234 2532 3287 quem
2572 3235 2691 3292 nios
2718 3220 2897 3292 invitat
2921 3219 2989 3270 ad
3019 3233 3208 3292 escam.
3251 3223 3401 3281 Nihil

1827 3291 1988 3358 potuit
2021 3288 2345 3356 Sirmondus,
2393 3304 2550 3356 neque
2586 3288 2898 3343 Dracontius
2921 3289 3128 3356 rnelius,
3153 3295 3227 3348 ait
3257 3297 3401 3351 Rivi-

1827 3376 1950 3417 nus.
1999 3361 2351 3415 Nihilominus
2390 3363 2618 3426 protero
2660 3360 2940 3415 lectionem
2981 3373 3137 3427 quam
3182 3378 3244 3419 ex
3278 3365 3395 3424 Vat.

1827 3447 2037 3508 promo,
2070 3441 2122 3486 et
2155 3445 2250 3498 pro
2275 3446 2402 3508 mo:c_
2419 3429 2640 3484 restituo
2664 3445 2792 3496 mos,
2825 3444 3016 3499 nempe
3043 3439 3227 3489 natura
3258 3436 3404 3508 ipsa,

1828 3511 1882 3556 et
1909 3502 2188 3556 instinctus
2210 3500 2452 3554 vulturis.

1900 3573 2020 3625 7‘24.
2071 3572 2256 3625 Rivino
2287 3570 2618 3624 commodius
2656 3572 2722 3626 ad
2765 3586 2981 3626 sensum
3023 3573 3230 3630 videtur
3254 3576 3402 3634 Prte-

1829 3642 1952 3718 cipit
1972 3650 2061 3718 aut
2090 3642 2296 3718 aquilae.
2324 3641 2478 3718 Aliud
2512 3642 2853 3718 mallempro
2892 3645 3121 3718 praccipit
3148 3658 3236 3718 aut
3268 3667 3404 3718 prae-

1832 3712 1991 3782 petis;
2036 3711 2170 3789 forte
2210 3711 2452 3789 Prtesciot
2487 3722 2575 3764 aut
2612 3711 2818 3789 aquila,
2852 3714 2934 3766 vel
2967 3711 3140 3789 potius
3175 3711 3404 3789 Per-petis

1831 3793 1916 3834 aut
1947 3781 2153 3847 aquilar,
2181 3798 2296 3850 qua:
2325 3783 2526 3838 scilicet
2555 3797 2742 3850 pcrpes
2770 3783 3000 3845 dicatur,-
3021 3785 3163 3852 quia,
3189 3781 3307 3842 cum
3337 3791 3403 3844 ad

1831 3862 2163 3927 senectutem
2195 3852 2430 3927 devenit,
2473 3853 2790 3927 juvenesoit.
2839 3853 3018 3927 Lectio
3048 3857 3237 3924 Azagr.
3284 3875 3404 3927 pro-

1834 3923 2022 4000 babilis
2050 3933 2151 3975 est.
2172 3926 2388 4000 Arator‘,
2417 3922 2454 3974 l.
2480 3936 2537 4000 li_,
2563 3936 2612 3975 v.
2639 3922 2744 3977 528
2771 3922 3404 4000 seqq.,_l'use_nariat'qua

1835 3994 2041 4065 ratione
2063 3992 2240 4060 aquila
2264 3995 2471 4048 senium
2494 3994 2742 4060 deponat.
2776 3991 3041 4065 Barthius,
3075 3995 3111 4048 Ι.
3137 3991 3329 4065 sntit,
3353 4013 3402 4054 c.

1835 4064 1889 4137 ξι,
1926 4079 2021 4137 eos
2053 4076 2236 4116 versus
2265 4078 2387 4137 cum
2410 4065 2723 4137 retulisset,
2747 4064 2948 4116 addidit
2979 4079 3097 4118 eam
3136 4066 3203 4120 de
3233 4064 3407 4137 aquila

1837 4134 2110 4206 historiam
2149 4148 2244 4187 seu
2293 4134 2522 4187 tabulam
2565 4134 2674 4186 alio
2715 4135 2851 4196 loco,
2889 4143 3145 4206 quantum
3173 4134 3409 4206 quidem

1835 4204 2173 4269 meminerat,
2202 4219 2261 4258 se
2287 4219 2389 4258 non
2415 4206 2606 4273 legisse
2634 4218 2790 4271 quam
2821 4205 2960 4272 apud
2992 4204 3330 4262 Aldhelmum
3359 4209 3412 4266 itt

1837 4275 1974 4328 libro
2015 4274 2396 4342 ﬁnigtttatum,
2432 4277 2522 4343 qui
2565 4274 2702 4328 ferio
2748 4278 3026 4328 Aratorem
3066 4281 3409 4344 expresserit.

1841 4344 2034 4397 Verum
2069 4345 2226 4412 longe
2253 4348 2520 4414 antiquior
2550 4350 2775 4399 Aratore
2807 4353 2892 4398 est
2924 4347 3036 4399 haec
3078 4347 3328 4414 historia,
3359 4364 3415 4405 et

1839 4415 1954 4483 ipse
1977 4415 2220 4469 Barthius
2249 4417 2312 4469 ad
2343 4414 2694 4470 Ctatiuianum
2727 4417 2874 4483 praef.
2901 4416 3039 4469 tertii
3071 4419 3275 4470 consul.
3306 4421 3414 4472 llu-

215 4490 339 4545 7'20.
387 4489 458 4544 Ut
491 4497 728 4541 matrum
759 4485 922 4538 ubera
952 4484 1148 4550 cibum,
1178 4493 1232 4538 et
1256 4496 1435 4556 potum
1463 4483 1581 4556 liiiis
1602 4497 1736 4556 ιιι-ξι·
1767 4483 1817 4541 ι)
1842 4485 1980 4538 norii
2023 4501 2089 4540 ex
2129 4486 2449 4556 Hieronymo
2474 4489 2632 4555 epist.
2664 4485 2730 4540 ad
2773 4485 3084 4539 Praesidium
3119 4489 3301 4556 (quam
3339 4491 3411 4544 illi

149 4557 290 4626 bent,
332 4563 416 4616 sic.
461 4571 610 4618 uvae,
647 4570 765 4624 qua
791 4564 916 4608 sunt
941 4557 1101 4608 veluti
1129 4556 1290 4609 ubera
1328 4555 1470 4626 vitis,
1500 4553 1733 4608 homini-

151 4629 242 4683 bus
267 4623 356 4686 cib
380 4646 454 4684 im
485 4637 552 4682 et
584 4623 762 4694 potum
795 4626 1118 4679 ministrant.
1163 4626 1389 4678 Pulchra
1429 4623 1527 4678 hac
1573 4633 1739 4677 meta-

152 4699 310 4765 phora
342 4715 480 4754 usus
512 4699 676 4750 etiam
715 4705 797 4748 est
828 4696 1137 4756 Columella,
1181 4696 1217 4748 Ι.
1246 4711 1322 4758 ιιι,
1349 4695 1418 4749 al.
1460 4707 1532 4758 tv,
1565 4709 1614 4748 c.
1645 4694 1734 4761 2i,

156 4767 344 4832 Quibus
371 4770 627 4835 (vitibus)
667 4765 806 4818 alma
831 4766 979 4819 tellus
1021 4782 1194 4818 annua
1221 4769 1343 4827 vice,
1382 4765 1514 4817 velut
1552 4774 1740 4816 (sterno

152 4843 368 4906 quodam
394 4836 682 4911 puerperia
711 4837 826 4911 ltela
852 4880 866 4902 ,
896 4837 1431 4911 tuortalibustlistenta
1458 4842 1622 4911 inuito
1648 4835 1739 4884 de-

153 4905 294 4962 mittit
327 4905 493 4964 ubera
526 4925 546 4962 :
579 4921 696 4974 (tua:
720 4907 876 4959 verba
902 4907 1304 4971 corruptissime
1333 4905 1458 4958 olim
1491 4905 1739 4971 legeban-

153 4989 230 5032 tur
259 4984 310 5035 in
343 4980 597 5048 antiquis
627 4976 968 5048 editionibus,
999 4976 1094 5031 sed
1126 4977 1352 5048 leliciti-r
1377 4985 1555 5044 postea
1589 4976 1740 5048 resti-

154 5058 256 5103 tu:a
281 5063 446 5115 sunt;
491 5045 680 5114 neque
722 5047 874 5100 aliter
904 5062 964 5099 ca
993 5049 1211 5102 exhibet
1237 5046 1401 5101 codex
1449 5061 1549 5098 ms.
1579 5045 1740 5098 Colu-

152 5123 322 5178 mella
356 5123 409 5176 in
454 5117 795 5174 Bibliotheca
823 5117 1116 5171 Altieraua.
1146 5117 1393 5184 Alioquin
1425 5116 1548 5168 uber
1575 5116 1740 5184 signi-

152 5191 268 5245 licat
296 5197 464 5246 etiam
501 5189 855 5251 t'ertilitatem,
889 5189 1207 5251 ubertatem,
1239 5198 1293 5240 ut
1321 5187 1441 5239 uber
1466 5188 1593 5255 agri,
1627 5186 1745 5255 ubir

119 5263 324 5326 -gtebw.
368 5273 424 5316 et
471 5261 546 5314 de
590 5257 787 5310 vitibus
831 5258 1078 5327 Virgilius
1121 5274 1154 5311 ιι
1201 5259 1394 5325 Georg.
1427 5253 1637 5318 VX2755,
1679 5253 1746 5306 lu

152 5331 303 5385 denso
332 5348 441 5386 non
470 5329 685 5398 segnior
719 5331 868 5381 ubere
896 5327 1160 5390 Bacchus;
1195 5328 1514 5382 Claudianus
1533 5367 1546 5393 ,
1579 5327 1740 5381 Colu-

154 5403 305 5456 mella
333 5413 392 5457 et
420 5401 543 5456 alii.

221 5471 345 5525 7‘11.
401 5474 555 5527 Psal.
605 5483 780 5530 cvat,
827 5485 880 5521 v.
927 5471 979 5536 9,
1035 5471 1134 5538 Qui
1173 5470 1262 5522 dat
1299 5468 1542 5538 jumentis
1579 5482 1746 5518 escam

156 5542 402 5610 ipsarum,
433 5552 485 5597 et
517 5539 680 5612 pullis
718 5555 980 5593 corvorum
1015 5541 1366 5612 invocantibus
1385 5553 1518 5612 eum.
1546 5539 1664 5591 Jobi
1693 5552 1742 5589 c.

156 5626 373 5675 xxxviii.
421 5631 480 5667 v.
518 5609 628 5666 ⁷41.
655 5611 810 5665 Luca:
849 5625 964 5678 cap.
1013 5626 1105 5673 sit,
1138 5625 1188 5663 v.
1219 5610 1310 5663 24.
1348 5609 1520 5661 Pullos
1559 5621 1747 5678 corvo-

156 5696 270 5738 rum
293 5700 324 5740 a
353 5681 680 5754 parentibus
695 5676 992 5754 derelinqui
1019 5678 1640 5754 multi_narrant.Conler
1663 5676 1748 5754 Pi-

158 5748 430 5810 nedam'et
462 5750 788 5809 Corderiutn
818 5752 884 5807 ad
909 5748 1013 5808 loc.
1044 5753 1135 5809 cit.
1168 5751 1290 5822 Job,
1335 5759 1393 5806 ut
1427 5751 1558 5806 alios
1589 5748 1746 5804 omit-

155 5831 279 5880 tam.

1843 4556 2002 4623 vulgo
2057 4555 2419 4624 abjudicant).
2473 4561 2750 4609 Aratorem
2798 4563 2853 4609 et
2903 4555 3240 4624 Aldhelmum
3293 4572 3417 4614 eam

1843 4627 2201 4680 narrationem
2227 4623 2515 4693 sumpsisse
2537 4626 2824 4690 existimat,
2848 4635 2900 4680 et
2926 4640 2988 4679 ex
3017 4623 3235 4680 Paulino
3264 4633 3415 4696 aqui-

1844 4696 1908 4768 lte
1932 4701 2264 4768 juventutt-m
2295 4697 2399 4750 alio
2437 4696 2597 4768 modo
2633 4697 2876 4768 renovari
2913 4696 3168 4768 ostendit.
3213 4697 3413 4755 Ansam

1845 4765 2146 4836 huiusmodi
2200 4765 2588 4819 narrationibus
2628 4767 2968 4836 praebuerunt
3009 4767 3169 4821 verba
3223 4771 3414 4836 psalmi

1843 4835 1932 4904 CII,
1965 4856 2015 4894 ν.
2038 4835 2090 4898 5.
2125 4836 2480 4898 Reum-tabum,
2504 4846 2557 4887 ut
2578 4835 2784 4904 aquilis,
2803 4837 3038 4902 iuventus
3059 4846 3164 4889 tua.
3199 4835 3415 4895 Ct't'tum

1846 4922 1908 4958 ex
1942 4911 2024 4963 his
2046 4918 2126 4961 est
2145 4909 2475 4976 juventutem
2498 4905 2688 4976 aquila
2709 4907 3104 4974 quodammodo
3125 4913 3369 4963 renovari
3401 4929 3411 4962 :

1845 4978 1913 5030 de
1941 4995 2041 5046 qua
2073 4975 2243 5031 tamen
2271 4975 2615 5030 renovatione
2636 4977 2725 5030 alii
2753 4976 2851 5030 alia
2875 4977 3082 5031 dicunt.
3104 4977 3416 5034 Dracontius

1845 5063 2060 5104 secutus
2088 5061 2169 5103 est
2197 5048 2547 5116 Augustinum
2581 5047 2632 5100 in
2664 5046 2800 5115 psal.
2829 5048 2946 5112 cit.,
2980 5057 3031 5102 et
3061 5049 3415 5118 Epiphaniam

1849 5119 1900 5170 in
1933 5121 2258 5191 Physiulttg.,
2288 5118 2374 5186 qui
2408 5118 2620 5191 tradunt
2649 5127 3020 5191 senescentem
3048 5120 3276 5185 aquilam
3305 5136 3418 5191 rus-

1849 5188 2177 5258 truin,'quod
2213 5192 2371 5243 nimis
2394 5189 2657 5241 aduncum
2685 5188 2879 5242 iactum
2903 5191 3286 5244 comestionem
3319 5190 3416 5243 im-

1850 5263 2013 5328 pedit,
2039 5263 2101 5312 ad
2130 5262 2356 5327 lapidem
2385 5258 2622 5322 allidere,
2655 5273 2760 5328 quo
2793 5271 2946 5326 rupto
2971 5260 3144 5312 cibum
3173 5264 3334 5314 sumit
3355 5277 3417 5315 ac

1843 5332 2161 5399 juveiiescit,
2193 5340 2245 5384 et
2281 5331 2338 5398 ﬁt
2370 5330 2418 5379 iu
2443 5345 2504 5382 ea
2523 5331 2755 5396 quietiam
2779 5330 3097 5394 resurrectio,
3139 5330 3214 5384 ait
3242 5333 3419 5400 Augu-

1847 5403 2036 5455 stinus.
2081 5402 2310 5455 Consule
2343 5402 2611 5453 Petavium
2653 5402 2702 5453 in
2734 5400 3099 5454 Animadvers.
3129 5400 3196 5454 ad
3223 5401 3414 5470 Epiph.

1849 5471 2080 5541 Physiol.
2121 5485 2237 5541 cap.
2270 5473 2324 5526 4.
2369 5470 2519 5524 Adde
2554 5470 2915 5525 Hildebertum
2961 5469 3417 5541 Cenomanensnm

1851 5543 1900 5596 in
1935 5540 2252 5612 Physioloao
2272 5557 2440 5594 carm.
2461 5543 2528 5594 de
2553 5541 2750 5609 aquila.
2769 5541 3014 5612 Nonnulli
3039 5540 3104 5595 de
3126 5543 3418 5599 mutatione

1853 5611 2137 5680 pennarum
2162 5628 2264 5681 qua
2293 5626 2418 5665 aves
2440 5612 2832 5680 quodammodo
2851 5611 3227 5680 juvenescunt,
3257 5613 3419 5670 verba

1851 5685 2038 5751 psalmi
2068 5693 2357 5749 exponunt.

1922 5753 2044 5806 725.
2076 5751 2129 5806 In
2163 5753 2278 5806 Vat.
2323 5752 2571 5818 tolerabit,
2597 5752 2729 5807 forte
2771 5762 2855 5808 est
2885 5767 2980 5820 pro
3022 5754 3268 5808 toleravit.
3314 5755 3420 5810 Bo-

1849 5834 2016 5885 strum
2041 5825 2299 5881 aduncum
2322 5832 2378 5882 et
2411 5823 2659 5881 obiturum
2694 5824 2908 5895 dicitur,
2939 5833 2994 5883 et
3023 5825 3300 5902 utriusque
3328 5840 3420 5889 γο-
