  <div class='ocr_page' id='page_1' title='image "/cluster/home/n/w/nwhite01/storage/ocr_20150623/59/hvd.32044073505257/1132.png"; bbox 0 0 3942 6310; ppageno 0'>
   <div class='ocr_carea' id='block_1_1' title="bbox 174 368 277 463">
    <p class='ocr_par' dir='ltr' id='par_1_1' title="bbox 174 368 277 463">
     <span class='ocr_line' id='line_1_1' title="bbox 174 368 277 463; baseline 0 0"><span class='ocrx_word' id='word_1_1' title='bbox 174 368 277 463; x_wconf 72' lang='lat' dir='ltr'><strong>vos</strong></span> 
     </span>
    </p>
   </div>
   <div class='ocr_carea' id='block_1_2' title="bbox 348 606 1742 679">
    <p class='ocr_par' dir='ltr' id='par_1_2' title="bbox 348 606 1742 679">
     <span class='ocr_line' id='line_1_2' title="bbox 348 606 1742 679; baseline 0.003 -17"><span class='ocrx_word' id='word_1_2' title='bbox 348 607 483 679; x_wconf 84' lang='lat' dir='ltr'><strong>Spes</strong></span> <span class='ocrx_word' id='word_1_3' title='bbox 530 606 803 661; x_wconf 88' lang='lat' dir='ltr'><strong>hominum</strong></span> <span class='ocrx_word' id='word_1_4' title='bbox 853 607 1156 673; x_wconf 90' lang='lat' dir='ltr'><strong>intendens,</strong></span> <span class='ocrx_word' id='word_1_5' title='bbox 1206 618 1261 663; x_wconf 88' lang='lat' dir='ltr'><strong>et</strong></span> <span class='ocrx_word' id='word_1_6' title='bbox 1308 618 1426 664; x_wconf 89' lang='lat' dir='ltr'><strong>vota</strong></span> <span class='ocrx_word' id='word_1_7' title='bbox 1471 612 1742 678; x_wconf 88' lang='lat' dir='ltr'><strong>precantia</strong></span> 
     </span>
    </p>
   </div>
   <div class='ocr_carea' id='block_1_3' title="bbox 1360 702 1679 773">
    <p class='ocr_par' dir='ltr' id='par_1_3' title="bbox 1360 702 1679 773">
     <span class='ocr_line' id='line_1_3' title="bbox 1360 702 1679 773; baseline 0.006 -16"><span class='ocrx_word' id='word_1_8' title='bbox 1360 702 1679 773; x_wconf 76' lang='lat' dir='ltr'><strong>[complens,</strong></span> 
     </span>
    </p>
   </div>
   <div class='ocr_carea' id='block_1_4' title="bbox 350 789 1750 863">
    <p class='ocr_par' dir='ltr' id='par_1_4' title="bbox 350 789 1750 863">
     <span class='ocr_line' id='line_1_4' title="bbox 350 789 1750 863; baseline 0.004 -19"><span class='ocrx_word' id='word_1_9' title='bbox 350 789 539 858; x_wconf 81' lang='lat' dir='ltr'><strong>Aspice</strong></span> <span class='ocrx_word' id='word_1_10' title='bbox 563 789 891 859; x_wconf 86' lang='lat' dir='ltr'><strong>despectum,</strong></span> <span class='ocrx_word' id='word_1_11' title='bbox 927 790 1189 859; x_wconf 86' lang='lat' dir='ltr'><strong>dejectum</strong></span> <span class='ocrx_word' id='word_1_12' title='bbox 1215 792 1399 847; x_wconf 89' lang='lat' dir='ltr'><strong>attolle</strong></span> <span class='ocrx_word' id='word_1_13' title='bbox 1429 809 1715 863; x_wconf 68' lang='lat' dir='ltr'><strong>parumper</strong></span> <span class='ocrx_word' id='word_1_14' title='bbox 1734 836 1750 859; x_wconf 90' lang='lat'><strong>,</strong></span> 
     </span>
    </p>
   </div>
   <div class='ocr_carea' id='block_1_5' title="bbox 384 870 1753 955">
    <p class='ocr_par' dir='ltr' id='par_1_5' title="bbox 384 870 1753 955">
     <span class='ocr_line' id='line_1_5' title="bbox 384 870 1753 955; baseline 0.003 -18"><span class='ocrx_word' id='word_1_15' title='bbox 384 883 545 954; x_wconf 71' lang='lat'><strong>216</strong></span> <span class='ocrx_word' id='word_1_16' title='bbox 582 870 982 953; x_wconf 77' lang='lat' dir='ltr'><strong>Confusumque</strong></span> <span class='ocrx_word' id='word_1_17' title='bbox 1006 884 1162 952; x_wconf 89' lang='lat' dir='ltr'><strong>juva,</strong></span> <span class='ocrx_word' id='word_1_18' title='bbox 1203 886 1325 954; x_wconf 92' lang='lat' dir='ltr'><strong>quia</strong></span> <span class='ocrx_word' id='word_1_19' title='bbox 1361 887 1589 955; x_wconf 77' lang='lat' dir='ltr'><strong>ptenitet</strong></span> <span class='ocrx_word' id='word_1_20' title='bbox 1634 902 1753 942; x_wconf 85' lang='lat' dir='ltr'><strong>esse</strong></span> 
     </span>
    </p>
   </div>
   <div class='ocr_carea' id='block_1_6' title="bbox 1348 978 1679 1050">
    <p class='ocr_par' dir='ltr' id='par_1_6' title="bbox 1348 978 1679 1050">
     <span class='ocr_line' id='line_1_6' title="bbox 1348 978 1679 1050; baseline 0.009 -19"><span class='ocrx_word' id='word_1_21' title='bbox 1348 978 1679 1050; x_wconf 86' lang='lat' dir='ltr'><strong>[nocentem,</strong></span> 
     </span>
    </p>
   </div>
   <div class='ocr_carea' id='block_1_7' title="bbox 391 1064 1752 1139">
    <p class='ocr_par' dir='ltr' id='par_1_7' title="bbox 391 1064 1752 1139">
     <span class='ocr_line' id='line_1_7' title="bbox 391 1064 1752 1139; baseline 0.002 -18"><span class='ocrx_word' id='word_1_22' title='bbox 391 1064 459 1121; x_wconf 89' lang='lat' dir='ltr'><strong>Ut</strong></span> <span class='ocrx_word' id='word_1_23' title='bbox 478 1065 684 1121; x_wconf 82' lang='lat' dir='ltr'><strong>valeam</strong></span> <span class='ocrx_word' id='word_1_24' title='bbox 712 1080 1013 1122; x_wconf 85' lang='lat' dir='ltr'><strong>memorare</strong></span> <span class='ocrx_word' id='word_1_25' title='bbox 1032 1067 1519 1126; x_wconf 83' lang='lat' dir='ltr'><strong>tuaslioccarmine</strong></span> <span class='ocrx_word' id='word_1_26' title='bbox 1542 1069 1752 1139; x_wconf 86' lang='lat' dir='ltr'><strong>laudes,</strong></span> 
     </span>
    </p>
   </div>
   <div class='ocr_carea' id='block_1_8' title="bbox 1360 404 2225 470">
    <p class='ocr_par' dir='ltr' id='par_1_8' title="bbox 1360 404 2225 470">
     <span class='ocr_line' id='line_1_8' title="bbox 1360 404 2225 470; baseline 0.01 -9"><span class='ocrx_word' id='word_1_27' title='bbox 1360 404 1637 462; x_wconf 82' lang='lat' dir='ltr'><strong>CARMEN</strong></span> <span class='ocrx_word' id='word_1_28' title='bbox 1678 407 1764 464; x_wconf 83' lang='lat' dir='ltr'><strong>DE</strong></span> <span class='ocrx_word' id='word_1_29' title='bbox 1807 407 1955 467; x_wconf 83' lang='lat' dir='ltr'><strong>DEO.</strong></span> <span class='ocrx_word' id='word_1_30' title='bbox 1999 413 2126 468; x_wconf 82' lang='lat' dir='ltr'><strong>LIB.</strong></span> <span class='ocrx_word' id='word_1_31' title='bbox 2166 415 2225 470; x_wconf 94' lang='lat' dir='ltr'><strong>ll.</strong></span> 
     </span>
    </p>
   </div>
   <div class='ocr_carea' id='block_1_9' title="bbox 172 513 1957 588">
    <p class='ocr_par' dir='ltr' id='par_1_9' title="bbox 172 513 1957 588">
     <span class='ocr_line' id='line_1_9' title="bbox 172 513 1957 588; baseline 0.006 -19"><span class='ocrx_word' id='word_1_32' title='bbox 172 514 278 575; x_wconf 66' lang='lat'><strong>745</strong></span> <span class='ocrx_word' id='word_1_33' title='bbox 330 513 480 582; x_wconf 85' lang='lat' dir='ltr'><strong>Quod</strong></span> <span class='ocrx_word' id='word_1_34' title='bbox 496 513 705 586; x_wconf 88' lang='lat' dir='ltr'><strong>species</strong></span> <span class='ocrx_word' id='word_1_35' title='bbox 724 521 933 571; x_wconf 86' lang='lat' dir='ltr'><strong>terrena</strong></span> <span class='ocrx_word' id='word_1_36' title='bbox 957 523 1110 586; x_wconf 87' lang='lat' dir='ltr'><strong>parat</strong></span> <span class='ocrx_word' id='word_1_37' title='bbox 1133 516 1403 588; x_wconf 80' lang='lat' dir='ltr'><strong>languoris</strong></span> <span class='ocrx_word' id='word_1_38' title='bbox 1444 520 1510 574; x_wconf 90' lang='lat' dir='ltr'><strong>ad</strong></span> <span class='ocrx_word' id='word_1_39' title='bbox 1558 530 1741 575; x_wconf 79' lang='lat' dir='ltr'><strong>aestus.</strong></span> <span class='ocrx_word' id='word_1_40' title='bbox 1772 527 1825 587; x_wconf 76' lang='grc' dir='ltr'><strong>Α</strong></span> <span class='ocrx_word' id='word_1_41' title='bbox 1853 526 1957 583; x_wconf 82' lang='lat'><strong>750</strong></span> 
     </span>
    </p>
   </div>
   <div class='ocr_carea' id='block_1_10' title="bbox 3333 435 3434 492">
    <p class='ocr_par' dir='ltr' id='par_1_10' title="bbox 3333 435 3434 492">
     <span class='ocr_line' id='line_1_10' title="bbox 3333 435 3434 492; baseline 0.02 -2"><span class='ocrx_word' id='word_1_42' title='bbox 3333 435 3434 492; x_wconf 87' lang='lat'><strong>770</strong></span> 
     </span>
    </p>
   </div>
   <div class='ocr_carea' id='block_1_11' title="bbox 2067 529 3433 605">
    <p class='ocr_par' dir='ltr' id='par_1_11' title="bbox 2067 529 3433 605">
     <span class='ocr_line' id='line_1_11' title="bbox 2067 529 3433 605; baseline 0.018 -25"><span class='ocrx_word' id='word_1_43' title='bbox 2067 529 2211 595; x_wconf 85' lang='lat' dir='ltr'><strong>Quas</strong></span> <span class='ocrx_word' id='word_1_44' title='bbox 2240 538 2427 598; x_wconf 90' lang='lat' dir='ltr'><strong>potero</strong></span> <span class='ocrx_word' id='word_1_45' title='bbox 2454 548 2467 585; x_wconf 89' lang='lat'>:</span> <span class='ocrx_word' id='word_1_46' title='bbox 2494 546 2615 586; x_wconf 93' lang='lat' dir='ltr'><strong>nam</strong></span> <span class='ocrx_word' id='word_1_47' title='bbox 2643 547 2799 590; x_wconf 89' lang='lat' dir='ltr'><strong>nemo</strong></span> <span class='ocrx_word' id='word_1_48' title='bbox 2820 537 2964 593; x_wconf 90' lang='lat' dir='ltr'><strong>valet</strong></span> <span class='ocrx_word' id='word_1_49' title='bbox 2986 554 3204 598; x_wconf 84' lang='lat' dir='ltr'><strong>narrare</strong></span> <span class='ocrx_word' id='word_1_50' title='bbox 3224 556 3433 605; x_wconf 86' lang='lat' dir='ltr'><strong>creatus</strong></span> 
     </span>
    </p>
   </div>
   <div class='ocr_carea' id='block_1_12' title="bbox 2076 619 3433 697">
    <p class='ocr_par' dir='ltr' id='par_1_12' title="bbox 2076 619 3433 697">
     <span class='ocr_line' id='line_1_12' title="bbox 2076 619 3433 697; baseline 0.021 -29"><span class='ocrx_word' id='word_1_51' title='bbox 2076 619 2168 674; x_wconf 82' lang='lat' dir='ltr'><strong>Vel</strong></span> <span class='ocrx_word' id='word_1_52' title='bbox 2212 621 2478 677; x_wconf 90' lang='lat' dir='ltr'><strong>modicum</strong></span> <span class='ocrx_word' id='word_1_53' title='bbox 2510 622 2754 679; x_wconf 77' lang='lat' dir='ltr'><strong>facientis</strong></span> <span class='ocrx_word' id='word_1_54' title='bbox 2784 640 2920 696; x_wconf 88' lang='lat' dir='ltr'><strong>Opus</strong></span> <span class='ocrx_word' id='word_1_55' title='bbox 2947 646 2957 682; x_wconf 92' lang='lat'>:</span> <span class='ocrx_word' id='word_1_56' title='bbox 3002 626 3284 697; x_wconf 69' lang='lat' dir='ltr'><strong>quo&#39;mens</strong></span> <span class='ocrx_word' id='word_1_57' title='bbox 3316 654 3433 695; x_wconf 87' lang='lat' dir='ltr'><strong>mea</strong></span> 
     </span>
    </p>
   </div>
   <div class='ocr_carea' id='block_1_13' title="bbox 3151 721 3366 792">
    <p class='ocr_par' dir='ltr' id='par_1_13' title="bbox 3151 721 3366 792">
     <span class='ocr_line' id='line_1_13' title="bbox 3151 721 3366 792; baseline 0.023 -15"><span class='ocrx_word' id='word_1_58' title='bbox 3151 721 3366 792; x_wconf 88' lang='lat' dir='ltr'><strong>[clamat</strong></span> 
     </span>
    </p>
   </div>
   <div class='ocr_carea' id='block_1_14' title="bbox 2080 806 3331 881">
    <p class='ocr_par' dir='ltr' id='par_1_14' title="bbox 2080 806 3331 881">
     <span class='ocr_line' id='line_1_14' title="bbox 2080 806 3331 881; baseline 0.012 -21"><span class='ocrx_word' id='word_1_59' title='bbox 2080 806 2301 862; x_wconf 78' lang='lat' dir='ltr'><strong>Pectore</strong></span> <span class='ocrx_word' id='word_1_60' title='bbox 2328 816 2553 863; x_wconf 90' lang='lat' dir='ltr'><strong>contuso</strong></span> <span class='ocrx_word' id='word_1_61' title='bbox 2583 810 2903 881; x_wconf 87' lang='lat' dir='ltr'><strong>lacrymans,</strong></span> <span class='ocrx_word' id='word_1_62' title='bbox 2928 824 2982 870; x_wconf 90' lang='lat' dir='ltr'><strong>et</strong></span> <span class='ocrx_word' id='word_1_63' title='bbox 3009 831 3139 873; x_wconf 90' lang='lat' dir='ltr'><strong>voce</strong></span> <span class='ocrx_word' id='word_1_64' title='bbox 3168 818 3331 875; x_wconf 81' lang='lat' dir='ltr'><strong>ﬁdeli.</strong></span> 
     </span>
    </p>
   </div>
   <div class='ocr_carea' id='block_1_15' title="bbox 2079 899 3430 980">
    <p class='ocr_par' dir='ltr' id='par_1_15' title="bbox 2079 899 3430 980">
     <span class='ocr_line' id='line_1_15' title="bbox 2079 899 3430 980; baseline 0.013 -27"><span class='ocrx_word' id='word_1_65' title='bbox 2079 899 2247 954; x_wconf 91' lang='lat' dir='ltr'><strong>Obses</strong></span> <span class='ocrx_word' id='word_1_66' title='bbox 2271 915 2450 955; x_wconf 89' lang='lat' dir='ltr'><strong>sermo</strong></span> <span class='ocrx_word' id='word_1_67' title='bbox 2482 912 2602 956; x_wconf 87' lang='lat' dir='ltr'><strong>tuus</strong></span> <span class='ocrx_word' id='word_1_68' title='bbox 2636 914 2823 959; x_wconf 84' lang='lat' dir='ltr'><strong>nostro</strong></span> <span class='ocrx_word' id='word_1_69' title='bbox 2855 922 2977 963; x_wconf 90' lang='lat' dir='ltr'><strong>nam</strong></span> <span class='ocrx_word' id='word_1_70' title='bbox 3003 911 3164 966; x_wconf 83' lang='lat' dir='ltr'><strong>corde</strong></span> <span class='ocrx_word' id='word_1_71' title='bbox 3187 922 3430 980; x_wconf 91' lang='lat' dir='ltr'><strong>tenetur,</strong></span> 
     </span>
    </p>
   </div>
   <div class='ocr_carea' id='block_1_16' title="bbox 2074 991 3283 1068">
    <p class='ocr_par' dir='ltr' id='par_1_16' title="bbox 2074 991 3283 1068">
     <span class='ocr_line' id='line_1_16' title="bbox 2074 991 3283 1068; baseline 0.011 -22"><span class='ocrx_word' id='word_1_72' title='bbox 2074 991 2190 1059; x_wconf 86' lang='lat' dir='ltr'><strong>Quo</strong></span> <span class='ocrx_word' id='word_1_73' title='bbox 2222 1000 2273 1047; x_wconf 92' lang='lat' dir='ltr'><strong>te</strong></span> <span class='ocrx_word' id='word_1_74' title='bbox 2300 993 2562 1062; x_wconf 70' lang='lat' dir='ltr'><strong>promittis</strong></span> <span class='ocrx_word' id='word_1_75' title='bbox 2587 996 2747 1050; x_wconf 89' lang='lat' dir='ltr'><strong>nimia</strong></span> <span class='ocrx_word' id='word_1_76' title='bbox 2775 997 2969 1066; x_wconf 81' lang='lat' dir='ltr'><strong>pietate</strong></span> <span class='ocrx_word' id='word_1_77' title='bbox 2994 1012 3283 1068; x_wconf 89' lang='lat' dir='ltr'><strong>parentem.</strong></span> 
     </span>
    </p>
   </div>
   <div class='ocr_carea' id='block_1_17' title="bbox 1472 1154 2148 1237">
    <p class='ocr_par' dir='ltr' id='par_1_17' title="bbox 1472 1154 2148 1237">
     <span class='ocr_line' id='line_1_17' title="bbox 1472 1154 2148 1237; baseline -0.004 -26"><span class='ocrx_word' id='word_1_78' title='bbox 1472 1159 1707 1214; x_wconf 48' lang='lat' dir='ltr'><strong>vitam:</strong></span> <span class='ocrx_word' id='word_1_79' title='bbox 1748 1154 2148 1237; x_wconf 68' lang='lat' dir='ltr'><strong>LECTIONES.</strong></span> 
     </span>
    </p>
   </div>
   <div class='ocr_carea' id='block_1_18' title="bbox 240 1242 1747 1315">
    <p class='ocr_par' dir='ltr' id='par_1_18' title="bbox 240 1242 1747 1315">
     <span class='ocr_line' id='line_1_18' title="bbox 240 1242 1747 1315; baseline 0.004 -17"><span class='ocrx_word' id='word_1_80' title='bbox 240 1242 366 1301; x_wconf 71' lang='grc'><strong>745.</strong></span> <span class='ocrx_word' id='word_1_81' title='bbox 410 1245 548 1299; x_wconf 85' lang='lat' dir='ltr'><strong>Vict.</strong></span> <span class='ocrx_word' id='word_1_82' title='bbox 577 1286 592 1311; x_wconf 94' lang='lat'><strong>,</strong></span> <span class='ocrx_word' id='word_1_83' title='bbox 620 1246 881 1315; x_wconf 87' lang='lat' dir='ltr'><strong>languoris</strong></span> <span class='ocrx_word' id='word_1_84' title='bbox 909 1247 1100 1315; x_wconf 80' lang='lat' dir='ltr'><strong>adepti.</strong></span> <span class='ocrx_word' id='word_1_85' title='bbox 1132 1246 1320 1313; x_wconf 87' lang='lat' dir='ltr'><strong>Sirm.,</strong></span> <span class='ocrx_word' id='word_1_86' title='bbox 1380 1247 1417 1300; x_wconf 87' lang='grc' dir='ltr'>ι.</span> <span class='ocrx_word' id='word_1_87' title='bbox 1463 1249 1531 1301; x_wconf 90' lang='lat' dir='ltr'><strong>ad</strong></span> <span class='ocrx_word' id='word_1_88' title='bbox 1573 1257 1747 1305; x_wconf 79' lang='lat' dir='ltr'><strong>cestus.</strong></span> 
     </span>
    </p>
   </div>
   <div class='ocr_carea' id='block_1_19' title="bbox 168 1265 1013 1385">
    <p class='ocr_par' dir='ltr' id='par_1_19' title="bbox 168 1265 1013 1385">
     <span class='ocr_line' id='line_1_19' title="bbox 251 1265 1013 1315; baseline 0.003 -17"><span class='ocrx_word' id='word_1_89' title='bbox 251 1265 366 1301; x_wconf 69' lang='lat' dir='ltr'><strong>ua.</strong></span> <span class='ocrx_word' id='word_1_90' title='bbox 419 1265 548 1299; x_wconf 75' lang='lat' dir='ltr'><strong>net.</strong></span> <span class='ocrx_word' id='word_1_91' title='bbox 577 1286 592 1311; x_wconf 95' lang='lat'><strong>,</strong></span> <span class='ocrx_word' id='word_1_92' title='bbox 620 1265 703 1300; x_wconf 86' lang='lat' dir='ltr'><strong>tan</strong></span> <span class='ocrx_word' id='word_1_93' title='bbox 743 1265 881 1301; x_wconf 85' lang='lat' dir='ltr'><strong>uorts</strong></span> <span class='ocrx_word' id='word_1_94' title='bbox 909 1265 1013 1315; x_wconf 62' lang='lat' dir='ltr'><strong>aue,</strong></span> 
     </span>
     <span class='ocr_line' id='line_1_20' title="bbox 168 1265 1013 1385; baseline 0 -16"><span class='ocrx_word' id='word_1_95' title='bbox 168 1315 270 1369; x_wconf 88' lang='lat' dir='ltr'><strong>Vat</strong></span> <span class='ocrx_word' id='word_1_96' title='bbox 302 1357 315 1377; x_wconf 90' lang='lat'><strong>,</strong></span> <span class='ocrx_word' id='word_1_97' title='bbox 345 1334 397 1385; x_wconf 88' lang='lat' dir='ltr'><strong>p,</strong></span> <span class='ocrx_word' id='word_1_98' title='bbox 430 1318 676 1370; x_wconf 80' lang='lat' dir='ltr'><strong>sermonis</strong></span> <span class='ocrx_word' id='word_1_99' title='bbox 777 1319 842 1371; x_wconf 88' lang='lat' dir='ltr'><strong>ad</strong></span> <span class='ocrx_word' id='word_1_100' title='bbox 868 1327 1013 1371; x_wconf 82' lang='lat' dir='ltr'><strong>cestu.</strong></span> 
     </span>
    </p>
   </div>
   <div class='ocr_carea' id='block_1_20' title="bbox 241 1386 1360 1453">
    <p class='ocr_par' dir='ltr' id='par_1_20' title="bbox 241 1386 1360 1453">
     <span class='ocr_line' id='line_1_21' title="bbox 241 1386 1360 1453; baseline 0.004 -15"><span class='ocrx_word' id='word_1_101' title='bbox 241 1387 365 1439; x_wconf 74' lang='grc'><strong>746.</strong></span> <span class='ocrx_word' id='word_1_102' title='bbox 408 1386 579 1453; x_wconf 86' lang='lat' dir='ltr'><strong>Editi,</strong></span> <span class='ocrx_word' id='word_1_103' title='bbox 613 1403 819 1441; x_wconf 79' lang='lat' dir='ltr'><strong>cernens</strong></span> <span class='ocrx_word' id='word_1_104' title='bbox 851 1402 865 1450; x_wconf 89' lang='lat'><strong>;</strong></span> <span class='ocrx_word' id='word_1_105' title='bbox 898 1388 1042 1451; x_wconf 88' lang='lat' dir='ltr'><strong>Vat.,</strong></span> <span class='ocrx_word' id='word_1_106' title='bbox 1074 1387 1360 1442; x_wconf 86' lang='lat' dir='ltr'><strong>intendens.</strong></span> 
     </span>
    </p>
   </div>
   <div class='ocr_carea' id='block_1_21' title="bbox 237 1456 1751 1529">
    <p class='ocr_par' dir='ltr' id='par_1_21' title="bbox 237 1456 1751 1529">
     <span class='ocr_line' id='line_1_22' title="bbox 237 1456 1751 1529; baseline 0.003 -20"><span class='ocrx_word' id='word_1_107' title='bbox 237 1456 363 1511; x_wconf 68' lang='lat'><strong>747.</strong></span> <span class='ocrx_word' id='word_1_108' title='bbox 408 1456 766 1529; x_wconf 36' lang='lat' dir='ltr'><strong>vat.,AAspice</strong></span> <span class='ocrx_word' id='word_1_109' title='bbox 795 1460 1065 1529; x_wconf 80' lang='lat' dir='ltr'><strong>dejectum,</strong></span> <span class='ocrx_word' id='word_1_110' title='bbox 1107 1460 1401 1529; x_wconf 4' lang='lat' dir='ltr'><strong>despectum,</strong></span> <span class='ocrx_word' id='word_1_111' title='bbox 1439 1458 1615 1512; x_wconf 90' lang='lat' dir='ltr'><strong>attolle</strong></span> <span class='ocrx_word' id='word_1_112' title='bbox 1656 1477 1751 1529; x_wconf 86' lang='lat' dir='ltr'><strong>pa-</strong></span> 
     </span>
    </p>
   </div>
   <div class='ocr_carea' id='block_1_22' title="bbox 166 1526 1750 1599">
    <p class='ocr_par' dir='ltr' id='par_1_22' title="bbox 166 1526 1750 1599">
     <span class='ocr_line' id='line_1_23' title="bbox 166 1526 1750 1599; baseline 0.001 -19"><span class='ocrx_word' id='word_1_113' title='bbox 166 1542 378 1595; x_wconf 82' lang='lat' dir='ltr'><strong>rumper</strong></span> <span class='ocrx_word' id='word_1_114' title='bbox 404 1567 418 1590; x_wconf 94' lang='lat'><strong>,</strong></span> <span class='ocrx_word' id='word_1_115' title='bbox 442 1528 518 1580; x_wconf 91' lang='lat' dir='ltr'><strong>sic</strong></span> <span class='ocrx_word' id='word_1_116' title='bbox 552 1526 711 1599; x_wconf 84' lang='lat' dir='ltr'><strong>Vict.,</strong></span> <span class='ocrx_word' id='word_1_117' title='bbox 741 1527 835 1581; x_wconf 90' lang='lat' dir='ltr'><strong>sed</strong></span> <span class='ocrx_word' id='word_1_118' title='bbox 853 1526 986 1580; x_wconf 62' lang='lat' dir='ltr'><strong>&#39;tolle</strong></span> <span class='ocrx_word' id='word_1_119' title='bbox 1011 1542 1105 1595; x_wconf 89' lang='lat' dir='ltr'><strong>pro</strong></span> <span class='ocrx_word' id='word_1_120' title='bbox 1133 1528 1325 1580; x_wconf 76' lang='lat' dir='ltr'><strong>attolle.</strong></span> <span class='ocrx_word' id='word_1_121' title='bbox 1352 1528 1539 1594; x_wconf 91' lang='lat' dir='ltr'><strong>Sirm.,</strong></span> <span class='ocrx_word' id='word_1_122' title='bbox 1568 1526 1750 1599; x_wconf 71' lang='lat' dir='ltr'><strong>Aspice</strong></span> 
     </span>
    </p>
   </div>
   <div class='ocr_carea' id='block_1_23' title="bbox 165 1596 1253 1667">
    <p class='ocr_par' dir='ltr' id='par_1_23' title="bbox 165 1596 1253 1667">
     <span class='ocr_line' id='line_1_24' title="bbox 165 1596 1253 1667; baseline 0.002 -18"><span class='ocrx_word' id='word_1_123' title='bbox 165 1599 493 1667; x_wconf 77' lang='lat' dir='ltr'><strong>despectum,</strong></span> <span class='ocrx_word' id='word_1_124' title='bbox 516 1596 784 1667; x_wconf 18' lang='lat' dir='ltr'><strong>idejectum</strong></span> <span class='ocrx_word' id='word_1_125' title='bbox 812 1598 933 1650; x_wconf 86' lang='lat' dir='ltr'><strong>tolle</strong></span> <span class='ocrx_word' id='word_1_126' title='bbox 960 1612 1253 1667; x_wconf 84' lang='lat' dir='ltr'><strong>parumper.</strong></span> 
     </span>
    </p>
   </div>
   <div class='ocr_carea' id='block_1_24' title="bbox 238 1665 1639 1738">
    <p class='ocr_par' dir='ltr' id='par_1_24' title="bbox 238 1665 1639 1738">
     <span class='ocr_line' id='line_1_25' title="bbox 238 1665 1639 1738; baseline 0.002 -19"><span class='ocrx_word' id='word_1_127' title='bbox 238 1666 365 1738; x_wconf 56' lang='lat'><strong>748.</strong></span> <span class='ocrx_word' id='word_1_128' title='bbox 409 1667 479 1738; x_wconf 73' lang='lat' dir='ltr'><strong>ita</strong></span> <span class='ocrx_word' id='word_1_129' title='bbox 512 1665 667 1731; x_wconf 85' lang='lat' dir='ltr'><strong>Vat.;</strong></span> <span class='ocrx_word' id='word_1_130' title='bbox 696 1668 807 1734; x_wconf 89' lang='lat' dir='ltr'><strong>alii,</strong></span> <span class='ocrx_word' id='word_1_131' title='bbox 832 1665 1212 1738; x_wconf 77' lang='lat' dir='ltr'><strong>confessumque</strong></span> <span class='ocrx_word' id='word_1_132' title='bbox 1229 1668 1377 1735; x_wconf 73' lang='lat' dir='ltr'><strong>jura,</strong></span> <span class='ocrx_word' id='word_1_133' title='bbox 1410 1684 1558 1738; x_wconf 87' lang='lat' dir='ltr'><strong>quem</strong></span> <span class='ocrx_word' id='word_1_134' title='bbox 1588 1686 1639 1738; x_wconf 91' lang='lat' dir='ltr'><strong>p.</strong></span> 
     </span>
    </p>
   </div>
   <div class='ocr_carea' id='block_1_25' title="bbox 240 1735 1317 1803">
    <p class='ocr_par' dir='ltr' id='par_1_25' title="bbox 240 1735 1317 1803">
     <span class='ocr_line' id='line_1_26' title="bbox 240 1735 1317 1803; baseline 0.002 -15"><span class='ocrx_word' id='word_1_135' title='bbox 240 1735 367 1791; x_wconf 69' lang='lat'><strong>749.</strong></span> <span class='ocrx_word' id='word_1_136' title='bbox 410 1736 552 1801; x_wconf 87' lang='lat' dir='ltr'><strong>Vat.,</strong></span> <span class='ocrx_word' id='word_1_137' title='bbox 582 1753 902 1802; x_wconf 88' lang='lat' dir='ltr'><strong>memorare;</strong></span> <span class='ocrx_word' id='word_1_138' title='bbox 929 1735 1057 1803; x_wconf 82' lang='lat' dir='ltr'><strong>alii,</strong></span> <span class='ocrx_word' id='word_1_139' title='bbox 1089 1752 1317 1790; x_wconf 88' lang='lat' dir='ltr'><strong>narrare.</strong></span> 
     </span>
    </p>
   </div>
   <div class='ocr_carea' id='block_1_26' title="bbox 162 1920 1746 1989">
    <p class='ocr_par' dir='ltr' id='par_1_26' title="bbox 162 1920 1746 1989">
     <span class='ocr_line' id='line_1_27' title="bbox 162 1920 1746 1989; baseline 0.001 -14"><span class='ocrx_word' id='word_1_140' title='bbox 162 1938 220 1987; x_wconf 90' lang='grc' dir='ltr'><strong>ιι,</strong></span> <span class='ocrx_word' id='word_1_141' title='bbox 258 1936 311 1975; x_wconf 85' lang='lat' dir='ltr'><strong>v.</strong></span> <span class='ocrx_word' id='word_1_142' title='bbox 364 1921 489 1987; x_wconf 81' lang='lat'><strong>597,</strong></span> <span class='ocrx_word' id='word_1_143' title='bbox 534 1921 661 1974; x_wconf 83' lang='lat' dir='ltr'><strong>Ante</strong></span> <span class='ocrx_word' id='word_1_144' title='bbox 692 1921 866 1976; x_wconf 66' lang='lat' dir='ltr'><strong>ridens</strong></span> <span class='ocrx_word' id='word_1_145' title='bbox 909 1920 1128 1988; x_wconf 86' lang='lat' dir='ltr'><strong>primum</strong></span> <span class='ocrx_word' id='word_1_146' title='bbox 1166 1921 1490 1988; x_wconf 78' lang='lat' dir='ltr'><strong>medicinam,</strong></span> <span class='ocrx_word' id='word_1_147' title='bbox 1536 1931 1746 1989; x_wconf 86' lang='lat' dir='ltr'><strong>sancte,</strong></span> 
     </span>
    </p>
   </div>
   <div class='ocr_carea' id='block_1_27' title="bbox 163 1991 1750 2063">
    <p class='ocr_par' dir='ltr' id='par_1_27' title="bbox 163 1991 1750 2063">
     <span class='ocr_line' id='line_1_28' title="bbox 163 1991 1750 2063; baseline 0.003 -21"><span class='ocrx_word' id='word_1_148' title='bbox 163 1993 391 2063; x_wconf 74' lang='lat' dir='ltr'><strong>parasti,</strong></span> <span class='ocrx_word' id='word_1_149' title='bbox 426 1992 593 2058; x_wconf 84' lang='lat' dir='ltr'><strong>Quam</strong></span> <span class='ocrx_word' id='word_1_150' title='bbox 622 1996 815 2063; x_wconf 78' lang='lat' dir='ltr'><strong>faceres</strong></span> <span class='ocrx_word' id='word_1_151' title='bbox 844 1991 1129 2056; x_wconf 83' lang='lat' dir='ltr'><strong>hominem,</strong></span> <span class='ocrx_word' id='word_1_152' title='bbox 1162 2001 1217 2045; x_wconf 90' lang='lat' dir='ltr'><strong>et</strong></span> <span class='ocrx_word' id='word_1_153' title='bbox 1256 1992 1375 2046; x_wconf 87' lang='lat' dir='ltr'><strong>libr.</strong></span> <span class='ocrx_word' id='word_1_154' title='bbox 1411 2004 1491 2059; x_wconf 83' lang='lat' dir='ltr'><strong>In,</strong></span> <span class='ocrx_word' id='word_1_155' title='bbox 1520 2009 1572 2046; x_wconf 90' lang='lat' dir='ltr'><strong>v.</strong></span> <span class='ocrx_word' id='word_1_156' title='bbox 1605 1994 1709 2047; x_wconf 84' lang='lat'><strong>598</strong></span> <span class='ocrx_word' id='word_1_157' title='bbox 1734 2032 1750 2058; x_wconf 88' lang='lat'><strong>,</strong></span> 
     </span>
    </p>
   </div>
   <div class='ocr_carea' id='block_1_28' title="bbox 166 2061 900 2129">
    <p class='ocr_par' dir='ltr' id='par_1_28' title="bbox 166 2061 900 2129">
     <span class='ocr_line' id='line_1_29' title="bbox 166 2061 900 2129; baseline -0.001 -14"><span class='ocrx_word' id='word_1_158' title='bbox 166 2061 407 2129; x_wconf 81' lang='lat' dir='ltr'><strong>Nostris,</strong></span> <span class='ocrx_word' id='word_1_159' title='bbox 427 2061 771 2129; x_wconf 38' lang='lat' dir='ltr'><strong>sancte,&#39;tuas,</strong></span> <span class='ocrx_word' id='word_1_160' title='bbox 795 2070 900 2116; x_wconf 89' lang='lat' dir='ltr'><strong>etc.</strong></span> 
     </span>
    </p>
   </div>
   <div class='ocr_carea' id='block_1_29' title="bbox 238 2131 1749 2201">
    <p class='ocr_par' dir='ltr' id='par_1_29' title="bbox 238 2131 1749 2201">
     <span class='ocr_line' id='line_1_30' title="bbox 238 2131 1749 2201; baseline 0.001 -17"><span class='ocrx_word' id='word_1_161' title='bbox 238 2132 369 2187; x_wconf 69' lang='lat'><strong>745.</strong></span> <span class='ocrx_word' id='word_1_162' title='bbox 413 2132 618 2201; x_wconf 84' lang='lat' dir='ltr'><strong>Species</strong></span> <span class='ocrx_word' id='word_1_163' title='bbox 657 2131 883 2186; x_wconf 89' lang='lat' dir='ltr'><strong>sumitur</strong></span> <span class='ocrx_word' id='word_1_164' title='bbox 918 2145 1017 2199; x_wconf 92' lang='lat' dir='ltr'><strong>pro</strong></span> <span class='ocrx_word' id='word_1_165' title='bbox 1058 2132 1453 2196; x_wconf 85' lang='lat' dir='ltr'><strong>condimentis,</strong></span> <span class='ocrx_word' id='word_1_166' title='bbox 1503 2133 1749 2186; x_wconf 86' lang='lat' dir='ltr'><strong>aromati-</strong></span> 
     </span>
    </p>
   </div>
   <div class='ocr_carea' id='block_1_30' title="bbox 159 2201 1754 2270">
    <p class='ocr_par' dir='ltr' id='par_1_30' title="bbox 159 2201 1754 2270">
     <span class='ocr_line' id='line_1_31' title="bbox 159 2201 1754 2270; baseline 0 -14"><span class='ocrx_word' id='word_1_167' title='bbox 159 2202 269 2256; x_wconf 86' lang='lat' dir='ltr'><strong>bus</strong></span> <span class='ocrx_word' id='word_1_168' title='bbox 295 2243 309 2265; x_wconf 90' lang='lat'><strong>,</strong></span> <span class='ocrx_word' id='word_1_169' title='bbox 344 2204 746 2259; x_wconf 86' lang='lat' dir='ltr'><strong>medicamentis</strong></span> <span class='ocrx_word' id='word_1_170' title='bbox 772 2219 785 2254; x_wconf 91' lang='lat'><strong>:</strong></span> <span class='ocrx_word' id='word_1_171' title='bbox 819 2201 1069 2270; x_wconf 89' lang='lat' dir='ltr'><strong>idemque</strong></span> <span class='ocrx_word' id='word_1_172' title='bbox 1109 2202 1426 2256; x_wconf 81' lang='lat' dir='ltr'><strong>vocabulum</strong></span> <span class='ocrx_word' id='word_1_173' title='bbox 1452 2241 1466 2265; x_wconf 86' lang='lat'><strong>,</strong></span> <span class='ocrx_word' id='word_1_174' title='bbox 1493 2210 1584 2255; x_wconf 90' lang='lat' dir='ltr'><strong>aut</strong></span> <span class='ocrx_word' id='word_1_175' title='bbox 1610 2202 1754 2256; x_wconf 86' lang='lat' dir='ltr'><strong>aliud</strong></span> 
     </span>
    </p>
   </div>
   <div class='ocr_carea' id='block_1_31' title="bbox 158 2271 1753 2340">
    <p class='ocr_par' dir='ltr' id='par_1_31' title="bbox 158 2271 1753 2340">
     <span class='ocr_line' id='line_1_32' title="bbox 158 2271 1753 2340; baseline 0.001 -14"><span class='ocrx_word' id='word_1_176' title='bbox 158 2288 229 2326; x_wconf 85' lang='lat' dir='ltr'><strong>ex</strong></span> <span class='ocrx_word' id='word_1_177' title='bbox 262 2287 330 2327; x_wconf 90' lang='lat' dir='ltr'><strong>eo</strong></span> <span class='ocrx_word' id='word_1_178' title='bbox 362 2272 611 2336; x_wconf 89' lang='lat' dir='ltr'><strong>ductum,</strong></span> <span class='ocrx_word' id='word_1_179' title='bbox 636 2273 712 2336; x_wconf 77' lang='lat' dir='ltr'><strong>lin</strong></span> <span class='ocrx_word' id='word_1_180' title='bbox 741 2273 947 2340; x_wconf 75' lang='lat' dir='ltr'><strong>linguas</strong></span> <span class='ocrx_word' id='word_1_181' title='bbox 988 2271 1251 2340; x_wconf 85' lang='lat' dir='ltr'><strong>vulgares,</strong></span> <span class='ocrx_word' id='word_1_182' title='bbox 1293 2272 1345 2325; x_wconf 90' lang='lat' dir='ltr'><strong>in</strong></span> <span class='ocrx_word' id='word_1_183' title='bbox 1380 2272 1753 2327; x_wconf 80' lang='lat' dir='ltr'><strong>Germanicam</strong></span> 
     </span>
    </p>
   </div>
   <div class='ocr_carea' id='block_1_32' title="bbox 157 2341 1747 2406">
    <p class='ocr_par' dir='ltr' id='par_1_32' title="bbox 157 2341 1747 2406">
     <span class='ocr_line' id='line_1_33' title="bbox 157 2341 1747 2406; baseline 0 -9"><span class='ocrx_word' id='word_1_184' title='bbox 157 2344 330 2397; x_wconf 83' lang='lat' dir='ltr'><strong>etiam</strong></span> <span class='ocrx_word' id='word_1_185' title='bbox 366 2342 615 2396; x_wconf 84' lang='lat' dir='ltr'><strong>manavit.</strong></span> <span class='ocrx_word' id='word_1_186' title='bbox 658 2344 894 2399; x_wconf 89' lang='lat' dir='ltr'><strong>Serenus</strong></span> <span class='ocrx_word' id='word_1_187' title='bbox 931 2341 984 2393; x_wconf 90' lang='lat' dir='ltr'><strong>in</strong></span> <span class='ocrx_word' id='word_1_188' title='bbox 1038 2342 1162 2405; x_wconf 84' lang='lat' dir='ltr'><strong>ﬁne,</strong></span> <span class='ocrx_word' id='word_1_189' title='bbox 1216 2341 1330 2395; x_wconf 90' lang='lat' dir='ltr'><strong>sive</strong></span> <span class='ocrx_word' id='word_1_190' title='bbox 1379 2342 1747 2406; x_wconf 86' lang='lat' dir='ltr'><strong>Vindicianus,</strong></span> 
     </span>
    </p>
   </div>
   <div class='ocr_carea' id='block_1_33' title="bbox 156 2410 1752 2475">
    <p class='ocr_par' dir='ltr' id='par_1_33' title="bbox 156 2410 1752 2475">
     <span class='ocr_line' id='line_1_34' title="bbox 156 2410 1752 2475; baseline -0.001 -9"><span class='ocrx_word' id='word_1_191' title='bbox 156 2414 281 2466; x_wconf 84' lang='lat' dir='ltr'><strong>sive</strong></span> <span class='ocrx_word' id='word_1_192' title='bbox 307 2412 590 2467; x_wconf 74' lang='lat' dir='ltr'><strong>Marcellus</strong></span> <span class='ocrx_word' id='word_1_193' title='bbox 619 2413 672 2466; x_wconf 92' lang='lat' dir='ltr'><strong>in</strong></span> <span class='ocrx_word' id='word_1_194' title='bbox 700 2412 938 2465; x_wconf 86' lang='lat' dir='ltr'><strong>carmine</strong></span> <span class='ocrx_word' id='word_1_195' title='bbox 967 2410 1034 2465; x_wconf 91' lang='lat' dir='ltr'><strong>de</strong></span> <span class='ocrx_word' id='word_1_196' title='bbox 1063 2410 1279 2475; x_wconf 66' lang='lat' dir='ltr'><strong>Medio,</strong></span> <span class='ocrx_word' id='word_1_197' title='bbox 1302 2411 1448 2465; x_wconf 84' lang='lat' dir='ltr'><strong><em>Adde</em></strong></span> <span class='ocrx_word' id='word_1_198' title='bbox 1468 2420 1515 2464; x_wconf 88' lang='lat' dir='ltr'><strong>et</strong></span> <span class='ocrx_word' id='word_1_199' title='bbox 1544 2429 1752 2465; x_wconf 83' lang='lat' dir='ltr'><strong>aroma-</strong></span> 
     </span>
    </p>
   </div>
   <div class='ocr_carea' id='block_1_34' title="bbox 157 2479 1747 2604">
    <p class='ocr_par' dir='ltr' id='par_1_34' title="bbox 157 2479 1747 2604">
     <span class='ocr_line' id='line_1_35' title="bbox 157 2479 1747 2604; baseline 0.002 -70"><span class='ocrx_word' id='word_1_200' title='bbox 157 2485 293 2536; x_wconf 85' lang='lat' dir='ltr'><strong>ticas</strong></span> <span class='ocrx_word' id='word_1_201' title='bbox 335 2483 547 2563; x_wconf 71' lang='lat' dir='ltr'><strong>species,</strong></span> <span class='ocrx_word' id='word_1_202' title='bbox 592 2499 715 2604; x_wconf 59' lang='lat' dir='ltr'><strong>Xuas</strong></span> <span class='ocrx_word' id='word_1_203' title='bbox 765 2482 919 2535; x_wconf 86' lang='lat' dir='ltr'><strong>mittit</strong></span> <span class='ocrx_word' id='word_1_204' title='bbox 960 2479 1121 2534; x_wconf 77' lang='lat' dir='ltr'><strong>Eous.</strong></span> <span class='ocrx_word' id='word_1_205' title='bbox 1174 2481 1308 2535; x_wconf 85' lang='lat' dir='ltr'><strong>Vide</strong></span> <span class='ocrx_word' id='word_1_206' title='bbox 1353 2482 1596 2562; x_wconf 74' lang='lat' dir='ltr'><strong>Martian.</strong></span> <span class='ocrx_word' id='word_1_207' title='bbox 1632 2482 1747 2551; x_wconf 82' lang='lat' dir='ltr'><strong>Dig.</strong></span> 
     </span>
     <span class='ocr_line' id='line_1_36' title="bbox 158 2550 1747 2604; baseline 0 0"><span class='ocrx_word' id='word_1_208' title='bbox 158 2555 199 2604; x_wconf 90' lang='lat' dir='ltr'><strong>l.</strong></span> <span class='ocrx_word' id='word_1_209' title='bbox 237 2568 433 2604; x_wconf 76' lang='lat' dir='ltr'><strong>xxxix.</strong></span> <span class='ocrx_word' id='word_1_210' title='bbox 478 2561 562 2604; x_wconf 84' lang='grc' dir='ltr'>ιιι.</span> <span class='ocrx_word' id='word_1_211' title='bbox 633 2591 645 2604; x_wconf 93' lang='grc'><strong>.</strong></span> <span class='ocrx_word' id='word_1_212' title='bbox 679 2553 783 2604; x_wconf 74' lang='lat' dir='ltr'><strong>lea.</strong></span> <span class='ocrx_word' id='word_1_213' title='bbox 810 2552 907 2604; x_wconf 91' lang='lat' dir='ltr'><strong>ult.</strong></span> <span class='ocrx_word' id='word_1_214' title='bbox 933 2591 949 2604; x_wconf 94' lang='lat'><strong>.</strong></span> <span class='ocrx_word' id='word_1_215' title='bbox 978 2550 1221 2604; x_wconf 86' lang='lat' dir='ltr'><strong>Lanauor</strong></span> <span class='ocrx_word' id='word_1_216' title='bbox 1250 2551 1316 2604; x_wconf 90' lang='lat' dir='ltr'><strong>de</strong></span> <span class='ocrx_word' id='word_1_217' title='bbox 1342 2566 1531 2604; x_wconf 73' lang='lat' dir='ltr'><strong>uuows</strong></span> <span class='ocrx_word' id='word_1_218' title='bbox 1563 2555 1747 2604; x_wconf 88' lang='lat' dir='ltr'><strong>morbo</strong></span> 
     </span>
    </p>
   </div>
   <div class='ocr_carea' id='block_1_35' title="bbox 158 2550 1753 2622">
    <p class='ocr_par' dir='ltr' id='par_1_35' title="bbox 158 2550 1753 2622">
     <span class='ocr_line' id='line_1_37' title="bbox 158 2550 1753 2622; baseline 0.001 -17"><span class='ocrx_word' id='word_1_219' title='bbox 158 2555 199 2607; x_wconf 91' lang='lat' dir='ltr'><strong>l.</strong></span> <span class='ocrx_word' id='word_1_220' title='bbox 237 2550 433 2617; x_wconf 84' lang='lat' dir='ltr'><strong>xxxix,</strong></span> <span class='ocrx_word' id='word_1_221' title='bbox 478 2553 562 2606; x_wconf 90' lang='lat' dir='ltr'><strong>tit.</strong></span> <span class='ocrx_word' id='word_1_222' title='bbox 592 2550 645 2605; x_wconf 73' lang='grc'><strong>4.</strong></span> <span class='ocrx_word' id='word_1_223' title='bbox 679 2553 783 2622; x_wconf 90' lang='lat' dir='ltr'><strong>leg.</strong></span> <span class='ocrx_word' id='word_1_224' title='bbox 810 2552 907 2606; x_wconf 88' lang='lat' dir='ltr'><strong>ult.</strong></span> <span class='ocrx_word' id='word_1_225' title='bbox 933 2591 949 2616; x_wconf 92' lang='lat'><strong>,</strong></span> <span class='ocrx_word' id='word_1_226' title='bbox 978 2550 1221 2621; x_wconf 84' lang='lat' dir='ltr'><strong>Languor</strong></span> <span class='ocrx_word' id='word_1_227' title='bbox 1250 2551 1316 2606; x_wconf 89' lang='lat' dir='ltr'><strong>de</strong></span> <span class='ocrx_word' id='word_1_228' title='bbox 1342 2553 1531 2621; x_wconf 86' lang='lat' dir='ltr'><strong>quovis</strong></span> <span class='ocrx_word' id='word_1_229' title='bbox 1563 2550 1753 2607; x_wconf 79' lang='lat' dir='ltr'><strong>morbo</strong></span> 
     </span>
    </p>
   </div>
   <div class='ocr_carea' id='block_1_36' title="bbox 156 2623 553 2677">
    <p class='ocr_par' dir='ltr' id='par_1_36' title="bbox 156 2623 553 2677">
     <span class='ocr_line' id='line_1_38' title="bbox 156 2623 553 2677; baseline -0.005 0"><span class='ocrx_word' id='word_1_230' title='bbox 156 2631 315 2677; x_wconf 88' lang='lat' dir='ltr'><strong>recte</strong></span> <span class='ocrx_word' id='word_1_231' title='bbox 338 2623 553 2676; x_wconf 89' lang='lat' dir='ltr'><strong>dicitur.</strong></span> 
     </span>
    </p>
   </div>
   <div class='ocr_carea' id='block_1_37' title="bbox 182 2690 1752 2762">
    <p class='ocr_par' dir='ltr' id='par_1_37' title="bbox 182 2690 1752 2762">
     <span class='ocr_line' id='line_1_39' title="bbox 182 2690 1752 2762; baseline 0 -17"><span class='ocrx_word' id='word_1_232' title='bbox 182 2730 185 2733; x_wconf 62' lang='grc' dir='ltr'><strong>ς</strong></span> <span class='ocrx_word' id='word_1_233' title='bbox 233 2692 366 2747; x_wconf 75' lang='grc'><strong>746.</strong></span> <span class='ocrx_word' id='word_1_234' title='bbox 412 2692 658 2747; x_wconf 85' lang='lat' dir='ltr'><strong>Barthius</strong></span> <span class='ocrx_word' id='word_1_235' title='bbox 683 2691 893 2746; x_wconf 90' lang='lat' dir='ltr'><strong>volebat</strong></span> <span class='ocrx_word' id='word_1_236' title='bbox 920 2690 1051 2762; x_wconf 85' lang='lat' dir='ltr'><strong>Spes</strong></span> <span class='ocrx_word' id='word_1_237' title='bbox 1090 2692 1350 2745; x_wconf 85' lang='lat' dir='ltr'><strong>hominum</strong></span> <span class='ocrx_word' id='word_1_238' title='bbox 1369 2708 1570 2745; x_wconf 87' lang='lat' dir='ltr'><strong>curans.</strong></span> <span class='ocrx_word' id='word_1_239' title='bbox 1603 2691 1752 2746; x_wconf 87' lang='lat' dir='ltr'><strong>Scri-</strong></span> 
     </span>
    </p>
   </div>
   <div class='ocr_carea' id='block_1_38' title="bbox 156 2762 1751 2832">
    <p class='ocr_par' dir='ltr' id='par_1_38' title="bbox 156 2762 1751 2832">
     <span class='ocr_line' id='line_1_40' title="bbox 156 2762 1751 2832; baseline -0.001 -15"><span class='ocrx_word' id='word_1_240' title='bbox 156 2773 324 2831; x_wconf 85' lang='lat' dir='ltr'><strong>ptura</strong></span> <span class='ocrx_word' id='word_1_241' title='bbox 362 2762 480 2818; x_wconf 89' lang='lat' dir='ltr'><strong>Vat.</strong></span> <span class='ocrx_word' id='word_1_242' title='bbox 502 2778 627 2818; x_wconf 87' lang='lat' dir='ltr'><strong>vera</strong></span> <span class='ocrx_word' id='word_1_243' title='bbox 668 2772 770 2827; x_wconf 89' lang='lat' dir='ltr'><strong>est,</strong></span> <span class='ocrx_word' id='word_1_244' title='bbox 801 2762 952 2832; x_wconf 90' lang='lat' dir='ltr'><strong>quasi</strong></span> <span class='ocrx_word' id='word_1_245' title='bbox 987 2762 1254 2832; x_wconf 68' lang='lat' dir='ltr'><strong>intendens</strong></span> <span class='ocrx_word' id='word_1_246' title='bbox 1278 2764 1332 2816; x_wconf 89' lang='lat' dir='ltr'><strong>in</strong></span> <span class='ocrx_word' id='word_1_247' title='bbox 1352 2778 1463 2832; x_wconf 87' lang='lat' dir='ltr'><strong>spes</strong></span> <span class='ocrx_word' id='word_1_248' title='bbox 1489 2762 1751 2815; x_wconf 85' lang='lat' dir='ltr'><strong>hominum</strong></span> 
     </span>
    </p>
   </div>
   <div class='ocr_carea' id='block_1_39' title="bbox 154 2831 1751 2902">
    <p class='ocr_par' dir='ltr' id='par_1_39' title="bbox 154 2831 1751 2902">
     <span class='ocr_line' id='line_1_41' title="bbox 154 2831 1751 2902; baseline 0.003 -20"><span class='ocrx_word' id='word_1_249' title='bbox 154 2834 373 2888; x_wconf 80' lang='lat' dir='ltr'><strong>omisso</strong></span> <span class='ocrx_word' id='word_1_250' title='bbox 411 2834 486 2885; x_wconf 86' lang='lat' dir='ltr'><strong>in.</strong></span> <span class='ocrx_word' id='word_1_251' title='bbox 545 2833 690 2887; x_wconf 86' lang='lat' dir='ltr'><strong>Lihr.</strong></span> <span class='ocrx_word' id='word_1_252' title='bbox 735 2831 828 2894; x_wconf 52' lang='lat' dir='ltr'><strong>ill,</strong></span> <span class='ocrx_word' id='word_1_253' title='bbox 867 2847 918 2885; x_wconf 87' lang='lat' dir='ltr'><strong>v.</strong></span> <span class='ocrx_word' id='word_1_254' title='bbox 978 2832 1103 2897; x_wconf 71' lang='lat'><strong>602,</strong></span> <span class='ocrx_word' id='word_1_255' title='bbox 1153 2831 1219 2885; x_wconf 84' lang='lat' dir='ltr'><strong>Et</strong></span> <span class='ocrx_word' id='word_1_256' title='bbox 1265 2831 1517 2902; x_wconf 77' lang='lat' dir='ltr'><strong>lacrymas</strong></span> <span class='ocrx_word' id='word_1_257' title='bbox 1550 2833 1751 2886; x_wconf 86' lang='lat' dir='ltr'><strong>intende</strong></span> 
     </span>
    </p>
   </div>
   <div class='ocr_carea' id='block_1_40' title="bbox 152 2902 1751 2974">
    <p class='ocr_par' dir='ltr' id='par_1_40' title="bbox 152 2902 1751 2974">
     <span class='ocr_line' id='line_1_42' title="bbox 152 2902 1751 2974; baseline 0 -17"><span class='ocrx_word' id='word_1_258' title='bbox 152 2920 331 2971; x_wconf 75' lang='lat' dir='ltr'><strong>meas,</strong></span> <span class='ocrx_word' id='word_1_259' title='bbox 368 2920 493 2971; x_wconf 87' lang='lat' dir='ltr'><strong>quas</strong></span> <span class='ocrx_word' id='word_1_260' title='bbox 516 2904 677 2974; x_wconf 80' lang='lat' dir='ltr'><strong>fundo</strong></span> <span class='ocrx_word' id='word_1_261' title='bbox 707 2904 906 2956; x_wconf 88' lang='lat' dir='ltr'><strong>diurne.</strong></span> <span class='ocrx_word' id='word_1_262' title='bbox 935 2902 991 2956; x_wconf 93' lang='lat' dir='ltr'><strong>ln</strong></span> <span class='ocrx_word' id='word_1_263' title='bbox 1013 2902 1345 2974; x_wconf 73' lang='lat' dir='ltr'><strong>orationibus</strong></span> <span class='ocrx_word' id='word_1_264' title='bbox 1374 2903 1751 2974; x_wconf 83' lang='lat' dir='ltr'><strong>ecclesiasticis</strong></span> 
     </span>
    </p>
   </div>
   <div class='ocr_carea' id='block_1_41' title="bbox 152 2971 1749 3042">
    <p class='ocr_par' dir='ltr' id='par_1_41' title="bbox 152 2971 1749 3042">
     <span class='ocr_line' id='line_1_43' title="bbox 152 2971 1749 3042; baseline -0.002 -14"><span class='ocrx_word' id='word_1_265' title='bbox 152 2974 308 3028; x_wconf 86' lang='lat' dir='ltr'><strong>Deus</strong></span> <span class='ocrx_word' id='word_1_266' title='bbox 330 2971 525 3042; x_wconf 78' lang='lat' dir='ltr'><strong>preces</strong></span> <span class='ocrx_word' id='word_1_267' title='bbox 544 2974 815 3028; x_wconf 84' lang='lat' dir='ltr'><strong>hominum</strong></span> <span class='ocrx_word' id='word_1_268' title='bbox 838 2974 1114 3027; x_wconf 87' lang='lat' dir='ltr'><strong>intendere</strong></span> <span class='ocrx_word' id='word_1_269' title='bbox 1134 2971 1347 3027; x_wconf 91' lang='lat' dir='ltr'><strong>dicitur.</strong></span> <span class='ocrx_word' id='word_1_270' title='bbox 1373 2973 1489 3027; x_wconf 90' lang='lat' dir='ltr'><strong>lloc</strong></span> <span class='ocrx_word' id='word_1_271' title='bbox 1513 2972 1633 3027; x_wconf 90' lang='lat' dir='ltr'><strong>loco</strong></span> <span class='ocrx_word' id='word_1_272' title='bbox 1656 2987 1749 3039; x_wconf 88' lang='lat' dir='ltr'><strong>po-</strong></span> 
     </span>
    </p>
   </div>
   <div class='ocr_carea' id='block_1_42' title="bbox 152 3043 1746 3113">
    <p class='ocr_par' dir='ltr' id='par_1_42' title="bbox 152 3043 1746 3113">
     <span class='ocr_line' id='line_1_44' title="bbox 152 3043 1746 3113; baseline -0.001 -17"><span class='ocrx_word' id='word_1_273' title='bbox 152 3044 294 3098; x_wconf 88' lang='lat' dir='ltr'><strong>terit</strong></span> <span class='ocrx_word' id='word_1_274' title='bbox 321 3045 484 3098; x_wconf 89' lang='lat' dir='ltr'><strong>etiam</strong></span> <span class='ocrx_word' id='word_1_275' title='bbox 512 3044 731 3113; x_wconf 87' lang='lat' dir='ltr'><strong>exponi,</strong></span> <span class='ocrx_word' id='word_1_276' title='bbox 753 3060 884 3111; x_wconf 87' lang='lat' dir='ltr'><strong>spes,</strong></span> <span class='ocrx_word' id='word_1_277' title='bbox 911 3053 955 3095; x_wconf 85' lang='lat' dir='ltr'><strong>et</strong></span> <span class='ocrx_word' id='word_1_278' title='bbox 984 3043 1228 3112; x_wconf 76' lang='lat' dir='ltr'><strong>ﬁduciam</strong></span> <span class='ocrx_word' id='word_1_279' title='bbox 1247 3043 1507 3096; x_wconf 84' lang='lat' dir='ltr'><strong>hominum</strong></span> <span class='ocrx_word' id='word_1_280' title='bbox 1533 3058 1746 3110; x_wconf 87' lang='lat' dir='ltr'><strong>augens.</strong></span> 
     </span>
    </p>
   </div>
   <div class='ocr_carea' id='block_1_43' title="bbox 230 3114 1747 3185">
    <p class='ocr_par' dir='ltr' id='par_1_43' title="bbox 230 3114 1747 3185">
     <span class='ocr_line' id='line_1_45' title="bbox 230 3114 1747 3185; baseline -0.003 -17"><span class='ocrx_word' id='word_1_281' title='bbox 230 3116 368 3169; x_wconf 70' lang='grc'><strong>747.</strong></span> <span class='ocrx_word' id='word_1_282' title='bbox 409 3114 512 3168; x_wconf 86' lang='lat' dir='ltr'><strong>Pro</strong></span> <span class='ocrx_word' id='word_1_283' title='bbox 548 3130 818 3185; x_wconf 84' lang='lat' dir='ltr'><strong>parumper</strong></span> <span class='ocrx_word' id='word_1_284' title='bbox 846 3114 1151 3185; x_wconf 87' lang='lat' dir='ltr'><strong>conjectura</strong></span> <span class='ocrx_word' id='word_1_285' title='bbox 1184 3114 1385 3167; x_wconf 83' lang='lat' dir='ltr'><strong>Bartliii</strong></span> <span class='ocrx_word' id='word_1_286' title='bbox 1416 3124 1498 3167; x_wconf 86' lang='lat' dir='ltr'><strong>est</strong></span> <span class='ocrx_word' id='word_1_287' title='bbox 1527 3129 1617 3183; x_wconf 88' lang='lat' dir='ltr'><strong>per</strong></span> <span class='ocrx_word' id='word_1_288' title='bbox 1648 3115 1747 3164; x_wconf 90' lang='lat' dir='ltr'><strong>im-</strong></span> 
     </span>
    </p>
   </div>
   <div class='ocr_carea' id='block_1_44' title="bbox 155 3184 1742 3254">
    <p class='ocr_par' dir='ltr' id='par_1_44' title="bbox 155 3184 1742 3254">
     <span class='ocr_line' id='line_1_46' title="bbox 155 3184 1742 3254; baseline -0.003 -17"><span class='ocrx_word' id='word_1_289' title='bbox 155 3201 287 3253; x_wconf 85' lang='lat' dir='ltr'><strong>par,</strong></span> <span class='ocrx_word' id='word_1_290' title='bbox 330 3185 472 3253; x_wconf 88' lang='lat' dir='ltr'><strong>quod</strong></span> <span class='ocrx_word' id='word_1_291' title='bbox 503 3184 609 3238; x_wconf 90' lang='lat' dir='ltr'><strong>non</strong></span> <span class='ocrx_word' id='word_1_292' title='bbox 642 3184 899 3254; x_wconf 78' lang='lat' dir='ltr'><strong>intelligo.</strong></span> <span class='ocrx_word' id='word_1_293' title='bbox 950 3184 1168 3238; x_wconf 73' lang='lat' dir='ltr'><strong>Rivinus</strong></span> <span class='ocrx_word' id='word_1_294' title='bbox 1197 3184 1377 3238; x_wconf 87' lang='lat' dir='ltr'><strong>mallet</strong></span> <span class='ocrx_word' id='word_1_295' title='bbox 1408 3200 1496 3247; x_wconf 80' lang='lat' dir='ltr'><strong>per</strong></span> <span class='ocrx_word' id='word_1_296' title='bbox 1534 3198 1742 3248; x_wconf 89' lang='lat' dir='ltr'><strong>auram,</strong></span> 
     </span>
    </p>
   </div>
   <div class='ocr_carea' id='block_1_45' title="bbox 152 3253 1749 3323">
    <p class='ocr_par' dir='ltr' id='par_1_45' title="bbox 152 3253 1749 3323">
     <span class='ocr_line' id='line_1_47' title="bbox 152 3253 1749 3323; baseline 0 -18"><span class='ocrx_word' id='word_1_297' title='bbox 152 3256 250 3310; x_wconf 86' lang='lat' dir='ltr'><strong>vel</strong></span> <span class='ocrx_word' id='word_1_298' title='bbox 281 3272 379 3322; x_wconf 83' lang='lat' dir='ltr'><strong>per</strong></span> <span class='ocrx_word' id='word_1_299' title='bbox 406 3254 631 3321; x_wconf 85' lang='lat' dir='ltr'><strong>umbras,</strong></span> <span class='ocrx_word' id='word_1_300' title='bbox 662 3253 865 3309; x_wconf 87' lang='lat' dir='ltr'><strong>scilicet</strong></span> <span class='ocrx_word' id='word_1_301' title='bbox 886 3253 1169 3323; x_wconf 76' lang='lat' dir='ltr'><strong>deiectum.</strong></span> <span class='ocrx_word' id='word_1_302' title='bbox 1199 3254 1315 3307; x_wconf 86' lang='lat' dir='ltr'><strong>Non</strong></span> <span class='ocrx_word' id='word_1_303' title='bbox 1345 3255 1499 3307; x_wconf 91' lang='lat' dir='ltr'><strong>video</strong></span> <span class='ocrx_word' id='word_1_304' title='bbox 1529 3268 1624 3306; x_wconf 90' lang='lat' dir='ltr'><strong>cur</strong></span> <span class='ocrx_word' id='word_1_305' title='bbox 1654 3270 1749 3321; x_wconf 90' lang='lat' dir='ltr'><strong>pa-</strong></span> 
     </span>
    </p>
   </div>
   <div class='ocr_carea' id='block_1_46' title="bbox 149 3323 1747 3399">
    <p class='ocr_par' dir='ltr' id='par_1_46' title="bbox 149 3323 1747 3399">
     <span class='ocr_line' id='line_1_48' title="bbox 149 3323 1747 3399; baseline -0.001 -22"><span class='ocrx_word' id='word_1_306' title='bbox 149 3341 376 3395; x_wconf 84' lang='lat' dir='ltr'><strong>rumper</strong></span> <span class='ocrx_word' id='word_1_307' title='bbox 402 3325 685 3399; x_wconf 81' lang='lat' dir='ltr'><strong>displicere</strong></span> <span class='ocrx_word' id='word_1_308' title='bbox 725 3324 1078 3399; x_wconf 38' lang='lat' dir='ltr'><strong>debeat.&#39;Hoc</strong></span> <span class='ocrx_word' id='word_1_309' title='bbox 1102 3324 1514 3399; x_wconf 76' lang='lat' dir='ltr'><strong>loc_o_parumper</strong></span> <span class='ocrx_word' id='word_1_310' title='bbox 1536 3323 1747 3399; x_wconf 77' lang='lat' dir='ltr'><strong>signiti-</strong></span> 
     </span>
    </p>
   </div>
   <div class='ocr_carea' id='block_1_47' title="bbox 149 3390 1739 3463">
    <p class='ocr_par' dir='ltr' id='par_1_47' title="bbox 149 3390 1739 3463">
     <span class='ocr_line' id='line_1_49' title="bbox 149 3390 1739 3463; baseline -0.002 -16"><span class='ocrx_word' id='word_1_311' title='bbox 149 3390 291 3449; x_wconf 75' lang='lat' dir='ltr'><strong>rare</strong></span> <span class='ocrx_word' id='word_1_312' title='bbox 318 3390 500 3463; x_wconf 84' lang='lat' dir='ltr'><strong>potest</strong></span> <span class='ocrx_word' id='word_1_313' title='bbox 524 3396 642 3459; x_wconf 89' lang='lat' dir='ltr'><strong>cito,</strong></span> <span class='ocrx_word' id='word_1_314' title='bbox 673 3390 1021 3460; x_wconf 74' lang='lat' dir='ltr'><strong>velociter,&#39;ut</strong></span> <span class='ocrx_word' id='word_1_315' title='bbox 1052 3394 1192 3462; x_wconf 91' lang='lat' dir='ltr'><strong>apud</strong></span> <span class='ocrx_word' id='word_1_316' title='bbox 1223 3390 1447 3449; x_wconf 83' lang='lat' dir='ltr'><strong>Ennium</strong></span> <span class='ocrx_word' id='word_1_317' title='bbox 1473 3409 1489 3447; x_wconf 92' lang='grc' dir='ltr'><strong>ι</strong></span> <span class='ocrx_word' id='word_1_318' title='bbox 1520 3390 1739 3456; x_wconf 44' lang='lat' dir='ltr'><strong>Annal&quot;</strong></span> 
     </span>
    </p>
   </div>
   <div class='ocr_carea' id='block_1_48' title="bbox 150 3463 1745 3535">
    <p class='ocr_par' dir='ltr' id='par_1_48' title="bbox 150 3463 1745 3535">
     <span class='ocr_line' id='line_1_50' title="bbox 150 3463 1745 3535; baseline -0.004 -15"><span class='ocrx_word' id='word_1_319' title='bbox 150 3464 229 3520; x_wconf 79' lang='lat' dir='ltr'><strong>Te</strong></span> <span class='ocrx_word' id='word_1_320' title='bbox 257 3481 421 3531; x_wconf 87' lang='lat' dir='ltr'><strong>nunc,</strong></span> <span class='ocrx_word' id='word_1_321' title='bbox 451 3474 624 3519; x_wconf 89' lang='lat' dir='ltr'><strong>sancta</strong></span> <span class='ocrx_word' id='word_1_322' title='bbox 645 3479 819 3533; x_wconf 88' lang='lat' dir='ltr'><strong>precor</strong></span> <span class='ocrx_word' id='word_1_323' title='bbox 853 3463 1035 3529; x_wconf 84' lang='lat' dir='ltr'><strong>Venus,</strong></span> <span class='ocrx_word' id='word_1_324' title='bbox 1060 3475 1107 3517; x_wconf 89' lang='lat' dir='ltr'><strong>et</strong></span> <span class='ocrx_word' id='word_1_325' title='bbox 1127 3466 1356 3535; x_wconf 75' lang='lat' dir='ltr'><strong>genetrix</strong></span> <span class='ocrx_word' id='word_1_326' title='bbox 1380 3466 1539 3531; x_wconf 85' lang='lat' dir='ltr'><strong>patris</strong></span> <span class='ocrx_word' id='word_1_327' title='bbox 1568 3465 1745 3524; x_wconf 88' lang='lat' dir='ltr'><strong>nostri,</strong></span> 
     </span>
    </p>
   </div>
   <div class='ocr_carea' id='block_1_49' title="bbox 1922 1244 3432 1324">
    <p class='ocr_par' dir='ltr' id='par_1_49' title="bbox 1922 1244 3432 1324">
     <span class='ocr_line' id='line_1_51' title="bbox 1922 1244 3432 1324; baseline 0.003 -23"><span class='ocrx_word' id='word_1_328' title='bbox 1922 1249 2047 1324; x_wconf 23' lang='lat' dir='ltr'><strong>751A.</strong></span> <span class='ocrx_word' id='word_1_329' title='bbox 2089 1244 2377 1324; x_wconf 81' lang='lat' dir='ltr'><strong>Vat.,__Vel</strong></span> <span class='ocrx_word' id='word_1_330' title='bbox 2418 1245 2670 1324; x_wconf 71' lang='lat' dir='ltr'><strong>modicum</strong></span> <span class='ocrx_word' id='word_1_331' title='bbox 2702 1250 2779 1324; x_wconf 81' lang='lat' dir='ltr'><strong>fas</strong></span> <span class='ocrx_word' id='word_1_332' title='bbox 2822 1250 2925 1324; x_wconf 81' lang='lat' dir='ltr'><strong>litis</strong></span> <span class='ocrx_word' id='word_1_333' title='bbox 2964 1269 3091 1319; x_wconf 89' lang='lat' dir='ltr'><strong>opus</strong></span> <span class='ocrx_word' id='word_1_334' title='bbox 3131 1260 3268 1324; x_wconf 84' lang='lat' dir='ltr'><strong>quod</strong></span> <span class='ocrx_word' id='word_1_335' title='bbox 3297 1278 3432 1317; x_wconf 68' lang='lat' dir='ltr'><strong>mem</strong></span> 
     </span>
    </p>
   </div>
   <div class='ocr_carea' id='block_1_50' title="bbox 1851 1316 3434 1393">
    <p class='ocr_par' dir='ltr' id='par_1_50' title="bbox 1851 1316 3434 1393">
     <span class='ocr_line' id='line_1_52' title="bbox 1851 1316 3434 1393; baseline 0.009 -23"><span class='ocrx_word' id='word_1_336' title='bbox 1851 1335 1967 1393; x_wconf 68' lang='lat' dir='ltr'><strong>mea</strong></span> <span class='ocrx_word' id='word_1_337' title='bbox 1978 1320 2187 1393; x_wconf 78' lang='lat' dir='ltr'><strong>clamat.</strong></span> <span class='ocrx_word' id='word_1_338' title='bbox 2219 1316 2379 1393; x_wconf 78' lang='lat' dir='ltr'><strong>Sir_m.</strong></span> <span class='ocrx_word' id='word_1_339' title='bbox 2399 1358 2413 1382; x_wconf 95' lang='lat'><strong>,</strong></span> <span class='ocrx_word' id='word_1_340' title='bbox 2547 1334 2613 1370; x_wconf 78' lang='grc' dir='ltr'>ιιι.</span> <span class='ocrx_word' id='word_1_341' title='bbox 2644 1316 2874 1393; x_wconf 80' lang='lat' dir='ltr'><strong>facientis</strong></span> <span class='ocrx_word' id='word_1_342' title='bbox 2901 1337 2952 1376; x_wconf 90' lang='lat'><strong>0.</strong></span> <span class='ocrx_word' id='word_1_343' title='bbox 2997 1316 3306 1393; x_wconf 42' lang='lat' dir='ltr'><strong>quod-mens</strong></span> <span class='ocrx_word' id='word_1_344' title='bbox 3345 1316 3434 1387; x_wconf 81' lang='lat' dir='ltr'><strong>rea</strong></span> 
     </span>
    </p>
   </div>
   <div class='ocr_carea' id='block_1_51' title="bbox 1852 1386 2942 1456">
    <p class='ocr_par' dir='ltr' id='par_1_51' title="bbox 1852 1386 2942 1456">
     <span class='ocr_line' id='line_1_53' title="bbox 1852 1386 2942 1456; baseline 0.003 -15"><span class='ocrx_word' id='word_1_345' title='bbox 1852 1405 1877 1440; x_wconf 78' lang='grc' dir='ltr'><em>ε</em></span> <span class='ocrx_word' id='word_1_346' title='bbox 1932 1388 2067 1441; x_wconf 86' lang='lat' dir='ltr'><strong>Vict.</strong></span> <span class='ocrx_word' id='word_1_347' title='bbox 2100 1386 2192 1450; x_wconf 88' lang='lat' dir='ltr'><strong>ita,</strong></span> <span class='ocrx_word' id='word_1_348' title='bbox 2222 1386 2313 1440; x_wconf 89' lang='lat' dir='ltr'><strong>sed</strong></span> <span class='ocrx_word' id='word_1_349' title='bbox 2338 1389 2476 1456; x_wconf 89' lang='lat' dir='ltr'><strong>quod</strong></span> <span class='ocrx_word' id='word_1_350' title='bbox 2505 1398 2668 1441; x_wconf 89' lang='lat' dir='ltr'><strong>mente</strong></span> <span class='ocrx_word' id='word_1_351' title='bbox 2688 1392 2942 1444; x_wconf 78' lang='lat' dir='ltr'><strong>reclamet.</strong></span> 
     </span>
    </p>
   </div>
   <div class='ocr_carea' id='block_1_52' title="bbox 1922 1457 3429 1527">
    <p class='ocr_par' dir='ltr' id='par_1_52' title="bbox 1922 1457 3429 1527">
     <span class='ocr_line' id='line_1_54' title="bbox 1922 1457 3429 1527; baseline 0.01 -16"><span class='ocrx_word' id='word_1_352' title='bbox 1922 1458 2046 1513; x_wconf 79' lang='grc'><strong>755.</strong></span> <span class='ocrx_word' id='word_1_353' title='bbox 2091 1457 2233 1527; x_wconf 87' lang='lat' dir='ltr'><strong>Vat.,</strong></span> <span class='ocrx_word' id='word_1_354' title='bbox 2267 1457 2590 1517; x_wconf 80' lang='lat' dir='ltr'><strong>Obsess......</strong></span> <span class='ocrx_word' id='word_1_355' title='bbox 2620 1469 2755 1513; x_wconf 89' lang='lat' dir='ltr'><strong>tuus.</strong></span> <span class='ocrx_word' id='word_1_356' title='bbox 2780 1477 2835 1513; x_wconf 94' lang='lat' dir='ltr'><strong>n.</strong></span> <span class='ocrx_word' id='word_1_357' title='bbox 2862 1478 2915 1514; x_wconf 93' lang='lat' dir='ltr'><strong>n.</strong></span> <span class='ocrx_word' id='word_1_358' title='bbox 2940 1479 2982 1517; x_wconf 86' lang='lat' dir='ltr'><strong>c.</strong></span> <span class='ocrx_word' id='word_1_359' title='bbox 3017 1474 3053 1517; x_wconf 80' lang='grc' dir='ltr'>ι.</span> <span class='ocrx_word' id='word_1_360' title='bbox 3074 1465 3223 1522; x_wconf 89' lang='lat' dir='ltr'><strong>deest</strong></span> <span class='ocrx_word' id='word_1_361' title='bbox 3247 1486 3429 1527; x_wconf 87' lang='lat' dir='ltr'><strong>sermo.</strong></span> 
     </span>
    </p>
   </div>
   <div class='ocr_carea' id='block_1_53' title="bbox 1925 1526 3433 1602">
    <p class='ocr_par' dir='ltr' id='par_1_53' title="bbox 1925 1526 3433 1602">
     <span class='ocr_line' id='line_1_55' title="bbox 1925 1526 3433 1602; baseline 0.011 -20"><span class='ocrx_word' id='word_1_362' title='bbox 1925 1529 2049 1582; x_wconf 65' lang='grc'><strong>754.</strong></span> <span class='ocrx_word' id='word_1_363' title='bbox 2085 1526 2631 1602; x_wconf 75' lang='lat' dir='ltr'><strong>_lli_c_est_poSIremt_ts</strong></span> <span class='ocrx_word' id='word_1_364' title='bbox 2667 1545 2851 1602; x_wconf 81' lang='lat' dir='ltr'><strong>versus</strong></span> <span class='ocrx_word' id='word_1_365' title='bbox 2890 1535 2941 1585; x_wconf 92' lang='lat' dir='ltr'><strong>in</strong></span> <span class='ocrx_word' id='word_1_366' title='bbox 2979 1534 3139 1589; x_wconf 91' lang='lat' dir='ltr'><strong>Sirm.</strong></span> <span class='ocrx_word' id='word_1_367' title='bbox 3164 1577 3178 1602; x_wconf 92' lang='lat'><strong>,</strong></span> <span class='ocrx_word' id='word_1_368' title='bbox 3217 1540 3347 1595; x_wconf 87' lang='lat' dir='ltr'><strong>Vict.</strong></span> <span class='ocrx_word' id='word_1_369' title='bbox 3380 1526 3433 1598; x_wconf 83' lang='lat' dir='ltr'><strong>et</strong></span> 
     </span>
    </p>
   </div>
   <div class='ocr_carea' id='block_1_54' title="bbox 1858 1596 3427 1677">
    <p class='ocr_par' dir='ltr' id='par_1_54' title="bbox 1858 1596 3427 1677">
     <span class='ocr_line' id='line_1_56' title="bbox 1858 1596 3427 1677; baseline 0.01 -25"><span class='ocrx_word' id='word_1_370' title='bbox 1858 1601 2049 1677; x_wconf 78' lang='lat' dir='ltr'><strong>Azagr.</strong></span> <span class='ocrx_word' id='word_1_371' title='bbox 2084 1598 2139 1677; x_wconf 79' lang='lat' dir='ltr'><strong>In</strong></span> <span class='ocrx_word' id='word_1_372' title='bbox 2158 1597 2289 1677; x_wconf 43' lang='grc' dir='ltr'><strong>γης..</strong></span> <span class='ocrx_word' id='word_1_373' title='bbox 2310 1596 2449 1650; x_wconf 90' lang='lat' dir='ltr'><strong>illico</strong></span> <span class='ocrx_word' id='word_1_374' title='bbox 2470 1597 2680 1677; x_wconf 41' lang='lat' dir='ltr'><strong>add-itur</strong></span> <span class='ocrx_word' id='word_1_375' title='bbox 2705 1598 3036 1677; x_wconf 72' lang='lat' dir='ltr'><strong>Omnipotens</strong></span> <span class='ocrx_word' id='word_1_376' title='bbox 3063 1596 3245 1662; x_wconf 67' lang='lat' dir='ltr'><strong>(sterne</strong></span> <span class='ocrx_word' id='word_1_377' title='bbox 3272 1596 3427 1677; x_wconf 75' lang='lat' dir='ltr'><strong>Deus,</strong></span> 
     </span>
    </p>
   </div>
   <div class='ocr_carea' id='block_1_55' title="bbox 1855 1666 3429 1738">
    <p class='ocr_par' dir='ltr' id='par_1_55' title="bbox 1855 1666 3429 1738">
     <span class='ocr_line' id='line_1_57' title="bbox 1855 1666 3429 1738; baseline 0.011 -17"><span class='ocrx_word' id='word_1_378' title='bbox 1855 1684 1959 1737; x_wconf 90' lang='lat' dir='ltr'><strong>quo</strong></span> <span class='ocrx_word' id='word_1_379' title='bbox 1980 1666 2327 1738; x_wconf 78' lang='lat' dir='ltr'><strong>hemistichia</strong></span> <span class='ocrx_word' id='word_1_380' title='bbox 2355 1668 2689 1721; x_wconf 86' lang='lat' dir='ltr'><strong>concluditur</strong></span> <span class='ocrx_word' id='word_1_381' title='bbox 2721 1670 2923 1738; x_wconf 90' lang='lat' dir='ltr'><strong>primus</strong></span> <span class='ocrx_word' id='word_1_382' title='bbox 2962 1673 3113 1729; x_wconf 88' lang='lat' dir='ltr'><strong>liber.</strong></span> <span class='ocrx_word' id='word_1_383' title='bbox 3147 1678 3343 1735; x_wconf 88' lang='lat' dir='ltr'><strong>Verum</strong></span> <span class='ocrx_word' id='word_1_384' title='bbox 3377 1666 3429 1738; x_wconf 79' lang='lat' dir='ltr'><strong>id</strong></span> 
     </span>
    </p>
   </div>
   <div class='ocr_carea' id='block_1_56' title="bbox 1860 1737 3051 1803">
    <p class='ocr_par' dir='ltr' id='par_1_56' title="bbox 1860 1737 3051 1803">
     <span class='ocr_line' id='line_1_58' title="bbox 1860 1737 3051 1803; baseline 0.005 -12"><span class='ocrx_word' id='word_1_385' title='bbox 1860 1738 2069 1792; x_wconf 89' lang='lat' dir='ltr'><strong>initium</strong></span> <span class='ocrx_word' id='word_1_386' title='bbox 2099 1748 2179 1790; x_wconf 87' lang='lat' dir='ltr'><strong>est</strong></span> <span class='ocrx_word' id='word_1_387' title='bbox 2202 1737 2321 1791; x_wconf 89' lang='lat' dir='ltr'><strong>libri</strong></span> <span class='ocrx_word' id='word_1_388' title='bbox 2351 1738 2600 1803; x_wconf 89' lang='lat' dir='ltr'><strong>secundi,</strong></span> <span class='ocrx_word' id='word_1_389' title='bbox 2626 1747 2683 1793; x_wconf 91' lang='lat' dir='ltr'><strong>ut</strong></span> <span class='ocrx_word' id='word_1_390' title='bbox 2710 1737 2911 1795; x_wconf 88' lang='lat' dir='ltr'><strong>clarum</strong></span> <span class='ocrx_word' id='word_1_391' title='bbox 2942 1753 3051 1799; x_wconf 86' lang='lat' dir='ltr'><strong>est.</strong></span> 
     </span>
    </p>
   </div>
   <div class='ocr_carea' id='block_1_57' title="bbox 1770 1828 1998 1885">
    <p class='ocr_par' dir='ltr' id='par_1_57' title="bbox 1770 1828 1998 1885">
     <span class='ocr_line' id='line_1_59' title="bbox 1770 1828 1998 1885; baseline 0.004 -1"><span class='ocrx_word' id='word_1_392' title='bbox 1770 1828 1998 1885; x_wconf 68' lang='lat' dir='ltr'><strong>NOTAE.</strong></span> 
     </span>
    </p>
   </div>
   <div class='ocr_carea' id='block_1_58' title="bbox 1781 1924 3430 2018">
    <p class='ocr_par' dir='ltr' id='par_1_58' title="bbox 1781 1924 3430 2018">
     <span class='ocr_line' id='line_1_60' title="bbox 1781 1924 3430 2018; baseline 0.008 -41"><span class='ocrx_word' id='word_1_393' title='bbox 1781 1957 1830 2018; x_wconf 79' lang='grc' dir='ltr'><strong>Β</strong></span> <span class='ocrx_word' id='word_1_394' title='bbox 1861 1924 1928 2018; x_wconf 47' lang='grc' dir='ltr'><em>Πέ</em></span> <span class='ocrx_word' id='word_1_395' title='bbox 1956 1924 2267 2018; x_wconf 42' lang='lat' dir='ltr'><strong>meldekcaelo</strong></span> <span class='ocrx_word' id='word_1_396' title='bbox 2296 1925 2427 1977; x_wconf 80' lang='lat' dir='ltr'><strong>visas</strong></span> <span class='ocrx_word' id='word_1_397' title='bbox 2480 1935 2695 1993; x_wconf 87' lang='lat' dir='ltr'><strong>cognata</strong></span> <span class='ocrx_word' id='word_1_398' title='bbox 2732 1942 3025 1996; x_wconf 87' lang='lat' dir='ltr'><strong>parumper.</strong></span> <span class='ocrx_word' id='word_1_399' title='bbox 3076 1930 3208 1987; x_wconf 87' lang='lat' dir='ltr'><strong>Vide</strong></span> <span class='ocrx_word' id='word_1_400' title='bbox 3251 1935 3430 1992; x_wconf 80' lang='lat' dir='ltr'><strong>notam</strong></span> 
     </span>
    </p>
   </div>
   <div class='ocr_carea' id='block_1_59' title="bbox 1856 1994 2293 2048">
    <p class='ocr_par' dir='ltr' id='par_1_59' title="bbox 1856 1994 2293 2048">
     <span class='ocr_line' id='line_1_61' title="bbox 1856 1994 2293 2048; baseline -0.007 0"><span class='ocrx_word' id='word_1_401' title='bbox 1856 1994 1993 2048; x_wconf 89' lang='lat' dir='ltr'><strong>adv.</strong></span> <span class='ocrx_word' id='word_1_402' title='bbox 2025 1995 2059 2048; x_wconf 69' lang='grc'><strong>4</strong></span> <span class='ocrx_word' id='word_1_403' title='bbox 2083 1994 2204 2047; x_wconf 91' lang='lat' dir='ltr'><strong>libr.</strong></span> <span class='ocrx_word' id='word_1_404' title='bbox 2236 2008 2293 2047; x_wconf 91' lang='grc' dir='ltr'>ιι.</span> 
     </span>
    </p>
   </div>
   <div class='ocr_carea' id='block_1_60' title="bbox 1928 2084 3425 2166">
    <p class='ocr_par' dir='ltr' id='par_1_60' title="bbox 1928 2084 3425 2166">
     <span class='ocr_line' id='line_1_62' title="bbox 1928 2084 3425 2166; baseline 0.009 -27"><span class='ocrx_word' id='word_1_405' title='bbox 1928 2084 2053 2139; x_wconf 73' lang='grc'><strong>748.</strong></span> <span class='ocrx_word' id='word_1_406' title='bbox 2098 2084 2477 2166; x_wconf 58' lang='lat' dir='ltr'><strong>Notrmaleest</strong></span> <span class='ocrx_word' id='word_1_407' title='bbox 2493 2084 2907 2166; x_wconf 25' lang='lat' dir='ltr'><strong>Confessu‘mque,</strong></span> <span class='ocrx_word' id='word_1_408' title='bbox 2931 2093 3023 2166; x_wconf 80' lang='lat' dir='ltr'><strong>sed</strong></span> <span class='ocrx_word' id='word_1_409' title='bbox 3048 2092 3425 2166; x_wconf 78' lang='lat' dir='ltr'><strong>Confusumque</strong></span> 
     </span>
    </p>
   </div>
   <div class='ocr_carea' id='block_1_61' title="bbox 1846 2155 3427 2231">
    <p class='ocr_par' dir='ltr' id='par_1_61' title="bbox 1846 2155 3427 2231">
     <span class='ocr_line' id='line_1_63' title="bbox 1846 2155 3427 2231; baseline 0.009 -23"><span class='ocrx_word' id='word_1_410' title='bbox 1846 2159 1975 2231; x_wconf 78' lang='lat' dir='ltr'><strong>jura</strong></span> <span class='ocrx_word' id='word_1_411' title='bbox 2023 2156 2189 2231; x_wconf 73' lang='lat' dir='ltr'><strong>magis</strong></span> <span class='ocrx_word' id='word_1_412' title='bbox 2220 2155 2340 2209; x_wconf 91' lang='lat' dir='ltr'><strong>huic</strong></span> <span class='ocrx_word' id='word_1_413' title='bbox 2371 2155 2489 2209; x_wconf 90' lang='lat' dir='ltr'><strong>loco</strong></span> <span class='ocrx_word' id='word_1_414' title='bbox 2529 2155 2773 2231; x_wconf 85' lang='lat' dir='ltr'><strong>congruit</strong></span> <span class='ocrx_word' id='word_1_415' title='bbox 2805 2155 2930 2227; x_wconf 82' lang='lat' dir='ltr'><strong>post</strong></span> <span class='ocrx_word' id='word_1_416' title='bbox 2968 2155 3253 2230; x_wconf 71' lang='lat' dir='ltr'><strong>despectum</strong></span> <span class='ocrx_word' id='word_1_417' title='bbox 3277 2208 3291 2231; x_wconf 92' lang='lat'><strong>,</strong></span> <span class='ocrx_word' id='word_1_418' title='bbox 3334 2155 3427 2221; x_wconf 64' lang='lat' dir='ltr'><strong>lte-</strong></span> 
     </span>
    </p>
   </div>
   <div class='ocr_carea' id='block_1_62' title="bbox 1845 2225 3429 2299">
    <p class='ocr_par' dir='ltr' id='par_1_62' title="bbox 1845 2225 3429 2299">
     <span class='ocr_line' id='line_1_64' title="bbox 1845 2225 3429 2299; baseline 0.009 -20"><span class='ocrx_word' id='word_1_419' title='bbox 1845 2225 2061 2299; x_wconf 72' lang='lat' dir='ltr'><strong>jectum.</strong></span> <span class='ocrx_word' id='word_1_420' title='bbox 2107 2225 2361 2293; x_wconf 74' lang='lat' dir='ltr'><strong>Confusus</strong></span> <span class='ocrx_word' id='word_1_421' title='bbox 2396 2240 2493 2294; x_wconf 91' lang='lat' dir='ltr'><strong>pro</strong></span> <span class='ocrx_word' id='word_1_422' title='bbox 2534 2225 2844 2295; x_wconf 87' lang='lat' dir='ltr'><strong>perturbato</strong></span> <span class='ocrx_word' id='word_1_423' title='bbox 2883 2225 3066 2299; x_wconf 80' lang='lat' dir='ltr'><strong>aliqua</strong></span> <span class='ocrx_word' id='word_1_424' title='bbox 3100 2225 3429 2293; x_wconf 41' lang='lat' dir='ltr'><strong>aninii&#39;alfe-</strong></span> 
     </span>
    </p>
   </div>
   <div class='ocr_carea' id='block_1_63' title="bbox 1855 2298 3430 2363">
    <p class='ocr_par' dir='ltr' id='par_1_63' title="bbox 1855 2298 3430 2363">
     <span class='ocr_line' id='line_1_65' title="bbox 1855 2298 3430 2363; baseline 0.008 -13"><span class='ocrx_word' id='word_1_425' title='bbox 1855 2298 2053 2362; x_wconf 87' lang='lat' dir='ltr'><strong>ctione,</strong></span> <span class='ocrx_word' id='word_1_426' title='bbox 2104 2310 2357 2359; x_wconf 71' lang='lat' dir='ltr'><strong>mmrore,</strong></span> <span class='ocrx_word' id='word_1_427' title='bbox 2411 2305 2575 2360; x_wconf 88' lang='lat' dir='ltr'><strong>metu,</strong></span> <span class='ocrx_word' id='word_1_428' title='bbox 2624 2304 2829 2351; x_wconf 88' lang='lat' dir='ltr'><strong>terrore</strong></span> <span class='ocrx_word' id='word_1_429' title='bbox 2882 2298 3227 2359; x_wconf 17' lang='lat' dir='ltr'><strong>abiethnicis</strong></span> <span class='ocrx_word' id='word_1_430' title='bbox 3272 2308 3430 2363; x_wconf 89' lang='lat' dir='ltr'><strong>etiam</strong></span> 
     </span>
    </p>
   </div>
   <div class='ocr_carea' id='block_1_64' title="bbox 1856 2366 3431 2438">
    <p class='ocr_par' dir='ltr' id='par_1_64' title="bbox 1856 2366 3431 2438">
     <span class='ocr_line' id='line_1_66' title="bbox 1856 2366 3431 2438; baseline 0.008 -19"><span class='ocrx_word' id='word_1_431' title='bbox 1856 2378 2140 2438; x_wconf 83' lang='lat' dir='ltr'><strong>usurpatur</strong></span> <span class='ocrx_word' id='word_1_432' title='bbox 2168 2366 2357 2438; x_wconf 80' lang='lat' dir='ltr'><strong>;__apud</strong></span> <span class='ocrx_word' id='word_1_433' title='bbox 2394 2367 2787 2438; x_wconf 84' lang='lat' dir='ltr'><strong>ecclesiasticos</strong></span> <span class='ocrx_word' id='word_1_434' title='bbox 2820 2370 3108 2438; x_wconf 85' lang='lat' dir='ltr'><strong>scriptores</strong></span> <span class='ocrx_word' id='word_1_435' title='bbox 3155 2375 3308 2428; x_wconf 87' lang='lat' dir='ltr'><strong>obvia</strong></span> <span class='ocrx_word' id='word_1_436' title='bbox 3353 2390 3431 2432; x_wconf 86' lang='lat' dir='ltr'><strong>est</strong></span> 
     </span>
    </p>
   </div>
   <div class='ocr_carea' id='block_1_65' title="bbox 1854 2435 3430 2513">
    <p class='ocr_par' dir='ltr' id='par_1_65' title="bbox 1854 2435 3430 2513">
     <span class='ocr_line' id='line_1_67' title="bbox 1854 2435 3430 2513; baseline 0.009 -24"><span class='ocrx_word' id='word_1_437' title='bbox 1854 2452 1923 2513; x_wconf 79' lang='lat' dir='ltr'><strong>ea</strong></span> <span class='ocrx_word' id='word_1_438' title='bbox 1944 2452 2044 2490; x_wconf 84' lang='lat' dir='ltr'><strong>vox</strong></span> <span class='ocrx_word' id='word_1_439' title='bbox 2079 2435 2250 2513; x_wconf 29' lang='lat' dir='ltr'><strong>deAiis-</strong></span> <span class='ocrx_word' id='word_1_440' title='bbox 2280 2450 2412 2504; x_wconf 87' lang='lat' dir='ltr'><strong>quos</strong></span> <span class='ocrx_word' id='word_1_441' title='bbox 2447 2437 2727 2489; x_wconf 88' lang='lat' dir='ltr'><strong>criminum</strong></span> <span class='ocrx_word' id='word_1_442' title='bbox 2776 2435 3023 2507; x_wconf 59' lang='lat' dir='ltr'><strong>paenitet,</strong></span> <span class='ocrx_word' id='word_1_443' title='bbox 3065 2450 3117 2497; x_wconf 93' lang='lat' dir='ltr'><strong>et</strong></span> <span class='ocrx_word' id='word_1_444' title='bbox 3158 2445 3319 2513; x_wconf 88' lang='lat' dir='ltr'><strong>pudet</strong></span> <span class='ocrx_word' id='word_1_445' title='bbox 3358 2452 3430 2505; x_wconf 87' lang='lat' dir='ltr'><strong>uti</strong></span> 
     </span>
    </p>
   </div>
   <div class='ocr_carea' id='block_1_66' title="bbox 1854 2508 2477 2573">
    <p class='ocr_par' dir='ltr' id='par_1_66' title="bbox 1854 2508 2477 2573">
     <span class='ocr_line' id='line_1_68' title="bbox 1854 2508 2477 2573; baseline -0.008 -12"><span class='ocrx_word' id='word_1_446' title='bbox 1854 2508 2015 2562; x_wconf 91' lang='lat' dir='ltr'><strong>etiam</strong></span> <span class='ocrx_word' id='word_1_447' title='bbox 2049 2508 2299 2573; x_wconf 79' lang='lat' dir='ltr'><strong>confusio.</strong></span> <span class='ocrx_word' id='word_1_448' title='bbox 2321 2568 2324 2571; x_wconf 17' lang='grc' dir='ltr'><strong>Α</strong></span> <span class='ocrx_word' id='word_1_449' title='bbox 2473 2526 2477 2529; x_wconf 92' lang='grc'><strong>·</strong></span> 
     </span>
    </p>
   </div>
   <div class='ocr_carea' id='block_1_67' title="bbox 1926 2575 2967 2644">
    <p class='ocr_par' dir='ltr' id='par_1_67' title="bbox 1926 2575 2967 2644">
     <span class='ocr_line' id='line_1_69' title="bbox 1926 2575 2967 2644; baseline 0.003 -14"><span class='ocrx_word' id='word_1_450' title='bbox 1926 2578 2047 2630; x_wconf 75' lang='grc'><strong>749.</strong></span> <span class='ocrx_word' id='word_1_451' title='bbox 2093 2575 2223 2629; x_wconf 82' lang='lat' dir='ltr'><strong>Vide</strong></span> <span class='ocrx_word' id='word_1_452' title='bbox 2270 2575 2672 2644; x_wconf 80' lang='lat' dir='ltr'><strong>prolegomena,</strong></span> <span class='ocrx_word' id='word_1_453' title='bbox 2704 2593 2848 2631; x_wconf 88' lang='lat' dir='ltr'><strong>num.</strong></span> <span class='ocrx_word' id='word_1_454' title='bbox 2877 2579 2967 2634; x_wconf 80' lang='lat'><strong>85.</strong></span> 
     </span>
    </p>
   </div>
   <div class='ocr_carea' id='block_1_68' title="bbox 1924 2644 3421 2718">
    <p class='ocr_par' dir='ltr' id='par_1_68' title="bbox 1924 2644 3421 2718">
     <span class='ocr_line' id='line_1_70' title="bbox 1924 2644 3421 2718; baseline 0.008 -19"><span class='ocrx_word' id='word_1_455' title='bbox 1924 2647 2047 2700; x_wconf 77' lang='grc'><strong>751.</strong></span> <span class='ocrx_word' id='word_1_456' title='bbox 2094 2645 2250 2699; x_wconf 87' lang='lat' dir='ltr'><strong>Forte</strong></span> <span class='ocrx_word' id='word_1_457' title='bbox 2291 2644 2377 2718; x_wconf 83' lang='lat' dir='ltr'><strong>_Vel</strong></span> <span class='ocrx_word' id='word_1_458' title='bbox 2401 2647 2663 2718; x_wconf 82' lang='lat' dir='ltr'><strong>minimum</strong></span> <span class='ocrx_word' id='word_1_459' title='bbox 2695 2650 2901 2718; x_wconf 78' lang='lat' dir='ltr'><strong>factoris</strong></span> <span class='ocrx_word' id='word_1_460' title='bbox 2933 2666 3078 2718; x_wconf 86' lang='lat' dir='ltr'><strong>opus.</strong></span> <span class='ocrx_word' id='word_1_461' title='bbox 3110 2652 3307 2709; x_wconf 85' lang='lat' dir='ltr'><strong>Verum</strong></span> <span class='ocrx_word' id='word_1_462' title='bbox 3333 2656 3421 2711; x_wconf 87' lang='lat' dir='ltr'><strong>hic</strong></span> 
     </span>
    </p>
   </div>
   <div class='ocr_carea' id='block_1_69' title="bbox 1853 2716 3428 2788">
    <p class='ocr_par' dir='ltr' id='par_1_69' title="bbox 1853 2716 3428 2788">
     <span class='ocr_line' id='line_1_71' title="bbox 1853 2716 3428 2788; baseline 0.006 -18"><span class='ocrx_word' id='word_1_463' title='bbox 1853 2719 2081 2771; x_wconf 89' lang='lat' dir='ltr'><strong>modicus</strong></span> <span class='ocrx_word' id='word_1_464' title='bbox 2106 2731 2199 2784; x_wconf 91' lang='lat' dir='ltr'><strong>pro</strong></span> <span class='ocrx_word' id='word_1_465' title='bbox 2222 2716 2678 2788; x_wconf 81' lang='lat' dir='ltr'><strong>exiguosumitur.</strong></span> <span class='ocrx_word' id='word_1_466' title='bbox 2709 2716 2899 2772; x_wconf 82' lang='lat' dir='ltr'><strong>Cicero</strong></span> <span class='ocrx_word' id='word_1_467' title='bbox 2925 2716 3189 2776; x_wconf 77' lang='lat' dir='ltr'><strong>Paradox.</strong></span> <span class='ocrx_word' id='word_1_468' title='bbox 3220 2724 3273 2788; x_wconf 90' lang='lat'><strong>6,</strong></span> <span class='ocrx_word' id='word_1_469' title='bbox 3309 2726 3428 2780; x_wconf 83' lang='lat' dir='ltr'><strong>Mea</strong></span> 
     </span>
    </p>
   </div>
   <div class='ocr_carea' id='block_1_70' title="bbox 1850 2786 3428 2857">
    <p class='ocr_par' dir='ltr' id='par_1_70' title="bbox 1850 2786 3428 2857">
     <span class='ocr_line' id='line_1_72' title="bbox 1850 2786 3428 2857; baseline 0.005 -16"><span class='ocrx_word' id='word_1_470' title='bbox 1850 2788 2062 2857; x_wconf 87' lang='lat' dir='ltr'><strong>pecunia</strong></span> <span class='ocrx_word' id='word_1_471' title='bbox 2106 2795 2179 2838; x_wconf 86' lang='lat' dir='ltr'><strong>est</strong></span> <span class='ocrx_word' id='word_1_472' title='bbox 2222 2786 2289 2837; x_wconf 88' lang='lat' dir='ltr'><strong>ad</strong></span> <span class='ocrx_word' id='word_1_473' title='bbox 2335 2786 2474 2857; x_wconf 87' lang='lat' dir='ltr'><strong>vulgi</strong></span> <span class='ocrx_word' id='word_1_474' title='bbox 2520 2786 2805 2857; x_wconf 61' lang='lat' dir='ltr'><strong>Opinionem</strong></span> <span class='ocrx_word' id='word_1_475' title='bbox 2850 2790 3137 2852; x_wconf 82' lang='lat' dir='ltr'><strong>mediocris,</strong></span> <span class='ocrx_word' id='word_1_476' title='bbox 3186 2786 3268 2844; x_wconf 85' lang='lat' dir='ltr'><strong>ad</strong></span> <span class='ocrx_word' id='word_1_477' title='bbox 3292 2804 3428 2850; x_wconf 90' lang='lat' dir='ltr'><strong>tuam</strong></span> 
     </span>
    </p>
   </div>
   <div class='ocr_carea' id='block_1_71' title="bbox 1852 2854 3428 2927">
    <p class='ocr_par' dir='ltr' id='par_1_71' title="bbox 1852 2854 3428 2927">
     <span class='ocr_line' id='line_1_73' title="bbox 1852 2854 3428 2927; baseline 0.006 -18"><span class='ocrx_word' id='word_1_478' title='bbox 1852 2854 2016 2922; x_wconf 85' lang='lat' dir='ltr'><strong>nulla,</strong></span> <span class='ocrx_word' id='word_1_479' title='bbox 2058 2857 2124 2927; x_wconf 82' lang='lat' dir='ltr'><strong>ad</strong></span> <span class='ocrx_word' id='word_1_480' title='bbox 2147 2870 2308 2927; x_wconf 80' lang='lat' dir='ltr'><strong>meam</strong></span> <span class='ocrx_word' id='word_1_481' title='bbox 2335 2854 2557 2927; x_wconf 86' lang='lat' dir='ltr'><strong>modica.</strong></span> <span class='ocrx_word' id='word_1_482' title='bbox 2588 2854 2781 2909; x_wconf 82' lang='lat' dir='ltr'><strong>Rivino</strong></span> <span class='ocrx_word' id='word_1_483' title='bbox 2810 2859 2978 2926; x_wconf 87' lang='lat' dir='ltr'><strong>magis</strong></span> <span class='ocrx_word' id='word_1_484' title='bbox 3009 2862 3264 2927; x_wconf 82' lang='lat' dir='ltr'><strong>probatur</strong></span> <span class='ocrx_word' id='word_1_485' title='bbox 3288 2867 3428 2919; x_wconf 90' lang='lat' dir='ltr'><strong>scri-</strong></span> 
     </span>
    </p>
   </div>
   <div class='ocr_carea' id='block_1_72' title="bbox 1852 2924 3427 2998">
    <p class='ocr_par' dir='ltr' id='par_1_72' title="bbox 1852 2924 3427 2998">
     <span class='ocr_line' id='line_1_74' title="bbox 1852 2924 3427 2998; baseline 0.008 -20"><span class='ocrx_word' id='word_1_486' title='bbox 1852 2938 2005 2997; x_wconf 89' lang='lat' dir='ltr'><strong>ptura</strong></span> <span class='ocrx_word' id='word_1_487' title='bbox 2042 2924 2312 2998; x_wconf 82' lang='lat' dir='ltr'><strong>Sirmondi</strong></span> <span class='ocrx_word' id='word_1_488' title='bbox 2341 2926 2474 2993; x_wconf 87' lang='lat' dir='ltr'><strong>quod</strong></span> <span class='ocrx_word' id='word_1_489' title='bbox 2510 2940 2649 2998; x_wconf 82' lang='lat' dir='ltr'><strong>mens</strong></span> <span class='ocrx_word' id='word_1_490' title='bbox 2676 2942 2764 2979; x_wconf 89' lang='lat' dir='ltr'><strong>rea</strong></span> <span class='ocrx_word' id='word_1_491' title='bbox 2786 2924 3193 2998; x_wconf 47' lang='lat' dir='ltr'><strong>claniat,&#39;quam</strong></span> <span class='ocrx_word' id='word_1_492' title='bbox 3228 2933 3427 2990; x_wconf 85' lang='lat' dir='ltr'><strong>Bartliii</strong></span> 
     </span>
    </p>
   </div>
   <div class='ocr_carea' id='block_1_73' title="bbox 1851 2994 3426 3065">
    <p class='ocr_par' dir='ltr' id='par_1_73' title="bbox 1851 2994 3426 3065">
     <span class='ocr_line' id='line_1_75' title="bbox 1851 2994 3426 3065; baseline 0.006 -13"><span class='ocrx_word' id='word_1_493' title='bbox 1851 2994 2152 3065; x_wconf 76' lang='lat' dir='ltr'><strong>conjectura</strong></span> <span class='ocrx_word' id='word_1_494' title='bbox 2176 2995 2312 3062; x_wconf 84' lang='lat' dir='ltr'><strong>quod</strong></span> <span class='ocrx_word' id='word_1_495' title='bbox 2336 3003 2499 3065; x_wconf 83' lang='lat' dir='ltr'><strong>mente</strong></span> <span class='ocrx_word' id='word_1_496' title='bbox 2524 2994 2752 3049; x_wconf 87' lang='lat' dir='ltr'><strong>celebret.</strong></span> <span class='ocrx_word' id='word_1_497' title='bbox 2780 2997 2905 3050; x_wconf 88' lang='lat' dir='ltr'><strong>Mihi</strong></span> <span class='ocrx_word' id='word_1_498' title='bbox 2935 2994 3104 3064; x_wconf 63' lang='lat' dir='ltr'><strong>placet</strong></span> <span class='ocrx_word' id='word_1_499' title='bbox 3131 3001 3289 3059; x_wconf 88' lang='lat' dir='ltr'><strong>lectio</strong></span> <span class='ocrx_word' id='word_1_500' title='bbox 3306 3005 3426 3062; x_wconf 85' lang='lat' dir='ltr'><strong>Vat.</strong></span> 
     </span>
    </p>
   </div>
   <div class='ocr_carea' id='block_1_74' title="bbox 1854 3064 3190 3125">
    <p class='ocr_par' dir='ltr' id='par_1_74' title="bbox 1854 3064 3190 3125">
     <span class='ocr_line' id='line_1_76' title="bbox 1854 3064 3190 3125; baseline 0.003 -3"><span class='ocrx_word' id='word_1_501' title='bbox 1854 3069 1927 3122; x_wconf 89' lang='lat' dir='ltr'><strong>De</strong></span> <span class='ocrx_word' id='word_1_502' title='bbox 1954 3064 2189 3119; x_wconf 81' lang='lat' dir='ltr'><strong>clamore</strong></span> <span class='ocrx_word' id='word_1_503' title='bbox 2216 3066 2413 3118; x_wconf 87' lang='lat' dir='ltr'><strong>mentis</strong></span> <span class='ocrx_word' id='word_1_504' title='bbox 2439 3064 2504 3117; x_wconf 87' lang='lat' dir='ltr'><strong>ad</strong></span> <span class='ocrx_word' id='word_1_505' title='bbox 2548 3066 2713 3119; x_wconf 90' lang='lat' dir='ltr'><strong>Deum</strong></span> <span class='ocrx_word' id='word_1_506' title='bbox 2746 3065 2859 3121; x_wconf 76' lang='lat' dir='ltr'><strong>dixi</strong></span> <span class='ocrx_word' id='word_1_507' title='bbox 2890 3069 2953 3121; x_wconf 91' lang='lat' dir='ltr'><strong>ad</strong></span> <span class='ocrx_word' id='word_1_508' title='bbox 2979 3084 3033 3123; x_wconf 89' lang='lat' dir='ltr'><strong>v.</strong></span> <span class='ocrx_word' id='word_1_509' title='bbox 3068 3070 3190 3125; x_wconf 75' lang='lat'><strong>568.</strong></span> 
     </span>
    </p>
   </div>
   <div class='ocr_carea' id='block_1_75' title="bbox 1923 3157 3426 3232">
    <p class='ocr_par' dir='ltr' id='par_1_75' title="bbox 1923 3157 3426 3232">
     <span class='ocr_line' id='line_1_77' title="bbox 1923 3157 3426 3232; baseline 0.005 -19"><span class='ocrx_word' id='word_1_510' title='bbox 1923 3158 2046 3213; x_wconf 73' lang='lat'><strong>752.</strong></span> <span class='ocrx_word' id='word_1_511' title='bbox 2088 3157 2310 3232; x_wconf 76' lang='lat' dir='ltr'><strong>Pectora</strong></span> <span class='ocrx_word' id='word_1_512' title='bbox 2332 3157 2660 3232; x_wconf 66' lang='lat' dir='ltr'><strong>contundere</strong></span> <span class='ocrx_word' id='word_1_513' title='bbox 2684 3159 2735 3211; x_wconf 96' lang='lat' dir='ltr'><strong>in</strong></span> <span class='ocrx_word' id='word_1_514' title='bbox 2765 3159 2965 3232; x_wconf 64' lang='lat' dir='ltr'><strong>gemitu</strong></span> <span class='ocrx_word' id='word_1_515' title='bbox 2988 3169 3041 3215; x_wconf 91' lang='lat' dir='ltr'><strong>et</strong></span> <span class='ocrx_word' id='word_1_516' title='bbox 3063 3161 3310 3232; x_wconf 86' lang='lat' dir='ltr'><strong>lacrymis</strong></span> <span class='ocrx_word' id='word_1_517' title='bbox 3335 3182 3426 3222; x_wconf 90' lang='lat' dir='ltr'><strong>so-</strong></span> 
     </span>
    </p>
   </div>
   <div class='ocr_carea' id='block_1_76' title="bbox 1854 3227 3426 3301">
    <p class='ocr_par' dir='ltr' id='par_1_76' title="bbox 1854 3227 3426 3301">
     <span class='ocr_line' id='line_1_78' title="bbox 1854 3227 3426 3301; baseline 0.008 -20"><span class='ocrx_word' id='word_1_518' title='bbox 1854 3230 2028 3283; x_wconf 89' lang='lat' dir='ltr'><strong>lemne</strong></span> <span class='ocrx_word' id='word_1_519' title='bbox 2050 3229 2208 3301; x_wconf 76' lang='lat' dir='ltr'><strong>etiam</strong></span> <span class='ocrx_word' id='word_1_520' title='bbox 2235 3227 2326 3280; x_wconf 81' lang='lat' dir='ltr'><strong>iuit</strong></span> <span class='ocrx_word' id='word_1_521' title='bbox 2350 3227 2598 3301; x_wconf 77' lang='lat' dir='ltr'><strong>ethnicis.</strong></span> <span class='ocrx_word' id='word_1_522' title='bbox 2624 3229 2849 3301; x_wconf 85' lang='lat' dir='ltr'><strong>Seneca,</strong></span> <span class='ocrx_word' id='word_1_523' title='bbox 2874 3227 3426 3301; x_wconf 62' lang='lat' dir='ltr'><strong>Tliyest.vers.1046:</strong></span> 
     </span>
    </p>
   </div>
   <div class='ocr_carea' id='block_1_77' title="bbox 1861 3297 3426 3368">
    <p class='ocr_par' dir='ltr' id='par_1_77' title="bbox 1861 3297 3426 3368">
     <span class='ocr_line' id='line_1_79' title="bbox 1861 3297 3426 3368; baseline 0.005 -15"><span class='ocrx_word' id='word_1_524' title='bbox 1861 3299 2223 3354; x_wconf 85' lang='lat' dir='ltr'><strong>Pectorailliso</strong></span> <span class='ocrx_word' id='word_1_525' title='bbox 2238 3307 2414 3351; x_wconf 89' lang='lat' dir='ltr'><strong>sonent</strong></span> <span class='ocrx_word' id='word_1_526' title='bbox 2433 3297 2659 3351; x_wconf 85' lang='lat' dir='ltr'><strong>Contusa</strong></span> <span class='ocrx_word' id='word_1_527' title='bbox 2682 3299 2910 3365; x_wconf 88' lang='lat' dir='ltr'><strong>planctu.</strong></span> <span class='ocrx_word' id='word_1_528' title='bbox 2940 3297 3238 3368; x_wconf 81' lang='lat' dir='ltr'><strong>Petronius,</strong></span> <span class='ocrx_word' id='word_1_529' title='bbox 3262 3307 3426 3361; x_wconf 88' lang='lat' dir='ltr'><strong>Satir.</strong></span> 
     </span>
    </p>
   </div>
   <div class='ocr_carea' id='block_1_78' title="bbox 1856 3368 3426 3440">
    <p class='ocr_par' dir='ltr' id='par_1_78' title="bbox 1856 3368 3426 3440">
     <span class='ocr_line' id='line_1_80' title="bbox 1856 3368 3426 3440; baseline 0.006 -17"><span class='ocrx_word' id='word_1_530' title='bbox 1856 3387 1903 3423; x_wconf 88' lang='lat' dir='ltr'><strong>c.</strong></span> <span class='ocrx_word' id='word_1_531' title='bbox 1929 3372 1988 3424; x_wconf 76' lang='lat' dir='ltr'><strong>8i</strong></span> <span class='ocrx_word' id='word_1_532' title='bbox 2004 3411 2018 3434; x_wconf 85' lang='lat'><em>.</em></span> <span class='ocrx_word' id='word_1_533' title='bbox 2044 3368 2377 3423; x_wconf 79' lang='lat' dir='ltr'><strong>Verberabam</strong></span> <span class='ocrx_word' id='word_1_534' title='bbox 2402 3383 2594 3438; x_wconf 78' lang='lat' dir='ltr'><strong>a’grum</strong></span> <span class='ocrx_word' id='word_1_535' title='bbox 2610 3369 2895 3439; x_wconf 89' lang='lat' dir='ltr'><strong>planctibus</strong></span> <span class='ocrx_word' id='word_1_536' title='bbox 2916 3381 3107 3440; x_wconf 88' lang='lat' dir='ltr'><strong>pectus.</strong></span> <span class='ocrx_word' id='word_1_537' title='bbox 3126 3375 3275 3430; x_wconf 86' lang='lat' dir='ltr'><strong>Adde</strong></span> <span class='ocrx_word' id='word_1_538' title='bbox 3290 3393 3426 3433; x_wconf 68' lang='lat' dir='ltr'><strong>vers.</strong></span> 
     </span>
    </p>
   </div>
   <div class='ocr_carea' id='block_1_79' title="bbox 1858 3440 3422 3514">
    <p class='ocr_par' dir='ltr' id='par_1_79' title="bbox 1858 3440 3422 3514">
     <span class='ocr_line' id='line_1_81' title="bbox 1858 3440 3422 3514; baseline 0.004 -20"><span class='ocrx_word' id='word_1_539' title='bbox 1858 3443 1960 3495; x_wconf 80' lang='grc'><strong>577</strong></span> <span class='ocrx_word' id='word_1_540' title='bbox 1992 3441 2114 3494; x_wconf 92' lang='lat' dir='ltr'><strong>libr.</strong></span> <span class='ocrx_word' id='word_1_541' title='bbox 2146 3453 2201 3492; x_wconf 87' lang='grc' dir='ltr'><strong>ιιι</strong></span> <span class='ocrx_word' id='word_1_542' title='bbox 2231 3448 2283 3492; x_wconf 89' lang='lat' dir='ltr'><strong>et</strong></span> <span class='ocrx_word' id='word_1_543' title='bbox 2311 3452 2461 3507; x_wconf 87' lang='lat' dir='ltr'><strong>seqq.</strong></span> <span class='ocrx_word' id='word_1_544' title='bbox 2493 3453 2613 3492; x_wconf 91' lang='lat' dir='ltr'><strong>cum</strong></span> <span class='ocrx_word' id='word_1_545' title='bbox 2646 3440 2807 3505; x_wconf 90' lang='lat' dir='ltr'><strong>n0tis,</strong></span> <span class='ocrx_word' id='word_1_546' title='bbox 2842 3442 2928 3494; x_wconf 92' lang='lat' dir='ltr'><strong>ubi</strong></span> <span class='ocrx_word' id='word_1_547' title='bbox 2963 3443 3109 3508; x_wconf 90' lang='lat' dir='ltr'><strong>plura</strong></span> <span class='ocrx_word' id='word_1_548' title='bbox 3139 3446 3422 3514; x_wconf 79' lang='lat' dir='ltr'><strong>proferant.</strong></span> 
     </span>
    </p>
   </div>
   <div class='ocr_carea' id='block_1_80' title="bbox 2097 3553 3421 3580">
    <p class='ocr_par' dir='ltr' id='par_1_80' title="bbox 2097 3553 3421 3580">
     <span class='ocr_line' id='line_1_82' title="bbox 2097 3553 3421 3580; baseline 0.002 -3"><span class='ocrx_word' id='word_1_549' title='bbox 2097 3553 3421 3580; x_wconf 44' lang='grc' dir='ltr'>Ἥ</span> 
     </span>
    </p>
   </div>
   <div class='ocr_carea' id='block_1_81' title="bbox 1313 3631 2287 3708">
    <p class='ocr_par' dir='ltr' id='par_1_81' title="bbox 1313 3631 2287 3708">
     <span class='ocr_line' id='line_1_83' title="bbox 1313 3631 2287 3708; baseline -0.005 -2"><span class='ocrx_word' id='word_1_550' title='bbox 1313 3636 1640 3707; x_wconf 83' lang='lat' dir='ltr'><strong>LIBER</strong></span> <span class='ocrx_word' id='word_1_551' title='bbox 1713 3631 2287 3708; x_wconf 84' lang='lat' dir='ltr'><strong>SECUNDUS.</strong></span> 
     </span>
    </p>
   </div>
   <div class='ocr_carea' id='block_1_82' title="bbox 381 3744 1750 3819">
    <p class='ocr_par' dir='ltr' id='par_1_82' title="bbox 381 3744 1750 3819">
     <span class='ocr_line' id='line_1_84' title="bbox 381 3744 1750 3819; baseline -0.007 -13"><span class='ocrx_word' id='word_1_552' title='bbox 381 3750 538 3819; x_wconf 73' lang='lat'><strong>217</strong></span> <span class='ocrx_word' id='word_1_553' title='bbox 577 3747 925 3816; x_wconf 84' lang='lat' dir='ltr'><strong>Omnipotens</strong></span> <span class='ocrx_word' id='word_1_554' title='bbox 968 3755 1166 3801; x_wconf 76' lang='lat' dir='ltr'><strong>:eterne</strong></span> <span class='ocrx_word' id='word_1_555' title='bbox 1208 3744 1390 3811; x_wconf 86' lang='lat' dir='ltr'><strong>Deus,</strong></span> <span class='ocrx_word' id='word_1_556' title='bbox 1433 3762 1546 3811; x_wconf 87' lang='lat' dir='ltr'><strong>spes</strong></span> <span class='ocrx_word' id='word_1_557' title='bbox 1598 3746 1750 3796; x_wconf 87' lang='lat' dir='ltr'><strong>unica</strong></span> 
     </span>
    </p>
   </div>
   <div class='ocr_carea' id='block_1_83' title="bbox 1459 3836 1676 3906">
    <p class='ocr_par' dir='ltr' id='par_1_83' title="bbox 1459 3836 1676 3906">
     <span class='ocr_line' id='line_1_85' title="bbox 1459 3836 1676 3906; baseline -0.005 -18"><span class='ocrx_word' id='word_1_558' title='bbox 1459 3836 1676 3906; x_wconf 85' lang='lat' dir='ltr'><strong>[mundi,</strong></span> 
     </span>
    </p>
   </div>
   <div class='ocr_carea' id='block_1_84' title="bbox 386 3914 1751 4000">
    <p class='ocr_par' dir='ltr' id='par_1_84' title="bbox 386 3914 1751 4000">
     <span class='ocr_line' id='line_1_86' title="bbox 386 3914 1751 4000; baseline -0.005 -13"><span class='ocrx_word' id='word_1_559' title='bbox 386 3914 670 3998; x_wconf 72' lang='lat' dir='ltr'><strong>Inventor,</strong></span> <span class='ocrx_word' id='word_1_560' title='bbox 729 3931 969 4000; x_wconf 87' lang='lat' dir='ltr'><strong>genitor,</strong></span> <span class='ocrx_word' id='word_1_561' title='bbox 1016 3929 1283 3992; x_wconf 91' lang='lat' dir='ltr'><strong>nutritor,</strong></span> <span class='ocrx_word' id='word_1_562' title='bbox 1344 3931 1751 3990; x_wconf 71' lang='lat' dir='ltr'><strong>rector,‘ama—</strong></span> 
     </span>
    </p>
   </div>
   <div class='ocr_carea' id='block_1_85' title="bbox 1575 4019 1675 4089">
    <p class='ocr_par' dir='ltr' id='par_1_85' title="bbox 1575 4019 1675 4089">
     <span class='ocr_line' id='line_1_87' title="bbox 1575 4019 1675 4089; baseline -0.02 -18"><span class='ocrx_word' id='word_1_563' title='bbox 1575 4019 1675 4089; x_wconf 84' lang='lat' dir='ltr'><strong>[tor</strong></span> 
     </span>
    </p>
   </div>
   <div class='ocr_carea' id='block_1_86' title="bbox 389 4109 1749 4183">
    <p class='ocr_par' dir='ltr' id='par_1_86' title="bbox 389 4109 1749 4183">
     <span class='ocr_line' id='line_1_88' title="bbox 389 4109 1749 4183; baseline -0.007 -14"><span class='ocrx_word' id='word_1_564' title='bbox 389 4116 739 4182; x_wconf 80' lang='lat' dir='ltr'><strong>Cunctorum,</strong></span> <span class='ocrx_word' id='word_1_565' title='bbox 785 4128 901 4183; x_wconf 69' lang='lat' dir='ltr'><strong>quae</strong></span> <span class='ocrx_word' id='word_1_566' title='bbox 944 4113 1171 4168; x_wconf 90' lang='lat' dir='ltr'><strong>mundus</strong></span> <span class='ocrx_word' id='word_1_567' title='bbox 1218 4112 1396 4175; x_wconf 83' lang='lat' dir='ltr'><strong>liabet,</strong></span> <span class='ocrx_word' id='word_1_568' title='bbox 1445 4126 1562 4179; x_wconf 71' lang='lat' dir='ltr'><strong>qua:</strong></span> <span class='ocrx_word' id='word_1_569' title='bbox 1607 4109 1749 4161; x_wconf 89' lang='lat' dir='ltr'><strong>celsa</strong></span> 
     </span>
    </p>
   </div>
   <div class='ocr_carea' id='block_1_87' title="bbox 1388 4200 1672 4271">
    <p class='ocr_par' dir='ltr' id='par_1_87' title="bbox 1388 4200 1672 4271">
     <span class='ocr_line' id='line_1_89' title="bbox 1388 4200 1672 4271; baseline -0.004 -17"><span class='ocrx_word' id='word_1_570' title='bbox 1388 4200 1672 4271; x_wconf 84' lang='lat' dir='ltr'><strong>[polorum,</strong></span> 
     </span>
    </p>
   </div>
   <div class='ocr_carea' id='block_1_88' title="bbox 2066 3738 3426 3819">
    <p class='ocr_par' dir='ltr' id='par_1_88' title="bbox 2066 3738 3426 3819">
     <span class='ocr_line' id='line_1_90' title="bbox 2066 3738 3426 3819; baseline 0.01 -27"><span class='ocrx_word' id='word_1_571' title='bbox 2066 3741 2196 3806; x_wconf 71' lang='lat' dir='ltr'><strong>Quae</strong></span> <span class='ocrx_word' id='word_1_572' title='bbox 2245 3738 2365 3794; x_wconf 64' lang='lat' dir='ltr'><strong>coeli</strong></span> <span class='ocrx_word' id='word_1_573' title='bbox 2422 3748 2626 3795; x_wconf 87' lang='lat' dir='ltr'><strong>secreta</strong></span> <span class='ocrx_word' id='word_1_574' title='bbox 2678 3750 2902 3811; x_wconf 85' lang='lat' dir='ltr'><strong>tegunt,</strong></span> <span class='ocrx_word' id='word_1_575' title='bbox 2956 3746 3289 3817; x_wconf 88' lang='lat' dir='ltr'><strong>produntque</strong></span> <span class='ocrx_word' id='word_1_576' title='bbox 3332 3766 3426 3819; x_wconf 79' lang='lat' dir='ltr'><strong>pa-</strong></span> 
     </span>
    </p>
   </div>
   <div class='ocr_carea' id='block_1_89' title="bbox 2520 3832 3356 3911">
    <p class='ocr_par' dir='ltr' id='par_1_89' title="bbox 2520 3832 3356 3911">
     <span class='ocr_line' id='line_1_91' title="bbox 2520 3832 3356 3911; baseline 0.001 -21"><span class='ocrx_word' id='word_1_577' title='bbox 2520 3832 2523 3835; x_wconf 64' lang='grc'><em>’</em></span> <span class='ocrx_word' id='word_1_578' title='bbox 3096 3839 3356 3911; x_wconf 88' lang='lat' dir='ltr'><strong>[rumper,</strong></span> 
     </span>
    </p>
   </div>
   <div class='ocr_carea' id='block_1_90' title="bbox 2068 3921 3426 4000">
    <p class='ocr_par' dir='ltr' id='par_1_90' title="bbox 2068 3921 3426 4000">
     <span class='ocr_line' id='line_1_92' title="bbox 2068 3921 3426 4000; baseline 0.014 -26"><span class='ocrx_word' id='word_1_579' title='bbox 2068 3921 2271 3994; x_wconf 74' lang='lat'><strong>5218</strong></span> <span class='ocrx_word' id='word_1_580' title='bbox 2292 3921 2545 3978; x_wconf 90' lang='lat' dir='ltr'><strong>Sidcreus</strong></span> <span class='ocrx_word' id='word_1_581' title='bbox 2559 3924 2698 3993; x_wconf 90' lang='lat' dir='ltr'><strong>quod</strong></span> <span class='ocrx_word' id='word_1_582' title='bbox 2718 3926 3090 3998; x_wconf 82' lang='lat' dir='ltr'><strong>abaxeglobus</strong></span> <span class='ocrx_word' id='word_1_583' title='bbox 3106 3944 3267 4000; x_wconf 87' lang='lat' dir='ltr'><strong>super</strong></span> <span class='ocrx_word' id='word_1_584' title='bbox 3286 3944 3426 3994; x_wconf 85' lang='lat' dir='ltr'><strong>astra</strong></span> 
     </span>
    </p>
   </div>
   <div class='ocr_carea' id='block_1_91' title="bbox 3106 4024 3354 4095">
    <p class='ocr_par' dir='ltr' id='par_1_91' title="bbox 3106 4024 3354 4095">
     <span class='ocr_line' id='line_1_93' title="bbox 3106 4024 3354 4095; baseline 0.012 -19"><span class='ocrx_word' id='word_1_585' title='bbox 3106 4024 3354 4095; x_wconf 73' lang='lat' dir='ltr'><strong>[rotatur,</strong></span> 
     </span>
    </p>
   </div>
   <div class='ocr_carea' id='block_1_92' title="bbox 2068 4106 3519 4189">
    <p class='ocr_par' dir='ltr' id='par_1_92' title="bbox 2068 4106 3519 4189">
     <span class='ocr_line' id='line_1_94' title="bbox 2068 4106 3519 4189; baseline 0.009 -30"><span class='ocrx_word' id='word_1_586' title='bbox 2068 4106 2299 4161; x_wconf 89' lang='lat' dir='ltr'><strong>Pendula</strong></span> <span class='ocrx_word' id='word_1_587' title='bbox 2348 4108 2487 4178; x_wconf 89' lang='lat' dir='ltr'><strong>quod</strong></span> <span class='ocrx_word' id='word_1_588' title='bbox 2547 4110 2769 4165; x_wconf 89' lang='lat' dir='ltr'><strong>tremula</strong></span> <span class='ocrx_word' id='word_1_589' title='bbox 2828 4112 3037 4167; x_wconf 81' lang='lat' dir='ltr'><strong>vibrant</strong></span> <span class='ocrx_word' id='word_1_590' title='bbox 3085 4113 3200 4169; x_wconf 82' lang='lat' dir='ltr'><strong>face</strong></span> <span class='ocrx_word' id='word_1_591' title='bbox 3252 4116 3427 4189; x_wconf 82' lang='lat' dir='ltr'><strong>sidera</strong></span> <span class='ocrx_word' id='word_1_592' title='bbox 3510 4136 3519 4143; x_wconf 59' lang='grc' dir='ltr'><strong>ν</strong></span> 
     </span>
    </p>
   </div>
   <div class='ocr_carea' id='block_1_93' title="bbox 3058 4204 3355 4277">
    <p class='ocr_par' dir='ltr' id='par_1_93' title="bbox 3058 4204 3355 4277">
     <span class='ocr_line' id='line_1_95' title="bbox 3058 4204 3355 4277; baseline 0.013 -18"><span class='ocrx_word' id='word_1_593' title='bbox 3058 4204 3324 4276; x_wconf 82' lang='lat' dir='ltr'><strong>[ﬂammas</strong></span> <span class='ocrx_word' id='word_1_594' title='bbox 3341 4250 3355 4277; x_wconf 92' lang='lat'><strong>,</strong></span> 
     </span>
    </p>
   </div>
   <div class='ocr_carea' id='block_1_94' title="bbox 1403 4288 2185 4348">
    <p class='ocr_par' dir='ltr' id='par_1_94' title="bbox 1403 4288 2185 4348">
     <span class='ocr_line' id='line_1_96' title="bbox 1403 4288 2185 4348; baseline -0.004 0"><span class='ocrx_word' id='word_1_595' title='bbox 1403 4288 1792 4348; x_wconf 82' lang='lat' dir='ltr'><strong>SCRIPTURA</strong></span> <span class='ocrx_word' id='word_1_596' title='bbox 1830 4288 1981 4343; x_wconf 87' lang='lat' dir='ltr'><strong>COD.</strong></span> <span class='ocrx_word' id='word_1_597' title='bbox 2026 4289 2185 4345; x_wconf 81' lang='lat' dir='ltr'><strong>VAT.</strong></span> 
     </span>
    </p>
   </div>
   <div class='ocr_carea' id='block_1_95' title="bbox 272 4383 1741 4455">
    <p class='ocr_par' dir='ltr' id='par_1_95' title="bbox 272 4383 1741 4455">
     <span class='ocr_line' id='line_1_97' title="bbox 272 4383 1741 4455; baseline -0.01 -5"><span class='ocrx_word' id='word_1_598' title='bbox 272 4437 287 4450; x_wconf 92' lang='lat'><strong>.</strong></span> <span class='ocrx_word' id='word_1_599' title='bbox 335 4394 452 4448; x_wconf 82' lang='lat' dir='ltr'><strong>Hoc</strong></span> <span class='ocrx_word' id='word_1_600' title='bbox 483 4391 895 4455; x_wconf 87' lang='lat' dir='ltr'><strong>hemistichium,</strong></span> <span class='ocrx_word' id='word_1_601' title='bbox 932 4399 990 4443; x_wconf 92' lang='lat' dir='ltr'><strong>ut</strong></span> <span class='ocrx_word' id='word_1_602' title='bbox 1028 4389 1186 4445; x_wconf 93' lang='lat' dir='ltr'><strong>modo</strong></span> <span class='ocrx_word' id='word_1_603' title='bbox 1214 4386 1344 4454; x_wconf 83' lang='lat' dir='ltr'><strong>dixi,</strong></span> <span class='ocrx_word' id='word_1_604' title='bbox 1389 4384 1479 4440; x_wconf 74' lang='lat' dir='ltr'><strong>sic.</strong></span> <span class='ocrx_word' id='word_1_605' title='bbox 1498 4383 1741 4439; x_wconf 89' lang='lat' dir='ltr'><strong>mutilum</strong></span> 
     </span>
    </p>
   </div>
   <div class='ocr_carea' id='block_1_96' title="bbox 144 4459 1133 4523">
    <p class='ocr_par' dir='ltr' id='par_1_96' title="bbox 144 4459 1133 4523">
     <span class='ocr_line' id='line_1_98' title="bbox 144 4459 1133 4523; baseline -0.008 0"><span class='ocrx_word' id='word_1_606' title='bbox 144 4470 324 4523; x_wconf 79' lang='lat' dir='ltr'><strong>ﬁnem</strong></span> <span class='ocrx_word' id='word_1_607' title='bbox 359 4462 561 4516; x_wconf 87' lang='lat' dir='ltr'><strong>claudit</strong></span> <span class='ocrx_word' id='word_1_608' title='bbox 585 4462 703 4515; x_wconf 89' lang='lat' dir='ltr'><strong>libri</strong></span> <span class='ocrx_word' id='word_1_609' title='bbox 734 4477 750 4514; x_wconf 89' lang='grc' dir='ltr'><strong>ι</strong></span> <span class='ocrx_word' id='word_1_610' title='bbox 777 4464 827 4517; x_wconf 93' lang='lat' dir='ltr'><strong>in</strong></span> <span class='ocrx_word' id='word_1_611' title='bbox 860 4460 979 4517; x_wconf 84' lang='lat' dir='ltr'><strong>cod.</strong></span> <span class='ocrx_word' id='word_1_612' title='bbox 1015 4459 1133 4515; x_wconf 86' lang='lat' dir='ltr'><strong>Vat.</strong></span> 
     </span>
    </p>
   </div>
   <div class='ocr_carea' id='block_1_97' title="bbox 226 4533 808 4599">
    <p class='ocr_par' dir='ltr' id='par_1_97' title="bbox 226 4533 808 4599">
     <span class='ocr_line' id='line_1_99' title="bbox 226 4533 808 4599; baseline -0.003 -12"><span class='ocrx_word' id='word_1_613' title='bbox 226 4539 286 4592; x_wconf 75' lang='lat'><strong>5.</strong></span> <span class='ocrx_word' id='word_1_614' title='bbox 336 4533 647 4587; x_wconf 85' lang='lat' dir='ltr'><strong>Cunctarum</strong></span> <span class='ocrx_word' id='word_1_615' title='bbox 673 4548 808 4599; x_wconf 69' lang='lat' dir='ltr'><strong>quae.</strong></span> 
     </span>
    </p>
   </div>
   <div class='ocr_carea' id='block_1_98' title="bbox 1918 4384 2431 4437">
    <p class='ocr_par' dir='ltr' id='par_1_98' title="bbox 1918 4384 2431 4437">
     <span class='ocr_line' id='line_1_100' title="bbox 1918 4384 2431 4437; baseline -0.002 0"><span class='ocrx_word' id='word_1_616' title='bbox 1918 4384 1971 4437; x_wconf 85' lang='lat'><strong>5.</strong></span> <span class='ocrx_word' id='word_1_617' title='bbox 2006 4384 2157 4435; x_wconf 83' lang='lat' dir='ltr'><strong>Astra</strong></span> <span class='ocrx_word' id='word_1_618' title='bbox 2186 4392 2431 4436; x_wconf 84' lang='lat' dir='ltr'><strong>rotatum.</strong></span> 
     </span>
    </p>
   </div>
   <div class='ocr_carea' id='block_1_99' title="bbox 1918 4453 2285 4522">
    <p class='ocr_par' dir='ltr' id='par_1_99' title="bbox 1918 4453 2285 4522">
     <span class='ocr_line' id='line_1_101' title="bbox 1918 4453 2285 4522; baseline 0.008 -16"><span class='ocrx_word' id='word_1_619' title='bbox 1918 4454 1971 4506; x_wconf 90' lang='grc'><strong>6.</strong></span> <span class='ocrx_word' id='word_1_620' title='bbox 2020 4453 2216 4507; x_wconf 82' lang='lat' dir='ltr'><strong>Vibra&#39;.</strong></span> <span class='ocrx_word' id='word_1_621' title='bbox 2244 4454 2285 4522; x_wconf 76' lang='lat' dir='ltr'><strong>f.</strong></span> 
     </span>
    </p>
   </div>
   <div class='ocr_carea' id='block_1_100' title="bbox 230 4593 3416 4740">
    <p class='ocr_par' dir='ltr' id='par_1_100' title="bbox 230 4593 3416 4740">
     <span class='ocr_line' id='line_1_102' title="bbox 230 4593 3416 4740; baseline -0.001 -9"><span class='ocrx_word' id='word_1_622' title='bbox 230 4679 285 4732; x_wconf 74' lang='grc'><strong>1.</strong></span> <span class='ocrx_word' id='word_1_623' title='bbox 344 4675 620 4729; x_wconf 89' lang='lat' dir='ltr'><strong>Postrema</strong></span> <span class='ocrx_word' id='word_1_624' title='bbox 647 4673 811 4728; x_wconf 87' lang='lat' dir='ltr'><strong>verba</strong></span> <span class='ocrx_word' id='word_1_625' title='bbox 838 4669 1077 4740; x_wconf 81' lang='lat' dir='ltr'><strong>supplevi</strong></span> <span class='ocrx_word' id='word_1_626' title='bbox 1107 4683 1177 4723; x_wconf 83' lang='lat' dir='ltr'><strong>ex</strong></span> <span class='ocrx_word' id='word_1_627' title='bbox 1218 4669 1457 4735; x_wconf 90' lang='lat' dir='ltr'><strong>Sedulio,</strong></span> <span class='ocrx_word' id='word_1_628' title='bbox 1487 4669 1638 4737; x_wconf 86' lang='lat' dir='ltr'><strong>cujus</strong></span> <span class='ocrx_word' id='word_1_629' title='bbox 1666 4593 2060 4740; x_wconf 41' lang='lat' dir='ltr'><strong>B‘Euodis</strong></span> <span class='ocrx_word' id='word_1_630' title='bbox 2095 4666 2167 4740; x_wconf 82' lang='lat' dir='ltr'><strong>de</strong></span> <span class='ocrx_word' id='word_1_631' title='bbox 2189 4664 2371 4740; x_wconf 60' lang='lat' dir='ltr'><strong>inferis</strong></span> <span class='ocrx_word' id='word_1_632' title='bbox 2397 4665 2545 4740; x_wconf 79' lang='lat' dir='ltr'><strong>dicit.</strong></span> <span class='ocrx_word' id='word_1_633' title='bbox 2584 4664 2782 4740; x_wconf 80' lang='lat' dir='ltr'><strong>Auctor</strong></span> <span class='ocrx_word' id='word_1_634' title='bbox 2815 4665 3046 4740; x_wconf 86' lang='lat' dir='ltr'><strong>incertus</strong></span> <span class='ocrx_word' id='word_1_635' title='bbox 3076 4668 3143 4723; x_wconf 91' lang='lat' dir='ltr'><strong>de</strong></span> <span class='ocrx_word' id='word_1_636' title='bbox 3171 4668 3416 4728; x_wconf 89' lang='lat' dir='ltr'><strong>laudibus</strong></span> 
     </span>
    </p>
   </div>
   <div class='ocr_carea' id='block_1_101' title="bbox 141 4740 1746 4814">
    <p class='ocr_par' dir='ltr' id='par_1_101' title="bbox 141 4740 1746 4814">
     <span class='ocr_line' id='line_1_103' title="bbox 141 4740 1746 4814; baseline -0.006 -13"><span class='ocrx_word' id='word_1_637' title='bbox 141 4758 314 4814; x_wconf 73' lang='lat' dir='ltr'><strong>teget</strong></span> <span class='ocrx_word' id='word_1_638' title='bbox 345 4756 431 4799; x_wconf 88' lang='lat' dir='ltr'><strong>est</strong></span> <span class='ocrx_word' id='word_1_639' title='bbox 462 4745 546 4798; x_wconf 91' lang='lat' dir='ltr'><strong>hic</strong></span> <span class='ocrx_word' id='word_1_640' title='bbox 570 4758 755 4814; x_wconf 78' lang='lat' dir='ltr'><strong>versus</strong></span> <span class='ocrx_word' id='word_1_641' title='bbox 781 4742 940 4809; x_wconf 91' lang='lat' dir='ltr'><strong>paulo</strong></span> <span class='ocrx_word' id='word_1_642' title='bbox 965 4749 1082 4814; x_wconf 85' lang='lat' dir='ltr'><strong>post</strong></span> <span class='ocrx_word' id='word_1_643' title='bbox 1103 4741 1307 4814; x_wconf 88' lang='lat' dir='ltr'><strong>initium</strong></span> <span class='ocrx_word' id='word_1_644' title='bbox 1336 4740 1462 4814; x_wconf 66' lang='lat' dir='ltr'><strong>libri</strong></span> <span class='ocrx_word' id='word_1_645' title='bbox 1490 4756 1527 4804; x_wconf 91' lang='grc' dir='ltr'><strong>ι,</strong></span> <span class='ocrx_word' id='word_1_646' title='bbox 1561 4740 1746 4814; x_wconf 83' lang='lat' dir='ltr'><strong>Omni-</strong></span> 
     </span>
    </p>
   </div>
   <div class='ocr_carea' id='block_1_102' title="bbox 141 4811 1747 4887">
    <p class='ocr_par' dir='ltr' id='par_1_102' title="bbox 141 4811 1747 4887">
     <span class='ocr_line' id='line_1_104' title="bbox 141 4811 1747 4887; baseline -0.004 -17"><span class='ocrx_word' id='word_1_647' title='bbox 141 4811 347 4887; x_wconf 67' lang='lat' dir='ltr'><strong>potens</strong></span> <span class='ocrx_word' id='word_1_648' title='bbox 380 4824 569 4887; x_wconf 71' lang='lat' dir='ltr'><strong>(eterne</strong></span> <span class='ocrx_word' id='word_1_649' title='bbox 596 4812 755 4879; x_wconf 89' lang='lat' dir='ltr'><strong>Deus,</strong></span> <span class='ocrx_word' id='word_1_650' title='bbox 788 4828 902 4887; x_wconf 77' lang='lat' dir='ltr'><strong>spes</strong></span> <span class='ocrx_word' id='word_1_651' title='bbox 920 4811 1084 4887; x_wconf 85' lang='lat' dir='ltr'><strong>_unica</strong></span> <span class='ocrx_word' id='word_1_652' title='bbox 1108 4812 1305 4863; x_wconf 88' lang='lat' dir='ltr'><strong>mundi.</strong></span> <span class='ocrx_word' id='word_1_653' title='bbox 1335 4811 1747 4887; x_wconf 35' lang='lat' dir='ltr'><strong>Et‘Dracontius</strong></span> 
     </span>
    </p>
   </div>
   <div class='ocr_carea' id='block_1_103' title="bbox 139 4880 1747 4955">
    <p class='ocr_par' dir='ltr' id='par_1_103' title="bbox 139 4880 1747 4955">
     <span class='ocr_line' id='line_1_105' title="bbox 139 4880 1747 4955; baseline -0.004 -16"><span class='ocrx_word' id='word_1_654' title='bbox 139 4880 387 4955; x_wconf 64' lang='lat' dir='ltr'><strong>quidem</strong></span> <span class='ocrx_word' id='word_1_655' title='bbox 418 4885 596 4952; x_wconf 87' lang='lat' dir='ltr'><strong>phrasi</strong></span> <span class='ocrx_word' id='word_1_656' title='bbox 626 4898 793 4937; x_wconf 70' lang='lat' dir='ltr'><strong>sacra:</strong></span> <span class='ocrx_word' id='word_1_657' title='bbox 818 4882 1107 4955; x_wconf 64' lang='lat' dir='ltr'><strong>Scriptura:</strong></span> <span class='ocrx_word' id='word_1_658' title='bbox 1124 4896 1379 4955; x_wconf 56' lang='lat' dir='ltr'><strong>persaepe</strong></span> <span class='ocrx_word' id='word_1_659' title='bbox 1403 4880 1569 4955; x_wconf 85' lang='lat' dir='ltr'><strong>Deum</strong></span> <span class='ocrx_word' id='word_1_660' title='bbox 1598 4895 1747 4947; x_wconf 90' lang='lat' dir='ltr'><strong>spem</strong></span> 
     </span>
    </p>
   </div>
   <div class='ocr_carea' id='block_1_104' title="bbox 140 4951 1745 5027">
    <p class='ocr_par' dir='ltr' id='par_1_104' title="bbox 140 4951 1745 5027">
     <span class='ocr_line' id='line_1_106' title="bbox 140 4951 1745 5027; baseline -0.003 -17"><span class='ocrx_word' id='word_1_661' title='bbox 140 4951 532 5027; x_wconf 68' lang='lat' dir='ltr'><strong>appellat,ut</strong></span> <span class='ocrx_word' id='word_1_662' title='bbox 571 4955 727 5023; x_wconf 90' lang='lat' dir='ltr'><strong>paulo</strong></span> <span class='ocrx_word' id='word_1_663' title='bbox 756 4961 951 5027; x_wconf 72' lang='lat' dir='ltr'><strong>postv.</strong></span> <span class='ocrx_word' id='word_1_664' title='bbox 985 4952 1083 5013; x_wconf 80' lang='grc'><strong>51.</strong></span> <span class='ocrx_word' id='word_1_665' title='bbox 1112 4951 1539 5027; x_wconf 80' lang='lat' dir='ltr'><strong>Spes_h_om_inum</strong></span> <span class='ocrx_word' id='word_1_666' title='bbox 1562 4990 1577 5016; x_wconf 94' lang='lat'><strong>,</strong></span> <span class='ocrx_word' id='word_1_667' title='bbox 1607 4960 1661 5027; x_wconf 80' lang='lat' dir='ltr'><strong>et</strong></span> <span class='ocrx_word' id='word_1_668' title='bbox 1692 4965 1745 5005; x_wconf 92' lang='lat' dir='ltr'><strong>v.</strong></span> 
     </span>
    </p>
   </div>
   <div class='ocr_carea' id='block_1_105' title="bbox 137 5021 1740 5094">
    <p class='ocr_par' dir='ltr' id='par_1_105' title="bbox 137 5021 1740 5094">
     <span class='ocr_line' id='line_1_107' title="bbox 137 5021 1740 5094; baseline -0.006 -10"><span class='ocrx_word' id='word_1_669' title='bbox 137 5021 296 5090; x_wconf 51' lang='lat'><strong>5&#39;84,</strong></span> <span class='ocrx_word' id='word_1_670' title='bbox 314 5021 623 5080; x_wconf 81' lang='lat' dir='ltr'><strong>Conditoret</strong></span> <span class='ocrx_word' id='word_1_671' title='bbox 643 5039 776 5094; x_wconf 89' lang='lat' dir='ltr'><strong>spes,</strong></span> <span class='ocrx_word' id='word_1_672' title='bbox 800 5021 963 5094; x_wconf 85' lang='lat' dir='ltr'><strong>etlib.</strong></span> <span class='ocrx_word' id='word_1_673' title='bbox 984 5037 1022 5088; x_wconf 90' lang='grc' dir='ltr'><strong>ι,</strong></span> <span class='ocrx_word' id='word_1_674' title='bbox 1047 5034 1188 5094; x_wconf 78' lang='lat' dir='ltr'><strong>vers.</strong></span> <span class='ocrx_word' id='word_1_675' title='bbox 1214 5021 1340 5086; x_wconf 74' lang='grc'><strong>454,</strong></span> <span class='ocrx_word' id='word_1_676' title='bbox 1368 5022 1520 5094; x_wconf 76' lang='lat' dir='ltr'><strong>Spes,</strong></span> <span class='ocrx_word' id='word_1_677' title='bbox 1546 5023 1740 5091; x_wconf 70' lang='lat' dir='ltr'><strong>opifex,</strong></span> 
     </span>
    </p>
   </div>
   <div class='ocr_carea' id='block_1_106' title="bbox 139 5091 1739 5161">
    <p class='ocr_par' dir='ltr' id='par_1_106' title="bbox 139 5091 1739 5161">
     <span class='ocr_line' id='line_1_108' title="bbox 139 5091 1739 5161; baseline -0.006 -9"><span class='ocrx_word' id='word_1_678' title='bbox 139 5098 445 5161; x_wconf 75' lang='lat' dir='ltr'><strong>dominus,</strong></span> <span class='ocrx_word' id='word_1_679' title='bbox 478 5091 678 5156; x_wconf 74' lang='lat' dir='ltr'><strong>rector,</strong></span> <span class='ocrx_word' id='word_1_680' title='bbox 705 5095 831 5158; x_wconf 71' lang='lat' dir='ltr'><strong>dux,</strong></span> <span class='ocrx_word' id='word_1_681' title='bbox 859 5093 1060 5157; x_wconf 84' lang='lat' dir='ltr'><strong>arbiter,</strong></span> <span class='ocrx_word' id='word_1_682' title='bbox 1091 5091 1277 5154; x_wconf 73' lang='lat' dir='ltr'><strong>index,</strong></span> <span class='ocrx_word' id='word_1_683' title='bbox 1309 5099 1363 5145; x_wconf 88' lang='lat' dir='ltr'><strong>et</strong></span> <span class='ocrx_word' id='word_1_684' title='bbox 1410 5092 1556 5160; x_wconf 84' lang='lat' dir='ltr'><strong>Eleg.</strong></span> <span class='ocrx_word' id='word_1_685' title='bbox 1583 5108 1632 5143; x_wconf 76' lang='grc' dir='ltr'><strong>γ.</strong></span> <span class='ocrx_word' id='word_1_686' title='bbox 1682 5093 1739 5157; x_wconf 79' lang='grc'><strong>1,</strong></span> 
     </span>
    </p>
   </div>
   <div class='ocr_carea' id='block_1_107' title="bbox 140 5160 1740 5231">
    <p class='ocr_par' dir='ltr' id='par_1_107' title="bbox 140 5160 1740 5231">
     <span class='ocr_line' id='line_1_109' title="bbox 140 5160 1740 5231; baseline -0.005 -9"><span class='ocrx_word' id='word_1_687' title='bbox 140 5170 283 5227; x_wconf 78' lang='lat' dir='ltr'><strong>Rea:</strong></span> <span class='ocrx_word' id='word_1_688' title='bbox 330 5160 573 5219; x_wconf 66' lang='lat' dir='ltr'><strong>immense</strong></span> <span class='ocrx_word' id='word_1_689' title='bbox 618 5160 794 5228; x_wconf 85' lang='lat' dir='ltr'><strong>Deus,</strong></span> <span class='ocrx_word' id='word_1_690' title='bbox 838 5170 1132 5216; x_wconf 86' lang='lat' dir='ltr'><strong>cunctorum</strong></span> <span class='ocrx_word' id='word_1_691' title='bbox 1183 5161 1411 5214; x_wconf 87' lang='lat' dir='ltr'><strong>conditor</strong></span> <span class='ocrx_word' id='word_1_692' title='bbox 1437 5201 1451 5225; x_wconf 93' lang='lat'><strong>,</strong></span> <span class='ocrx_word' id='word_1_693' title='bbox 1505 5171 1550 5213; x_wconf 90' lang='lat' dir='ltr'><strong>et</strong></span> <span class='ocrx_word' id='word_1_694' title='bbox 1606 5177 1740 5231; x_wconf 86' lang='lat' dir='ltr'><strong>spes.</strong></span> 
     </span>
    </p>
   </div>
   <div class='ocr_carea' id='block_1_108' title="bbox 235 5231 1744 5295">
    <p class='ocr_par' dir='ltr' id='par_1_108' title="bbox 235 5231 1744 5295">
     <span class='ocr_line' id='line_1_110' title="bbox 235 5231 1744 5295; baseline -0.003 -6"><span class='ocrx_word' id='word_1_695' title='bbox 235 5239 297 5292; x_wconf 74' lang='lat'><strong>2.</strong></span> <span class='ocrx_word' id='word_1_696' title='bbox 343 5235 580 5289; x_wconf 84' lang='lat' dir='ltr'><strong>Nutritor</strong></span> <span class='ocrx_word' id='word_1_697' title='bbox 621 5234 781 5295; x_wconf 87' lang='lat' dir='ltr'><strong>Deus,</strong></span> <span class='ocrx_word' id='word_1_698' title='bbox 827 5243 881 5287; x_wconf 87' lang='lat' dir='ltr'><strong>ut</strong></span> <span class='ocrx_word' id='word_1_699' title='bbox 918 5232 954 5287; x_wconf 94' lang='lat' dir='ltr'><strong>l.</strong></span> <span class='ocrx_word' id='word_1_700' title='bbox 997 5248 1034 5295; x_wconf 85' lang='grc' dir='ltr'><strong>ι,</strong></span> <span class='ocrx_word' id='word_1_701' title='bbox 1084 5247 1137 5287; x_wconf 93' lang='lat' dir='ltr'><strong>v.</strong></span> <span class='ocrx_word' id='word_1_702' title='bbox 1179 5232 1303 5294; x_wconf 86' lang='lat'><strong>685,</strong></span> <span class='ocrx_word' id='word_1_703' title='bbox 1351 5231 1457 5287; x_wconf 89' lang='lat' dir='ltr'><strong>Sub</strong></span> <span class='ocrx_word' id='word_1_704' title='bbox 1498 5232 1744 5284; x_wconf 84' lang='lat' dir='ltr'><strong>nutritore</strong></span> 
     </span>
    </p>
   </div>
   <div class='ocr_carea' id='block_1_109' title="bbox 144 5302 1741 5371">
    <p class='ocr_par' dir='ltr' id='par_1_109' title="bbox 144 5302 1741 5371">
     <span class='ocr_line' id='line_1_111' title="bbox 144 5302 1741 5371; baseline -0.008 -6"><span class='ocrx_word' id='word_1_705' title='bbox 144 5310 424 5369; x_wconf 84' lang='lat' dir='ltr'><strong>Tonante,</strong></span> <span class='ocrx_word' id='word_1_706' title='bbox 457 5316 510 5361; x_wconf 86' lang='lat' dir='ltr'><strong>et</strong></span> <span class='ocrx_word' id='word_1_707' title='bbox 537 5320 674 5359; x_wconf 84' lang='lat' dir='ltr'><strong>vers.</strong></span> <span class='ocrx_word' id='word_1_708' title='bbox 710 5303 834 5369; x_wconf 72' lang='lat'><strong>552,</strong></span> <span class='ocrx_word' id='word_1_709' title='bbox 862 5302 983 5369; x_wconf 79' lang='lat' dir='ltr'><strong>Ipse</strong></span> <span class='ocrx_word' id='word_1_710' title='bbox 1013 5303 1204 5371; x_wconf 89' lang='lat' dir='ltr'><strong>rigator</strong></span> <span class='ocrx_word' id='word_1_711' title='bbox 1229 5309 1357 5364; x_wconf 85' lang='lat' dir='ltr'><strong>erat,</strong></span> <span class='ocrx_word' id='word_1_712' title='bbox 1389 5312 1554 5365; x_wconf 86' lang='lat' dir='ltr'><strong>sator,</strong></span> <span class='ocrx_word' id='word_1_713' title='bbox 1587 5302 1741 5365; x_wconf 91' lang='lat' dir='ltr'><strong>altor,</strong></span> 
     </span>
    </p>
   </div>
   <div class='ocr_carea' id='block_1_110' title="bbox 134 5375 1739 5441">
    <p class='ocr_par' dir='ltr' id='par_1_110' title="bbox 134 5375 1739 5441">
     <span class='ocr_line' id='line_1_112' title="bbox 134 5375 1739 5441; baseline -0.007 -6"><span class='ocrx_word' id='word_1_714' title='bbox 134 5394 397 5441; x_wconf 81' lang='lat' dir='ltr'><strong>messor,</strong></span> <span class='ocrx_word' id='word_1_715' title='bbox 430 5386 623 5429; x_wconf 88' lang='lat' dir='ltr'><strong>arator.</strong></span> <span class='ocrx_word' id='word_1_716' title='bbox 676 5375 815 5429; x_wconf 90' lang='lat' dir='ltr'><strong>Deus</strong></span> <span class='ocrx_word' id='word_1_717' title='bbox 845 5375 1005 5427; x_wconf 90' lang='lat' dir='ltr'><strong>etiam</strong></span> <span class='ocrx_word' id='word_1_718' title='bbox 1044 5381 1125 5427; x_wconf 89' lang='lat' dir='ltr'><strong>est</strong></span> <span class='ocrx_word' id='word_1_719' title='bbox 1151 5380 1358 5425; x_wconf 86' lang='lat' dir='ltr'><strong>amator</strong></span> <span class='ocrx_word' id='word_1_720' title='bbox 1384 5381 1694 5441; x_wconf 79' lang='lat' dir='ltr'><strong>cunctorum</strong></span> <span class='ocrx_word' id='word_1_721' title='bbox 1722 5410 1739 5436; x_wconf 94' lang='lat'><strong>,</strong></span> 
     </span>
    </p>
   </div>
   <div class='ocr_carea' id='block_1_111' title="bbox 132 5440 1743 5521">
    <p class='ocr_par' dir='ltr' id='par_1_111' title="bbox 132 5440 1743 5521">
     <span class='ocr_line' id='line_1_113' title="bbox 132 5440 1743 5521; baseline -0.007 -17"><span class='ocrx_word' id='word_1_722' title='bbox 132 5464 306 5521; x_wconf 11' lang='lat' dir='ltr'><strong>quae,</strong></span> <span class='ocrx_word' id='word_1_723' title='bbox 326 5440 582 5501; x_wconf 78' lang='lat' dir='ltr'><strong>candidit.</strong></span> <span class='ocrx_word' id='word_1_724' title='bbox 609 5444 997 5521; x_wconf 25' lang='lat' dir='ltr'><strong>Sapient._‘cap_.</strong></span> <span class='ocrx_word' id='word_1_725' title='bbox 1030 5457 1081 5521; x_wconf 63' lang='grc' dir='ltr'>ξι</span> <span class='ocrx_word' id='word_1_726' title='bbox 1106 5486 1120 5510; x_wconf 95' lang='grc'><strong>,</strong></span> <span class='ocrx_word' id='word_1_727' title='bbox 1170 5458 1221 5494; x_wconf 92' lang='lat' dir='ltr'><strong>v.</strong></span> <span class='ocrx_word' id='word_1_728' title='bbox 1253 5442 1323 5496; x_wconf 76' lang='lat'><strong>25</strong></span> <span class='ocrx_word' id='word_1_729' title='bbox 1347 5480 1361 5505; x_wconf 87' lang='lat'><strong>,</strong></span> <span class='ocrx_word' id='word_1_730' title='bbox 1394 5440 1579 5521; x_wconf 67' lang='lat' dir='ltr'><strong>Diligis</strong></span> <span class='ocrx_word' id='word_1_731' title='bbox 1610 5442 1743 5495; x_wconf 87' lang='lat' dir='ltr'><strong>enim</strong></span> 
     </span>
    </p>
   </div>
   <div class='ocr_carea' id='block_1_112' title="bbox 129 5512 1592 5587">
    <p class='ocr_par' dir='ltr' id='par_1_112' title="bbox 129 5512 1592 5587">
     <span class='ocr_line' id='line_1_114' title="bbox 129 5512 1592 5587; baseline -0.009 -11"><span class='ocrx_word' id='word_1_732' title='bbox 129 5512 341 5577; x_wconf 56' lang='lat' dir='ltr'><strong>o&#39;mm&#39;a</strong></span> <span class='ocrx_word' id='word_1_733' title='bbox 367 5533 483 5587; x_wconf 74' lang='lat' dir='ltr'><strong>qua:</strong></span> <span class='ocrx_word' id='word_1_734' title='bbox 509 5528 644 5579; x_wconf 88' lang='lat' dir='ltr'><strong>sunt,</strong></span> <span class='ocrx_word' id='word_1_735' title='bbox 676 5524 721 5569; x_wconf 89' lang='lat' dir='ltr'><strong>et</strong></span> <span class='ocrx_word' id='word_1_736' title='bbox 752 5514 879 5567; x_wconf 86' lang='lat' dir='ltr'><strong>nihil</strong></span> <span class='ocrx_word' id='word_1_737' title='bbox 903 5514 1054 5587; x_wconf 80' lang='lat' dir='ltr'><strong>odisti</strong></span> <span class='ocrx_word' id='word_1_738' title='bbox 1084 5528 1254 5565; x_wconf 87' lang='lat' dir='ltr'><strong>eorum</strong></span> <span class='ocrx_word' id='word_1_739' title='bbox 1276 5527 1389 5579; x_wconf 71' lang='lat' dir='ltr'><strong>qua:</strong></span> <span class='ocrx_word' id='word_1_740' title='bbox 1412 5512 1592 5587; x_wconf 72' lang='lat' dir='ltr'><strong>fecisti.</strong></span> 
     </span>
    </p>
   </div>
   <div class='ocr_carea' id='block_1_113' title="bbox 233 5581 1738 5657">
    <p class='ocr_par' dir='ltr' id='par_1_113' title="bbox 233 5581 1738 5657">
     <span class='ocr_line' id='line_1_115' title="bbox 233 5581 1738 5657; baseline -0.007 -14"><span class='ocrx_word' id='word_1_741' title='bbox 233 5591 293 5643; x_wconf 77' lang='lat'><strong>3.</strong></span> <span class='ocrx_word' id='word_1_742' title='bbox 336 5581 483 5642; x_wconf 70' lang='lat' dir='ltr'><strong>celsa</strong></span> <span class='ocrx_word' id='word_1_743' title='bbox 513 5589 762 5657; x_wconf 79' lang='lat' dir='ltr'><strong>putarunt,</strong></span> <span class='ocrx_word' id='word_1_744' title='bbox 795 5594 853 5657; x_wconf 88' lang='lat' dir='ltr'><strong>ut</strong></span> <span class='ocrx_word' id='word_1_745' title='bbox 890 5584 1061 5637; x_wconf 87' lang='lat' dir='ltr'><strong>dulcia</strong></span> <span class='ocrx_word' id='word_1_746' title='bbox 1087 5599 1283 5657; x_wconf 80' lang='lat' dir='ltr'><strong>rerum,</strong></span> <span class='ocrx_word' id='word_1_747' title='bbox 1311 5592 1364 5636; x_wconf 88' lang='lat' dir='ltr'><strong>et</strong></span> <span class='ocrx_word' id='word_1_748' title='bbox 1389 5583 1601 5657; x_wconf 79' lang='lat' dir='ltr'><strong>similia,</strong></span> <span class='ocrx_word' id='word_1_749' title='bbox 1635 5581 1738 5657; x_wconf 74' lang='lat' dir='ltr'><strong>nisi</strong></span> 
     </span>
    </p>
   </div>
   <div class='ocr_carea' id='block_1_114' title="bbox 128 5651 1738 5726">
    <p class='ocr_par' dir='ltr' id='par_1_114' title="bbox 128 5651 1738 5726">
     <span class='ocr_line' id='line_1_116' title="bbox 128 5651 1738 5726; baseline -0.005 -12"><span class='ocrx_word' id='word_1_750' title='bbox 128 5661 340 5719; x_wconf 79' lang='lat' dir='ltr'><strong>mavis</strong></span> <span class='ocrx_word' id='word_1_751' title='bbox 369 5651 545 5726; x_wconf 79' lang='lat' dir='ltr'><strong>legere</strong></span> <span class='ocrx_word' id='word_1_752' title='bbox 576 5667 703 5710; x_wconf 88' lang='lat' dir='ltr'><strong>tecta</strong></span> <span class='ocrx_word' id='word_1_753' title='bbox 734 5656 985 5726; x_wconf 88' lang='lat' dir='ltr'><strong>polorum,</strong></span> <span class='ocrx_word' id='word_1_754' title='bbox 1019 5655 1098 5707; x_wconf 90' lang='lat' dir='ltr'><strong>vel</strong></span> <span class='ocrx_word' id='word_1_755' title='bbox 1127 5654 1316 5726; x_wconf 73' lang='lat' dir='ltr'><strong>templa</strong></span> <span class='ocrx_word' id='word_1_756' title='bbox 1347 5652 1602 5721; x_wconf 88' lang='lat' dir='ltr'><strong>polorum.</strong></span> <span class='ocrx_word' id='word_1_757' title='bbox 1633 5651 1738 5706; x_wconf 79' lang='lat' dir='ltr'><strong>Sed</strong></span> 
     </span>
    </p>
   </div>
   <div class='ocr_carea' id='block_1_115' title="bbox 128 5724 1173 5795">
    <p class='ocr_par' dir='ltr' id='par_1_115' title="bbox 128 5724 1173 5795">
     <span class='ocr_line' id='line_1_117' title="bbox 128 5724 1173 5795; baseline -0.009 -11"><span class='ocrx_word' id='word_1_758' title='bbox 128 5735 186 5790; x_wconf 85' lang='grc' dir='ltr'>ι.</span> <span class='ocrx_word' id='word_1_759' title='bbox 233 5746 317 5795; x_wconf 80' lang='grc' dir='ltr'>ιιι,</span> <span class='ocrx_word' id='word_1_760' title='bbox 351 5746 401 5781; x_wconf 87' lang='lat' dir='ltr'><strong>v.</strong></span> <span class='ocrx_word' id='word_1_761' title='bbox 424 5724 561 5790; x_wconf 25' lang='lat'><strong>‘54‘2,</strong></span> <span class='ocrx_word' id='word_1_762' title='bbox 605 5726 852 5780; x_wconf 86' lang='lat' dir='ltr'><strong>similiter</strong></span> <span class='ocrx_word' id='word_1_763' title='bbox 876 5725 1022 5779; x_wconf 87' lang='lat' dir='ltr'><strong>Celsa</strong></span> <span class='ocrx_word' id='word_1_764' title='bbox 1049 5724 1173 5793; x_wconf 91' lang='lat' dir='ltr'><strong>poli.</strong></span> 
     </span>
    </p>
   </div>
   <div class='ocr_carea' id='block_1_116' title="bbox 230 5790 1742 5858">
    <p class='ocr_par' dir='ltr' id='par_1_116' title="bbox 230 5790 1742 5858">
     <span class='ocr_line' id='line_1_118' title="bbox 230 5790 1742 5858; baseline -0.005 -6"><span class='ocrx_word' id='word_1_765' title='bbox 230 5790 314 5854; x_wconf 34' lang='lat'><strong>4..</strong></span> <span class='ocrx_word' id='word_1_766' title='bbox 338 5800 480 5853; x_wconf 77' lang='lat' dir='ltr'><strong>Mox.</strong></span> <span class='ocrx_word' id='word_1_767' title='bbox 511 5814 561 5849; x_wconf 90' lang='lat' dir='ltr'><strong>v.</strong></span> <span class='ocrx_word' id='word_1_768' title='bbox 591 5796 677 5858; x_wconf 66' lang='grc'><strong>47,</strong></span> <span class='ocrx_word' id='word_1_769' title='bbox 713 5795 819 5849; x_wconf 82' lang='lat' dir='ltr'><strong>Nec</strong></span> <span class='ocrx_word' id='word_1_770' title='bbox 841 5796 948 5848; x_wconf 67' lang='lat' dir='ltr'><strong>caeli</strong></span> <span class='ocrx_word' id='word_1_771' title='bbox 978 5790 1165 5845; x_wconf 75' lang='lat' dir='ltr'><strong>secreta</strong></span> <span class='ocrx_word' id='word_1_772' title='bbox 1195 5802 1391 5846; x_wconf 82' lang='lat' dir='ltr'><strong>vacant.</strong></span> <span class='ocrx_word' id='word_1_773' title='bbox 1424 5790 1742 5847; x_wconf 86' lang='lat' dir='ltr'><strong>Claudianus</strong></span> 
     </span>
    </p>
   </div>
   <div class='ocr_carea' id='block_1_117' title="bbox 130 5862 1741 5934">
    <p class='ocr_par' dir='ltr' id='par_1_117' title="bbox 130 5862 1741 5934">
     <span class='ocr_line' id='line_1_119' title="bbox 130 5862 1741 5934; baseline -0.009 -6"><span class='ocrx_word' id='word_1_774' title='bbox 130 5871 329 5930; x_wconf 79' lang='lat' dir='ltr'><strong>initio</strong></span> <span class='ocrx_word' id='word_1_775' title='bbox 359 5870 455 5923; x_wconf 78' lang='grc' dir='ltr'><strong>Μ).</strong></span> <span class='ocrx_word' id='word_1_776' title='bbox 484 5883 499 5921; x_wconf 95' lang='grc' dir='ltr'><strong>ι</strong></span> <span class='ocrx_word' id='word_1_777' title='bbox 531 5867 595 5921; x_wconf 89' lang='lat' dir='ltr'><strong>de</strong></span> <span class='ocrx_word' id='word_1_778' title='bbox 625 5866 790 5934; x_wconf 79' lang='lat' dir='ltr'><strong>Raptu</strong></span> <span class='ocrx_word' id='word_1_779' title='bbox 823 5866 1094 5931; x_wconf 85' lang='lat' dir='ltr'><strong>Proserp.,</strong></span> <span class='ocrx_word' id='word_1_780' title='bbox 1128 5862 1190 5915; x_wconf 84' lang='lat' dir='ltr'><strong>Et</strong></span> <span class='ocrx_word' id='word_1_781' title='bbox 1222 5865 1368 5916; x_wconf 81' lang='lat' dir='ltr'><strong>vestri</strong></span> <span class='ocrx_word' id='word_1_782' title='bbox 1399 5872 1583 5916; x_wconf 81' lang='lat' dir='ltr'><strong>secreta</strong></span> <span class='ocrx_word' id='word_1_783' title='bbox 1614 5864 1741 5929; x_wconf 81' lang='lat' dir='ltr'><strong>uoti,</strong></span> 
     </span>
    </p>
   </div>
   <div class='ocr_carea' id='block_1_118' title="bbox 1850 4736 3420 4806">
    <p class='ocr_par' dir='ltr' id='par_1_118' title="bbox 1850 4736 3420 4806">
     <span class='ocr_line' id='line_1_120' title="bbox 1850 4736 3420 4806; baseline 0.003 -15"><span class='ocrx_word' id='word_1_784' title='bbox 1850 4737 2061 4791; x_wconf 87' lang='lat' dir='ltr'><strong>Domini</strong></span> <span class='ocrx_word' id='word_1_785' title='bbox 2089 4737 2189 4806; x_wconf 87' lang='lat' dir='ltr'><strong>sub</strong></span> <span class='ocrx_word' id='word_1_786' title='bbox 2216 4736 2565 4806; x_wconf 77' lang='lat' dir='ltr'><strong>Constantino</strong></span> <span class='ocrx_word' id='word_1_787' title='bbox 2589 4752 2601 4786; x_wconf 91' lang='lat'><strong>:</strong></span> <span class='ocrx_word' id='word_1_788' title='bbox 2636 4736 2715 4787; x_wconf 80' lang='lat' dir='ltr'><strong>Ad</strong></span> <span class='ocrx_word' id='word_1_789' title='bbox 2740 4738 2928 4789; x_wconf 88' lang='lat' dir='ltr'><strong>summi</strong></span> <span class='ocrx_word' id='word_1_790' title='bbox 2948 4748 3135 4792; x_wconf 85' lang='lat' dir='ltr'><strong>secreta</strong></span> <span class='ocrx_word' id='word_1_791' title='bbox 3168 4742 3291 4806; x_wconf 82' lang='lat' dir='ltr'><strong>poli,</strong></span> <span class='ocrx_word' id='word_1_792' title='bbox 3323 4759 3420 4806; x_wconf 91' lang='lat' dir='ltr'><strong>qua</strong></span> 
     </span>
    </p>
   </div>
   <div class='ocr_carea' id='block_1_119' title="bbox 1852 4804 3423 4875">
    <p class='ocr_par' dir='ltr' id='par_1_119' title="bbox 1852 4804 3423 4875">
     <span class='ocr_line' id='line_1_121' title="bbox 1852 4804 3423 4875; baseline 0.003 -15"><span class='ocrx_word' id='word_1_793' title='bbox 1852 4806 2051 4860; x_wconf 90' lang='lat' dir='ltr'><strong>lucidus</strong></span> <span class='ocrx_word' id='word_1_794' title='bbox 2086 4805 2241 4859; x_wconf 66' lang='lat' dir='ltr'><strong>(rather</strong></span> <span class='ocrx_word' id='word_1_795' title='bbox 2286 4804 2445 4873; x_wconf 83' lang='lat' dir='ltr'><strong>Pigra</strong></span> <span class='ocrx_word' id='word_1_796' title='bbox 2496 4813 2622 4875; x_wconf 72' lang='lat' dir='ltr'><strong>vetat</strong></span> <span class='ocrx_word' id='word_1_797' title='bbox 2665 4808 2871 4875; x_wconf 89' lang='lat' dir='ltr'><strong>proprio</strong></span> <span class='ocrx_word' id='word_1_798' title='bbox 2910 4804 3207 4863; x_wconf 83' lang='lat' dir='ltr'><strong>succendere</strong></span> <span class='ocrx_word' id='word_1_799' title='bbox 3252 4804 3423 4866; x_wconf 83' lang='lat' dir='ltr'><strong>nubila</strong></span> 
     </span>
    </p>
   </div>
   <div class='ocr_carea' id='block_1_120' title="bbox 1854 4873 3419 4950">
    <p class='ocr_par' dir='ltr' id='par_1_120' title="bbox 1854 4873 3419 4950">
     <span class='ocr_line' id='line_1_122' title="bbox 1854 4873 3419 4950; baseline 0.005 -23"><span class='ocrx_word' id='word_1_800' title='bbox 1854 4881 1998 4950; x_wconf 62' lang='lat' dir='ltr'><strong>caelo.</strong></span> <span class='ocrx_word' id='word_1_801' title='bbox 2045 4878 2236 4944; x_wconf 86' lang='lat' dir='ltr'><strong>Legam</strong></span> <span class='ocrx_word' id='word_1_802' title='bbox 2265 4875 2547 4928; x_wconf 86' lang='lat' dir='ltr'><strong>succedere.</strong></span> <span class='ocrx_word' id='word_1_803' title='bbox 2582 4873 2867 4950; x_wconf 72' lang='lat' dir='ltr'><strong>Parumper</strong></span> <span class='ocrx_word' id='word_1_804' title='bbox 2901 4880 3259 4950; x_wconf 86' lang='lat' dir='ltr'><strong>estinterim,</strong></span> <span class='ocrx_word' id='word_1_805' title='bbox 3294 4897 3419 4950; x_wconf 82' lang='lat' dir='ltr'><strong>pau-</strong></span> 
     </span>
    </p>
   </div>
   <div class='ocr_carea' id='block_1_121' title="bbox 1854 4944 3411 5016">
    <p class='ocr_par' dir='ltr' id='par_1_121' title="bbox 1854 4944 3411 5016">
     <span class='ocr_line' id='line_1_123' title="bbox 1854 4944 3411 5016; baseline 0.003 -16"><span class='ocrx_word' id='word_1_806' title='bbox 1854 4948 2037 5015; x_wconf 88' lang='lat' dir='ltr'><strong>lisper,</strong></span> <span class='ocrx_word' id='word_1_807' title='bbox 2072 4960 2233 5016; x_wconf 90' lang='lat' dir='ltr'><strong>parvo</strong></span> <span class='ocrx_word' id='word_1_808' title='bbox 2263 4954 2525 5013; x_wconf 87' lang='lat' dir='ltr'><strong>tempere,</strong></span> <span class='ocrx_word' id='word_1_809' title='bbox 2571 4944 2856 5012; x_wconf 82' lang='lat' dir='ltr'><strong>aliquando</strong></span> <span class='ocrx_word' id='word_1_810' title='bbox 2900 4949 3171 5015; x_wconf 89' lang='lat' dir='ltr'><strong>paulatim,</strong></span> <span class='ocrx_word' id='word_1_811' title='bbox 3205 4944 3261 5004; x_wconf 89' lang='lat' dir='ltr'><strong>ut</strong></span> <span class='ocrx_word' id='word_1_812' title='bbox 3290 4944 3411 5009; x_wconf 83' lang='lat' dir='ltr'><strong>Ser-</strong></span> 
     </span>
    </p>
   </div>
   <div class='ocr_carea' id='block_1_122' title="bbox 1854 5016 3417 5085">
    <p class='ocr_par' dir='ltr' id='par_1_122' title="bbox 1854 5016 3417 5085">
     <span class='ocr_line' id='line_1_124' title="bbox 1854 5016 3417 5085; baseline 0.005 -16"><span class='ocrx_word' id='word_1_813' title='bbox 1854 5020 1971 5071; x_wconf 85' lang='lat' dir='ltr'><strong>vius</strong></span> <span class='ocrx_word' id='word_1_814' title='bbox 1998 5025 2163 5085; x_wconf 89' lang='lat' dir='ltr'><strong>putat,</strong></span> <span class='ocrx_word' id='word_1_815' title='bbox 2190 5016 2273 5071; x_wconf 90' lang='lat' dir='ltr'><strong>vel</strong></span> <span class='ocrx_word' id='word_1_816' title='bbox 2303 5016 2428 5081; x_wconf 86' lang='lat' dir='ltr'><strong>cito,</strong></span> <span class='ocrx_word' id='word_1_817' title='bbox 2459 5016 2731 5077; x_wconf 84' lang='lat' dir='ltr'><strong>velociter.</strong></span> <span class='ocrx_word' id='word_1_818' title='bbox 2766 5017 3060 5079; x_wconf 81' lang='lat' dir='ltr'><strong>ntNonius,</strong></span> <span class='ocrx_word' id='word_1_819' title='bbox 3094 5035 3141 5074; x_wconf 91' lang='lat' dir='ltr'><strong>c.</strong></span> <span class='ocrx_word' id='word_1_820' title='bbox 3169 5022 3221 5085; x_wconf 77' lang='grc'>4,</span> <span class='ocrx_word' id='word_1_821' title='bbox 3251 5023 3417 5077; x_wconf 83' lang='lat' dir='ltr'><strong>inter-</strong></span> 
     </span>
    </p>
   </div>
   <div class='ocr_carea' id='block_1_123' title="bbox 1855 5086 3422 5160">
    <p class='ocr_par' dir='ltr' id='par_1_123' title="bbox 1855 5086 3422 5160">
     <span class='ocr_line' id='line_1_125' title="bbox 1855 5086 3422 5160; baseline 0.005 -20"><span class='ocrx_word' id='word_1_822' title='bbox 1855 5086 2237 5160; x_wconf 58' lang='lat' dir='ltr'><strong>pPBIDIUPllllld</strong></span> <span class='ocrx_word' id='word_1_823' title='bbox 2270 5086 2467 5160; x_wconf 81' lang='lat' dir='ltr'><strong>Virgilii</strong></span> <span class='ocrx_word' id='word_1_824' title='bbox 2500 5086 2797 5160; x_wconf 31' lang='lat' dir='ltr'><strong>l.‘vt_}En.,</strong></span> <span class='ocrx_word' id='word_1_825' title='bbox 2828 5090 3101 5160; x_wconf 74' lang='lat' dir='ltr'><strong>vers.382,</strong></span> <span class='ocrx_word' id='word_1_826' title='bbox 3134 5090 3422 5160; x_wconf 81' lang='lat' dir='ltr'><strong>Pulsusth</strong></span> 
     </span>
    </p>
   </div>
   <div class='ocr_carea' id='block_1_124' title="bbox 1853 5155 3415 5224">
    <p class='ocr_par' dir='ltr' id='par_1_124' title="bbox 1853 5155 3415 5224">
     <span class='ocr_line' id='line_1_126' title="bbox 1853 5155 3415 5224; baseline 0.004 -13"><span class='ocrx_word' id='word_1_827' title='bbox 1853 5173 2129 5224; x_wconf 88' lang='lat' dir='ltr'><strong>parumper</strong></span> <span class='ocrx_word' id='word_1_828' title='bbox 2148 5155 2311 5210; x_wconf 88' lang='lat' dir='ltr'><strong>Corde</strong></span> <span class='ocrx_word' id='word_1_829' title='bbox 2326 5156 2492 5221; x_wconf 87' lang='lat' dir='ltr'><strong>dolor,</strong></span> <span class='ocrx_word' id='word_1_830' title='bbox 2515 5155 2601 5209; x_wconf 90' lang='lat' dir='ltr'><strong>ubi</strong></span> <span class='ocrx_word' id='word_1_831' title='bbox 2624 5156 2841 5212; x_wconf 90' lang='lat' dir='ltr'><strong>Servius</strong></span> <span class='ocrx_word' id='word_1_832' title='bbox 2862 5159 3090 5214; x_wconf 90' lang='lat' dir='ltr'><strong>advertit</strong></span> <span class='ocrx_word' id='word_1_833' title='bbox 3108 5177 3173 5215; x_wconf 84' lang='lat' dir='ltr'><strong>ex</strong></span> <span class='ocrx_word' id='word_1_834' title='bbox 3195 5155 3415 5218; x_wconf 85' lang='lat' dir='ltr'><strong>aliorum</strong></span> 
     </span>
    </p>
   </div>
   <div class='ocr_carea' id='block_1_125' title="bbox 1850 5228 3416 5297">
    <p class='ocr_par' dir='ltr' id='par_1_125' title="bbox 1850 5228 3416 5297">
     <span class='ocr_line' id='line_1_127' title="bbox 1850 5228 3416 5297; baseline 0.005 -16"><span class='ocrx_word' id='word_1_835' title='bbox 1850 5228 2111 5281; x_wconf 87' lang='lat' dir='ltr'><strong>sententia</strong></span> <span class='ocrx_word' id='word_1_836' title='bbox 2142 5243 2414 5297; x_wconf 88' lang='lat' dir='ltr'><strong>parumper</strong></span> <span class='ocrx_word' id='word_1_837' title='bbox 2435 5241 2554 5281; x_wconf 86' lang='lat' dir='ltr'><strong>esse</strong></span> <span class='ocrx_word' id='word_1_838' title='bbox 2582 5228 2735 5283; x_wconf 89' lang='lat' dir='ltr'><strong>valde</strong></span> <span class='ocrx_word' id='word_1_839' title='bbox 2755 5242 2963 5297; x_wconf 90' lang='lat' dir='ltr'><strong>parum.</strong></span> <span class='ocrx_word' id='word_1_840' title='bbox 2990 5230 3098 5285; x_wconf 88' lang='lat' dir='ltr'><strong>Hoc</strong></span> <span class='ocrx_word' id='word_1_841' title='bbox 3127 5232 3244 5286; x_wconf 92' lang='lat' dir='ltr'><strong>loco</strong></span> <span class='ocrx_word' id='word_1_842' title='bbox 3273 5236 3416 5289; x_wconf 70' lang='lat' dir='ltr'><strong>vitle-</strong></span> 
     </span>
    </p>
   </div>
   <div class='ocr_carea' id='block_1_126' title="bbox 1850 5297 3419 5369">
    <p class='ocr_par' dir='ltr' id='par_1_126' title="bbox 1850 5297 3419 5369">
     <span class='ocr_line' id='line_1_128' title="bbox 1850 5297 3419 5369; baseline 0.003 -17"><span class='ocrx_word' id='word_1_843' title='bbox 1850 5298 2280 5369; x_wconf 19' lang='lat' dir='ltr'><strong>turﬂsigniticare</strong></span> <span class='ocrx_word' id='word_1_844' title='bbox 2314 5297 2717 5369; x_wconf 83' lang='lat' dir='ltr'><strong>aliquantulum,</strong></span> <span class='ocrx_word' id='word_1_845' title='bbox 2762 5299 2935 5369; x_wconf 89' lang='lat' dir='ltr'><strong>aliqua</strong></span> <span class='ocrx_word' id='word_1_846' title='bbox 2970 5315 3034 5355; x_wconf 82' lang='lat' dir='ltr'><strong>ex</strong></span> <span class='ocrx_word' id='word_1_847' title='bbox 3074 5312 3243 5369; x_wconf 90' lang='lat' dir='ltr'><strong>parte.</strong></span> <span class='ocrx_word' id='word_1_848' title='bbox 3291 5303 3419 5358; x_wconf 86' lang='lat' dir='ltr'><strong>Nam</strong></span> 
     </span>
    </p>
   </div>
   <div class='ocr_carea' id='block_1_127' title="bbox 1850 5367 3420 5432">
    <p class='ocr_par' dir='ltr' id='par_1_127' title="bbox 1850 5367 3420 5432">
     <span class='ocr_line' id='line_1_129' title="bbox 1850 5367 3420 5432; baseline 0.004 -10"><span class='ocrx_word' id='word_1_849' title='bbox 1850 5368 1969 5423; x_wconf 66' lang='lat' dir='ltr'><strong>caeli</strong></span> <span class='ocrx_word' id='word_1_850' title='bbox 2000 5376 2206 5421; x_wconf 88' lang='lat' dir='ltr'><strong>secreta</strong></span> <span class='ocrx_word' id='word_1_851' title='bbox 2234 5369 2302 5421; x_wconf 92' lang='lat' dir='ltr'><strong>ita</strong></span> <span class='ocrx_word' id='word_1_852' title='bbox 2338 5367 2520 5432; x_wconf 87' lang='lat' dir='ltr'><strong>latent,</strong></span> <span class='ocrx_word' id='word_1_853' title='bbox 2554 5377 2609 5421; x_wconf 88' lang='lat' dir='ltr'><strong>ut</strong></span> <span class='ocrx_word' id='word_1_854' title='bbox 2641 5378 2813 5425; x_wconf 89' lang='lat' dir='ltr'><strong>tamen</strong></span> <span class='ocrx_word' id='word_1_855' title='bbox 2844 5367 2963 5425; x_wconf 84' lang='lat' dir='ltr'><strong>sese</strong></span> <span class='ocrx_word' id='word_1_856' title='bbox 2991 5367 3293 5427; x_wconf 86' lang='lat' dir='ltr'><strong>hominibus</strong></span> <span class='ocrx_word' id='word_1_857' title='bbox 3321 5376 3420 5428; x_wconf 84' lang='lat' dir='ltr'><strong>ali-</strong></span> 
     </span>
    </p>
   </div>
   <div class='ocr_carea' id='block_1_128' title="bbox 1849 5438 3420 5514">
    <p class='ocr_par' dir='ltr' id='par_1_128' title="bbox 1849 5438 3420 5514">
     <span class='ocr_line' id='line_1_130' title="bbox 1849 5438 3420 5514; baseline 0.004 -22"><span class='ocrx_word' id='word_1_858' title='bbox 1849 5454 1951 5514; x_wconf 83' lang='lat' dir='ltr'><strong>qua</strong></span> <span class='ocrx_word' id='word_1_859' title='bbox 1981 5452 2045 5492; x_wconf 83' lang='lat' dir='ltr'><strong>ex</strong></span> <span class='ocrx_word' id='word_1_860' title='bbox 2072 5448 2220 5514; x_wconf 64' lang='lat' dir='ltr'><strong>parte</strong></span> <span class='ocrx_word' id='word_1_861' title='bbox 2247 5438 2521 5514; x_wconf 77' lang='lat' dir='ltr'><strong>manifesta</strong></span> <span class='ocrx_word' id='word_1_862' title='bbox 2554 5439 2799 5506; x_wconf 85' lang='lat' dir='ltr'><strong>reddant,</strong></span> <span class='ocrx_word' id='word_1_863' title='bbox 2823 5450 3074 5514; x_wconf 82' lang='lat' dir='ltr'><strong>quantum</strong></span> <span class='ocrx_word' id='word_1_864' title='bbox 3101 5445 3314 5514; x_wconf 87' lang='lat' dir='ltr'><strong>quidem</strong></span> <span class='ocrx_word' id='word_1_865' title='bbox 3339 5461 3420 5500; x_wconf 84' lang='lat' dir='ltr'><strong>sa-</strong></span> 
     </span>
    </p>
   </div>
   <div class='ocr_carea' id='block_1_129' title="bbox 1784 5508 3418 5580">
    <p class='ocr_par' dir='ltr' id='par_1_129' title="bbox 1784 5508 3418 5580">
     <span class='ocr_line' id='line_1_131' title="bbox 1784 5508 3418 5580; baseline 0.008 -23"><span class='ocrx_word' id='word_1_866' title='bbox 1784 5554 1785 5557; x_wconf 44' lang='grc' dir='ltr'><strong>η</strong></span> <span class='ocrx_word' id='word_1_867' title='bbox 1849 5509 1919 5563; x_wconf 87' lang='lat' dir='ltr'><strong>tis</strong></span> <span class='ocrx_word' id='word_1_868' title='bbox 1941 5509 2103 5580; x_wconf 63' lang='lat' dir='ltr'><strong>estad</strong></span> <span class='ocrx_word' id='word_1_869' title='bbox 2130 5508 2219 5562; x_wconf 90' lang='lat' dir='ltr'><strong>Dei</strong></span> <span class='ocrx_word' id='word_1_870' title='bbox 2236 5512 2526 5580; x_wconf 88' lang='lat' dir='ltr'><strong>potentiam</strong></span> <span class='ocrx_word' id='word_1_871' title='bbox 2541 5512 2925 5579; x_wconf 83' lang='lat' dir='ltr'><strong>agnoscendam</strong></span> <span class='ocrx_word' id='word_1_872' title='bbox 2941 5522 2995 5567; x_wconf 89' lang='lat' dir='ltr'><strong>et</strong></span> <span class='ocrx_word' id='word_1_873' title='bbox 3010 5508 3418 5580; x_wconf 66' lang='lat' dir='ltr'><strong>praedicandam.</strong></span> 
     </span>
    </p>
   </div>
   <div class='ocr_carea' id='block_1_130' title="bbox 1917 5577 3420 5655">
    <p class='ocr_par' dir='ltr' id='par_1_130' title="bbox 1917 5577 3420 5655">
     <span class='ocr_line' id='line_1_132' title="bbox 1917 5577 3420 5655; baseline 0.004 -21"><span class='ocrx_word' id='word_1_874' title='bbox 1917 5582 1971 5634; x_wconf 85' lang='lat'><strong>6.</strong></span> <span class='ocrx_word' id='word_1_875' title='bbox 2011 5577 2196 5655; x_wconf 81' lang='lat' dir='ltr'><strong>S_ide_ra</strong></span> <span class='ocrx_word' id='word_1_876' title='bbox 2214 5579 2453 5655; x_wconf 81' lang='lat' dir='ltr'><strong>pendula</strong></span> <span class='ocrx_word' id='word_1_877' title='bbox 2482 5577 2635 5644; x_wconf 85' lang='lat' dir='ltr'><strong>sunt,</strong></span> <span class='ocrx_word' id='word_1_878' title='bbox 2663 5584 2780 5655; x_wconf 81' lang='lat' dir='ltr'><strong>quia</strong></span> <span class='ocrx_word' id='word_1_879' title='bbox 2812 5582 2950 5636; x_wconf 64' lang='lat' dir='ltr'><strong>caalo</strong></span> <span class='ocrx_word' id='word_1_880' title='bbox 2979 5577 3081 5655; x_wconf 65' lang='lat' dir='ltr'><strong>fixa</strong></span> <span class='ocrx_word' id='word_1_881' title='bbox 3110 5589 3257 5655; x_wconf 88' lang='lat' dir='ltr'><strong>quasi</strong></span> <span class='ocrx_word' id='word_1_882' title='bbox 3288 5602 3420 5655; x_wconf 87' lang='lat' dir='ltr'><strong>pen-</strong></span> 
     </span>
    </p>
   </div>
   <div class='ocr_carea' id='block_1_131' title="bbox 1848 5649 3473 5724">
    <p class='ocr_par' dir='ltr' id='par_1_131' title="bbox 1848 5649 3473 5724">
     <span class='ocr_line' id='line_1_133' title="bbox 1848 5649 3473 5724; baseline 0.002 -19"><span class='ocrx_word' id='word_1_883' title='bbox 1848 5650 1992 5705; x_wconf 86' lang='lat' dir='ltr'><strong>dent.</strong></span> <span class='ocrx_word' id='word_1_884' title='bbox 2020 5649 2332 5724; x_wconf 54' lang='lat' dir='ltr'><strong>ﬂagitabam</strong></span> <span class='ocrx_word' id='word_1_885' title='bbox 2364 5666 2428 5704; x_wconf 92' lang='lat' dir='ltr'><strong>an</strong></span> <span class='ocrx_word' id='word_1_886' title='bbox 2460 5660 2730 5724; x_wconf 83' lang='lat' dir='ltr'><strong>Oporteret</strong></span> <span class='ocrx_word' id='word_1_887' title='bbox 2758 5652 2934 5720; x_wconf 83' lang='lat' dir='ltr'><strong>legere</strong></span> <span class='ocrx_word' id='word_1_888' title='bbox 2966 5649 3249 5724; x_wconf 71' lang='lat' dir='ltr'><strong>Splendida</strong></span> <span class='ocrx_word' id='word_1_889' title='bbox 3282 5649 3419 5724; x_wconf 53' lang='lat' dir='ltr'><strong>quid</strong></span> <span class='ocrx_word' id='word_1_890' title='bbox 3468 5680 3473 5686; x_wconf 70' lang='grc' dir='ltr'><strong>ι</strong></span> 
     </span>
    </p>
   </div>
   <div class='ocr_carea' id='block_1_132' title="bbox 1847 5718 3420 5792">
    <p class='ocr_par' dir='ltr' id='par_1_132' title="bbox 1847 5718 3420 5792">
     <span class='ocr_line' id='line_1_134' title="bbox 1847 5718 3420 5792; baseline 0.004 -19"><span class='ocrx_word' id='word_1_891' title='bbox 1847 5718 2083 5792; x_wconf 76' lang='lat' dir='ltr'><strong>tremula.</strong></span> <span class='ocrx_word' id='word_1_892' title='bbox 2120 5718 2323 5792; x_wconf 63' lang='grc' dir='ltr'><strong>νῶι-ατς</strong></span> <span class='ocrx_word' id='word_1_893' title='bbox 2344 5735 2439 5790; x_wconf 93' lang='lat' dir='ltr'><strong>pro</strong></span> <span class='ocrx_word' id='word_1_894' title='bbox 2458 5722 2739 5792; x_wconf 86' lang='lat' dir='ltr'><strong>splendere,</strong></span> <span class='ocrx_word' id='word_1_895' title='bbox 2774 5718 2962 5776; x_wconf 75' lang='lat' dir='ltr'><strong>micare</strong></span> <span class='ocrx_word' id='word_1_896' title='bbox 2986 5718 3110 5792; x_wconf 82' lang='lat' dir='ltr'><strong>poni</strong></span> <span class='ocrx_word' id='word_1_897' title='bbox 3138 5726 3275 5780; x_wconf 90' lang='lat' dir='ltr'><strong>solet</strong></span> <span class='ocrx_word' id='word_1_898' title='bbox 3294 5718 3420 5780; x_wconf 53' lang='lat' dir='ltr'><strong>&#39;sine</strong></span> 
     </span>
    </p>
   </div>
   <div class='ocr_carea' id='block_1_133' title="bbox 1850 5790 3419 5864">
    <p class='ocr_par' dir='ltr' id='par_1_133' title="bbox 1850 5790 3419 5864">
     <span class='ocr_line' id='line_1_135' title="bbox 1850 5790 3419 5864; baseline 0.002 -18"><span class='ocrx_word' id='word_1_899' title='bbox 1850 5790 2173 5856; x_wconf 86' lang='lat' dir='ltr'><strong>accusativo,</strong></span> <span class='ocrx_word' id='word_1_900' title='bbox 2223 5790 2318 5845; x_wconf 89' lang='lat' dir='ltr'><strong>sed</strong></span> <span class='ocrx_word' id='word_1_901' title='bbox 2367 5806 2578 5861; x_wconf 89' lang='lat' dir='ltr'><strong>semper</strong></span> <span class='ocrx_word' id='word_1_902' title='bbox 2624 5791 2710 5845; x_wconf 91' lang='lat' dir='ltr'><strong>hic</strong></span> <span class='ocrx_word' id='word_1_903' title='bbox 2755 5790 3191 5864; x_wconf 85' lang='lat' dir='ltr'><strong>subintelligitur,</strong></span> <span class='ocrx_word' id='word_1_904' title='bbox 3234 5805 3291 5851; x_wconf 88' lang='lat' dir='ltr'><strong>ut</strong></span> <span class='ocrx_word' id='word_1_905' title='bbox 3342 5799 3419 5849; x_wconf 78' lang='lat' dir='ltr'><strong>ui-</strong></span> 
     </span>
    </p>
   </div>
  </div>
