3942 6310
224 446 327 502 777

1546 662 1695 734 [rena
1715 703 1730 728 ,

260 756 328 813 65
406 756 616 823 Vivida,
634 755 1029 824 cunctipatens,
1056 770 1207 811 mens
1230 754 1657 817 innumerabilis,
1680 768 1804 809 una.

404 848 540 920 Ergo
572 846 681 900 Deo
711 846 849 900 Deus
881 854 953 899 est
979 856 1154 912 natus,
1187 845 1250 899 de
1280 846 1470 898 lumine
1490 845 1679 898 lumen.

405 938 563 1010 225
606 937 782 993 Corde
823 951 977 993 sacer
1010 937 1218 1007 genitus
1258 951 1382 990 mox
1429 934 1666 989 constitit
1694 933 1810 1002 ipse

1544 1037 1737 1091 arenti,

1544 1037 1737 1091 arenti,

410 1119 475 1175 Et
521 1136 743 1176 consors
790 1135 910 1175 cum
956 1120 1114 1175 Patre
1162 1134 1418 1183 manens,
1579 1117 1812 1188 Spiritus

1549 1209 1737 1281 [unus,

409 1302 571 1356 Trina
605 1309 784 1357 mente
810 1300 974 1368 Deus,
1009 1300 1152 1356 Deus
1178 1308 1385 1366 auctor,
1434 1300 1691 1371 temporis
1721 1314 1815 1353 ex-

1567 1390 1737 1461 [βενε.

230 1486 302 1539 70
404 1483 679 1552 Multiplici
709 1484 905 1537 virtute
930 1492 1138 1551 potens,
1170 1483 1366 1552 pietate
1389 1482 1662 1536 modestus

408 1578 713 1643 lnnumera,
737 1577 912 1640 cretis,
944 1576 1247 1647 elementis,
1277 1577 1547 1641 ﬂuctibus,
1573 1575 1727 1630 astris

411 1668 759 1739 lmpendens,
786 1678 843 1723 ut
869 1676 1011 1722 stare
1047 1678 1267 1737 queant,
1298 1666 1654 1731 famulentur,
1687 1665 1818 1720 ado-

1578 1756 1743 1828 frent,

413 1855 670 1925 Angelico
692 1855 759 1909 de
790 1868 940 1908 more
970 1867 1155 1922 preces
1183 1853 1301 1907 sine
1332 1851 1437 1907 line
1469 1862 1743 1906 canentes.

485 1945 744 2000 Omnibus
775 1944 856 1998 his
882 1951 1103 2012 praestat
1142 1942 1309 1998 dilato
1337 1943 1441 1996 line
1468 1959 1705 2007 manere,

232 2034 305 2093 75
418 2036 484 2093 Ut
512 2037 724 2107 vigeant
755 2034 1020 2098 homines,
1046 2033 1516 2102 pisces,artnenta,
1546 2036 1811 2102 volucres,

414 2128 482 2184 Et
508 2144 691 2200 pecus,
726 2136 884 2197 atque
914 2125 1063 2191 ferai,
1085 2124 1341 2195 quidquid
1370 2136 1558 2180 natura
1581 2125 1810 2179 creavit.

1356 449 1633 505 CARMEN
1671 449 1760 503 DE
1801 447 1957 504 DEO.
1997 447 2127 503 LIB.
2168 447 2233 503 ll.

396 570 656 639 Simplex,
698 571 863 636 celsa,
914 570 1069 639 levis,
1102 569 1335 635 vibrans,
1377 571 1662 635 immensa,
1706 584 1795 625 se-
1823 570 1881 631 Α

1845 1931 1896 1992 Β

3374 446 3478 501 778

2082 564 2343 636 Quidquid
2372 573 2425 619 et
2455 562 2978 618 innumerusdiversi
3010 562 3288 634 sanguinis
3309 572 3479 618 ortus.

2087 664 2187 728 Qui
2217 662 2359 716 nasci
2383 660 2627 729 dignatus
2657 658 2839 724 homo,
2868 658 3197 712 membratur
3218 657 3268 710 in
3301 666 3449 712 artus

2090 754 2360 823 Sanguine
2388 751 2618 806 femineo
2644 758 2925 805 concretus
2946 749 3165 816 Spiritus
3185 749 3377 812 almus,

1914 848 1983 904 80
2095 845 2283 909 Fitnue
2306 844 2445 896 Deus
2473 851 2592 910 post
2620 840 2813 907 templa
2838 839 2944 907 poli
2972 838 3071 892 sub
3106 852 3289 903 carne,
3320 836 3486 907 ﬁgura

2089 935 2249 1006 226
2275 932 2573 999 Passibilis,
2604 930 2845 987 mortalis
2875 930 3036 985 homo
3081 930 3198 985 sine
3243 930 3346 983 line
3393 942 3486 999 pe-

3165 1021 3370 1093 [rennis
3398 1037 3416 1075 :

2096 1119 2165 1172 Et
2197 1116 2369 1172 tenuis
2399 1130 2494 1185 per
2521 1122 2712 1169 cuncta
2739 1127 2926 1182 vapor,
2951 1112 3060 1182 jam
3088 1111 3297 1166 mollior
3320 1110 3455 1180 ignis

2094 1206 2335 1280 lrrepﬁt,
2382 1216 2730 1276 tenerumque
2772 1214 2924 1276 parat
2978 1220 3072 1274 per
3129 1204 3333 1259 viscera
3374 1217 3492 1260 cor«

3281 1295 3418 1367 [pus.

2103 1391 2343 1445 lnduitur
2368 1403 2626 1458 compage
2654 1388 2817 1453 Deus,
2840 1396 3107 1442 structura
3139 1387 3332 1457 ligatur

1917 1486 1987 1541 85
2095 1484 2342 1546 Ossibus,
2364 1492 2420 1537 et
2449 1482 2647 1548 nervis,
2679 1482 3029 1549 pinguescunt
3058 1481 3199 1534 intro
3221 1478 3493 1544 medullae,

2091 1575 2229 1631 llinc
2271 1589 2453 1642 cruor,
2501 1573 2628 1629 hinc
2676 1573 2891 1641 humor,
2924 1572 3184 1627 solidatur
3226 1571 3497 1626 musculus

3207 1664 3426 1734 [omnis,

2099 1760 2166 1813 Et
2195 1773 2256 1811 ca
2271 1772 2331 1811 ro
2360 1757 2667 1812 olasmatur.
2690 1756 2826 1823 Quid
2850 1764 3064 1812 sanctus
3085 1754 3302 1823 spiritus
3328 1754 3441 1809 illic

2108 1850 2310 1918 Egerit,
2342 1865 2455 1918 Ipse
2476 1858 2662 1918 potens
2692 1848 2859 1915 novit,
2892 1849 2981 1917 qui
3007 1855 3194 1902 cuncta
3215 1845 3449 1913 creavit;

2106 1941 2347 2007 Qualiter
2371 1956 2501 1997 aure
2529 1942 2687 2003 Deus,
2713 1942 2877 1995 verbo
2905 1941 3101 1995 fetante
3131 1939 3344 2005 marito,

1923 2032 1994 2088 90
2104 2033 2382 2103 Virgineos
2408 2034 2636 2087 intrasse
2662 2032 2812 2085 sinus
2841 2030 3109 2099 dignatur,
3144 2039 3199 2084 et
3224 2030 3426 2094 alvum,

2098 2124 2408 2189 Terrarum,
2432 2124 2660 2194 ctelique
2684 2138 2875 2193 capax,
2903 2132 3061 2193 atque
3090 2122 3226 2192 ignis
3246 2121 3446 2188 anheli,

1458 2235 1847 2293 SCRIPTURA
1884 2236 2036 2294 COD.
2079 2237 2237 2293 VAT.

305 2354 396 2410 66.
431 2352 567 2423 Ergo
591 2351 755 2405 Deum
785 2350 925 2406 Deus
947 2366 1101 2405 ouans
1242 2350 1395 2405 deest
1419 2350 1702 2420 reliquum.

307 2426 399 2480 7'5.
434 2422 677 2493 Angelica
697 2422 785 2476 des
816 2439 878 2475 ne
906 2438 1073 2491 preces
1095 2438 1138 2475 s.
1162 2422 1204 2488 Ῑ.
1236 2431 1478 2475 carentes.

307 2495 402 2547 74.
438 2491 745 2557 Rcui-ere;
775 2494 841 2548 ad
870 2508 1064 2563 marg.,
1095 2508 1318 2547 manere.

308 2566 401 2618 75.
434 2563 500 2615 Et
528 2565 749 2618 viaeant.

311 2632 404 2686 76.
441 2632 592 2696 Quod
614 2649 786 2702 pecus,
815 2641 987 2700 atque.

310 2704 403 2757 77.
438 2702 704 2769 Numquid
733 2704 801 2754 ad
827 2704 1121 2756 innumeros
1151 2704 1208 2759 d.
1237 2718 1284 2759 8.
1311 2711 1476 2759 ortus.

312 2773 406 2827 78.
446 2771 759 2826 Membratur
787 2776 840 2827 in
868 2773 1062 2827 alvum.

2003 2351 2091 2405 85.
2127 2349 2342 2414 lrrepsit
2369 2360 2690 2417 tenerumque
2714 2366 2766 2416 p.

2005 2419 2094 2476 85.
2131 2419 2474 2489 Pinguescunt
2504 2421 2629 2472 vitro
2652 2435 2720 2489 in.

2004 2492 2094 2546 87.
2126 2488 2421 2544 Plasmatur
2466 2491 2592 2559 quid
2631 2488 2857 2547 obscure
2887 2489 3081 2560 legitur
3109 2491 3178 2547 ob
3204 2503 3398 2548 nexum
3422 2491 3503 2549 lit-

1935 2570 2192 2617 terarum.

2004 2632 2091 2685 88.
2127 2630 2313 2684 Potens
2340 2631 2493 2683 vetuit
2516 2632 2652 2700 quod
2679 2647 2726 2685 c.

2006 2703 2095 2757 89.
2128 2701 2193 2753 V.
2227 2702 2497 2769 fetentem.

2008 2773 2098 2827 91.
2131 2769 2191 2825 C.
2216 2770 2501 2825 anhelantis
2530 2779 2577 2825 et
2606 2771 2755 2841 ignis.

1770 2884 1991 2940 NOTAE.

315 2993 406 3050 64.
436 2995 583 3048 Levis
630 3004 712 3049 est
740 2994 965 3063 placida,
1005 2995 1163 3062 lenis,
1194 3007 1337 3063 grata
1386 3012 1400 3052 :
1451 2995 1717 3050 contraria
1742 3010 1827 3048 ra-

238 3071 393 3123 tione
450 3066 618 3136 gravis
653 3066 741 3136 _de
773 3066 981 3133 ingrato
1022 3076 1076 3120 et
1108 3069 1333 3120 molesto
1370 3066 1582 3119 dicitur.
1624 3066 1829 3120 Poterit

236 3141 408 3194 etiam
439 3134 663 3205 intelligi
712 3137 996 3204 spiritualis
1036 3138 1086 3188 in
1129 3137 1271 3201 leuis,
1306 3137 1407 3189 hoc
1434 3147 1515 3190 est
1546 3137 1660 3189 sine
1696 3152 1827 3203 pnn-

1926 2998 2110 3121 divims
2139 2997 2410 3051 uirtutibus
2444 2997 2758 3067 informavit.
2793 2995 3018 3052 Verbum
3050 3008 3269 3055 vocatur
3295 3006 3505 3073 spiritus

1932 3085 1959 3120 a
1989 3085 2119 3121 mus.

1932 3085 2119 3121 atmus.

2002 3140 2092 3216 80.
2114 3138 2249 3216 Post
2271 3140 2456 3216 templa
2498 3139 2607 3216 poli
2641 3135 2723 3192 es't
2754 3138 2853 3216 hoc
2885 3139 3083 3216 ipsum,
3111 3142 3249 3210 quod
3280 3144 3331 3197 in
3358 3160 3507 3216 sym-

238 3210 393 3283 dere.
428 3208 499 3260 De
530 3206 728 3283 vibrans
759 3205 876 3260 vide
895 3216 1073 3259 notant
1100 3207 1166 3260 ad
1190 3224 1330 3283 vers.
1354 3207 1444 3261 57.
1473 3206 1620 3283 Mens
1644 3222 1828 3283 serena
1855 3210 1900 3271 C
1933 3209 2056 3263 bolo
2106 3210 2231 3283 tidei
2277 3205 2505 3283 dicitur,
2544 3208 2815 3283 Descendit
2864 3205 2925 3262 de
2969 3205 3141 3283 caelis.-
3181 3205 3509 3283 Augustinus

238 3289 330 3334 est
365 3279 505 3343 laeta,
560 3276 709 3339 felix,
743 3290 1032 3345 prospera:
1067 3292 1170 3345 qua
1198 3277 1264 3331 de
1307 3292 1466 3331 causa
1504 3276 1707 3331 ethnici
1738 3277 1827 3330 Jo—

237 3364 366 3404 vem
402 3346 649 3416 peculiari
675 3347 825 3399 titulo
854 3346 1102 3400 Serenum
1129 3356 1183 3401 et
1214 3347 1570 3402 Serenatorem
1592 3348 1830 3417 appella-

240 3421 380 3475 bant
404 3435 417 3470 :
452 3418 576 3470 inde
604 3417 955 3485 imperatores
983 3416 1109 3470 dicti
1138 3417 1469 3471 serenissimi.

321 3489 415 3543 65.
447 3487 695 3540 Fortasse
726 3487 917 3539 melius
950 3487 1325 3553 runctiparens,
1365 3503 1471 3555 quo
1512 3488 1677 3542 verbo
1704 3503 1831 3541 usus

243 3571 332 3614 est
386 3557 729 3626 Prudentius,
764 3565 821 3609 ut.
864 3558 1180 3626 cunctipater
1217 3557 1544 3611 Theodull'ns
1591 3558 1831 3612 Aurelia-

244 3628 455 3683 nensis.
487 3625 842 3696 Cunctipotens
871 3625 1187 3680 etiam'dixit
1208 3627 1543 3681 Prudentius.
1574 3628 1682 3683 Sed
1709 3644 1831 3681 cum

247 3697 508 3767 Virgilius
542 3697 871 3763 usurpaverit
905 3696 1257 3767 Omnipotens,
1282 3713 1389 3751 non
1406 3696 1563 3752 facile
1585 3699 1833 3766 rejicien-

244 3770 377 3824 dum
410 3776 494 3821 est
539 3768 901 3836 cunctipotens.
950 3766 1097 3820 Mens
1129 3768 1514 3820 innumerabilis
1542 3768 1645 3821 dici
1677 3779 1831 3835 pote-

245 3840 323 3893 rit
352 3838 421 3892 ab
449 3836 669 3898 effectis,
706 3848 762 3889 ut
787 3853 891 3888 una
930 3836 981 3889 in
1015 3845 1199 3890 natura
1229 3839 1363 3906 ipsa.
1397 3835 1503 3891 Sed
1545 3839 1831 3906 legendum

244 3908 876 3977 suspicorcunctipatens,
917 3908 1369 3970 immensurabtlis,
1404 3925 1525 3961 una.
1555 3908 1836 3961 Salvianus

245 3980 456 4047 aliique
485 3976 775 4045 scriptores
799 3976 1086 4030 Christiani
1118 3979 1373 4033 vocabulo
1402 3979 1833 4032 immensurabilis

246 4051 337 4104 usi
395 4055 540 4117 sunt,
590 4056 643 4101 et
662 4062 819 4115 supra
861 4047 970 4115 jam
1003 4048 1203 4102 dictum
1230 4058 1311 4103 est
1338 4065 1478 4103 mens
1521 4058 1701 4102 sancta
1741 4066 1834 4118 pa-

248 4129 433 4173 reum.

325 4191 419 4244 67.
452 4189 773 4244 Adverhium
806 4204 921 4241 mox
935 4188 1201 4256 significat.
1227 4189 1326 4244 hoc
1356 4189 1659 4258 locoipsam
1686 4200 1836 4244 :cler-

248 4262 506 4324 nitatem,
541 4269 595 4312 ut
622 4259 770 4311 hodie
795 4259 927 4326 psal.
962 4275 1018 4321 ιι,
1052 4275 1194 4313 vers.
1227 4261 1279 4325 7,
1305 4258 1476 4313 Filius
1506 4277 1647 4315 meus
1674 4272 1835 4315 estu:

247 4348 347 4402 ego
377 4330 527 4402 hodie
552 4330 703 4399 genui
726 4338 790 4382 te.
815 4328 894 4382 Ad
919 4329 1080 4383 Hebr.
1116 4345 1229 4402 c.7t,
1261 4331 1486 4402 vers.’5.

325 4402 419 4455 6:5.
449 4399 613 4453 Filius
641 4413 861 4452 consors
886 4415 983 4453 seu
1006 4401 1475 4455 consubstantialis
1491 4400 1632 4455 Patri
1652 4410 1835 4456 osteno

249 4471 422 4527 ditur.
458 4469 589 4523 Vide
618 4483 669 4523 v.
702 4469 804 4523 105
825 4478 879 4522 et
904 4485 1057 4539 seqq.

326 4540 420 4613 69.
455 4539 530 4593 De
572 4541 703 4613 trina
749 4548 912 4613 mente
950 4540 1044 4595 Dei
1086 4540 1207 4596 vide
1253 4541 1390 4597 dicta
1435 4543 1636 4613 proleg.
1662 4558 1831 4613 fnum.

252 4611 363 4665 109
398 4620 451 4664 et
482 4625 595 4678 seq.
630 4609 948 4663 Dracontius
973 4613 1007 4663 I.
1042 4627 1078 4674 ι,
1107 4627 1243 4665 vers.
1274 4614 1399 4674 565,
1438 4609 1608 4674 dixit,
1658 4611 1834 4667 Virtus

250 4685 399 4733 trina
429 4678 585 4740 Dens,
620 4690 677 4732 ut
722 4678 973 4733 Paulinus
1006 4698 1181 4749 poeni.
1214 4682 1303 4744 26,
1353 4685 1514 4736 natul.
1552 4683 1640 4748 11,
1696 4683 1836 4736 Nam

251 4752 403 4805 Deus
423 4766 554 4803 unus
590 4749 765 4802 Virtus
792 4751 924 4802 trina
957 4750 1111 4805 Deus.
1146 4752 1234 4806 Sic
1264 4754 1399 4806 trina
1430 4770 1589 4805 meus.

327 4822 424 4875 70.
458 4820 588 4873 Vide
618 4821 654 4872 l.
682 4835 719 4881 ι,
753 4834 894 4889 vers.
918 4822 1006 4875 29.
1033 4823 1239 4877 Censeo
1266 4824 1693 4889 distinguendum
1718 4839 1839 4879 esse

248 4892 448 4960 pietate
476 4890 730 4943 modestus
759 4887 1061 4958 lnnumera,
1110 4894 1279 4958 ctelis,
1326 4902 1382 4948 ut
1426 4887 1691 4961 multiplici
1740 4895 1840 4947 vir-

249 4970 388 5015 tute.

311 5033 422 5154 7’3.
456 5031 705 5086 Canentes
738 5032 789 5085 in
816 5047 1012 5101 genere
1039 5033 1275 5088 cohaeret
1320 5048 1439 5089 cum
1469 5033 1619 5089 caelis
1651 5042 1706 5089 et
1746 5034 1844 5089 llu-

311 5118 324 5154 ι
377 5116 463 5154 us.

249 5116 463 5156 οιιῡυε.

330 5173 425 5225 77.
458 5171 747 5245 Mendosus
780 5184 862 5229 εει
912 5176 995 5230 hic
1026 5176 1193 5238 locus,
1229 5190 1401 5243 neque
1426 5174 1557 5228 satis
1586 5176 1750 5245 liquet
1778 5190 1841 5227 an

249 5258 385 5295 eum
418 5242 845 5313 praecedentibus
872 5260 938 5299 an
962 5261 1079 5299 cum
1105 5242 1454 5313 sequentibus
1479 5242 1722 5300 contreeti
1752 5245 1846 5297 de-

252 5317 407 5374 beat.
434 5311 683 5366 Fortasse
712 5316 960 5384 quidquid
1000 5311 1195 5369 natura
1224 5318 1442 5369 creatrix
1469 5314 1645 5368 Nutrit
1672 5316 1738 5368 ad
1767 5316 1847 5368 in-

250 5398 504 5455 numeros
527 5384 711 5437 diversi
735 5386 998 5455 sanguinis
1022 5397 1181 5442 ortus.

330 5454 425 5506 78.
461 5454 606 5506 Libr.
648 5469 685 5517 ι,
712 5454 851 5507 vers.
888 5458 1010 5523 557,
1046 5454 1363 5509 Membratur
1391 5457 1444 5509 in
1476 5465 1617 5509 artus
1649 5454 1846 5522 Corpo-

248 5540 398 5576 reos.
434 5523 530 5577 Hic
560 5523 695 5577 forte
724 5526 775 5577 in
803 5528 935 5579 alvo.

332 5593 429 5647 79.
466 5594 597 5648 Vide
626 5610 743 5661 quae
776 5598 953 5649 notavi
990 5597 1053 5648 ad
1088 5597 1430 5650 Prudentium
1479 5596 1514 5648 Ι.
1564 5612 1615 5660 ιι,
1665 5605 1849 5648 contra

250 5668 502 5735 Syrtim,
529 5679 582 5717 ν.
608 5665 714 5717 265
735 5677 787 5716 et
815 5681 926 5734 seq.
956 5668 1083 5719 Nam
1128 5667 1447 5720 Prudentius
1488 5667 1646 5719 etiam
1691 5665 1851 5718 simili

250 5734 432 5788 modo
464 5736 666 5788 locutu:
696 5746 801 5800 est,
840 5739 929 5804 qui
965 5738 1031 5790 de
1072 5737 1285 5789 homine
1327 5738 1493 5790 Deum
1548 5738 1851 5804 loquentem

251 5804 511 5859 inducit:
545 5806 904 5860 Restituendus
943 5818 1051 5860 erat
1090 5805 1316 5860 mihimet
1349 5822 1367 5858 :
1394 5806 1673 5857 submissus
1706 5808 1758 5857 in
1789 5804 1855 5857 il-

252 5879 378 5929 lum
410 5874 640 5944 Spiritus
668 5877 773 5943 ipse
797 5892 935 5931 meus
964 5876 1244 5935 descendit.
1267 5884 1311 5931 et
1331 5874 1467 5929 edita
1495 5873 1618 5926 limo
1649 5874 1852 5930 Viscera

516 5969 788 6029 Ρλτιιοι.
837 5970 969 6030 LX.

1862 4582 1914 4642 D

1932 3294 2097 3334 serm.
2149 3280 2271 3343 187,
2302 3280 2400 3353 _al_._
2436 3280 2525 3341 ‘27,
2567 3279 2634 3332 de
2678 3287 2953 3353 tempore;
2991 3280 3195 3345 Quanto
3226 3279 3384 3353 magis
3413 3289 3510 3340 hoc

1933 3361 2148 3409 tantum,
2174 3360 2221 3427 et
2238 3351 2334 3403 tale
2368 3348 2577 3427 Verbum
2607 3350 2771 3427 potuit
2800 3348 2977 3427 matris
3000 3362 3219 3427 uterum,
3249 3348 3510 3427 assumpto

1933 3437 2163 3494 corpore,
2195 3421 2484 3494 fecundare,
2534 3431 2580 3469 et
2627 3421 2689 3473 de
2726 3422 2840 3494 sinu
2887 3420 3060 3494 Patris
3090 3439 3189 3475 non
3220 3420 3510 3494 emigrare!

1930 3488 2051 3565 hinc
2081 3492 2146 3541 ad
2179 3488 2350 3565 oculos
2394 3490 2644 3565 humanos
2689 3491 2846 3555 exire,
2878 3490 2999 3565 inde
3026 3503 3216 3565 mentes
3246 3488 3506 3565 angelicas

1934 3560 2234 3613 illustrare?
2262 3560 2381 3613 hinc
2407 3564 2475 3612 ad
2504 3570 2661 3613 terras
2700 3561 2991 3629 procedere,
3018 3563 3135 3613 inde
3164 3560 3508 3621 cwlos'exten-

1934 3630 2088 3684 dere?
2118 3631 2268 3686 Adde
2291 3629 2348 3685 S.
2382 3631 2612 3684 Leonem
2646 3630 2964 3685 laudantium
2996 3633 3062 3685 ad
3091 3635 3143 3689 ν.
3171 3633 3259 3688 99.

2007 3704 2094 3754 8'2.
2121 3701 2282 3755 Forte
2311 3700 2360 3752 lt
2392 3702 2577 3753 tenuis.

2006 3771 2095 3825 85.
2129 3771 2288 3826 Forte
2315 3769 2525 3837 Irrepit.

2005 3841 2094 3896 84.
2132 3842 2275 3895 Libr.
2302 3857 2317 3894 ι
2341 3856 2485 3896 vers.
2511 3838 2633 3907 546,
2659 3840 2727 3894 de
2754 3840 2956 3896 Adamo
2981 3853 3160 3898 creato
3189 3860 3202 3896 :
3245 3844 3310 3898 Et
3338 3861 3508 3900 vocem

1936 3912 2344 3984 compagadedit
2384 3928 2513 3965 nova
2542 3909 3014 3984 machinasurgens
3068 3914 3178 3967 sive
3227 3931 3288 3967 ex
3328 3918 3510 3984 conje-

1938 3989 2115 4048 ctura,
2152 3983 2213 4034 Et
2236 3998 2404 4036 vocem
2432 3998 2676 4051 compage
2700 3982 2856 4035 dedit.
2877 3985 3062 4036 Avitus
3083 3985 3117 4036 Ι.
3139 3987 3364 4050 n,v.06,
3393 3982 3510 4041 Cte-

1935 4052 2039 4105 lum
2068 4063 2202 4105 terra
2229 4063 2376 4112 tenet,
2402 4053 2487 4104 vili
2514 4068 2752 4122 compage
2782 4057 2946 4105 levata
2976 4054 3171 4122 Regnat
3201 4056 3407 4111 humus.
3434 4058 3511 4111 De

1935 4133 2202 4175 structura
2233 4123 2471 4189 corporis
2492 4131 2546 4177 et
2574 4123 2784 4177 ossibus
2808 4138 2995 4176 manus
3024 4125 3098 4176 ait
3121 4125 3302 4179 Celsus
3337 4128 3370 4179 l.
3399 4143 3512 4192 VIII,

1936 4206 1985 4263 c.
2030 4198 2072 4256 l,
2112 4193 2345 4263 Oblonga
2375 4194 2546 4245 omnia
2585 4202 2630 4244 et
2676 4193 2955 4262 triangula,
2991 4205 3253 4248 structura
3292 4198 3515 4261 quadam

1939 4262 2073 4315 inter
2116 4280 2168 4315 se
2215 4262 2596 4316 connectuntur.
2644 4262 2961 4317 Dractmtius
3008 4265 3042 4316 Ι.
3097 4281 3171 4327 ιιι,
3215 4282 3354 4320 vers.
3390 4268 3512 4330 645,

1940 4331 2231 4399 Αῧάὶβειιηι
2260 4334 2514 4387 hominem
2540 4334 2705 4402 longa:
2745 4335 3024 4402 fragmenta
3056 4337 3237 4400 ruinte,
3281 4341 3408 4391 Ante
3436 4349 3517 4389 ta-

1940 4419 2052 4455 men
2084 4420 2239 4473 quam
2264 4408 2481 4456 membra
2505 4407 2665 4470 forent
2693 4420 2936 4471 compage
2965 4405 3141 4471 ligata,
3174 4415 3276 4457 etc.

2013 4474 2101 4527 85.
2139 4474 2281 4527 Libr.
2314 4490 2388 4535 Ill,
2426 4475 2508 4528 ubi
2540 4474 2713 4541 agitur
2740 4476 2803 4526 de
2826 4476 3034 4527 ossibus
3070 4476 3236 4526 aridis
3272 4475 3392 4527 vitm
3421 4491 3513 4529 re-

1941 4544 2148 4597 stitutis
2177 4559 2315 4599 vers.
2349 4546 2472 4609 614,
2503 4543 2623 4595 Jam
2647 4544 2806 4596 neruis
2854 4544 3075 4595 membra
3107 4544 3350 4610 ligantur.
3383 4544 3514 4598 For-

1946 4624 2087 4667 tasse
2135 4615 2415 4682 legendum
2473 4614 2805 4682 pinguescunt
2869 4615 3002 4664 intra
3044 4613 3316 4682 imetlnllas
3372 4614 3514 4667 Hinc

1941 4700 2113 4748 cruor,
2145 4681 2262 4736 hinc
2287 4681 2488 4735 humor.
2528 4683 2633 4735 Loc
2663 4684 2754 4735 cit.
2792 4699 2841 4735 ν.
2872 4683 2993 4743 612,
3026 4681 3231 4735 Cruoris
3261 4684 3441 4737 humor
3462 4694 3517 4739 ut

1941 4756 2231 4823 absumptas
2280 4754 2537 4806 intraverit
2572 4766 2691 4806 ante
2733 4752 3002 4806 medullas.
3032 4751 3258 4806 Medulla
3284 4764 3367 4807 est
3397 4756 3517 4823 pin-

1940 4826 2113 4893 guedo
2142 4823 2404 4877 subtilior.

2014 4895 2102 4966 87.
2137 4894 2209 4947 De
2241 4894 2402 4947 verbo
2430 4894 2628 4961 plasma
2659 4892 2778 4947 libr.
2810 4908 2849 4959 ι,
2876 4907 2925 4946 v.
2953 4890 3077 4958 556,
3109 4890 3395 4947 Plasmavit
3423 4912 3516 4966 per

1944 4965 2166 5016 membra
2190 4966 2371 5017 virum.

2014 5034 2103 5087 89.
2136 5035 2196 5087 Β.
2232 5033 2389 5101 Virgo
2418 5033 2678 5100 concepit,
2709 5034 2830 5101 quia
2861 5033 3105 5087 credidit.
3141 5034 3305 5088 Fides
3334 5044 3514 5090 autem

1945 5119 2011 5157 ex
2044 5105 2245 5157 nudilu.
2279 5105 2474 5159 Confer
2502 5119 2642 5157 vers.
2693 5102 2817 5156 591.
2869 5106 3193 5169 Augustinus
3242 5120 3404 5158 serm.
3457 5106 3519 5158 15

1945 5175 2013 5227 de
2034 5174 2241 5240 Temp.,
2287 5176 2355 5227 nl.
2402 5173 2525 5240 £28,
2558 5173 2611 5227 in
2642 5174 2896 5242 append.,
2936 5174 3046 5227 Viri
3090 5175 3310 5227 nesciam
3351 5191 3517 5228 sermo

1948 5243 2042 5295 Dei
2070 5246 2293 5297 maritat.
2328 5244 2575 5298 Sedulius
2611 5246 2664 5297 in
2704 5246 2902 5312 hymno
2929 5245 3245 5297 abecedario
3271 5260 3283 5295 :
3313 5242 3520 5299 Intacta

1948 5318 2170 5366 nesciens
2200 5316 2363 5366 virum
2396 5315 2555 5366 Verbo
2585 5316 2813 5381 concepit
2841 5314 3023 5381 ﬁlium.
3074 5314 3345 5367 Ennodius
3375 5316 3519 5369 Tici-

1948 5399 2050 5437 nen
2070 5385 2278 5454 aislibr.
2314 5401 2369 5449 ιι,
2401 5384 2598 5454 hymno
2630 5384 2715 5447 10,
2743 5383 2981 5454 Concepit
3005 5400 3129 5436 aure
3152 5384 3319 5454 ﬁlium
3343 5425 3357 5438 .
3382 5423 3396 5438 .
3425 5425 3437 5436 .
3467 5422 3482 5437 .
3504 5424 3520 5439 .

1953 5453 2101 5519 Quod
2125 5452 2468 5522 lingua'jecii,
2499 5470 2663 5507 semen
2688 5461 2784 5506 est.
2818 5452 3066 5507 Sedulius
3099 5466 3261 5507 etiam
3292 5453 3519 5507 fortasse

1950 5513 2161 5589 scripsit
2190 5513 2428 5593 Concepit
2456 5513 2578 5577 aure
2605 5525 2788 5591 ﬁlium.
2820 5522 2953 5577 Vide
2970 5534 3148 5593 notam
3168 5524 3233 5577 ad
3267 5540 3405 5577 vers.
3432 5526 3519 5579 60.

1954 5594 2131 5648 Verbo
2158 5598 2316 5662 fetore
2344 5592 2507 5648 ntitur
2552 5594 2864 5647 Dracontius
2892 5609 3032 5647 vers.
3075 5592 3179 5646 217
3210 5603 3264 5647 et
3290 5595 3436 5660 Eleg.
3471 5611 3521 5647 v.

1954 5664 2040 5719 85.
2074 5664 2346 5734 Signiﬁcat
2374 5666 2473 5718 hoc
2500 5666 2618 5719 loco
2641 5665 2952 5729 fecundare,
2987 5674 3042 5716 ut
3071 5665 3208 5730 apud
3242 5666 3298 5719 S.
3343 5666 3525 5734 Augu-

1955 5734 2149 5788 stinum
2180 5745 2231 5789 et
2257 5737 2408 5789 alios.
2433 5735 2742 5789 Columella:
2774 5734 2874 5804 feto
2905 5744 2985 5787 est
3008 5734 3173 5786 fetum
3196 5735 3378 5789 edere.

2026 5806 2111 5858 91.
2148 5807 2288 5874 Ignis
2320 5806 2512 5869 anheli,
2550 5815 2605 5861 ut
2636 5807 2671 5861 l.
2705 5823 2742 5863 ι,
2788 5822 2837 5861 v.
2882 5804 2968 5867 '20,
3018 5804 3144 5859 solis
3171 5807 3365 5862 anheli.
3399 5805 3528 5863 Vide

1959 5876 2159 5945 proleg.
2191 5892 2336 5931 num.
2372 5878 2488 5931 tm.

3099 5965 3176 6027 25
