3942 6310
604 433 702 487 785

610 552 707 604 liii
785 551 851 604 Et
885 550 1043 604 simul
1086 546 1374 608 indociles,
1403 542 1698 610 doctosque
1725 540 1910 595 audire
1938 548 2181 595 moneret
2208 540 2260 599 Α

783 642 1115 711 Supplicium
1160 645 1279 709 post
1328 636 1531 705 grande
1585 633 1793 698 crucis,
1850 632 2187 692 reditumque

1852 720 2120 793 [superum

787 825 944 880 Lucis
982 823 1049 879 ad
1089 822 1356 878 athereos
1398 827 1631 886 tractus,
1689 814 2045 883 tltronumque
2092 828 2189 883 pa-

1926 905 2118 960 rentis.

791 1006 1070 1073 Caelestis,
1105 1005 1331 1061 veniens
1359 1018 1479 1058 cum
1520 1002 1731 1071 linguas
1768 998 2015 1053 funderet
2054 997 2191 1066 ignis

785 1101 1013 1167 Spiritus
1032 1140 1046 1165 ,
1068 1097 1236 1163 alme,
1263 1106 1385 1151 tuus
1402 1136 1416 1159 ,
1441 1102 1624 1149 nostro
1648 1088 1970 1146 commercia
1996 1088 2195 1143 mundo

624 1194 726 1247 150
802 1192 960 1261 232
1020 1190 1269 1243 Consona
1324 1185 1569 1242 dissimili
1619 1184 1904 1239 infundens
1952 1194 2199 1235 sermone

1901 1274 1919 1345 ἱ
1936 1272 2122 1327 beatis.

796 1372 877 1425 'l‘u
907 1372 1045 1425 Deus
1074 1384 1165 1436 es,
1193 1383 1352 1439 quem
1390 1375 1533 1423 terra
1558 1366 1765 1431 tremit,
1793 1379 1951 1435 quem
1975 1360 2203 1416 mundus

1880 1455 2091 1527 [adorat
2109 1496 2122 1519 ,

792 1558 869 1611 Te
886 1556 1190 1619 mandante,
1211 1554 1595 1624 pluuntnubes,
1611 1562 1666 1607 et
1685 1553 1751 1607 ab
1766 1552 1886 1620 igne
1897 1554 2201 1603 coruscant.

792 1650 1024 1715 Surgere
1053 1656 1106 1699 tu
1136 1656 1356 1709 ventos,
1382 1653 1438 1699 et
1477 1658 1723 1698 crescere
1753 1641 1967 1697 turbine
1988 1640 2133 1694 facto

802 1736 1053 1807 Praecipis
1075 1777 1090 1805 ,
1122 1746 1178 1791 ut
1205 1736 1406 1807 rapidae
1436 1734 1748 1806 perturbent
1776 1743 1968 1789 cuncta
1999 1731 2206 1802 procel-

2004 1825 2129 1898 [ιω.

627 1924 731 1979 155
806 1922 872 1977 Et
906 1937 1051 1978 mare
1074 1920 1356 1976 creruleum
1381 1920 1590 1990 rapiant
1615 1935 1776 1989 super
1796 1918 1996 1974 aethera
2020 1915 2204 1971 nimbi.
2238 1911 2283 1972 B

813 2019 891 2073 Tu
918 2032 1104 2071 rursus
1134 2016 1381 2084 reprimis
1411 2013 1598 2080 ﬂatus,
1639 2012 1999 2068 recidentibus
2028 2010 2172 2066 euris
2191 2052 2207 2076 ,

811 2109 877 2164 Et
896 2123 1043 2163 mare
1064 2123 1390 2177 purpureum
1413 2107 1699 2177 tranquillo
1722 2120 1988 2161 marmore
2014 2103 2206 2172 tendis,

2298 811 2398 865 160

1877 422 2236 481 pascuum
2272 418 2593 475 CAMIINA.
3672 412 3739 467 τες,

2463 534 2533 589 Ut
2557 541 2676 600 post
2698 544 2794 583 una
2820 530 2854 583 f.
2870 530 2940 582 eti
2974 529 3153 582 ludant
3180 541 3330 596 super
3352 540 3535 595 arquora
3552 527 3695 596 pisces.

2469 623 2695 681 Horrida
2735 631 2973 678 monstra
3010 629 3216 683 natent,
3255 630 3307 675 et
3338 619 3495 673 bellua
3524 621 3667 687 gestiat
3692 622 3743 672 in-

2798 734 2807 741 -
3575 711 3698 781 [gens

2540 808 2700 879 233
2732 806 2846 861 Hoc
2863 812 2948 861 est
2969 818 3158 873 nempe
3182 802 3386 868 fretum,
3402 804 3521 871 quod
3542 817 3587 856 se
3606 802 3743 867 divisit,

3511 892 3579 963 [et
3598 892 3707 946 hzcsit

2476 989 2541 1044 In
2570 999 2738 1061 partes
2759 990 2879 1043 hinc
2906 990 3027 1044 inde
3051 988 3178 1042 duas
3204 1004 3222 1042 :
3252 986 3451 1041 Hebrtra
3474 1002 3652 1057 propago

2477 1081 2643 1151 Impia
2674 1096 2835 1150 regna
2866 1080 3020 1150 fugit,
3047 1079 3224 1133 Moseo
3244 1077 3461 1146 principe
3486 1078 3638 1146 gentis,

2480 1171 2683 1227 Rursus
2743 1187 2895 1241 aqua:
2954 1170 3179 1225 reduces
3228 1178 3457 1237 repetunt
3512 1168 3600 1221 loca
3643 1168 3757 1234 prisca

3506 1260 3713 1331 [ﬂuentes

2481 1356 2611 1411 Cum
2665 1354 2885 1425 fugitiva
2931 1368 3119 1409 manus
3172 1352 3237 1407 de
3284 1351 3507 1405 ﬂuctibus
3542 1350 3674 1402 omnis
3702 1350 3760 1400 ad-

3582 1441 3715 1513 [esset,

2310 1540 2410 1594 165
2480 1538 2632 1593 Tunc
2656 1538 2935 1593 demersus
2959 1538 3072 1590 obit
3102 1535 3343 1605 populus,
3373 1534 3450 1603 qui
3477 1547 3591 1586 szeva
3613 1532 3763 1600 parabat

2484 1628 2841 1683 lsraelitarum
2866 1628 3031 1698 plebi,
3066 1643 3186 1696 qua:
3208 1626 3338 1680 facta
3365 1634 3600 1692 superstes

2492 1720 2707 1775 Vindice
2734 1720 3006 1789 naufragio
3030 1737 3043 1772 :
3070 1718 3162 1774 tali
3182 1718 3279 1772 sub
3301 1718 3442 1772 clade
3461 1716 3672 1775 aboletur,

2492 1820 2591 1887 Qui
2612 1819 2713 1873 fuit
2732 1828 2856 1873 ante
2887 1828 3079 1884 metus,
3116 1832 3237 1871 mox
3268 1816 3421 1871 libera
3446 1813 3573 1868 turba
3594 1809 3767 1866 Tonantis

2492 1909 2748 1965 Mutatum
2774 1910 2996 1963 miratur
3020 1909 3123 1962 iter
3146 1924 3161 1965 ;
3190 1908 3269 1963 via
3298 1908 3455 1975 prisca
3478 1904 3626 1959 salutis

2314 2013 2417 2068 170
2487 2011 2686 2069 Semita
2730 2011 2917 2067 mortis
2959 2020 3099 2071 erat.
3150 2024 3248 2065 nec
3283 2021 3486 2064 servans
3510 2004 3695 2061 membra
3722 2015 3773 2055 se-

3559 2095 3729 2165 'pulcro.

1880 2260 2269 2316 SCRIPTURA
2308 2258 2462 2317 COD.
2504 2258 2663 2316 VAT.

702 2378 823 2432 1&5.
865 2376 1017 2430 Prius
1044 2375 1255 2429 videtur
1278 2374 1444 2429 fuisse
1471 2382 1689 2427 moveret
1722 2388 1815 2441 pro
1837 2384 2079 2429 moneret.

699 2448 821 2505 146.
867 2446 1237 2513 Redditusque,
1282 2446 1369 2499 vel
1413 2443 1763 2512 redditumque
1802 2459 1898 2513 pro
1943 2446 2206 2511 reditum,

628 2529 683 2575 et
707 2533 925 2585 superna
950 2531 1045 2583 pro
1076 2531 1329 2579 superum.

700 2589 822 2641 147.
867 2585 1077 2639 Tractus
1099 2585 1429 2653 threnumquc
1457 2602 1513 2653 p.

702 2658 824 2711 151).
866 2655 995 2711 Cum
1022 2655 1128 2709 sole
1170 2656 1407 2709 dissimili
1431 2656 1708 2725 infundens
1738 2673 1967 2713 sermone
1996 2658 2174 2711 beatis.

704 2728 824 2783 152.
870 2726 935 2779 Et
958 2726 1018 2779 ab
1049 2727 1207 2780 imbre
1232 2742 1279 2778 ι’.

2388 2376 2510 2429 161.
2542 2374 2725 2428 Partes
2745 2374 2798 2427 in
2831 2373 2948 2425 hinc
2978 2373 3135 2437 duas;
3165 2370 3316 2428 deest
3342 2371 3570 2437 reliquum

2390 2446 2510 2500 165.
2544 2447 2742 2500 Rursus
2770 2451 2917 2513 atque
2945 2442 3175 2497 reduces.

2392 2516 2515 2571 165.
2548 2516 2828 2569 Dimersus.

2392 2586 2514 2641 166.
2548 2586 2947 2656 [iisraelitarum
2977 2583 3147 2654 phwbi
3178 2603 3230 2656 q.

2396 2658 2522 2712 167.
2553 2654 2709 2709 Clade
2738 2658 2949 2710 deletur.

2402 2726 2520 2783 169.
2546 2724 2772 2781 Miratur
2794 2734 3046 2781 mutatum
3074 2726 3209 2782 inter
3230 2727 3329 2781 via.

2159 2862 2388 2922 ΝΟΤᾹΞ.

708 2984 831 3039 145.
872 2980 1123 3035 Forta~se
1154 2977 1260 3031 Hos
1290 2978 1467 3044 simul,
1502 2979 1580 3033 vel
1619 2996 1743 3047 quos
1772 2980 1943 3033 simul.
1971 2980 2075 3035 Pro
2102 2995 2210 3033 ma-

638 3066 776 3109 neret
818 3068 922 3107 non
964 3050 1101 3103 ntale
1137 3058 1282 3103 esset
1320 3060 1558 3103 mouret.
1592 3051 1665 3103 Es
1715 3051 1915 3104 codicis
1943 3051 2213 3119 scriptura

637 3125 725 3181 hic
753 3124 1020 3192 colligitur
1047 3134 1270 3183 sensus,
1302 3122 1441 3187 quod
1492 3120 1715 3188 apostoli
1748 3122 1815 3174 ab
1839 3122 2087 3192 omnibus
2124 3119 2219 3192 Ju-

2320 2990 2524 3033 notam.
2566 2979 2795 3034 Tendere
2824 2980 3104 3049 tranquillo
3145 2996 3392 3035 marmore
3423 2988 3496 3035 est
3537 2988 3730 3047 mquare,
3757 2972 3788 3026 in

2322 3050 2538 3119 planum
2570 3050 2861 3106 extendere
2879 3052 3041 3106 maris
3072 3053 3267 3107 undas.

2401 3120 2525 3175 158.
2568 3119 2771 3175 Ludunt
2816 3122 2997 3188 pisces,
3048 3134 3103 3176 ut
3149 3124 3185 3176 l.
3221 3140 3266 3190 ι,
3307 3136 3440 3176 vers.
3476 3118 3585 3181 257,
3616 3116 3790 3190 Luserttnl

637 3198 768 3250 dans
810 3184 1141 3247 diversarum
1184 3184 1458 3244 nationum
1497 3184 1586 3259 qui
1632 3200 1786 3243 erant
1831 3189 2219 3260 Hierosolymis
2246 3196 2292 3257 ο
2322 3207 2443 3246 cum
2477 3201 2621 3245 nota.
2657 3184 2843 3247 Simile
2883 3203 2964 3246 est
2986 3184 3135 3247 vers.
3186 3184 3298 3261 seq.
3331 3235 3344 3256 ,
3384 3184 3791 3261 Belluafgestiatitt-

641 3265 1087 3333 iutelligerentur.
1122 3263 1239 3313 Act.
1271 3272 1441 3328 apost.
1472 3276 1591 3330 cap.
1617 3276 1673 3325 tt,
1717 3275 1864 3333 vers.
1893 3262 1926 3314 6
1956 3270 2011 3315 et
2035 3275 2209 3329 seqq.,

641 3329 1003 3387 Facta'autem
1031 3331 1125 3381 hac
1168 3345 1286 3382 voce
1306 3376 1319 3393 ,
1366 3329 1595 3384 convenit
1626 3329 1897 3383 multitudo
1920 3375 1933 3399 ,
1966 3340 2011 3383 et
2054 3341 2218 3383 mente

639 3407 853 3475 confusa
877 3412 949 3455 est
968 3442 981 3464 ,
1010 3402 1252 3475 quoniam
1287 3401 1525 3475 audiebat
1554 3402 1897 3475 unusquisque
1930 3402 2104 3469 lingua
2124 3416 2220 3475 sua

639 3470 758 3529 illos
782 3475 1131 3541 loquentes....
1162 3470 1224 3522 Et
1253 3474 1506 3536 quomodo
1524 3488 1614 3524 nos
1636 3470 1924 3525 audivimus
1956 3472 2223 3537 unusquis-

641 3562 738 3613 que
763 3547 986 3613 linguam
1012 3542 1371 3613 nostram?._...
1401 3542 1701 3596 Audiuimus
1733 3558 1818 3596 eos
1850 3545 2107 3609 loquentes
2131 3556 2223 3594 no-

641 3610 758 3668 stris
785 3610 969 3680 linguis
994 3610 1257 3681 magnalia
1279 3610 1395 3665 Dei.

717 3686 841 3739 146.
889 3682 1114 3749 lntolligi
1146 3691 1320 3749 potest
1343 3726 1356 3749 ,
1388 3690 1508 3751 post
1529 3682 1758 3737 reditum
1780 3682 2001 3749 Christi,
2025 3682 2114 3751 qui
2142 3689 2224 3735 est

642 3756 737 3810 lux
760 3768 1014 3823 superna,
1050 3756 1112 3804 ait
1144 3752 1409 3807 aethereos
1436 3762 1659 3818 tractus,
1686 3754 1769 3808 vel
1796 3795 1810 3820 ,
1847 3764 1965 3823 post
1992 3754 2223 3809 reditum

643 3826 712 3880 ad
740 3822 1004 3878 mtliereos
1028 3832 1227 3877 tractus
1258 3822 1391 3877 lucis
1422 3838 1692 3890 superum.

717 3894 840 3950 167.
884 3894 983 3959 Qui
1016 3897 1168 3946 metri
1216 3894 1475 3948 rationem
1509 3893 1707 3947 habere
1739 3894 1885 3960 velit,
1920 3894 2076 3949 facile
2102 3907 2226 3947 cor-

645 3965 789 4027 riget
816 3972 1039 4034 tractus.
1068 3966 1350 4031 soliumque
1391 3964 1634 4032 parentis.
1673 3963 1805 4020 Vide
1838 3967 2045 4034 proleg.
2073 3977 2224 4018 num.

650 4036 754 4091 1'59
777 4046 831 4090 et
859 4050 910 4086 ν.
940 4033 1046 4087 204
1074 4035 1230 4099 bnjus
1262 4035 1401 4090 libri.

718 4107 843 4159 150.
891 4105 1051 4157 Forte
1080 4104 1318 4167 Quamvis
1351 4104 1615 4157 dissimili.
1641 4104 1800 4159 Certe
1827 4106 2079 4160 mendum
2108 4114 2224 4161 est:

646 4173 773 4227 Cum
794 4176 902 4226 sole
934 4174 1192 4224 dissimili.
1219 4173 1601 4237 Apostolisuut
1633 4176 1663 4226 ii
1692 4176 1780 4241 qui
1802 4176 2051 4230 dicuntur
2071 4177 2225 4229 beati.

645 4243 912 4298 Usitattnn
944 4241 1038 4293 fuit
1061 4258 1087 4292 a
1124 4243 1307 4309 primis
1347 4244 1557 4296 saeculis
1587 4244 1728 4297 viros
1758 4245 1959 4298 sanctis
1989 4247 2229 4299 moribus

645 4314 903 4382 praeditos
930 4312 1099 4364 beatos
1129 4312 1404 4382 appellare
1432 4352 1445 4373 ,
1485 4321 1543 4363 ut
1568 4326 1752 4382 contra
1782 4315 1991 4368 miseros
2015 4327 2068 4369 et
2094 4314 2230 4381 infe-

648 4384 765 4436 lices
798 4392 1105 4451 peccatgvres
1131 4420 1145 4443 ,
1192 4392 1243 4433 et
1272 4381 1576 4451 damnatos.
1610 4381 1744 4437 Vide
1784 4392 1963 4437 notam
1987 4385 2055 4439 ad
2083 4399 2225 4438 vers.

647 4456 711 4509 11
748 4448 867 4507 libr.
904 4468 941 4516 ι,
974 4450 1037 4503 Et
1069 4452 1153 4518 pia
1180 4460 1295 4503 vota
1326 4448 1421 4503 Dei
1461 4453 1655 4505 miseris
1702 4454 1853 4518 hinc,
1885 4453 2006 4508 inde
2049 4454 2227 4509 beatis.

649 4524 727 4579 Ad
757 4524 990 4588 coclites,
1023 4536 1249 4591 quorum
1284 4522 1459 4575 cultus
1484 4522 1776 4587 permissus
1798 4533 1901 4588 est,
1928 4540 2066 4579 nunc
2088 4526 2229 4579 beati

650 4597 829 4647 titulu<
863 4593 1047 4646 referri
1074 4591 1213 4647 solet
1241 4611 1254 4645 :
1290 4594 1343 4644 in
1387 4593 1627 4645 llomano
1655 4608 1786 4647 vero
1815 4608 2028 4649 summo
2058 4595 2233 4661 ponti-

651 4668 749 4717 fice
798 4663 1143 4716 Bcatitudinis
1172 4672 1225 4717 et
1254 4661 1553 4716 Sanctitatis
1597 4664 1889 4733 appellatio
1931 4666 2236 4735 promiscue

651 4737 957 4787 adhibetur.

730 4808 848 4860 151.
892 4806 1039 4871 Ιςιρς.
1074 4818 1215 4857 vers.
1241 4804 1277 4856 2
1299 4844 1311 4861 .
1346 4803 1509 4869 Quem
1540 4803 1679 4857 timet
1724 4822 1871 4859 omne
1908 4806 2074 4859 solum
2102 4847 2116 4867 ,
2152 4805 2236 4861 vel

651 4879 837 4938 trcm‘t,
862 4886 916 4928 ut
937 4878 1024 4928 alii
1059 4874 1259 4943 legunt.
1288 4874 1438 4940 Quod
1474 4890 1559 4926 res
1590 4884 1783 4929 creatae
1804 4877 2021 4929 adorant
2047 4877 2233 4941 Deum,

654 4948 835 4998 multis
868 4948 918 4998 in
954 4945 1084 4997 locis
1114 4958 1428 5013 expressum
1457 4954 1575 5011 est,
1613 4954 1670 4998 ut
1697 4945 1735 5000 Ι.
1763 4961 1811 5011 ι,
1842 4960 1984 5001 vers.
2019 4945 2082 5011 4,
2111 4948 2147 5001 l.
2176 4962 2235 5011 ιι,

654 5031 791 5069 vers.
824 5016 892 5068 72
922 5022 976 5067 et
999 5014 1125 5069 206.

726 5085 848 5157 152.
891 5085 1037 5139 Libr.
1066 5102 1101 5149 ι,
1132 5084 1407 5141 vers.‘710
1431 5126 1447 5152 ,
1477 5086 1577 5151 Qui
1603 5086 1691 5139 dat
1722 5086 1998 5157 fulmineos
2042 5086 2237 5142 collisis

656 5155 866 5209 nubibus
887 5157 1046 5223 ignes.

692 5266 702 5276 .
729 5229 849 5279 154.
892 5224 1147 5280 Procellae
1174 5225 1389 5290 t'apida’,
1424 5236 1477 5279 ut
1503 5226 1591 5280 lib.
1618 5242 1655 5290 ι,
1690 5242 1826 5281 vers.
1858 5227 1959 5283 708
1980 5269 1994 5295 ,
2025 5228 2240 5296 exposi-

657 5308 764 5351 tuut
797 5306 897 5349 est.

731 5368 854 5441 156.
1080 5381 1117 5431 ι,
1168 5366 1440 5441 versuti]
1469 5365 1807 5441 ,7eruleum
1855 5386 2026 5434 (τίμιον
2074 5370 2235 5441 ponti.

732 5437 851 5489 136.
897 5438 1041 5489 Lihr.
1078 5452 1113 5501 l,
1148 5451 1196 5489 v.
1234 5437 1351 5501 165,
1388 5436 1656 5491 ltecidente
1683 5440 1857 5492 ruina.
1907 5436 2109 5494 Ventus
2154 5457 2239 5494 ca-

658 5509 774 5558 dere
800 5523 943 5573 smpe
972 5505 1163 5561 dicitur
1192 5549 1205 5569 ,
1246 5522 1299 5560 et
1328 5510 1515 5559 eodem
1562 5524 1719 5561 sensu
1760 5510 1981 5561 recidere
2008 5510 2235 5564 dicetur.

657 5578 761 5630 Sed
793 5579 893 5633 lioc
926 5579 1041 5629 loco
1066 5580 1287 5630 fortasse
1313 5578 1592 5645 legendum
1621 5588 1703 5631 est
1727 5580 2058 5632 residentibus
2082 5583 2235 5632 euris.

660 5648 909 5713 Virgilius
941 5647 1063 5700 libr.
1094 5665 1180 5707 vn,
1216 5662 1361 5700 vers.
1397 5649 1463 5699 27
1490 5690 1503 5714 ,
1536 5665 1650 5700 cum
1690 5651 1818 5701 venti
1847 5665 2053 5713 posuere
2077 5688 2089 5709 ,
2131 5666 2237 5699 om-

658 5719 832 5783 nisque
856 5731 1058 5784 repente
1084 5719 1263 5771 resedit
1289 5716 1492 5781 Flatus,
1518 5728 1561 5771 et
1588 5720 1640 5770 in
1670 5720 1800 5771 lento
1830 5720 2083 5771 luctantur
2107 5734 2240 5769 mar-

660 5797 1012 5857 niorejonsar.
1044 5789 1327 5854 Coniungit
1354 5804 1565 5855 quoque
1596 5801 1763 5842 ventos
1791 5798 1845 5842 et
1874 5792 2051 5857 ﬂatus.

732 5854 857 5907 157.
900 5854 1043 5909 Libr.
1077 5873 1114 5921 ι,
1140 5871 1281 5911 vers.
1312 5854 1411 5924 78’,
1462 5857 1527 5910 Et
1556 5874 1693 5912 mare
1728 5854 2063 5929 purpureum.
2099 5858 2229 5913 Vide

2322 3279 2465 3333 gens.
2492 3262 2549 3317 Si
2573 3262 2866 3333 retineatur
2904 3263 3169 3330 scriptura
3200 3260 3415 3324 codicis.
3451 3260 3792 3333 corripienti-ain

2321 3324 2422 3385 ima
2446 3332 2720 3394 adverbio,
2741 3343 2798 3386 ut
2828 3324 3113 3400 aliquando
3137 3334 3267 3387 litin
3292 3336 3491 3401 frustra,
3514 3324 3669 3401 contra,
3690 3324 3791 3401 ultra.

2324 3403 2517 3457 Verum
2562 3390 2816 3457 libentius
2847 3390 3100 3469 legerem,
3122 3404 3190 3457 Ut
3226 3390 3489 3473 prostrata
3520 3398 3643 3473 freti,
3665 3404 3727 3473 at}!

2323 3486 2437 3541 post
2463 3482 2620 3526 strata
2650 3474 2787 3542 freti.
2825 3462 3122 3541 Virgilius:
3149 3462 3273 3529 libr.
3304 3492 3350 3537 ν,
3378 3462 3633 3542 γθτε.’765,
3653 3462 3797 3542 fluvidi

2322 3534 2605 3597 straverunt
2645 3534 2852 3611 iaquora
2876 3534 3007 3597 ve'nti
3036 3561 3055 3598 :
3086 3555 3140 3598 et
3180 3534 3348 3611 eclog.
3374 3544 3423 3605 9,
3457 3558 3504 3593 v.
3533 3539 3589 3592 57
3611 3534 3797 3611 ,thth

2325 3630 2473 3666 onme
2500 3615 2587 3666 tibi
2616 3607 2832 3665 stratum
2871 3616 2984 3667 silet
3015 3632 3207 3682 (τίμιον,
3243 3607 3480 3667 ειόυηιεε
3508 3607 3691 3679 (Aspice)
3722 3617 3797 3653 ren-

2325 3685 2423 3737 tosi
2458 3684 2745 3737 ceciderunt
2774 3686 3053 3736 murmuris
3079 3701 3243 3737 aurm.

2400 3754 2523 3807 159.
2568 3755 2879 3808 Ambrosius
2910 3769 3029 3822 cap.
3059 3756 3142 3816 10.
3174 3755 3298 3808 libr.
3330 3770 3359 3805 v
3385 3752 3611 3807 Hexaem.
3634 3743 3800 3822 Ροδί

2328 3825 2507 3896 εἱὶὶυηι
2540 3842 2553 3876 :
2588 3822 2705 3877 Cete
2725 3864 2739 3887 ,
2775 3824 2867 3875 illa
2900 3815 3151 3896 immensa
3184 3840 3373 3896 genera
3406 3815 3801 3896 pisciumfaqunlla

2328 3895 2583 3947 montibus
2638 3908 2875 3963 corpora.
2933 3886 3296 3949 Tertulliaiius
3346 3886 3414 3947 de
3461 3886 3801 3963 .lndicio_[iom..

2329 3965 2582 4034 deformia
2608 3960 2834 4017 monstra
2857 3974 3140 4017 natantum.
3162 3965 3409 4018 Horatius
3432 3964 3463 4015 Ι.
3488 3978 3521 4028 ι,
3553 3960 3692 4034 οὐ.λῷ
3713 3966 3803 4034 ῖίςῖε·

2333 4024 2427 4098 18,
2464 4035 2564 4097 Qui
2602 4035 2748 4087 siccis
2776 4036 2937 4087 oculis
2966 4046 3193 4087 monstra
3223 4035 3479 4095 natantia,
3510 4024 3606 4083 'etc.
3634 4024 3803 4098 Virgil"?

2331 4120 2382 4159 v1
2413 4092 2651 4167 illeid”
2680 4121 2730 4157 v.
2761 4103 2884 4169 729,
2918 4104 2983 4157 Et
3008 4121 3121 4172 qua:
3144 4120 3426 4157 marmoreo
3457 4092 3542 4168 fert
3562 4092 3804 4172 monstrasai

2332 4191 2532 4247 a'quore
2571 4186 2772 4245 pontus.
2822 4167 2879 4228 In
2919 4167 3086 4247 bellua
3130 4178 3307 4244 ingens
3342 4167 3802 4247 intelligiturnbalflfﬂii

2334 4238 2422 4298 aut
2464 4238 2581 4297 alia'
2609 4246 2812 4313 quaevis
2847 4246 3095 4298 immania
3142 4238 3303 4307 cete,
3350 4256 3400 4297 ut
3443 4238 3578 4313 vocat
3619 4238 3802 4313 Virgilius:

2336 4315 2470 4368 Vide
2498 4308 2813 4383 interpretes
2839 4315 2958 4369 Jobi
2987 4330 3104 4383 cap.
3140 4331 3204 4367 xi.
3230 4357 3244 4378 ,
3278 4330 3415 4368 vers.
3438 4312 3507 4383 20,
3526 4320 3587 4383 et
3610 4322 3749 4383 seqq.
3773 4308 3805 4383 el

2336 4384 2485 4439 Isaiae
2529 4378 2653 4447 cap."
2685 4400 2825 4449 xvtt,
2859 4387 2909 4451 1,
2956 4378 3352 4453 υὺὶἐιροιιυηι
3382 4382 3513 4452 quod
3548 4378 3678 4450 piscis
3696 4382 3805 4442 genus

2336 4455 2404 4509 sit
2440 4455 2752 4509 Leviathan.

2415 4506 2853 4579 166.1lndicatum
2879 4525 2979 4579 lioc
3001 4525 3314 4579 miraculum
3336 4534 3415 4578 est
3437 4522 3523 4577 lib.
3548 4536 3579 4583 ι,
3600 4531 3711 4572 vers.
3728 4506 3808 4583 701;

2265 4563 2317 4622 Ι)
2345 4563 3695 4659 Viii‘iiiiii‘iﬁj"?i"ii{i}§17$}:"ii'i'eTééiiﬁIiiiius
3712 4578 3807 4659 apri-

2352 4675 2368 4685 ‘
2409 4666 2532 4720 162.
2565 4651 2759 4720 Eodem
2792 4665 2948 4718 modo
2982 4666 3179 4734 Moysis
3209 4680 3399 4717 nomen
3428 4651 3687 4734 eﬂerturjin
3711 4651 3807 4715 Eleg-

2341 4750 2484 4789 vers.
2521 4736 2605 4798 17,
2640 4734 2815 4788 Mosco
2846 4737 2981 4788 dicta
3003 4730 3281 4804 prophetae.
3316 4733 3542 4801 Intellige
3562 4730 3653 4804 sub.

2414 4805 2535 4859 165.
2568 4805 2681 4858 Lib.
2718 4821 2752 4865 ι,
2788 4820 2928 4859 vers.
2956 4801 3080 4867 705,
3102 4801 3249 4857 Ιὶαηι
3278 4806 3481 4857 reduces
3504 4801 3811 4867 sentirctaqﬂﬁ'

2340 4858 2547 4930 Sedribi
2576 4858 2782 4928 reduces
2813 4858 2959 4944 aqum
3000 4858 3124 4929 sunt
3170 4890 3320 4942 aqua:
3365 4884 3501 4927 retro
3541 4858 3812 4944 ﬂtt_e.nte$,|lic

2340 4960 2491 5013 aqua:
2520 4949 2571 4999 in
2598 4961 2751 4999 suum
2782 4940 2959 4998 locum
2992 4940 3319 5000 revertentes
3346 4962 3357 4996 :
3390 4940 3661 5013 natngredux
3680 4942 3812 5013 υιῐτξιιξς

2340 5002 2443 5085 que
2492 5016 2930 5084 significationem
2977 5016 3154 5069 habet.
3210 5015 3404 5067 Rursus
3436 5011 3620 5065 reduces
3656 5002 3814 5085 τερίίξῗξ

2343 5066 2437 5141 Est
2460 5066 2840 5150 messeniis,“
2852 5066 3152 5140 01610101ιῖ
3168 5094 3221 5139 et
3242 5066 3598 5139 conﬁrmatum
3624 5066 3814 5137 exertiplis

2342 5166 2422 5210 est
2448 5156 2540 5209 lib.
2574 5172 2611 5219 ι,
2643 5171 2782 5209 vers.
2816 5154 2937 5209 111.

2417 5228 2537 5281 165.
2571 5217 2741 5280 Latini
2772 5227 3059 5292 scriptores
3086 5226 3393 5293 plerumque
3416 5217 3811 5293 dicuntdentersli-

2342 5297 2675 5353 Tertulliano
2710 5288 2955 5349 tribuitur
2976 5288 3248 5359 dimérsus,
3280 5288 3379 5348 nisi
3400 5308 3541 5346 error
3568 5289 3642 5340 hic
3672 5288 3766 5359 est.“
3793 5343 3798 5349 _

2415 5348 2937 5421 167.7l’otestialior
2978 5369 3139 5419 etiam
3201 5348 3357 5418 niodo
3412 5361 3634 5415 mendum
3681 5348 3817 5421 ceditis

2342 5416 2616 5491 emendari
2638 5416 3025 5505 naufi
3175 5416 3275 5491 tali
3299 5416 3352 5487 se
3378 5434 3514 5505 clade
3548 5436 3717 5505 tuetur.
3738 5416 3817 5505 (illi

2344 5509 2440 5576 fuit
2462 5518 2578 5559 ante
2610 5509 2810 5571 timens,
2842 5498 2999 5569 mox;
3028 5498 3157 5576 βία,
3200 5506 3280 5558 vel
3327 5504 3451 5576 Qui?
3469 5498 3814 5576 [μεταίηιίίίιξξξξς

2342 5556 2436 5630 ..εἰν
2449 5556 2716 5645 ἀράξω...
2732 5556 2980 5647 sua};
2998 5591 3015 5628 .-
3036 5556 3257 5647 vanis;
3272 5556 3527 5640 ηαςφαάίο
3548 5570 3625 5647 tali
3641 5556 3816 5647 atque

2344 5622 2594 5709 abol'etttr',
2628 5622 2827 5701 seiliccrt
2854 5647 3099 5714 pupulus,
3134 5645 3221 5713 qui
3252 5622 3396 5697 saeva
3426 5622 3639 5710 parabat.
3668 5622 3817 5714 ill

2344 5729 2426 5769 tur
2452 5706 2617 5779 prima
2651 5728 2732 5770 est
2758 5706 2940 5786 longa,
2962 5732 3059 5770 nec
3083 5706 3206 5784 puto
3230 5706 3555 5777 aqllracontio
3574 5706 3815 5786 conciliati:

2416 5775 2535 5858 170.
2571 5775 3317 5858 διηνανελιηνειιιὸνΑα-δὶριριενρ,
3362 5792 3415 5835 ut
3449 5792 3627 5858 serr_qrc_
3656 5775 3817 5858 esse“:

2345 5857 2540 5925 pulcro,
2569 5867 2620 5912 et
2649 5856 2845 5912 similia
2872 5856 3011 5921 apud
3040 5845 3400 5912 Prudentium.
3438 5861 3488 5908 ut
3526 5846 3626 5903 disi
3659 5845 3817 5897 incom-
