3942 6310
220 267 332 325 785
1417 269 1697 326 CARMEN
1739 270 1777 325 D

1898 272 2023 327 lEO.
2066 271 2196 327 LIB.
2237 272 2299 328 ll.

397 383 608 439 Africus
628 383 830 440 interea
853 393 1029 439 motus
1055 384 1250 439 virtute
1272 383 1503 453 iubentis
1822 390 1875 448 Α

397 475 556 547 234
580 475 849 531 lllaesurus
869 476 1040 539 adest,
1068 475 1208 530 nulla
1232 477 1518 532 comitante
1541 479 1796 548 procella,

399 567 627 622 Delicias
662 578 875 636 portare
912 583 1107 639 parans
1147 584 1316 622 novus
1363 570 1560 639 ingruit
1602 572 1796 638 imber,

397 641 1033 713 lnnumerasdat‘nimbus
1048 674 1194 722 aves,
1217 659 1373 713 datur
1394 674 1512 715 esca
1528 661 1792 732 polorum,

210 752 320 808 175
395 751 644 819 Angelica
671 749 737 804 de
764 759 915 818 parte
945 750 1120 815 cibus,
1145 750 1450 804 sitientibus
1472 760 1650 807 autem

392 842 635 898 Flumina
662 853 814 912 petra
841 842 1009 907 dedit,
1042 843 1187 897 nullo
1219 843 1452 900 fodiente
1479 845 1676 913 ligone.

462 935 527 990 Et
568 951 635 990 ne
679 936 830 1005 plura
880 937 1090 1006 loquar,
1140 945 1225 990 tua
1268 945 1413 1001 sunt,
1462 953 1794 1007 quaecunque

1423 1025 1722 1100 [videntur,

390 1123 586 1192 thuae
602 1135 760 1176 nemo
774 1120 919 1175 videt
933 1137 946 1172 :
960 1119 1054 1174 tibi
1067 1119 1263 1174 debent
1276 1120 1477 1185 omnia,
1492 1121 1629 1189 quod
1646 1130 1790 1189 sunt,

384 1216 465 1270 Tu
492 1226 666 1270 tamen
700 1214 836 1283 ipse,
860 1212 999 1283 quod
1032 1227 1110 1279 es,
1140 1213 1269 1266 nulli
1298 1212 1495 1267 debere
1524 1213 1788 1281 probaris,

203 1308 314 1363 180
391 1308 456 1362 Et
481 1306 746 1375 quasi‘qui
772 1306 948 1369 debet,
981 1307 1057 1359 sic
1096 1306 1343 1379 omnibus
1380 1306 1559 1359 omnia
1588 1307 1790 1364 reddis.

3386 282 3487 337 786

2083 389 2148 443 Et
2178 388 2407 458 speciale
2432 386 2607 458 jubes.
2642 398 2889 460 tanquam
2916 391 3189 460 generale,
3222 394 3379 448 tueri.
3504 460 3515 465 ,ι

2084 481 2172 537 Sic
2225 483 2285 537 fit
2332 494 2503 539 mater
2548 484 2783 553 humus,
2849 500 2953 555 qua
3004 487 3242 556 germina
3293 497 3483 542 cuncta

3102 577 3411 650 [creantur,

1900 665 2003 724 185
2050 663 2165 723 'Sic
2196 682 2343 722 mare
2366 669 2652 723 velivolum
2683 679 2951 726 mercator
2974 681 3133 726 nauta
3165 681 3407 739 vagatur,
3498 670 3499 673 “

2067 759 2445 830 Telluremque
2458 776 2645 816 novam
2659 763 3021 831 circumspicit
3034 765 3481 833 impigerhospes,

2078 850 2148 905 Et
2178 851 2487 921 complexus
2510 862 2653 908 amat
2673 870 2779 909 non
2807 857 3052 925 cognitus
3079 857 3282 911 advena
3314 860 3478 913 cives.

2078 944 2305 1001 Fmdere
2334 947 2606 1010 concordi,
2638 948 2759 1016 quia
2788 949 2888 1014 vis,
2934 950 3197 1004 elementa
3227 961 3479 1005 tenentur

2085 1036 2216 1090 Tam
2262 1038 2417 1106 longa
2446 1052 2685 1093 connexa
2716 1054 2883 1101 mora,
2915 1040 2990 1094 sic
3017 1041 3196 1109 juncta
3228 1042 3474 1109 ligantur,

1905 1124 2007 1182 190
2081 1126 2153 1183 Ut
2182 1127 2447 1197 disjuncta
2476 1138 2655 1184 tamen
2682 1130 2933 1185 concordi
2965 1132 3056 1186 lite
3088 1134 3402 1202 probentur.

2077 1220 2134 1277 Si
2159 1221 2425 1290 disjuncta
2455 1222 2604 1290 flant,
2640 1224 2876 1279 solvetur
2904 1225 3148 1278 machina
3180 1241 3382 1289 rerum,

2074 1313 2235 1385 236
2257 1313 2313 1369 Si
2362 1314 2647 1383 conjuncta
2696 1315 2889 1383 forent,
2921 1319 3099 1373 omnis
3125 1327 3314 1372 natura
3341 1320 3476 1389 peri-

388 1398 549 1472 235
572 1398 668 1451 Est
699 1396 789 1451 tibi
829 1411 978 1461 cura,
1022 1396 1185 1461 Deus,
1216 1395 1283 1451 de
1312 1396 1566 1466 quidquid
1595 1397 1789 1467 ubique
3280 1408 3406 1481 fret,

1467 1489 1711 1562 [creasti,
2150 1496 2250 1563 Tu,
2310 1496 2452 1551 Deus
2506 1498 2876 1568 omnipotens,
2922 1502 3085 1565 nosti,
3134 1515 3238 1570 quo
3281 1500 3471 1555 feceris

384 1584 459 1640 Ne
483 1593 684 1639 tantum
704 1580 1014 1637 succumbat
1033 1595 1173 1636 onus
1193 1597 1206 1634 :
1230 1589 1338 1636 stat
1360 1595 1485 1636 cura
1503 1583 1789 1651 minorum,
1827 1572 1870 1631 l1
3181 1592 3401 1665 [orbem

1445 1674 1830 1735 SCRIPTURA
1870 1682 2022 1739 COD.
2067 1682 2230 1738 VAT.

1962 1774 2086 1845 181.
2122 1772 2260 1845 (Iura
2282 1775 2345 1827 de
2372 1774 2640 1845 quidquid.

1958 1844 2087 1898 182.
2121 1843 2231 1897 Nec
2259 1853 2479 1898 tantum.

1962 1914 2081 1986 188.
2117 1914 2371 1986 Concordi
2391 1917 2513 1985 quia
2540 1916 2614 1969 bis
2643 1930 2713 1983 e.,
2758 1913 2853 1969 sed
2882 1915 3000 1986 quia
3027 1930 3134 1971 non
3158 1916 3322 1973 clare.

271 1775 397 1828 175.
432 1772 640 1826 Deliciis
670 1777 891 1841 portare.

269 1843 394 1897 174.
426 1842 641 1895 Nimbus
664 1840 825 1909 aquas
854 1840 908 1892 d.

268 1914 397 1968 178.
432 1912 495 1966 0.
527 1922 648 1983 quot
676 1921 813 1983 sunt.

270 1984 397 2038 180.
427 1984 489 2035 Et
509 1979 655 2052 quasi
675 1983 758 2049 qui
778 1981 924 2034 debes
944 1981 1049 2046 sic;
1068 1980 1163 2035 sed
1182 1980 1325 2045 quasi
1340 1979 1571 2036 obscure
1595 1997 1609 2036 :
1634 1979 1781 2050 prius

186 2055 295 2110 fuit
320 2054 523 2117 reddes,
551 2062 731 2123 postea
762 2052 957 2105 factum
988 2052 1178 2106 reddis.

1960 1984 2082 2039 195.
2119 1983 2272 2039 Nosti
2298 1983 2436 2053 quod
2462 1986 2662 2056 feceris.

1724 2120 1950 2179 NOTIE.

186 2226 366 2274 ment.
394 2216 457 2269 ad
492 2216 673 2284 hymn.
709 2213 775 2266 12
802 2212 1016 2284 Perisg,
1059 2227 1204 2284 vers.
1232 2212 1324 2267 15.
1353 2211 1466 2278 Qua
1491 2211 1576 2266 via
1605 2211 1773 2267 Israe-

187 2290 303 2343 litze
333 2282 556 2340 salutem
582 2287 914 2345 invenerant,
936 2282 1167 2353 lEgyptii
1189 2291 1412 2337 mortem
1428 2283 1769 2338 invenerunt.

185 2358 438 2415 lnfamiae
468 2371 636 2425 genus
660 2354 925 2409 ducebant
948 2363 1180 2416 veteres,
1204 2353 1371 2425 _quod
1411 2366 1636 2422 corpora
1671 2354 1771 2425 de:

186 2423 501 2484 functorum
530 2426 778 2493 sepulcro
803 2425 1160 2491 privarentur.
1203 2423 1338 2477 Vide
1375 2432 1663 2478 comment.
1704 2423 1769 2477 ad

184 2500 453 2555 Prudent.
488 2492 672 2567 hymn.
701 2496 735 2552 5
783 2494 979 2567 Perist.
1029 2492 1086 2549 S.
1119 2493 1409 2567 Vincentii,
1456 2509 1597 2567 vers.
1645 2493 1770 2567 590.

188 2568 442 2624 Gentiles
473 2564 866 2621 in'humatorum
895 2565 1100 2617 animas
1127 2578 1233 2635 nec
1266 2564 1318 2617 in
1366 2565 1610 2635 cymbam
1648 2564 1772 2635 qui-

187 2641 320 2695 dem
348 2639 635 2692 Charontis
661 2637 828 2705 recipi
865 2649 1020 2703 posse
1059 2633 1349 2688 credebant
1375 2633 1623 2689 {Hebraei
1654 2633 1773 2689 eas-

186 2713 319 2766 dem
348 2725 454 2763 non
483 2710 629 2776 prius
654 2707 841 2762 donari
870 2705 1055 2771 requie
1084 2705 1583 2768 comminiscuntur,
1611 2721 1767 2775 quam

184 2795 392 2849 corpus
419 2783 667 2847 sepulcro
696 2777 994 2832 mandetur.

264 2845 393 2905 171.
430 2845 546 2917 Ipse
579 2850 737 2911 Deus,
768 2849 855 2915 qui
884 2845 1058 2901 ventis
1080 2846 1326 2915 imperat,
1368 2846 1620 2917 virtutem
1665 2846 1768 2900 illis

185 2921 308 2985 dat,
340 2931 396 2974 ut
427 2914 668 2988 surgant.
700 2914 921 2973 Numer.
971 2932 1090 2986 cap.
1126 2914 1202 2982 xi,
1244 2931 1383 2972 vers.
1436 2915 1525 2981 '51,
1579 2914 1769 2969 Ventus

186 3003 368 3046 autem
391 2992 653 3060 egrediens
687 3007 718 3042 a
751 2988 970 3041 Domino
996 2997 1395 3060 arreptas_trans
1427 3002 1569 3060 mare
1599 2996 1769 3038 cotur-

187 3065 333 3117 nices
363 3047 562 3115 delulit.
597 3061 733 3113 Psal.
764 3074 967 3126 Luvn,
996 3047 1197 3124 26,27,
1217 3057 1499 3110 Transtulit
1527 3057 1772 3109 Austrum
1802 3047 1847 3108 C

190 3135 259 3187 de
286 3132 437 3193 caelo,
482 3141 528 3184 et
557 3131 758 3183 induxit
788 3132 842 3183 in
888 3131 1073 3183 uirtute
1113 3145 1208 3181 sua
1248 3130 1497 3197 Africum.
1532 3128 1594 3178 Et
1638 3127 1769 3195 pluit

190 3221 353 3271 super
377 3218 461 3255 eos
484 3203 612 3255 sicut
643 3204 893 3267 puluerem
923 3215 1118 3263 carnes,
1164 3208 1291 3271 etet
1314 3197 1445 3251 Vide
1478 3212 1619 3252 vers.
1648 3198 1770 3262 155,

191 3270 424 3343 surgere
452 3283 503 3324 tu
529 3284 718 3335 uentos,
744 3280 798 3343 e_t
817 3271 920 3343 lib.
953 3287 989 3332 ι,
1016 3285 1156 3343 vers.
1192 3270 1315 3325 707.

269 3339 397 3396 172.
431 3343 722 3396 Tentabam
752 3339 1012 3394 lllusurus
1039 3342 1225 3393 adest:
1257 3355 1378 3393 nam
1409 3348 1628 3393 ventum
1661 3339 1775 3405 pla-

190 3413 378 3469 cidnm
413 3416 592 3466 ludere
622 3412 723 3464 dici
756 3421 950 3479 potest.
993 3411 1097 3465 Sed
1132 3410 1467 3464 retinendum
1502 3418 1587 3463 est
1620 3408 1772 3462 Ιιιωο

192 3502 355 3538 surus
392 3486 459 3534 ab
502 3481 695 3545 illmdo,
740 3498 769 3536 a
812 3496 916 3550 quo
939 3491 1022 3535 est
1060 3481 1272 3534 illusus.
1318 3479 1679 3535 Tertullianus
1724 3488 1777 3532 et

194 3555 512 3610 Lactantius
538 3558 694 3605 etiam
726 3552 993 3605 illazsibilis
1019 3561 1363 3621 usurparunt.

271 3626 399 3680 174.
432 3624 656 3677 Restitui
685 3638 799 3675 aves
824 3637 891 3675 ex
925 3622 1023 3675 Ioc.
1055 3618 1163 3675 σίι.⁷
1181 3623 1488 3689 Scriptum,
1518 3628 1574 3674 et
1598 3618 1773 3673 Exod.

191 3711 320 3761 cap.
352 3710 460 3755 XVI,
488 3710 628 3748 vers.
660 3698 693 3746 4
714 3702 768 3747 et
798 3707 971 3761 seqq..
1009 3691 1151 3762 AEcce
1193 3708 1284 3761 ego
1316 3692 1493 3762 pluant
1517 3691 1777 3762 uobis_pa-

192 3759 287 3834 nes
312 3766 378 3816 de
399 3766 616 3817 πηίου..
654 3762 782 3815 Ecce
808 3759 971 3834 gloria
995 3760 1201 3834 Domini
1224 3759 1467 3834 apparuit
1494 3765 1547 3814 in
1575 3759 1774 3834 nube...

193 3833 420 3887 Factum
450 3845 521 3886 est
543 3850 659 3904 ergo
674 3832 897 3899 vespere,
912 3842 958 3885 et
974 3832 1251 3904 ascendens
1265 3832 1503 3886 coturnix
1515 3833 1777 3898 cooperuit

194 3916 393 3968 castra,
409 3921 553 3957 mane
566 3920 762 3971 quoque
783 3919 867 3956 ros
884 3904 1050 3974 jacuit
1077 3918 1165 3974 per
1186 3903 1452 3974 circuitum
1476 3911 1775 3974 castrorum.

270 3976 399 4029 175.
435 3974 573 4029 Psal.
598 3989 796 4037 Lxxvn,
821 3971 1065 4036 vers.24,
1086 3973 1179 4035 25,
1205 3971 1270 4025 Et
1300 3973 1430 4037 pluit
1457 3973 1560 4025 illis
1590 3987 1778 4024 manna

193 4048 266 4099 ad
291 4046 731 4107 manducandum,
765 4054 809 4096 et
837 4059 1015 4113 panem
1034 4043 1147 4113 caeli
1174 4043 1315 4094 dedit
1343 4047 1433 4097 eis.
1465 4041 1661 4113 Panem
1683 4059 1778 4095 an-

194 4117 435 4187 gelorum
468 4116 790 4187 manducavit
819 4112 1191 4187 liomo.‘_Joa_n.
1237 4128 1287 4165 ο.
1313 4128 1386 4178 vn,
1420 4129 1472 4166 ν.
1506 4115 1595 4187 ῖᾷ1ξ
1627 4112 1723 4175 Ep.
1759 4114 1779 4166 1

194 4183 260 4240 ad
288 4188 416 4240 Cor.
438 4200 554 4253 cap.
584 4202 634 4245 ιι,
667 4200 718 4237 v.
753 4184 806 4247 5,
840 4183 1081 4255 Angelica
1108 4183 1172 4236 de
1193 4193 1354 4255 parte,
1381 4184 1531 4255 quasi
1561 4184 1628 4236 de
1658 4198 1779 4255 por:-

195 4260 351 4310 tione
376 4256 505 4317 cibi,
555 4270 674 4322 qua:
721 4253 933 4323 angelis
975 4255 1149 4306 datur.
1207 4253 1495 4308 Suetonius
1548 4266 1665 4318 cap.
1712 4254 1781 4306 18

200 4329 340 4379 Vita:
390 4327 679 4393 Caligulae:
730 4324 902 4394 Equiti
952 4323 1184 4377 Romano
1250 4333 1425 4376 contra
1467 4339 1518 4375 se
1566 4323 1779 4375 hilarius

194 4399 499 4476 auidiusque
527 4397 739 4476 uescenti
772 4404 939 4464 partes
965 4411 1083 4475 suas
1111 4394 1267 4476 misit.
1296 4394 1575 4476 Petronius
1597 4394 1775 4462 Satyr.
1807 4418 1858 4476 Ι)

193 4488 243 4521 c.
280 4469 374 4528 33,
422 4463 531 4535 Ego
569 4463 777 4533 quidem
799 4482 924 4536 pene
959 4465 1153 4536 project’
1201 4472 1397 4534 partem
1428 4479 1588 4517 meam
1612 4480 1631 4518 :
1661 4480 1777 4516 nant

194 4538 473 4608 uidebatur
497 4537 751 4608 mihijam
775 4537 827 4588 in
855 4536 1050 4604 pullum
1081 4537 1258 4608 coisse.

269 4608 399 4662 176.
438 4606 570 4661 Vide
596 4604 765 4661 E'xod.
791 4621 909 4672 cap.
938 4621 1067 4670 xvu,
1094 4622 1144 4660 ν.
1170 4606 1225 4667 6,
1250 4604 1527 4659 Numeror.
1544 4618 1662 4673 cap.
1688 4619 1778 4669 xx,

196 4697 248 4731 γ.
288 4678 383 4743 11,
420 4678 590 4743 Epist.
620 4676 906 4731 lCorinth.
936 4692 1053 4741 cap.
1088 4692 1143 4739 χ,
1170 4692 1219 4730 v.
1251 4679 1304 4731 ll.

275 4748 401 4805 178.
442 4748 573 4813 Cap.
620 4763 703 4801 xu
746 4746 867 4808 Job,
924 4761 975 4803 v.
1009 4748 1063 4807 6,
1099 4749 1222 4808 ()uis
1249 4756 1365 4800 ante
1388 4745 1525 4798 dedit
1548 4746 1693 4807 mihi,
1727 4753 1783 4797 ut

197 4820 415 4872 reddam
436 4821 515 4872 ei?
544 4818 734 4871 Omnia
761 4832 875 4887 qua:
894 4817 988 4887 sub
1013 4817 1139 4869 caelo
1154 4826 1291 4882 sunt,
1315 4834 1425 4869 mea
1446 4825 1583 4870 sunt.
1609 4814 1779 4887 Epist.

197 4892 261 4942 ad
298 4890 530 4943 Roman.
559 4904 678 4955 cap.
703 4886 780 4953 χι,
810 4904 859 4938 v.
893 4886 982 4951 55,
1014 4887 1102 4949 56,
1134 4889 1257 4951 Quis
1282 4889 1420 4954 prior
1449 4888 1591 4941 dedit
1615 4886 1713 4948 illi,
1733 4895 1784 4939 et

196 4962 509 5013 retribuetur
543 4960 625 5012 ei?
668 4958 923 5025 Quoniam
965 4974 1028 5011 ex
1070 4958 1201 5023 ipso,
1251 4967 1298 5011 et
1330 4974 1418 5025 per
1440 4960 1625 5029 ipsum,
1659 4966 1705 5010 et
1731 4961 1783 5010 in

195 5035 313 5099 ipso
343 5040 460 5083 sunt
483 5031 673 5081 omnia.

274 5102 401 5155 179.
425 5101 496 5154 De
515 5101 611 5152 hac
627 5098 1049 5166 phrasiprobaris
1064 5107 1215 5150 antea
1241 5099 1439 5151 dictum
1459 5098 1617 5151 estad
1634 5096 1779 5151 v.26.

274 5172 402 5226 180.
434 5172 562 5224 Mar.
597 5170 777 5222 Victor
800 5172 850 5222 in
877 5168 1081 5240 praefat.
1114 5184 1160 5220 ν.
1198 5170 1285 5229 57,
1339 5169 1405 5222 Ut
1446 5170 1592 5240 ﬁeres
1623 5168 1783 5240 justis

200 5259 418 5306 merces,
446 5242 738 5309 meritisque
758 5242 978 5310 piorum,
1025 5239 1137 5291 Hoc
1161 5256 1358 5307 quoque
1381 5239 1632 5307 conferres
1656 5254 1786 5306 pra:-

198 5314 412 5376 stando,
444 5321 501 5363 ut
528 5311 723 5363 debitor
748 5328 898 5365 esses.
927 5311 1112 5369 Aliter.
1150 5310 1215 5362 Ut
1244 5313 1384 5375 [ieret
1411 5311 1608 5362 uirtutis
1630 5324 1801 5376 opus,“

202 5384 498 5446 meritisque
520 5386 739 5449 piorum,
778 5390 882 5435 etc.
907 5380 1069 5441 tldem
1118 5380 1208 5433 lib.
1255 5397 1267 5432 ι
1311 5379 1527 5441 Genes.,
1575 5396 1626 5433 v.
1653 5378 1781 5444 529,

200 5452 342 5507 Dum
368 5453 507 5521 quod
538 5469 638 5505 non
659 5453 870 5513 meritis,
895 5452 982 5503 sed
1003 5460 1197 5503 tantum
1219 5459 1395 5522 sponte
1424 5451 1635 5522 benigna
1661 5449 1785 5522 Lar-

198 5527 342 5593 gitur
369 5520 604 5592 famulis,
635 5524 792 5580 nostri
815 5523 951 5588 cupit
972 5538 1080 5575 esse
1102 5522 1309 5579 laboris,
1345 5520 1510 5593 Eliso,
1535 5520 1668 5593 quod
1694 5521 1787 5572 do-

197 5590 315 5659 nat,
338 5590 532 5647 mauult
565 5594 743 5648 debere
767 5595 944 5647 uideri.
978 5593 1069 5648 Sic
1089 5592 1384 5646 Fabricius.
1402 5591 1506 5644 Alii
1534 5610 1547 5643 :
1581 5590 1786 5645 Nostra:

199 5666 381 5720 laudis
402 5682 535 5735 opus
566 5667 693 5733 fieri,
715 5666 849 5733 quod
868 5674 1044 5735 sponte
1067 5664 1303 5731 benigna,
1334 5672 1454 5735 etc._
1482 5663 1603 5735 Etsi
1644 5666 1783 5716 enim

202 5739 310 5793 vita
333 5733 540 5791 aeterna
567 5738 715 5789 bonis
755 5733 1023 5789 hominum
1070 5734 1321 5801 operibus
1368 5733 1617 5785 redditur
1669 5746 1777 5788 tau-

1882 2230 2040 2288 quam
2072 2230 2299 2282 merces,
2345 2217 2531 2272 eadem
2577 2224 2753 2271 tamen
2799 2220 2966 2288 gratis
2999 2220 3091 2273 Dei
3128 2230 3210 2275 est
3252 2222 3322 2275 ob
3358 2224 3469 2279 ele-

1882 2287 2137 2362 ctionem,
2167 2302 2287 2356 quae
2317 2287 2452 2362 bona
2482 2302 2643 2355 opera
2677 2290 2945 2362 praecedit,
2989 2291 3057 2344 ob
3074 2292 3306 2362 gratiam
3338 2309 3469 2362 prte-

1880 2360 2205 2432 venientem,
2221 2358 2725 2432 etauxiliantem,get
2746 2360 2814 2412 ob
2828 2363 3047 2432 gratiam
3063 2358 3465 2432 justificaniem,

1881 2442 1986 2497 qua
2017 2428 2176 2482 homo
2206 2428 2463 2496 praeditus
2489 2440 2609 2483 esse
2638 2428 2816 2499 debet,
2850 2439 2907 2482 ut
2948 2431 3064 2498 ejus
3100 2447 3259 2499 opera
3304 2428 3463 2487 vitam

1879 2506 2136 2552 aeternam
2174 2506 2501 2568 mereantur,
2535 2513 2595 2552 ac
2623 2498 2852 2567 denique
2898 2499 2967 2554 ob
3010 2498 3460 2567 perseverantiam

1883 2569 2097 2623 finalem
2126 2584 2282 2636 quam
2313 2583 2471 2623 nemo
2500 2576 2675 2636 potest
2709 2570 2923 2623 mereri.
2958 2569 3108 2636 Quod
3139 2572 3182 2623 si
3214 2571 3281 2625 de
3311 2583 3466 2626 natu-

1882 2640 1979 2696 rali
2008 2655 2188 2693 rerum
2215 2639 2403 2693 ordine
2439 2654 2619 2693 sermo
2651 2640 2739 2702 sit,
2788 2655 2945 2707 quem
3000 2641 3312 2695 Dracontius
3362 2644 3464 2698 hoc

1877 2708 1995 2763 loco
2024 2710 2379 2777 potissimum,
2406 2710 2488 2762 vel
2520 2712 2672 2762 unice
2707 2710 2940 2776 respicit,
2993 2709 3134 2763 Deus
3181 2713 3257 2765 sic
3289 2715 3463 2766 reddit

1875 2780 2126 2832 omnibus
2154 2780 2351 2842 omnia,
2379 2780 2529 2847 quasi
2557 2780 2645 2846 qui
2676 2779 2855 2841 debet,
2905 2779 3025 2846 quia
3070 2781 3213 2847 leges
3258 2791 3462 2836 natura;

1879 2850 2218 2917 praescriptas
2240 2857 2433 2903 servat.

1946 2920 2068 2975 181.
2097 2919 2216 2973 Alio
2239 2919 2397 2973 modo
2422 2919 2665 2987 emenda,
2687 2918 2750 2971 Et
2779 2919 2866 2971 tibi
2889 2935 3030 2977 cura,
3051 2919 3207 2987 Deus,
3224 2931 3296 2973 est
3311 2922 3462 2988 quid-

1875 2991 2019 3057 quid,
2052 2992 2158 3052 vel,
2193 2990 2285 3043 Est
2313 2992 2399 3041 tibi
2441 3006 2584 3051 cura,
2622 2989 2779 3054 Deus,
2822 2999 2867 3041 et
2893 2991 3158 3058 quidquid.
3210 2991 3451 3057 Sapient.

1880 3075 1929 3113 c.
1962 3077 2054 3123 xu,
2084 3077 2135 3112 v.
2166 3063 2252 3124 1'5,
2298 3060 2416 3113 Non
2459 3062 2592 3113 enim
2620 3075 2695 3113 est
2724 3061 2861 3113 alius
2890 3058 3027 3114 Deus
3065 3077 3217 3128 quam
3264 3072 3339 3127 tu,
3376 3066 3461 3116 cui

1878 3147 2001 3183 cura
2028 3141 2100 3184 est
2124 3132 2185 3184 de
2211 3133 2460 3184 omnibus.

1950 3200 2072 3255 182.
2108 3202 2439 3264 Succumbat,
2462 3200 2648 3254 subtus
2663 3201 2834 3254 eadat.
2863 3200 3014 3254 Aliud
3039 3210 3121 3253 est
3138 3203 3460 3257 succumbere

1878 3274 2041 3335 oneri,
2069 3287 2258 3341 nempe
2279 3272 2459 3325 subire
2486 3286 2642 3325 onus.
2693 3270 2809 3325 Stat
2839 3286 2965 3323 cura
3003 3273 3279 3334 minorum,
3312 3275 3459 3327 scili-

1876 3352 1961 3395 cet
1984 3343 2220 3396 omnium
2243 3357 2369 3394 cura
2399 3350 2482 3395 est
2511 3342 2641 3395 Deo.
2676 3342 2845 3407 Epist.
2881 3342 2896 3392 Ι
2928 3341 3067 3394 Petri
3092 3356 3209 3407 cap.
3240 3359 3292 3409 v,
3324 3360 3374 3396 v.
3402 3346 3457 3409 7,

1882 3412 2094 3465 Omnem
2117 3412 2502 3465 sollicitudinem
2522 3425 2735 3465 uestram
2766 3412 3085 3483 proficientes
3099 3414 3149 3464 in
3167 3429 3301 3477 eum,
3329 3432 3456 3483 quo-

1877 3483 2016 3534 niam
2053 3483 2154 3551 ipsi
2189 3499 2311 3535 cura
2354 3492 2427 3535 est
2469 3483 2530 3534 de
2570 3483 2727 3534 vobis.
2787 3482 2916 3535 Vide
2949 3482 3089 3534 l’sal.
3125 3498 3229 3541 ι.ιν,
3280 3482 3455 3548 v.25;

1880 3552 2063 3623 Matth.
2092 3568 2206 3621 cap.
2225 3568 2296 3617 γι,
2326 3568 2379 3605 ν.
2405 3552 2475 3623 25
2497 3567 2635 3623 seq.;
2674 3551 2799 3605 Luc.
2823 3567 2939 3618 cap.
2963 3568 3096 3610 χχιι,
3131 3570 3179 3604 v.
3211 3554 3275 3607 16
3305 3569 3453 3623 seqq.

1951 3622 2071 3677 185.
2098 3623 2272 3689 Supra
2300 3640 2352 3677 ν.
2384 3621 2474 3687 35,
2523 3622 2742 3692 Singula
2785 3640 2873 3689 per
2916 3634 3106 3693 partes,
3158 3621 3460 3691 generaliter

1878 3695 2051 3747 omnia
2081 3696 2257 3746 nutrit.

1954 3764 2077 3818 184.
2111 3763 2229 3817 Lib.
2265 3779 2304 3828 ι,
2353 3779 2406 3816 v.
2454 3763 2573 3827 1’56,
2620 3762 2869 3816 Nondum
2899 3765 3281 3816 mater/tamus.
3331 3758 3459 3819 Vide

1878 3844 2081 3887 notam.

1952 3903 2073 3959 185.
2105 3905 2354 3971 Virgilius
2385 3905 2475 3959 lib.
2510 3904 2699 3967 t/Em,
2736 3920 2788 3957 v.
2815 3903 2944 3966 228,
2999 3903 3294 3974 Despiciens
3324 3920 3461 3958 mare

1878 3975 2166 4028 velivolum.
2195 3976 2329 4028 Vide
2360 3976 2677 4029 Macrobium
2710 3976 2799 4029 lib.
2832 3990 2879 4027 vt
2908 3975 3147 4034 Saturn.,
3173 3990 3289 4043 cap.
3312 3974 3366 4039 5,
3393 3977 3460 4028 de

1882 4046 1984 4097 hoc
2010 4047 2271 4111 epitheto.
2302 4048 2470 4097 Naves
2496 4046 2664 4112 magis
2682 4046 2894 4110 proprie
2917 4045 3158 4098 velivulte
3183 4046 3458 4099 dii-untur.

1891 4114 2064 4185 Vaqor
2093 4132 2211 4167 cum
2242 4118 2547 4170 accusativo
2582 4115 2718 4182 apud
2744 4115 3075 4181 Propertium
3101 4116 3191 4168 lib.
3227 4131 3286 4175 ιι,
3320 4116 3459 4183 eleg.

1881 4186 1971 4247 21,
2002 4202 2053 4238 v.
2079 4186 2170 4247 21,
2214 4185 2310 4238 lno
2350 4189 2498 4239 etiam
2543 4189 2709 4253 prima
2754 4195 2915 4238 terras
2959 4195 3108 4236 (etate
3148 4198 3324 4247 raqatn
3369 4198 3463 4239 est.

1884 4256 2131 4311 Nonnulli
2166 4257 2346 4322 legunt
2374 4258 2542 4315 terris,
2571 4256 2662 4309 sed
2688 4264 2847 4309 terras
2871 4255 3087 4323 prmfert
3114 4256 3462 4318 llrnuknsius,

1886 4327 1959 4379 uti
1989 4327 2147 4379 etiam
2172 4328 2412 4380 ediderat
2440 4328 2697 4392 Scaliger.

1959 4398 2081 4449 188.
2117 4397 2276 4450 Forte
2296 4398 2414 4464 quia
2440 4401 2540 4449 vix.
2567 4397 2771 4449 Mallem
2799 4406 2975 4449 tamen
3002 4394 3214 4448 Fazdcre
3238 4396 3461 4447 discordi

1886 4467 2113 4533 quamvis
2150 4470 2391 4520 elementa
2432 4478 2477 4519 te
2502 4478 2685 4529 ratur,
2728 4467 2932 4519 scilicet
2963 4466 3179 4529 foedere,
3230 4467 3463 4532 quamt’is

1886 4539 2141 4600 discordi,
2189 4547 2438 4591 tenentur.
2506 4538 2694 4590 Postea
2740 4538 2999 4603 disjuncta
3046 4537 3283 4586 concordi
3327 4538 3458 4587 life:

1886 4616 2031 4661 amat
2073 4622 2215 4660 enim
2252 4609 2566 4659 Dracont’us
2610 4605 2913 4670 hujusmodi
2955 4606 3338 4671 appositiones.
3388 4605 3462 4656 De

1887 4677 2168 4731 concordia
2200 4677 2428 4729 discordi
2462 4678 2852 4729 elementorum
2887 4676 3005 4726 vide
3049 4673 3138 4725 lib.
3183 4691 3217 4734 ι,
3269 4692 3317 4726 v.
3356 4673 3460 4727 142

1887 4757 1941 4800 ct.
1966 4762 2141 4815 seqq.,
2170 4744 2297 4807 265,
2323 4757 2373 4799 et
2408 4748 2551 4814 Eleg.
2578 4760 2629 4796 ν.
2661 4744 2752 4797 59.

1958 4812 2080 4872 190.
2114 4817 2186 4870 De
2215 4819 2313 4869 hac
2338 4812 2732 4870 constructione
2756 4813 2904 4867 verbi
2943 4812 3097 4880 probo
3138 4813 3317 4881 relege
3364 4829 3457 4867 no.

1883 4896 1991 4943 tam
2021 4887 2085 4941 ad
2116 4902 2168 4940 v.
2196 4886 2286 4939 26.

1965 4958 2085 5013 191.
2115 4958 2286 5025 Supra
2316 4973 2367 5011 v.
2392 4957 2479 5017 55,
2516 4955 2579 5009 Et
2606 4955 2753 5007 cadat
2782 4964 2899 5008 ante
2930 4955 3063 5007 d'em
3092 4954 3318 5006 sublimis
3346 4971 3460 5006 ma-

1885 5029 2035 5082 china
2061 5045 2248 5081 rerum.
2292 5027 2470 5081 Facile
2514 5026 2704 5094 patiar,
2759 5027 2882 5093 legi.
2908 5026 2968 5079 Si
2999 5027 3256 5093 disjuncla
3290 5026 3461 5085 fuant,

1887 5101 1969 5153 vel
2001 5100 2150 5164 sient,
2194 5100 2270 5152 vel
2320 5098 2507 5167 forent,
2551 5096 2796 5164 idemque
2845 5099 3015 5167 dicam
3048 5112 3100 5149 v.
3136 5094 3348 5167 15‘ilib.
3381 5111 3460 5148 ιιι.

1887 5170 1948 5223 Si
1968 5171 2176 5238 jactura
2205 5165 2331 5233 ﬁat.‘
2365 5184 2483 5221 nam
2514 5168 2550 5221 l.
2580 5184 2638 5230 ιι,
2670 5182 2812 5219 Vers.
2846 5166 2969 5229 505,
3022 5165 3327 5238 producitur
3355 5166 3462 5230 pri-

1887 5237 2055 5291 main
2086 5239 2237 5305 ﬁunt.
2271 5240 2566 5297 Lucretius,
2601 5237 2873 5302 Virgilius,
2906 5238 3101 5301 aliique
3129 5237 3461 5302 antiquiores

1886 5310 2031 5380 fuant
2062 5324 2157 5380 pro
2183 5310 2299 5367 sim.
2334 5309 2413 5361 vel
2445 5309 2629 5374 fuerim
2650 5307 3065 5380 usurparunt‘ah
3099 5307 3317 5380 antiquo
3348 5306 3459 5372 fuo,

1886 5376 1916 5434 a
1946 5396 2051 5447 quo
2072 5378 2245 5432 adhuc
2272 5388 2353 5431 est
2382 5381 2456 5447 fui
2492 5379 2841 5445 praeteritum.
2874 5376 2930 5429 1n
2962 5376 3089 5441 fiunt
3125 5387 3175 5428 et
3206 5376 3334 5443 ﬁant
3367 5392 3462 5425 va-

1887 5452 2026 5504 riant
2052 5459 2221 5518 poeta:
2242 5449 2527 5503 Christiani
2555 5466 2567 5501 :
2592 5448 2676 5502 alii
2705 5462 2825 5502 cum
2844 5447 3114 5518 veteribus
3141 5447 3459 5511 producunt,

1887 5521 1978 5576 alii
2000 5517 2315 5588 corripiunt.
2354 5519 2484 5574 Vide
2515 5519 2715 5589 proleg.
2750 5534 2897 5572 num.
2938 5517 3056 5581 159,
3102 5526 3157 5571 et
3188 5526 3361 5570 notaui
3395 5518 3461 5569 ad

1886 5593 1979 5647 lib.
2015 5610 2047 5653 ι,
2075 5608 2126 5644 v.
2154 5593 2243 5647 82.

1963 5664 2082 5717 195.
2112 5663 2291 5717 Melior
2310 5664 2421 5718 hrrc
2445 5663 2603 5716 lectio
2624 5673 2672 5715 et
2694 5660 3049 5729 interpunctio
3069 5657 3277 5712 videtur
3300 5670 3463 5723 quam

1889 5738 2038 5798 nosti,
2069 5736 2203 5794 quod
2229 5737 2400 5800 feceris
2431 5736 2599 5786 orbem
2628 5734 2847 5794 Qsmine,
2870 5746 2969 5798 quo
2992 5730 3171 5784 calum
3224 5737 3330 5783 etc.
