3902 6330
519 311 621 377 787

518 526 621 583 195
694 524 774 581 Ex
806 521 974 579 nihilo
1001 520 1183 586 simul,
1227 532 1347 574 esse
1378 525 1556 571 tamen
1587 515 1797 571 diversa
1829 523 2095 585 putamus.

697 617 777 673 Ad
798 616 1023 672 nihilum
1050 614 1284 670 reditura
1313 614 1506 669 iterum
1528 620 1653 668 sunt
1673 612 1875 677 omnia,
1901 626 2021 666 cum
2044 618 2101 667 tu

696 708 927 764 iusseris
950 720 1069 762 esse
1091 705 1255 761 chaos
1284 706 1428 761 solus
1457 718 1709 761 mansure
1735 710 2028 773 superstes,

696 800 984 872 Angelicis,
1008 799 1393 869 hominumque
1414 798 1516 868 piis
1532 797 1835 854 venerande
1848 796 2100 853 catervis.

698 895 937 962 Qualiter
965 908 1093 964 ergo
1120 893 1270 949 labor
1300 892 1476 948 nullus
1499 891 1598 947 fuit
1619 901 1743 946 ante
1764 890 2028 960 jubendo,

694 990 881 1043 Umnia
913 1002 1034 1043 cum
1059 985 1267 1051 tierent,
1300 985 1379 1041 sic
1408 998 1507 1040 nec
1525 983 1678 1039 labor
1694 982 1834 1038 ullus
1852 982 1972 1045 erit,
1990 980 2103 1050 jam

699 1080 934 1136 iusseris
971 1089 1028 1134 ut
1061 1078 1221 1133 tinem
1264 1091 1387 1132 cum
1420 1077 1650 1146 plurima
1676 1073 1870 1130 saecula
1902 1072 2103 1128 norint.

698 1174 772 1226 Te
801 1170 1103 1240 Seraphim,
1136 1168 1533 1239 Cherubimque
1564 1168 1754 1234 Deum,
1792 1166 2106 1221 Dominum-

1562 1263 1701 1336 [que
1725 1270 2031 1331 precantur,

699 1357 773 1413 Te
799 1356 995 1412 chorus
1022 1354 1299 1426 angelicas
1322 1353 1525 1419 laudat,
1555 1352 1826 1409 exercitus
1855 1356 1994 1415 orat,

702 1453 953 1506 Thronus
982 1450 1038 1505 in
1066 1447 1299 1505 excelsis
1349 1445 1540 1502 humili
1585 1454 1637 1502 te
1674 1458 1807 1501 voce
1836 1450 2108 1514 precatur,

699 1545 854 1615 237
881 1542 1107 1614 Agmina
1132 1549 1184 1596 te
1213 1547 1502 1607 astrorum,
1530 1546 1583 1593 te
1622 1536 1794 1607 signa,
1826 1542 1882 1591 et
1930 1534 2109 1589 sidera

1800 1627 2041 1701 Haudant

700 1732 987 1783 Auctorem
1014 1725 1261 1782 confessa
1287 1740 1466 1793 suum,
1497 1732 1553 1782 te
1576 1724 1777 1781 fulmen
1801 1723 2012 1790 adorat,

519 990 620 1047 200

523 1546 624 1602 205

698 1823 774 1877 Te
807 1822 1058 1887 tonitrus,
1115 1821 1424 1891 hiemesque
1476 1828 1735 1886 tremunt,
1781 1826 1835 1872 te
1886 1816 2112 1888 grando,
2144 1797 2194 1859 Β

1740 1909 1761 1983 [
1773 1909 2041 1980 procellae,

1793 300 2157 360 DRACONTII
2194 298 2530 361 CARMINA.
3632 306 3702 362 788

691 428 931 497 Semme,
957 439 1063 498 quo
1094 426 1285 489 caelos,
1328 422 1518 487 solem,
1574 421 1860 491 lunamque
1903 419 2100 475 creasti
2126 419 2183 482 Α

2386 417 2462 472 Te
2482 413 2701 486 glacies,
2727 412 2998 485 nimbique
3024 422 3239 484 pavent,
3268 422 3319 470 te
3360 413 3554 487 spiritus
3578 424 3706 480 omnis

2292 518 2295 521 '
2384 508 2664 577 Personat,
2692 507 2882 575 imber,
2939 507 3135 579 hiems,
3168 508 3398 581 pelagus,
3446 511 3543 580 nix,
3587 514 3705 585 frigus

3458 603 3523 677 [et
3546 620 3658 663 aura.

2204 695 2311 753 210
2381 693 2459 753 Te
2491 697 2648 752 tellus
2687 695 2912 752 fecunda
2938 704 3114 761 vocat,
3147 704 3199 753 te
3222 696 3437 767 suspicit
3462 712 3558 765 aer,

2388 787 2540 845 Unda
2563 803 2727 860 super
2747 788 2914 846 caelos
2943 788 3036 844 tibi
3065 787 3348 859 supplicat,
3388 796 3439 846 et
3471 790 3601 861 polus
3640 808 3710 849 om-

3588 903 3649 943 ms

2390 973 2639 1031 Flumina
2668 983 2719 1031 te
2756 983 3023 1043 metuunt,
3069 983 3127 1032 et
3162 975 3353 1044 fontes,
3398 881 3583 1049 stagna}
3601 929 3714 1052 λυξια-

3599 1076 3625 1129 tl

3599 1076 3669 1131 des

2397 1161 2540 1217 Voce
2568 1176 2664 1217 sua
2692 1163 2937 1229 laudant.
2960 1172 3014 1221 te
3036 1164 3221 1221 nubila
3267 1181 3440 1223 crassa
3481 1075 3715 1241 conisum,

2393 1253 2470 1314 Te
2500 1257 2592 1313 lux
2620 1256 2739 1313 alba
2794 1257 2931 1325 dies,
2954 1264 3009 1314 te
3034 1272 3143 1314 nos
3186 1257 3405 1316 obscura
3442 1262 3638 1317 tenebris

2211 1352 2320 1410 215
2390 1351 2469 1409 Te
2492 1352 2633 1407 bona
2669 1350 2981 1421 temperies,
3014 1360 3067 1406 te
3092 1359 3332 1422 tempora
3350 1364 3527 1410 cuncta
3553 1369 3718 1426 precan-

3550 1457 3655 1503 .tur

2399 1538 2526 1606 Ver,
2553 1544 2734 1603 aestas,
2762 1545 3052 1593 autumnus
3114 1537 3290 1594 hiems
3315 1448 3627 1597 'redeuutilius
3658 1491 3720 1597 an

3596 1648 3671 1688 nu.

3596 1648 3671 1688 ηις.

2465 1725 2627 1797 238
2668 1724 2770 1781 Per
2820 1732 2873 1781 te
2902 1724 3032 1781 fetat
3088 1726 3308 1793 humus,
3362 1740 3452 1797 per
3499 1633 3719 1793 te,[Deus,

3289 1817 3463 1891 [herba
3488 1818 3675 1885 virescit,

2408 1909 2775 1967 Frondescunt
2799 1910 2966 1977 silvas,
2993 1910 3166 1981 spirat
3190 1911 3311 1976 llos,
3341 1911 3573 1983 germinat
3589 1911 3721 1968 arbor.

1801 2022 2188 2080 SCRIPTURA
2227 2023 2384 2085 COD.
2427 2023 2589 2079 VAT.

472 2190 495 2203 .
592 2149 714 2205 198.
751 2149 1046 2219 ᾼηθειὶεης,
1089 2148 1386 2216 animasque
1417 2145 1523 2200 suis
1559 2144 1826 2199 adorande
1865 2146 2099 2201 catervis.

589 2220 714 2274 201.
752 2216 965 2272 Ρίτηηι
991 2218 1213 2286 plurima
1242 2235 1285 2271 s.

590 2290 718 2345 205.
750 2288 968 2343 Videtur
994 2288 1249 2355 scriptum
1274 2287 1507 2341 laudant.

594 2360 719 2414 204.
752 2358 954 2413 Tronus
980 2360 1299 2412 inexcessans
1329 2357 1382 2410 h.

592 2431 719 2483 209.
742 2428 998 2483 Scribitur
1029 2440 1141 2483 asta
1168 2442 1265 2498 pro
1293 2442 1442 2481 aura.

592 2501 716 2555 210.
748 2499 812 2553 Ut
838 2500 984 2553 tellus
1016 2502 1055 2568 Ῑ.

592 2573 719 2627 218.
748 2571 889 2625 Ordo
922 2566 1107 2623 horum
1135 2583 1385 2623 versuum
1418 2568 1470 2621 in
1525 2581 1624 2622 ms.
1658 2571 1739 2622 est
1768 2566 1853 2621 hic
1886 2583 1899 2621 :
1934 2566 2104 2622 Fron-

525 2647 731 2699 descunt
766 2642 919 2708 Quod
953 2637 1446 2711 peccatorum-Illud
1484 2638 1913 2708 prwterea-Quod
1954 2638 2105 2693 caelo-

2212 2143 2425 2217 Ignibus
2441 2144 2559 2217 -Est
2618 2141 2981 2217 homo-“Nam
3014 2142 3217 2217 diversa
3236 2172 3261 2183 -
3281 2140 3417 2217 Illinc
3452 2160 3603 2217 _voc_e-
3618 2143 3725 2196 Addo

2208 2210 2722 2288 quod-[emitrqu
2735 2210 2963 2288 -_Messis_
2975 2283 2986 2288 _
3031 2211 3588 2288 aristatas-gPalmite-Et
3606 2229 3725 2288 _t_ntn-

2211 2281 2470 2367 quant-Ie
2510 2281 3142 2367 fera-Tur'ha-ﬁibilrzt-Ft
3209 2282 3726 2367 tibitAucto'remjillate-

2212 2352 2465 2413 ries-Non
2497 2352 2789 2427 angues-Ut
2812 2354 3080 2427 initas-Sed
3129 2352 3592 2427 nos-Fecerit—Quod
3632 2369 3726 2427 prte-

2212 2437 2361 2498 cepta
2376 2459 2401 2471 -
2415 2428 2525 2484 Nec
2568 2424 2586 2427 ”
2603 2426 2929 2482 modo-Olim
2999 2426 3261 2496 primus-1
3270 2436 3463 2495 ngratus
3483 2454 3505 2467 -
3523 2425 3632 2480 lure
3645 2455 3663 2468 -
3682 2424 3727 2476 Et

2214 2515 2412 2552 semper
2433 2527 2460 2542 ο
2488 2498 2539 2550 Μ
2547 2515 2613 2552 0a:
2661 2495 3091 2552 auum-Peccavit
3108 2526 3133 2538 -
3148 2496 3404 2552 Principio
3425 2495 3726 2551 nostra-Dam-

2214 2515 2412 2569 semper
2433 2527 2460 2542 ο
2488 2515 2536 2550 Μ
2547 2515 2613 2552 aa:
2661 2515 3091 2568 quam-r'eecavu
3108 2526 3133 2538 -
3148 2515 3404 2565 ιήηειριο
3425 2515 3726 2551 nostra-vam-

2217 2568 2817 2650 natitr_:_Contigit:tVec
2869 2567 3204 2650 similis-Una
3250 2564 3726 2642 lege-Conternptis-Cur

2212 2657 2315 2696 non
2330 2670 2353 2682 -
2375 2639 2731 2710 Vipera-Quid
2753 2655 2981 2709 serpens,
3014 2649 3119 2697 etc.

2056 2774 2288 2835 NOTAE.

602 2897 723 2951 196.
758 2895 1005 2949 Reditura
1032 2896 1216 2949 iterum
1238 2894 1607 2963 pleonasmus,
1643 2890 1711 2946 de
1739 2905 1844 2961 quo
1870 2891 1938 2947 ad
1966 2904 2109 2948 vers.

523 2967 649 3034 111,
680 2970 772 3021 lib.
804 2984 840 3029 I,
884 2968 987 3022 Sed
1010 2983 1109 3019 non
1133 2966 1362 3019 reditura
1390 2964 1631 3017 secundo.

594 3037 717 3092 107.
742 3040 909 3108 Supra
927 3053 976 3089 v.
1002 3038 1091 3101 15,
1113 3036 1459 3103 Credaturque
1474 3034 1766 3108 chaos,etc.
1791 3033 1939 3089 Sumi
1962 3033 2101 3087 solet

523 3109 679 3165 chaos
718 3107 831 3176 pro
860 3108 1000 3171 rudi,
1054 3108 1420 3173 indigestaque
1470 3107 1712 3169 materia,
1761 3120 1823 3158 ex
1870 3118 2101 3176 quares

522 3174 943 3250 postea—eductae.
971 3189 1113 3232 sunt.
1147 3179 1251 3232 Sed
1288 3176 1600 3250 Dracontius
1654 3178 1806 3229 chaos
1858 3174 2107 3250 intelligit

524 3246 945 3305 destructionem
998 3252 1165 3316 ipsam
1216 3264 1395 3302 rerum
1452 3248 1687 3300 omnium
1737 3261 1800 3301 ac
1861 3246 2111 3300 tenebras

565 3336 644 3375 lla‘
675 3323 855 3375 mundi
898 3322 1223 3375 creationem
1254 3328 1662 3386 praecesserunt,
1705 3326 1760 3371 et
1786 3333 1903 3386 quae
1926 3331 2113 3386 succe-

564 3402 737 3447 ercut.
769 3394 809 3444 si
840 3392 1038 3444 czrdem
1066 3405 1151 3443 res
1179 3385 1497 3443 ad'nibilum
1532 3385 1922 3455 redigerentur.
1959 3385 2112 3441 Man-

525 3478 643 3515 sure
667 3472 940 3528 superstes,
974 3473 1029 3514 ut
1060 3477 1107 3513 v.
1130 3462 1216 3514 '5l.
1252 3460 1303 3512 Μ
1313 3461 1532 3527 undique
1551 3468 1825 3527 superstes.

602 3534 720 3586 198.
752 3533 1236 3599 Vt-rsusinsigniter
1261 3532 1601 3601 depravatus.
1636 3530 1910 3601 Adorande
1936 3537 2108 3601 metro

528 3618 637 3658 non
673 3606 936 3671 congruit.
977 3602 1278 3655 Veneranda
1305 3600 1412 3656 non
1441 3610 1717 3669 repugnat.
1752 3600 1955 3671 Seneca
1980 3600 2113 3654 Her-

525 3676 635 3727 cul.
682 3670 806 3728 Fur.
850 3690 899 3729 ν.
945 3674 1116 3739 1218,
1168 3671 1367 3740 Perque
1420 3672 1729 3725 venerandos
1780 3672 1875 3738 piis
1922 3670 2108 3723 Canos.

526 3743 747 3799 Correxi
771 3761 836 3800 ex
864 3744 1022 3798 simili
1039 3744 1298 3798 sententia
1315 3742 1587 3796 Prudentii
1610 3742 1792 3811 hymn.
1810 3742 1877 3795 10
1894 3741 2109 3805 Perist.,

525 3827 579 3870 ν.
613 3816 715 3869 556
745 3826 798 3871 et
818 3832 991 3885 se,qu
1031 3815 1352 3885 Quandoque
1377 3812 1579 3875 caelum,
1612 3830 1722 3885 ceu
1755 3812 1902 3885 liber,
1949 3813 2112 3881 plica-

528 3886 750 3939 bitur....
788 3881 1212 3951 Deu‘s'superstes
1243 3884 1402 3947 solus,
1428 3894 1475 3937 et
1490 3884 1619 3951 justi
1650 3883 1804 3936 simul
1827 3881 1954 3935 Cum
1981 3897 2112 3935 sent-

528 3956 744 4023 pitrrnis
787 3957 1147 4028 permanebunt
1188 3957 1421 4028 angelis.‘
1450 3954 1785 4028 >Vide,>_qu_:n
1833 3956 2009 4028 notavi
2055 3954 2109 4008 in

531 4024 819 4080 comment.
851 4028 915 4079 ad
947 4024 1319 4093 Prudentium,
1374 4026 1463 4080 ubi
1506 4024 1741 4093 explicui
1774 4040 1875 4093 qua
1906 4024 2112 4078 ratione

531 4096 740 4148 dicatur
772 4097 912 4150 Deus
953 4111 1268 4163 permanere
1308 4096 1453 4150 solus
1492 4104 1787 4164 superstes,
1842 4094 2111 4163 simulque

531 4181 647 4221 cum
676 4167 829 4233 justis
850 4176 904 4218 et
934 4167 1156 4233 angelis.

601 4237 725 4290 200.
757 4236 966 4290 Clarius
994 4247 1137 4290 esset
1158 4237 1230 4291 sic
1252 4252 1340 4289 nec
1362 4235 1503 4289 labor
1524 4236 1661 4289 ullus
1680 4236 1793 4299 erit,
1809 4252 1921 4289 cum
1935 4235 2113 4291 Iusse-

533 4307 625 4369 ris,
647 4317 695 4359 ut
714 4308 985 4376 [inemjam
999 4308 1221 4375 plurima
1243 4307 1434 4360 stecula
1453 4308 1649 4359 norint.
1674 4306 1727 4359 In
1743 4309 2005 4372 scriptura
2023 4321 2113 4361 co-

534 4378 668 4431 dicis
690 4378 821 4431 ordo
836 4392 910 4431 est
933 4394 1045 4431 cum
1059 4380 1172 4447 jam
1176 4378 1415 4449 jusseris,
1429 4386 1481 4428 stt
1499 4378 1721 4449 plurima
1732 4378 1921 4431 sarcula
1939 4380 2109 4431 norint

2214 2902 2269 2949 et
2300 2894 2528 2947 fortasse
2553 2892 2875 2948 Dracontius
2906 2892 3008 2947 sub
3038 2892 3294 2947 exercitus
3324 2890 3519 2945 nomine
3543 2888 3725 2952 virtutes,

2216 2973 2273 3019 et
2303 2972 2619 3033 potestates,
2653 2964 2755 3018 sub
2779 2964 2999 3032 angelici
3028 2963 3177 3018 chori
3218 2962 3430 3032 angelos
3472 2970 3521 3017 et
3553 2959 3726 3014 archan-

2213 3034 2379 3109 gelos
2399 3035 2683 3109 complecti
2714 3035 2901 3109 voluit.
2973 3105 2984 3109 _
3023 3108 3027 3109 ν
3135 3105 3147 3109 _
3494 3102 3505 3109 _
3646 3108 3649 3109 ν
3698 3046 3709 3109 ,“

2275 3104 2402 3161 205.
2418 3104 2700 3171 Quodnam
2734 3106 2804 3161 sit
2824 3105 3117 3160 discrimen
3134 3105 3277 3161 inter
3296 3114 3450 3170 astra,
3465 3102 3592 3172 signa
3614 3108 3655 3154 et
3676 3102 3718 3151 si

2216 3177 2378 3299 dfra,
2430 3176 2585 3232 retuli
2639 3191 2706 3231 ex
2760 3176 2980 3232 lsodoro
3038 3177 3187 3232 adv.
3249 3178 3283 3232 5
3313 3176 3429 3231 libri
3469 3171 3526 3239 t,’
3558 3171 3727 3237 Quisque

2216 3264 2399 3299 rraaaL

2216 3264 2399 3318 plagae.

2287 3306 2415 3373 206.
2447 3318 2646 3374 Confer
2671 3318 2765 3373 lib.
2811 3334 2849 3384 ι,
2882 3334 2933 3374 v.
2960 3317 3017 3384 4,
3064 3329 3120 3391 et
3161 3318 3254 3374 lib.
3287 3334 3344 3385 tt,
3396 3332 3447 3371 v.
3474 3313 3546 3391 l5.
3587 3315 3725 3391 Eran-

2217 3389 2325 3444 tico
2357 3392 2518 3445 trium
2552 3404 2844 3456 puerorum
2898 3399 2951 3443 et
2976 3390 3202 3457 psalmis
3263 3392 3374 3444 haec
3418 3388 3573 3442 omnia
3613 3388 3725 3457 petits

2217 3469 2361 3515 sunt.
2397 3461 2449 3515 In
2500 3451 2600 3515 hac
2649 3451 3052 3515 enumeratione
3093 3461 3360 3515 interdum
3411 3458 3573 3513 eadem
3611 3451 3724 3508 verba

2216 3533 2429 3598 repetit,
2461 3546 2605 3599 saepe
2633 3532 2805 3585 variat
2835 3549 2847 3583 :
2876 3530 3043 3584 Deum
3086 3534 3309 3599 precari,
3360 3546 3515 3591 orare,
3553 3527 3724 3584 laudare.

2217 3603 2470 3671 conﬁteri,
2504 3604 2740 3663 adorare,
2794 3612 3039 3665 tremere,
3096 3618 3302 3670 pavere,
3324 3616 3327 3621 ‘
3349 3611 3563 3664 metuere,
3608 3609 3727 3667 pem-

2218 3686 2363 3743 nare,
2390 3689 2592 3737 vocare,
2626 3675 2904 3743 suspicere,
2935 3674 3252 3740 supplicare.

2287 3742 2412 3796 212.
2448 3744 2614 3797 Forte
2639 3742 2894 3806 metuunt,
2921 3753 2968 3797 te
2998 3744 3186 3813 fontes.

2286 3814 2413 3869 215.
2446 3814 2723 3868 Coruscare
2751 3812 3003 3868 activum
3033 3824 3137 3879 est,
3170 3816 3290 3869 cum
3333 3812 3726 3882 signiﬁcatconcu-

2218 3894 2355 3940 tere.
2386 3886 2633 3951 vibrare;
2665 3885 2761 3939 sed
2820 3884 2923 3939 hoc
2973 3886 3091 3939 loco
3120 3884 3385 3950 signiﬁcat
3422 3884 3658 3950 fulgurare,
3689 3882 3727 3927 ut

2220 3969 2274 4007 ν.
2313 3954 2433 4022 152,
2483 3954 2559 4009 Te
2596 3956 2893 4020 mandante,
2922 3955 3103 4026 pluunt
3128 3959 3304 4012 nubes.
3337 3954 3468 4027 etab
3507 3954 3602 4022 igne
3624 3962 3726 4027 ςρηε·

2217 4037 2389 4099 scunt.
2417 4020 2593 4099 Habet
2615 4036 2792 4080 autem
2820 4020 3184 4099 accusativum
3217 4037 3266 4081 te
3295 4025 3489 4099 ratione
3516 4020 3725 4099 peculiaris

2217 4096 2629 4163 significationis
2662 4111 2890 4151 :sensus
2909 4097 3053 4150 enim
3079 4106 3164 4151 est
3208 4114 3222 4150 :
3270 4107 3322 4152 te
3352 4086 3549 4150 laudarit
3581 4086 3723 4149 nubila,

2217 4166 2344 4240 dum
2367 4178 2672 4240 coruscant,
2702 4178 2760 4222 ut
2782 4184 2836 4240 χ.
2855 4168 2981 4232 208,
3018 4167 3086 4221 Te
3100 4170 3310 4240 spiritus
3332 4168 3501 4226 omnis,
3526 4163 3724 4240 Personat,

2216 4248 2271 4292 et
2299 4239 2494 4293 clarius
2519 4254 2571 4291 γ.
2600 4226 2728 4294 225.
2786 4236 2945 4295 Te....
2970 4226 2979 4232 ’
3005 4226 3165 4306 genus
3211 4256 3358 4294 omne
3399 4236 3554 4291 ueneni
3593 4226 3724 4287 Sibi!“

2218 4323 2305 4363 ore
2335 4311 2462 4380 fero.
2497 4310 2685 4364 Nubila
2728 4325 2902 4363 crassa
2955 4319 3079 4363 sunt
3107 4312 3297 4377 densa,
3345 4312 3522 4378 spissa,
3561 4310 3724 4380 ιιι-δίζω

2218 4369 2421 4447 crassa,
2476 4381 2672 4436 cmlum
2730 4394 2998 4447 crassum,
3056 4383 3252 4436 nebula
3282 4369 3294 4377 ’
3327 4369 3517 4445 crassa,
3567 4369 3723 4445 paludes

534 4450 721 4540 linear:
739 4464 855 4540 qum
870 4449 1137 4540 implicata
1156 4447 1486 4503 constructio
1500 4458 1603 4540 est;
1620 4447 1711 4530 sed
1728 4464 1831 4502 non
1855 4448 2105 4533 absurda.
2138 4476 2190 4540 ι)
2221 4465 2439 4540 crassas.

605 4521 729 4573 201.
770 4519 836 4573 Ut
876 4522 1061 4574 nescire
1095 4521 1247 4587 ﬁnem
1283 4533 1382 4588 pro
1418 4535 1521 4573 non
1557 4519 1710 4588 [inire
1753 4518 1988 4587 ponitur,
2032 4522 2111 4575 sic

534 4606 738 4643 noscere
763 4592 915 4659 ﬁnem
953 4607 1047 4659 pro
1081 4591 1276 4657 facere,
1314 4589 1399 4645 vel
1426 4604 1619 4657 capere
1659 4589 1819 4645 finem
1848 4602 1901 4645 et
1933 4590 2108 4645 ﬁnire.

605 4661 728 4715 204.
759 4664 929 4728 Supra
962 4679 1012 4715 v.
1049 4662 1149 4714 147
1194 4662 1407 4714 thronus
1435 4665 1605 4731 prima
1638 4662 1895 4729 producta
1926 4675 2117 4715 occur-

534 4733 625 4785 rit.
671 4734 984 4787 la‘mendatio
1022 4734 1181 4786 etiam
1225 4732 1326 4786 hoc
1373 4732 1491 4785 loco
1516 4740 1661 4785 esset
1690 4733 1890 4798 facilis,
1927 4732 2113 4787 Excel-

535 4819 718 4870 susque
745 4804 956 4857 thronus
983 4805 1163 4856 humili
1192 4811 1238 4855 te
1265 4819 1384 4856 voce
1413 4811 1663 4870 precatur.
1695 4806 1796 4857 Sed
1828 4804 1995 4869 magis
2020 4818 2115 4872 ge-

534 4873 757 4926 nuinum
783 4874 990 4927 videtur
1010 4874 1242 4927 Thronus
1265 4876 1314 4926 in
1336 4874 1564 4927 exaelsis.
1588 4872 1806 4927 Excelsa
1836 4889 1930 4940 pro
1951 4876 2110 4927 caelo.

534 4941 653 4998 Lib.
690 4960 766 5009 Ill,
790 4959 843 4996 ν.
876 4945 962 5011 17,
996 4943 1193 4998 Celsior
1225 4945 1457 5006 ea'celsis,
1493 4943 1586 4997 lib.
1617 4959 1654 5003 ι,
1691 4960 1741 4999 v.
1780 4945 1899 5007 lOl,
1941 4944 2113 4999 Donec

534 5016 597 5086 ab
627 5018 854 5068 excelsis.
905 5016 1099 5069 Arator
1129 5014 1217 5069 lib.
1254 5030 1289 5083 I,
1332 5029 1385 5067 ν.
1416 5014 1503 5079 91,
1551 5013 1679 5086 Cum
1714 5026 1877 5069 rector
1907 5014 2115 5086 Olympi

536 5084 717 5138 Evr/tit
758 5088 991 5149 excelsis,
1033 5086 1245 5154 quiquid
1274 5086 1491 5152 suscepit
1518 5085 1582 5138 ab
1606 5087 1743 5152 imis,
1792 5087 1877 5140 ubi
1916 5084 2111 5141 frusri'a

533 5157 859 5211 Arntzenius
884 5166 1051 5211 tentat
1079 5157 1284 5222 excelsi,
1312 5158 1726 5224 repugnantibus
1757 5157 1906 5212 libris
1933 5158 2109 5222 editis,

538 5238 589 5280 et
621 5242 774 5290 mss.,
800 5236 853 5281 et
883 5227 1139 5282 sententia
1174 5228 1306 5295 ipsa.
1361 5224 1427 5279 In
1464 5228 1671 5280 excelsis
1703 5228 1911 5295 phrasis
1938 5230 2113 5284 eccle-

538 5298 749 5353 siastica
772 5308 872 5362 est,
906 5314 1025 5367 qua:
1051 5314 1078 5351 a
1107 5298 1261 5353 bonis
1284 5297 1588 5352 Latinitatis
1615 5301 1924 5353 auctoribus
1950 5301 2113 5367 origi-

540 5384 653 5420 nem
692 5369 871 5432 trahit,
924 5369 1063 5439 apud
1093 5385 1226 5439 quos
1258 5384 1400 5439 smpe
1437 5368 1645 5435 legitur,
1693 5370 1762 5422 'ab
1794 5370 2012 5435 excelso,
2060 5371 2113 5423 in

538 5440 731 5495 rrcelso
764 5454 859 5507 pro
885 5440 947 5492 ab
970 5444 1093 5501 alto.
1120 5451 1165 5494 et
1192 5439 1397 5494 sublimi
1417 5441 1547 5505 loco,
1576 5441 1629 5492 in
1651 5439 1775 5503 alto,
1811 5449 1854 5493 et
1875 5442 2114 5493 eminenti

534 5510 664 5561 loro.
698 5510 917 5563 lt'xt‘elsa
944 5514 1079 5566 urbis
1102 5513 1233 5566 dixit
1261 5512 1482 5566 Plinius.
1508 5511 1751 5579 Quinque
1776 5512 1991 5565 ordines
2020 5526 2114 5564 an-

533 5582 684 5647 geliri
719 5598 744 5633 a
783 5582 1066 5637 Dracontio
1095 5591 1464 5649 recensentur,
1484 5583 1788 5648 cherubim,
1816 5583 2108 5652 seraphim,

532 5652 727 5715 altgt‘ll,
761 5653 1005 5719 virtutes,
1055 5656 1229 5709 throni
1263 5673 1273 5708 :
1318 5670 1440 5709 nam
1475 5653 1732 5708 Hebraice
1763 5654 1986 5708 virtutes
2013 5653 2113 5708 Sa-

532 5719 682 5798 baoth
712 5721 980 5798 dicuntur,
1017 5737 1068 5798 et
1102 5725 1328 5779 Sabaoth
1370 5728 1661 5782 exercitum
1695 5734 1869 5798 sonat.
1911 5726 2111 5781 Novem

480 5834 491 5861 ._
531 5789 751 5844 ordines
781 5791 893 5843 sive
914 5794 1061 5847 chori
1091 5798 1318 5864 angelici
1345 5812 1375 5850 a
1400 5798 1667 5867 plerisque
1684 5796 2102 5868 distinguuntur,

2217 4593 2271 4647 d'
2288 4521 2414 4577 2”.
2436 4523 2639 4581 Melius
2656 4523 2727 4577 Τί
2754 4523 2864 4577 ί³⁶⁶⁸
2884 4522 3003 4577 alba
3030 4510 3162 4591 dies,
3190 4523 3273 4578 vel
3301 4523 3454 4579 etiam
3480 4518 3543 4573 Te
3561 4517 3632 4569 ius
3649 4510 3726 4563 situ

2254 4610 2347 4647 ³88.

2254 4610 2347 4648 168.

2286 4664 2411 4720 215.
2450 4664 2596 4735 Eleg.
2629 4681 2680 4720 ν.
2708 4665 2797 4728 81,
2832 4664 2927 4718 Sol
2976 4665 3062 4717 dat
3110 4667 3390 4735 temperies.
3439 4663 3556 4718 Cum
3602 4664 3726 4731 ιιεαειθ

2217 4736 2438 4789 nimium
2466 4738 2630 4803 frigus
2654 4751 2827 4805 neque
2853 4737 3168 4790 immodicus
3196 4740 3343 4791 calor
3387 4744 3481 4798 est,
3530 4735 3727 4805 tempenff

2216 4806 2429 4860 dicitur.
2456 4792 2675 4861 Ovidius
2710 4792 2964 4869 l.'IMet.,
2995 4822 3045 4859 ν.
3080 4808 3169 4873 51,
3222 4792 3594 4877 Tentperienique
3630 4792 3728 4847 dedit

2216 4878 2376 4949 misul
2400 4894 2510 4930 rum
2557 4880 2748 4949 frigore
2774 4879 3000 4949 ﬂamma.

2286 4947 2413 5003 216.
2440 4944 2592 5017 Eleg.
2626 4944 2674 5000 it.
2699 4948 2826 5013 255,
2874 4948 2988 5012 l’er,
3013 4960 3181 5015 testas,
3210 4959 3490 5011 autumnus,
3510 4944 3652 5001 hiems.
3674 4946 3727 4984 η’

2217 5020 2290 5073 dit
2319 5036 2485 5071 annus
2512 5021 2564 5073 in
2603 5036 2817 5073 annum.
2846 5018 2977 5071 Vide
3004 5032 3206 5074 mitam.
3639 5075 3663 5088 ν,

2287 5091 2411 5143 217.
2446 5088 2598 5143 Ferat
2624 5090 2830 5152 humus,
2864 5098 3037 5143 muter
3068 5094 3144 5153 tit,
3170 5090 3490 5151 fecundatur,
3515 5091 3590 5137 aut
3609 5086 3725 5133 etiam

2217 5160 2354 5215 fetus
2386 5160 2517 5215 edit.
2552 5160 2681 5214 Vide
2712 5171 2888 5213 notam
2929 5162 2993 5212 ad
3030 5177 3169 5215 vers.
3203 5164 3291 5216 80.

2285 5231 2412 5287 218.
2450 5231 2629 5299 Spirat
2691 5234 2803 5295 ﬂos,
2834 5231 2935 5283 hoc
2966 5240 3066 5293 est,
3098 5235 3312 5286 odorem
3360 5226 3575 5299 effundit.
3613 5218 3729 5299 (iliu-

2217 5301 2409 5373 dianus
2442 5289 2538 5356 lib.
2572 5317 2606 5373 ῃ
2634 5289 2702 5355 de
2723 5289 2899 5373 Rapta
2948 5289 3120 5370 Pros.,
3153 5319 3201 5356 v.
3228 5305 3313 5365 8t,
3337 5296 3572 5368 Quidquid
3608 5289 3727 5373 φυή-

2216 5372 2340 5442 feris
2371 5374 2533 5437 spirat
2562 5372 2833 5425 Panchaia
2859 5372 3020 5424 silris.
3042 5374 3190 5429 Sulet
3219 5372 3722 5442 atljtittgiaCCIlsallYl"~

2216 5438 2275 5496 ut
2301 5446 2500 5512 spirare
2528 5444 2761 5507 odorem,
2790 5454 2878 5497 aut
2906 5445 3233 5507 adverbium,
3260 5438 3310 5497 ut
3344 5438 3523 5513 spirare
3546 5438 3722 5513 grat‘tlffg

2216 5507 2455 5569 suaeiter.
2489 5515 2763 5569 Juvenalis
2789 5526 2965 5567 tamen
2995 5526 3099 5572 sat.
3130 5517 3179 5581 7,
3206 5532 3255 5569 v.
3314 5507 3435 5574 208,
3478 5507 3725 5581 ςίτξῖριξειιεῗ

2218 5585 2405 5671 disits
2433 5585 2801 5671 Spiraruesgue
2828 5600 3036 5671 crocos...
3081 5588 3137 5641 In
3167 5574 3408 5671 'Xcrsibu's

2305 5650 2489 5714 lsidori
2520 5657 2659 5714 titul.
2694 5650 3037 5731 Pigmentarii
3090 5676 3105 5715 :
3160 5657 3260 5714 llic
3311 5658 3491 5728 spirant
3524 5650 3717 5702 cimaenta,

2279 5746 2392 5783 ura.

2218 5737 2392 5784 thura.
