3902 6330
155 379 247 442 789
1291 369 1575 427 CARMEN
1617 370 1705 425 DE
1751 369 1911 428 ΠΕΟ.
1950 369 2082 427 LIB.
2124 368 2188 425 ll.
2944 320 2948 321 7
3307 358 3418 427 790

323 490 504 548 Messls
531 491 781 548 aristatas
807 489 952 549 acuit
977 503 1074 562 per
1093 488 1328 550 culmina
1352 489 1550 562 fruges,
1749 491 1807 553 Α
2004 489 2271 558 Ingratus,
2302 483 2425 555 quia
2447 481 2617 538 factus
2653 487 2770 538 erat
2797 478 3032 537 caelestis
3071 481 3264 552 imago,

159 586 253 643 2-20
321 584 540 642 Palmite
588 591 862 655 gemmato
939 591 1063 656 post
1133 583 1418 656 pampinus
1477 582 1726 639 admovet
1999 580 2123 644 Jura
2156 580 2435 648 potestatis
2464 576 2701 632 retinens
2732 589 2894 644 super
2931 576 3113 630 omnia
3138 575 3306 644 solus,

1479 673 1650 748 [uvas.
2023 675 2088 738 Et
2136 689 2371 746 semper,
2416 671 2518 729 nisi
2568 671 2717 742 jussa
2763 670 2859 726 Dei
2902 678 3276 728 contemneret
3326 689 3420 732 au-

319 773 384 829 Et
406 785 677 842 nunquam
706 771 941 829 caritura
965 770 1136 828 comis
1162 769 1455 828 frondescit
1488 769 1650 824 oliva.
3199 765 3347 840 [ἀει.

319 865 395 922 Te
423 866 553 931 lera,
585 874 638 920 le
667 865 864 935 pisceS,
885 863 1135 933 pecudes.
1159 870 1424 928 armenta.
1456 861 1722 927 volucres.
2003 866 2124 924 Mox
2143 879 2302 936 quam
2330 864 2501 920 factus
2527 871 2642 919 erat
2665 862 2812 918 nullo
2829 868 3084 932 peccante
3111 871 3345 928 creatus,

318 956 491 1013 Turba
517 965 846 1014 cerastarum
875 955 1077 1020 laudat,
1107 968 1274 1026 genus
1326 969 1487 1014 omne
1529 952 1724 1008 veneni
1824 961 1932 1026 2ιο
2005 959 2271 1018 Peccavit.
2295 956 2431 1025 Quid
2455 971 2550 1011 nos
2571 954 2754 1010 miseri
2783 954 2848 1009 de
2874 954 3099 1009 crimine
3129 954 3277 1008 nati?

152 1117 156 1122 ,
322 1051 508 1108 Sibilat
535 1067 630 1107 ore
659 1051 794 1118 fero,
823 1051 1000 1122 lingua
1031 1050 1274 1106 vibranle
1305 1049 1540 1117 trisulca,
2005 1051 2280 1123 Principio
2305 1059 2502 1106 nostrae
2525 1059 2777 1120 peccator
2800 1047 3023 1118 originis
3049 1056 3236 1102 auctor

163 1144 248 1202 525
320 1144 386 1198 Et
413 1144 528 1212 tibi,
582 1143 838 1215 quidquid
877 1144 1060 1210 habet.
1107 1151 1361 1214 reputans
1405 1143 1603 1200 debere
1647 1146 1724 1200 fa-
2016 1146 2310 1206 Damnatur
2332 1143 2435 1202 sub
2460 1143 2578 1211 lege
2608 1140 2775 1207 necis,
2802 1140 2887 1194 vel
2908 1139 3061 1194 clade
3083 1139 3324 1212 perenni.

1463 1237 1648 1311 [tetur.
2003 1241 2165 1316 240
2201 1238 2442 1310 Contigit,
2497 1245 2554 1294 ut
2618 1237 2774 1292 nobis
2819 1235 3033 1301 similis,
3074 1233 3209 1288 heu!
3262 1246 3416 1302 poena

315 1332 603 1388 Auctorem
631 1331 756 1387 vitae.
783 1332 981 1402 gaudet
1012 1330 1244 1388 stridore
1265 1331 1460 1386 minaci
3062 1329 3346 1401 maneret.

318 1422 568 1480 Materies
590 1424 812 1480 laudare
836 1425 1006 1491 necis,
1038 1433 1361 1495 poterasque
1388 1434 1600 1480 creator
2014 1427 2125 1483 Nec
2154 1424 2341 1482 similis
2396 1439 2494 1480 nos
2559 1423 2716 1493 culpa
2766 1429 2958 1478 tenet:
3021 1419 3188 1476 semel
3237 1417 3417 1475 incidit

312 1517 470 1589 239
489 1517 606 1574 Non
634 1532 858 1590 angues,
889 1533 993 1574 non
1015 1518 1176 1576 Omne
1192 1532 1390 1574 nocens
1413 1519 1723 1588 permittere
2367 1565 2375 1577 .
3237 1511 3348 1585 [ille

1461 1609 1648 1681 [nasci,
1822 1612 1931 1670 245
2011 1611 2126 1668 Una
2153 1610 2272 1680 lege
2293 1624 2438 1673 reus.
2464 1623 2564 1666 nos
2593 1607 2777 1663 multis
2807 1606 3012 1677 legibus
3039 1620 3191 1660 error

312 1701 374 1757 Ut
394 1701 532 1758 vitas
563 1701 836 1757 hominum
869 1709 1072 1757 tantum
1100 1716 1248 1758 mors
1276 1717 1378 1757 una
1418 1703 1644 1759 tulisset.
2003 1702 2340 1772 Contemptis
2366 1702 2560 1758 retinet
2576 1702 2815 1771 captivos
2830 1708 2973 1756 sorte
2995 1707 3196 1756 reatus.

154 1789 245 1849 250
306 1792 409 1850 Sed
440 1808 540 1849 nos
565 1808 791 1864 quaeque
813 1793 891 1850 rei
917 1792 1294 1863 cognoscimus
1316 1795 1494 1850 omnia
1551 1809 1719 1866 quare
2081 1797 2211 1852 Illud
2247 1804 2504 1866 praztereo
2531 1837 2544 1860 ,
2572 1795 2711 1865 quod
2782 1793 2932 1864 parvi
2979 1791 3262 1862 pendimus
3305 1804 3418 1844 om.

324 1887 532 1942 Fecerit
563 1888 664 1942 ista
691 1886 803 1942 dari
838 1887 997 1942 :data
1045 1895 1168 1942 sunt
1203 1903 1298 1957 per
1352 1888 1577 1944 crimina
1619 1905 1714 1948 no-
1745 1876 1792 1937 B
3201 1885 3342 1957 [ηθεν

1480 1981 1633 2054 [stra,
2017 1983 2168 2049 Quod
2199 1981 2357 2047 coelo,
2389 1981 2604 2047 tellure,
2642 1979 2813 2046 fretis,
2845 1987 3008 2048 atque
3037 1992 3163 2034 aere
3195 1985 3327 2034 toto.

310 2070 458 2140 Quod
489 2078 757 2143 pracepta
789 2068 887 2126 Dei
914 2070 1114 2142 passim
1140 2071 1546 2144 jcontemnimtis
1600 2090 1717 2132 om-
2002 2076 2214 2146 Ignibus
2243 2074 2509 2139 acthereis,
2551 2083 2603 2128 et
2635 2073 2775 2128 lunae
2803 2071 3013 2142 dignior
3041 2069 3168 2125 orbe

1507 2169 1648 2239 [nes,
1826 2170 1928 2226 250
2006 2170 2098 2224 Est
2139 2168 2321 2236 homo,
2357 2182 2516 2237 quem
2548 2165 2703 2224 libuit
2733 2180 2827 2235 per
2847 2178 2906 2221 se
2935 2164 3173 2218 formare
3206 2160 3410 2215 Tonan.

315 2256 461 2324 Quod
491 2265 836 2326 peccatorum
860 2257 1094 2314 retinent
1120 2265 1202 2315 tot
1225 2258 1389 2314 millia
1418 2260 1611 2314 vincla.
3197 2252 3347 2323 [lem-

372 2349 481 2405 Nec
509 2349 676 2405 modo
699 2350 1267 2429 peccatumlsubrepsit
1287 2353 1546 2424 moribus,
1568 2353 1717 2420 olim,
2009 2355 2139 2410 Nam
2179 2353 2384 2408 diversa
2419 2352 2511 2407 Dei
2543 2351 2659 2406 solo
2690 2364 2937 2406 sermone
2963 2353 3234 2402 creantur.

149 2438 240 2496 255
304 2439 434 2496 Olim
466 2443 679 2511 primus
702 2442 864 2499 homo
905 2443 1237 2500 transcendit
1255 2444 1402 2514 jussa
1435 2445 1715 2501 Tonantis.
2007 2445 2150 2501 Illaec
2176 2459 2308 2504 voce
2337 2452 2504 2510 creat,
2536 2456 2633 2500 nos
2657 2452 2832 2498 autem
2862 2439 3142 2512 operosius
3170 2445 3334 2509 aptat.

1333 2561 1724 2620 SCRIPTURA
1764 2564 1918 2622 COD.
1967 2564 2102 2620 VAT

205 2674 319 2730 219.
364 2673 441 2730 Μ.
495 2674 714 2728 aristeas
737 2691 788 2729 a.
815 2691 869 2743 p.
903 2675 1121 2744 fulmina
1169 2677 1248 2745 f.;
1297 2677 1360 2732 ad
1387 2693 1580 2747 πῖθι-δη
1607 2680 1710 2732 ari-

986 2675 1121 2729 mina
1169 2677 1248 2745 f.;
1297 2677 1360 2732 ad
1387 2693 1580 2747 marg.,
1607 2680 1710 2732 ari-
1887 2680 2013 2736 259.
2036 2677 2163 2732 Mox
2190 2677 2328 2747 quod
2347 2679 2525 2746 factus.

147 2755 304 2802 statas.
819 2742 824 2743 7
904 2742 911 2744 7
1170 2742 1176 2745 7
1506 2742 1528 2747 ’⁷
1567 2742 1574 2744 7
1887 2752 2015 2805 215.
2044 2742 2245 2804 Con..7..
2280 2742 2426 2802 nobis
2452 2743 2635 2799 similis
2665 2742 2762 2796 heu
2791 2755 2938 2809 poena
2962 2755 3179 2798 manere.

205 2816 315 2872 220.
346 2816 406 2870 Ρ.
439 2825 756 2888 gemmalum
786 2835 838 2887 p.
1888 2821 2015 2876 244.
2045 2821 2243 2877 Similis
2274 2834 2356 2872 nos
2383 2834 2433 2872 ε.

199 2889 311 2960 250.
345 2888 448 2960 Sed
475 2903 577 2960 nos
599 2905 798 2958 quoque
813 2905 858 2942 r.
877 2904 924 2942 c.
956 2905 1008 2943 ο.
1037 2891 1172 2958 quod
1185 2907 1287 2953 res,
1319 2907 1417 2960 pro
1444 2908 1535 2945 nos
1561 2892 1708 2948 aliud
1885 2892 2013 2948 245.
2061 2893 2273 2960 Legibus
2296 2891 2464 2945 heros.

143 2958 324 3014 videtur
360 2959 506 3024 prius
547 2958 708 3030 fuisse
731 2960 869 3029 quod
895 2975 912 3013 :
940 2961 1229 3016 obscurum
1260 2958 1362 3020 est.
1884 2963 2012 3018 246.
2045 2958 2195 3019 Sorte
2223 2962 2375 3016 rectis
2415 2975 2434 3015 :
2465 2958 2613 3030 prius
2639 2965 2753 3012 erat
2782 2965 2914 3014 sorte
2939 2963 3139 3010 creatis.

199 3030 309 3104 252.
339 3031 602 3099 Praeepti
627 3029 721 3084 Dei
753 3048 806 3098 p.
840 3034 1144 3085 contemnitis
1168 3049 1359 3087 omnes.
1887 3035 2014 3089 247.
2049 3034 2078 3088 Ι
2105 3044 2413 3104 praetereat).

199 3101 308 3156 255.
336 3104 1031 3172 Quospeccatorummanent
1058 3113 1130 3157 tot
1145 3105 1520 3160 milia'vinclos:
1540 3105 1707 3162 ambi-
2038 3101 2255 3180 Dignior
2286 3101 2444 3158 omni.
2964 3170 2975 3180 7
3141 3179 3145 3180 7
3199 3179 3204 3180 7
3334 3169 3344 3178 ι

141 3185 224 3243 gite
241 3184 452 3228 manent.

1893 3178 2019 3232 252.
2051 3178 2077 3231 Ι
2088 3179 2176 3232 llic
2201 3193 2332 3230 uxor
2351 3184 2432 3230 eat
2463 3191 2556 3230 nos
2577 3181 2748 3229 autem
2775 3178 3039 3243 operarius
3063 3179 3204 3241 aptat
3220 3186 3237 3234 ,'
3269 3183 3406 3240 prius

196 3242 304 3299 257.
339 3247 486 3301 Prius
511 3255 641 3303 erat
665 3255 943 3316 potestates
963 3261 1064 3318 pro
1093 3249 1380 3318 potestatis.
1729 3237 1774 3298 C
1807 3257 1989 3320 aptat;
2018 3250 2284 3320 cperarius
2301 3247 2480 3302 dubie.

1607 3363 1839 3424 NOTAE.

195 3457 309 3512 219.
365 3456 628 3512 Ordinem
673 3469 1131 3525 versuum,quem
1175 3456 1446 3528 inversum
1499 3458 1704 3528 judico,
1885 3460 2010 3514 255.
2047 3457 2381 3513 Lucretiusl.
2416 3473 2495 3524 ιιι,
2521 3474 2578 3528 ν.
2627 3456 2716 3523 60,
2763 3456 2890 3524 Qua:
2933 3457 3144 3510 miseros
3183 3454 3410 3528 homines

141 3530 333 3600 mutavi.
362 3528 641 3600 Aristatas,
666 3529 893 3600 77sci|icet
944 3529 1162 3600 ar_istam
1208 3527 1509 3584 habentes.
1534 3530 1706 3585 Utitur
1813 3540 1999 3600 cogunt
2029 3531 2388 3584 transcendere
2407 3530 2533 3597 ﬁnes
2553 3527 3021 3600 Juris.’l‘acitus7_itt
3048 3527 3265 3591 Annal.,
3292 3542 3410 3600 rap.

140 3597 305 3654 Festus
331 3613 393 3654 ea
417 3614 548 3654 voce
573 3599 628 3653 in
654 3597 950 3654 liestiltilis:
977 3597 1173 3654 Ferrea
1200 3600 1363 3667 spica,
1396 3601 1451 3654 id
1489 3611 1562 3656 est
1601 3603 1706 3657 ari-
1812 3597 1903 3666 51⁷,
1939 3602 2209 3655 Prohibita
2231 3603 2438 3668 impune
2488 3601 2878 3655 transcenderis.
2937 3598 3184 3668 Venusto
3217 3599 3413 3666 repeti-

139 3680 268 3742 stato.
546 3738 551 3742 _
600 3741 606 3742 7
767 3741 773 3742 7
1100 3741 1106 3742 7
1147 3741 1152 3742 7
1187 3741 1192 3742 7

1871 3689 1897 3725 r
1919 3673 2041 3727 olim
2063 3688 2126 3727 ex
2159 3688 2214 3726 ν.
2243 3667 2408 3742 princ.
2445 3671 2691 3741 Virgilius
2724 3670 2758 3723 Ι.
2795 3686 2866 3732 vr.
2903 3685 2954 3722 ν.
3001 3668 3124 3733 «195,
3163 3667 3409 3722 Lucerum

195 3741 306 3796 220.
340 3742 410 3797 De
441 3738 669 3810 palmite
691 3741 812 3796 vide
843 3751 1022 3796 notam
1047 3741 1111 3812 ad
1142 3741 1237 3796 lib.
1270 3757 1308 3807 ι,
1335 3757 1388 3797 v.
1448 3743 1571 3797 170.
1628 3745 1703 3799 De
1810 3743 2086 3798 crudeliter
2118 3738 2393 3810 ora,70ra,
2423 3738 2700 3812 inaniaque
2717 3745 2909 3794 ambas.

136 3815 334 3884 gemmis
363 3807 484 3867 vltis
511 3812 642 3867 eod.
676 3814 710 3866 Ι.
737 3829 788 3879 t,
818 3828 872 3867 ν.
918 3814 1044 3869 575.
1095 3811 1255 3870 Forte
1282 3814 1564 3882 legendum
1621 3825 1704 3871 est
1881 3814 2007 3870 256.
2066 3814 2180 3870 Lib.
2216 3807 2240 3869 ἰ
2273 3856 2287 3880 ,
2345 3830 2397 3867 v.
2450 3807 2585 3879 558,
2616 3807 2849 3884 Species
2901 3810 3138 3878 hominis,
3199 3809 3409 3864 (celestis

138 3881 334 3937 Palmite
361 3894 666 3952 qemmalas.
1339 3881 1351 3882 7
1812 3887 2001 3952 imago.

191 3953 301 4028 221.
333 3956 459 4010 Vide
491 3964 675 4028 notam
707 3955 771 4010 ad
795 3955 831 4008 Ι.
878 3972 917 4021 ι,
947 3971 998 4009 v.
1033 3954 1154 4022 166,
1190 3956 1253 4010 Et
1281 3972 1476 4028 semper
1525 3960 1701 4013 vestita

1873 3957 2007 4028 257.
2042 3956 2182 4012 Infra
2211 3972 2266 4012 ν.
2296 3957 2424 4024 750,
2452 3955 2587 4011 Jura
2610 3954 2865 4025 potestatis
2917 3954 3138 4006 retinens
3190 3953 3280 4005 sub
3313 3968 3407 4006 no-

136 4026 269 4077 contis
299 4027 569 4090 frondescit
594 4027 746 4079 oliva.
1387 4026 1394 4028 7
1811 4027 1948 4082 mine
1966 4043 2102 4081 vero.

191 4095 302 4168 225.
331 4097 562 4151 Vennste
599 4113 842 4150 renenum
868 4113 963 4168 pro
990 4097 1310 4151 animalibus
1330 4100 1626 4152 venenatis.
1879 4098 2008 4152 259.
2051 4099 2193 4168 Lego
2217 4098 2342 4152 Mor.
2376 4115 2556 4168 quam,
2582 4099 2660 4153 vel
2694 4097 2819 4153 Mox
2862 4096 2998 4164 quod
3053 4110 3151 4165 pro
3181 4094 3306 4168 Δποτε
3335 4106 3407 4168 ut.

192 4166 302 4220 224.
337 4169 563 4222 Sibilare
587 4168 807 4233 aliquem
855 4165 938 4222 est
994 4168 1162 4222 sibilis
1217 4169 1529 4237 explndcre,
1583 4171 1700 4224 irri-
1811 4169 1940 4223 Mox
1964 4165 2237 4238 quam'pro
2285 4165 2458 4224 statim
2490 4187 2548 4222 ac
2595 4169 2788 4225 Paulus
2823 4170 2936 4238 Dig.
2978 4169 3021 4238 Ι.
3066 4183 3156 4228 vn,
3210 4165 3289 4238 tit.
3353 4167 3405 4238 ᾧ,

135 4234 264 4310 (ιβτθῖ
292 4240 378 4290 ⁵⁸η
409 4239 508 4294 me
538 4243 660 4292 ίυθο
681 4240 848 4291 35"‘7’0‘
882 4241 1096 4308 Ροηίῑυτ
1130 4255 1225 4306 Ι)το
1257 4234 1454 4301 laudat,
1482 4242 1603 4292 dum
1631 4243 1701 4294 si-
1809 4239 1916 4309 leg.
1955 4234 2040 4304 15,
2081 4234 2204 4294 Mox
2231 4258 2439 4310 quanta
2472 4241 2581 4294 solo
2602 4243 2820 4307 separati
2849 4234 2947 4293 sint
2975 4236 3254 4308 (fructus).
3291 4235 3410 4291 Adi-

135 4307 256 4380 ltlla',
289 4320 340 4360 nt
367 4310 472 4364 dixi
503 4312 571 4362 ad
611 4325 659 4362 ν.
710 4310 834 4364 215.
883 4307 992 4363 lloc
1030 4313 1192 4363 verba
1241 4310 1412 4364 sibilat
1467 4321 1522 4365 et
1577 4312 1697 4366 aliis
1809 4307 1888 4365 sis
1929 4312 2174 4366 Vnssium
2203 4307 2270 4366 de
2301 4317 2479 4370 Serm.
2511 4321 2715 4370 constr.
2750 4327 2871 4380 cap.
2909 4312 2996 4364 06.

136 4377 528 4452 lingnatibrante
562 4382 773 4434 trisulca
795 4382 1129 4435 contrahitur
1150 4397 1316 4448 genus
1339 4397 1498 4435 omne
1537 4397 1693 4438 vene-
1876 4382 2001 4439 260.
2061 4386 2209 4437 Vers.
2269 4384 2396 4448 557,
2452 4383 2713 4436 Scelerata
2768 4377 2996 4452 prapago
3029 4378 3295 4443 Nascitur,
3347 4393 3408 4430 rx

135 4447 178 4524 ni
204 4449 260 4500 ad
285 4462 562 4515 serpentes
597 4454 647 4503 lu
665 4465 880 4520 genere.
908 4453 1100 4514 quibus
1125 4447 1336 4524 proprie
1364 4453 1608 4519 sibilum,
1641 4465 1696 4510 et
1805 4455 1944 4524 fonte
1972 4455 2175 4508 sceleris
2203 4471 2359 4523 genus
2381 4447 2528 4507 omne
2556 4447 2793 4506 ineamus.

135 4516 284 4614 lipgua
309 4524 525 4614 xibrans
549 4516 1524 4614 είξιιιιῖιιὶρὲηε,,ςιιῑιηίδιιιεῖείιιξὺιιὶιιιεξ
1570 4516 1696 4578 Vir-
1726 4516 1815 4614 θ’
1878 4516 2351 4614 245.Clait:liaittts
2385 4527 2475 4578 Ii’v.
2501 4541 2535 4578 ιι
2569 4526 2620 4577 itt
2653 4523 2985 4614 E7ut'rnpiunt7.
3017 4519 3224 4614 EH9,
3263 4517 3400 4572 Una-

134 4591 398 4665 gilitts_7lllt.
431 4611 504 4655 λι,
532 4610 584 4646 v.
617 4594 742 4654 751,
774 4591 838 4644 Et
884 4594 1053 4646 sibilat
1079 4610 1184 4657 ore,
1217 4605 1274 4648 et
1301 4596 1335 4647 I.
1367 4609 1405 4647 ιι
1459 4594 1611 4658 Ᾱῧιιη
1643 4612 1696 4651 v.
1727 4591 1780 4614 ν
1805 4611 1905 4665 que
1934 4607 2115 4650 cuncto
2143 4597 2300 4648 Poena
2330 4606 2496 4650 manet
2526 4595 2718 4664 acriori.
2742 4595 2897 4648 Forte
2927 4592 3174 4665 liondicta
3207 4601 3278 4644 est
3311 4607 3403 4665 no-

134 4659 242 4736 Πὸ,
264 4662 328 4736 lt‘t
350 4663 550 4736 linquis
581 4665 732 4716 micat
762 4680 849 4717 ore
880 4665 1120 4736 trisulcis.
1320 4735 1325 4736 7
1805 4659 1882 4720 liis
1911 4670 2116 4730 similis,
2149 4667 2288 4719 heu!
2340 4683 2486 4736 paena
2525 4661 2752 4731 matters,
2793 4665 2876 4717 vel
2918 4662 3218 4736 Contigit7nt
3267 4661 3404 4714 nobis

190 4732 304 4804 226.
339 4731 547 4787 Stridor
571 4737 908 4801 serpentibus
937 4734 1184 4789 tribuitur
1207 4750 1234 4787 a
1276 4735 1406 4789 Silio
1437 4736 1475 4790 l.
1529 4752 1605 4803 vi,
1641 4753 1694 4792 v.
1805 4739 2012 4802 similis,
2037 4738 2170 4790 heu!
2201 4731 2349 4804 paena
2378 4747 2622 4800 maneret,
2650 4736 2790 4804 qtind
2823 4749 2989 4801 inagis
3014 4731 3235 4786 arridet.

136 4799 238 4877 1777,
267 4804 520 4877 etOvidio
545 4805 583 4858 l.
617 4799 674 4858 υ(
699 4804 823 4860 Met.
847 4847 859 4871 ,
880 4821 928 4858 ν.
964 4806 1051 4860 65.
1105 4805 1384 4860 Pulchrum
1423 4799 1699 4877 epitheton
1878 4799 2008 4864 246.7
2038 4810 2168 4863 Vide
2198 4799 2323 4862 nunt
2384 4812 2572 4860 melius
2603 4799 2826 4876 captiuos
2852 4799 2985 4858 solae
3015 4812 3232 4869 creatos,
3260 4810 3316 4857 ut
3349 4816 3402 4854 γ.

132 4874 296 4945 ῖηίζυῘεί
323 4878 565 4930 είνίνίονθ-
1462 4874 1471 4877 7
1804 4878 1930 4945 240,
1967 4880 2144 4934 Miseri
2173 4882 2234 4934 de
2263 4880 2473 4933 crimine
2511 4879 2632 4931 nati.

190 4939 298 5018 227.
333 4945 572 5000 Materies
595 4947 752 5013 necis,
779 4962 874 5015 pro
937 4957 1186 5015 serpente
1233 4948 1478 5018 ﬁgurate,
1539 4960 1596 5005 ut
1643 4965 1698 5008 v.
1881 4939 2009 5008 219.
2072 4953 2185 5012 Lib.
2233 4967 2272 5012 ι,
2305 4969 2358 5005 v.
2393 4952 2514 5012 150,
2571 4948 2781 5018 Ignibus
2835 4947 3066 5002 (ωηεν-οἰδ
3140 4944 3405 5018 signiﬁcat

259 5031 528 5092 stertentum
739 5007 749 5013 7
763 5007 791 5092 _7
1033 5007 1040 5015 7
1268 5007 1296 5018 ν
1465 5007 1476 5016 ’

1857 5038 1982 5076 ‘nem
2030 5007 2408 5077 clementer-em
2443 5007 2730 5075 :lioc'loco
2778 5029 2833 5078 et
2882 5037 2976 5089 pro
3001 5018 3104 5074 hoc
3157 5007 3286 5087 igni,
3341 5023 3398 5070 et

159 5083 303 5164 77229.
334 5087 582 5154 Tulisset,
611 5103 706 5157 pro
728 5089 1036 5146 abstulisset
1065 5107 1080 5145 :
1113 5090 1336 5160 simplest
1363 5106 1462 5160 pro
1480 5107 1698 5163 compo-
1805 5083 1905 5162 pvro
1936 5094 2070 5152 sole.
2097 5102 2148 5146 ct
2177 5109 2274 5162 pro
2301 5094 2474 5147 stellis
2499 5094 2634 5145 sumi
2668 5101 2860 5162 potest.

133 5162 250 5232 illi):
263 5227 279 5232 Α
338 5228 376 5232 _
1605 5162 1612 5163 7

1605 5162 1612 5163 7
1875 5164 2002 5217 250.
2026 5164 2155 5217 Vide
2185 5166 2220 5217 Ι.
2246 5181 2280 5229 ι,
2312 5179 2363 5217 V.
2391 5165 2496 5218 550
2526 5176 2575 5216 et
2605 5180 2753 5232 seqq.

193 5226 305 5280 250.
338 5228 496 5285 Forte
529 5231 638 5286 Sed
663 5246 754 5283 nos
783 5233 968 5302 quippe
1003 5233 1079 5286 rei
1107 5248 1125 5286 :
1155 5240 1301 5286 certe
1330 5248 1528 5305 quoque
1557 5249 1695 5290 metr
1875 5236 2001 5288 251.
2036 5226 2276 5297 Diversa,
2307 5236 2508 5289 scilicet
2538 5226 2740 5287 homini
2764 5235 2846 5287 vel
2882 5234 2949 5305 ab
2985 5232 3223 5305 homine.

133 5293 359 5372 d'".“_95‘-
794 5293 804 5301 7
873 5293 917 5302 77
1343 5293 1353 5302 7
1444 5293 1454 5305 7
1872 5306 2000 5359 252.
2047 5293 2290 5371 Plautus,
2316 5307 2599 5360 'l‘erentins
2628 5307 2822 5372 aliique
2867 5303 3000 5357 illaec
3050 5319 3145 5370 pro
3174 5301 3269 5355 illa
3298 5301 3408 5356 lucc

195 5366 622 5447 23!.Qttod.7pcr
651 5374 873 5427 crimina
919 5373 1114 5447 hnstra
1163 5374 1412 5428 animalia
1451 5375 1699 5447 nocentia
1807 5378 2012 5432 dicunt.
2043 5366 2321 5447 Operosius
2365 5393 2393 5429 a
2444 5377 2613 5430 Plinio
2654 5366 2999 5447 usurpatum.
3047 5366 3408 5447 'lfcrtullianns

136 5434 240 5519 data
265 5434 372 5519 liter
395 5434 608 5519 nt,_li7oc
640 5459 799 5519 sensu
831 5453 913 5500 est
944 5446 1363 5519 intelligendum,
1393 5447 1553 5519 quod
1587 5446 1672 5500 ani

1865 5465 1898 5503 ι.
1925 5465 1959 5502 ιι
1989 5434 2174 5519 contra
2210 5446 2529 5500 Marcionem
2559 5462 2678 5513 cap.
2711 5450 2762 5507 .i.
2789 5434 2925 5508 Qui:
2968 5444 3406 5519 deniquedignus

136 5512 271 5585 utalia
305 5514 498 5586 homini
534 5515 586 5567 in
612 5517 1088 5570 statulnnocentize
1116 5512 1220 5570 non
1250 5512 1580 5584 nocuissent,
1601 5517 1695 5572 sed
1800 5523 2026 5574 incolere
2055 5517 2149 5570 Dei
2169 5534 2342 5585 opera,
2376 5535 2528 5586 quam
2577 5520 2737 5582 ipsius
2766 5519 2934 5584 imago
2981 5526 3028 5570 et
3077 5516 3361 5570 similitudo
3389 5516 3410 5565 1’

135 5591 234 5660 eius
253 5584 420 5647 potius
465 5587 695 5648 imperio
725 5587 951 5643 fuissent
983 5587 1244 5657 subjecta.
1279 5591 1546 5642 Praeterea
1579 5603 1697 5642 con-
1805 5591 1937 5645 Eam
1967 5605 2167 5660 quoque
2185 5584 2402 5654 bonitas,
2427 5599 2472 5641 et
2501 5589 3036 5655 quidemaperantior,
3071 5594 3282 5660 aperuta
3310 5596 3407 5660 est,

137 5656 406 5730 traversum
436 5667 513 5710 est
548 5660 690 5711 inter
712 5660 1030 5726 interpretes
1056 5654 1110 5713 et
1159 5659 1458 5727 theologos,
1518 5676 1584 5712 an
1636 5677 1698 5715 ea
1803 5677 1904 5716 non
1926 5654 2178 5729 imperiali
2226 5660 2393 5723 uerbo,
2427 5654 2521 5712 sed
2545 5661 2791 5727 familiari
2822 5675 2999 5723 manu,
3059 5654 3408 5730 etiam_eerl)o

134 5724 353 5800 aniinala‘a
391 5742 507 5793 qua:
535 5743 684 5800 nunc
714 5743 832 5784 sunt
856 5724 1057 5784 l'erocia
1111 5740 1165 5784 et
1214 5724 1360 5783 aliis7
1388 5739 1608 5794 nocent,
1647 5733 1696 5784 in
1801 5724 2090 5788 blandiente
2119 5732 2400 5800 prmmisso,
2427 5724 2702 5784 Faciamus
2753 5731 3031 5794 hominem,
3086 5737 3192 5782 etc.
3220 5727 3278 5780 Et
3313 5726 3401 5780 lib.

136 5797 257 5873 statu
285 5797 595 5873 innocentiae
624 5810 810 5853 mutuo
840 5804 977 5855 inter
1005 5816 1066 5857 se
1110 5803 1380 5856 saevirent.
1423 5803 1568 5856 Vide
1602 5801 1672 5854 Pe

1864 5797 2197 5859 :Resurrect.
2239 5817 2417 5867 carn.,
2444 5817 2561 5869 cap.
2594 5804 2647 5864 Β.
2672 5803 2804 5856 Caro
2854 5811 3027 5855 autem
3079 5809 3128 5853 et
3181 5812 3405 5853 sermone

128 5868 307 5920 ratium
340 5868 390 5921 in
420 5883 783 5929 comment-ar.
814 5874 880 5928 ad
911 5873 1107 5929 Genes.
1133 5889 1250 5944 cap.
1285 5891 1317 5938 t,
1356 5890 1405 5927 ν.
1437 5874 1524 5930 29.
1804 5877 1900 5931 Dei
1928 5877 2152 5931 constitit
2177 5885 2380 5946 Dropler
2409 5877 2724 5943 formam....
2757 5884 2801 5928 et
2831 5875 3052 5940 amplius
3094 5886 3246 5924 manu
3278 5883 3404 5937 pro-
