3902 6330
184 443 267 506 ποτ,
1319 428 1595 484 canum
1640 428 1730 482 ne

1884 425 1926 480 ).
1968 424 2096 480 LIB.
2139 424 2204 478 ΙΙ.

356 558 552 615 Cervus
574 562 634 611 ut
666 550 978 616 occumbat,
1006 548 1197 618 quaerit
1226 546 1483 601 medicina
1512 544 1722 600 medul—
1747 550 1800 608 Α

1496 637 1617 708 llas-

361 740 509 814 243
538 735 676 805 Quid
708 735 889 790 nocuit
915 745 1138 803 passura
1171 730 1356 800 lepus?
1383 728 1510 799 quid
1544 728 1723 793 dama,

1305 823 1410 895 [vel
1443 821 1658 875 hircus?

361 932 498 997 Quos
524 921 805 994 jmedicina
852 922 1005 991 jubet
1061 919 1177 973 haec
1231 926 1290 971 ιιι
1331 918 1610 986 capiantur
1661 914 1728 968 ad

1436 1009 1625 1082 [usus?

367 1116 428 1172 Ut
461 1115 560 1170 sub
596 1110 784 1168 fraude
813 1109 1009 1165 cadant
1037 1114 1354 1170 venantum,
1399 1114 1489 1158 aut
1522 1102 1733 1169 cuspide

1444 1193 1627 1268 uerri?

237 1300 329 1357 280
362 1296 495 1367 Quid
531 1295 704 1364 pisces
742 1305 977 1347 nocuere
1010 1288 1169 1345 freti?
1209 1288 1336 1358 quid
1381 1286 1533 1342 turba
1578 1284 1729 1427 vplu-

1419 1376 1589 1427 [crum

1419 1376 1589 1448 [crum

363 1480 601 1537 Pervasit
650 1490 784 1547 gens
846 1482 1027 1555 nostra
1096 1472 1335 1534 fretum,
1394 1466 1699 1538 pervaditur

1492 1561 1627 1633 [aer,

366 1664 431 1721 Ut
456 1670 738 1732 capiantur
767 1673 896 1714 aves
916 1674 981 1714 ex
1013 1656 1157 1711 nulla
1183 1663 1335 1724 parte
1362 1662 1640 1708 nocentes.

362 1758 490 1826 Qua:
523 1764 711 1810 natura
744 1760 929 1823 negat,
971 1765 1066 1821 per
1095 1762 1193 1804 nos
1237 1748 1502 1803 elementa
1547 1759 1737 1817 petun-

1481 1848 1628 1909 [lurz

364 1942 463 1999 Per
510 1938 731 2010 pelagus
779 1934 1083 1991 celebratur
1136 1932 1239 1988 iter
1287 1949 1300 1988 :

1458 2021 1636 2093 [undis

230 2129 328 2186 285
364 2126 619 2195 Navigat,
669 2122 898 2177 audaces
930 2118 1173 2190 quatiens
1208 2130 1369 2184 super
1414 2127 1629 2184 aequora
1658 2127 1735 2165 re.

1473 2205 1635 2265 imos.

1351 1934 1623 2000 seiunctus
1673 1931 1741 1985 ab
1776 1931 1817 1988 Β

3308 418 3417 485 794

2107 542 2276 597 Parva
2308 546 2494 609 putant
2532 537 2776 591 homines
2820 535 3013 592 fluctus
3050 538 3279 594 transire
3320 556 3421 595 no-

3081 631 3313 703 [centes,

1982 726 1989 737 ’
2044 725 2264 793 Insuper
2289 725 2479 777 armati
2511 722 2717 777 medias
2744 730 3058 791 grassantur
3083 723 3136 776 in
3168 724 3365 790 undas;

2045 815 2207 889 244
2233 815 2497 872 Sollicitat
2535 815 2893 885 glaucumque
2932 813 3123 868 fretum
3170 829 3427 871 mucrone

3071 917 3315 971 cruento,

3048 903 3315 976 [cruento,

2047 1002 2112 1057 Et
2168 1002 2363 1058 bellum
2423 1002 2620 1071 ignotis
2669 1000 2925 1056 transfert
2973 1016 3162 1055 manus
3218 1002 3424 1072 hospita

3051 1092 3257 1163 [terris

1903 1186 2009 1243 290
2045 1185 2159 1240 Non
2214 1195 2298 1241 sat
2351 1194 2510 1253 erat,
2570 1195 2730 1240 terrae
2791 1182 3025 1238 tolerant
3080 1182 3220 1252 quod
3289 1183 3428 1239 bella

3087 1276 3359 1349 [cruenta,

2049 1370 2119 1427 Ut
2139 1371 2222 1425 vel
2253 1371 2505 1439 ﬁnitimus
2532 1379 2737 1423 tantum
2769 1368 3091 1438 produceret
3123 1368 3331 1422 hostes.

2052 1465 2340 1532 Impatiens
2376 1472 2577 1518 armata
2618 1476 2807 1517 manus
2846 1477 2946 1517 cur
2991 1463 3093 1515 tela
3123 1462 3432 1531 propinquis

2050 1554 2403 1623 lmplicitant,
2434 1564 2805 1625 peraguntque
2843 1552 3037 1623 (nefas)
3066 1552 3239 1607 civilia
3272 1552 3431 1607 bella.

2056 1647 2166 1703 Nec
2190 1647 2367 1703 solum
2396 1648 2555 1703 civile
2591 1656 2674 1701 sat
2708 1655 2812 1715 est,
2848 1660 3190 1714 socerosque,
3233 1654 3432 1713 patnes-

2935 1736 2941 1741 ’
3128 1739 3274 1810 ique.

1915 1834 2021 1891 295
2058 1834 2469 1901 Germanosque
2508 1838 2698 1901 petunt
2727 1844 2872 1885 saevo
2897 1828 3193 1884 certamine
3224 1829 3434 1883 fratres.

2058 1926 2169 1980 Nec
2206 1924 2368 1979 modo
2392 1932 2629 1979 tentatur
2654 1922 2894 1986 noviter;
2927 1920 3218 1991 primordia
3254 1920 3434 1974 mundi

2065 2016 2417 2071 Horrendunr
2451 2016 2672 2070 doluere
2717 2014 2887 2078 nefas,
2942 2013 3318 2081 hominemque
3355 2028 3434 2069 se-

2964 2108 2967 2109 ⁷
3132 2105 3386 2174 [cundum

2064 2200 2411 2258 Consoexere
2442 2201 2512 2270 pii
2538 2197 2816 2269 perfusum
2848 2198 3106 2269 sanguine
3136 2198 3337 2255 fratris.

1404 2337 1798 2395 SCRIPTURA
1836 2335 1990 2391 COD.
2037 2336 2198 2389 VAT.

229 2468 784 2541 277.N.pessural._
924 2534 934 2541 _
1018 2540 1021 2541 ν
1230 2540 1236 2541 γ
1456 2529 1471 2541 ,
1574 2536 1586 2541 _
1682 2526 1714 2541 η

227 2527 346 2601 ἐπ).
388 2542 454 2597 Ut
480 2527 589 2593 ’διώ
630 2537 814 2608 fraude
839 2534 1023 2587 cadant
1056 2540 1392 2586 venantum...
1440 2529 1592 2583 deest
1618 2527 1744 2582 reli-

171 2631 334 2685 quum.

227 2686 345 2741 280.
373 2682 560 2736 Pisces
579 2695 776 2733 movere
797 2678 838 2746 f.

226 2757 343 2810 εει.
372 2753 479 2807 Iter
500 2752 596 2805 sed
608 2753 788 2819 jussus
810 2747 870 2819 ab
894 2745 1069 2799 undis.

228 2826 345 2879 287.
383 2825 541 2879 Prius
566 2818 753 2875 eratin
783 2818 947 2871 urbes.

1922 2453 2048 2509 290.
2076 2454 2173 2507 Sat
2199 2461 2345 2507 erant
2375 2461 2524 2506 terrm
2550 2453 2788 2507 tolerant.

1922 2526 2049 2578 291.
2084 2523 2153 2579 Ut
2174 2524 2319 2579 vel...
2350 2532 2547 2577 tantum
2576 2523 2879 2578 produceret
2920 2524 3087 2577 hostes
3119 2538 3138 2577 :
3161 2522 3311 2579 deest
3340 2522 3437 2577 ali-

1850 2596 2001 2665 quid.

1922 2666 2049 2720 295.
2075 2665 2352 2733 lmplist‘mt
2371 2683 2426 2735 p.

1921 2737 2048 2791 296.
2074 2736 2314 2790 Obscure
2343 2735 2555 2799 naviter,
2590 2735 2675 2788 vel
2706 2735 2922 2789 novitas.

1922 2808 2047 2862 297.
2082 2805 2195 2861 Nec
2224 2808 2377 2861 telum
2400 2804 2611 2859 doluere
2636 2822 2688 2858 η.
2714 2804 3076 2875 hominumque
3100 2822 3141 2860 ε.

1696 2942 1906 3001 NOTAE

220 3079 334 3134 276.
368 3080 520 3149 Eleg.
567 3090 727 3149 vers._
741 3074 829 3149 6_'l,
863 3072 1021 3126 Cerva
1052 3070 1484 3149 salutaresnpasto
1514 3069 1745 3149 serpente

162 3150 395 3203 medullas
417 3134 670 3217 Cdnﬁcit.
695 3134 911 3199 Solinus
934 3158 1050 3208 cap.
1090 3141 1151 3217 δι
1194 3139 1261 3192 de
1290 3137 1474 3191 Cervis
1503 3134 1741 3217 :‘Patuit,

160 3237 402 3289 num/nam
428 3237 514 3274 eas
533 3206 824 3286 '[ebresrere
849 3231 865 3268 :
895 3206 1049 3283 quam
1087 3211 1147 3289 ob
1185 3224 1391 3289 causam
1427 3206 1657 3289 coitfccta
1685 3220 1747 3256 ex

1855 3065 1991 3112 amat
2020 3057 2102 3110 hic
2134 3057 2406 3126 Demipho,
2446 3056 2516 3110 Ni
2543 3066 2875 3127 sumptuosus
2902 3058 3110 3123 insuper
3133 3057 3284 3109 etiam
3308 3059 3443 3112 siet?

1857 3129 2038 3184 Livius
2066 3128 2158 3183 lib.
2191 3144 2270 3192 ιιι,
2294 3143 2414 3195 cap.
2445 3128 2533 3192 67,
2563 3129 2623 3184 Si
2655 3130 2809 3196 culpa
2847 3130 2898 3181 iu
2938 3129 3082 3183 nobis
3114 3138 3207 3192 est,
3253 3129 3445 3195 auferte

1856 3200 2128 3267 imperium
2157 3200 2403 3265 indignis,
2438 3208 2483 3253 et
2512 3200 2557 3253 si
2589 3201 2644 3252 id
2682 3216 2864 3269 parum
2899 3209 3001 3263 est,
3043 3200 3248 3269 insuper
3273 3215 3446 3267 plenas

157 3268 401 3344 illailia;
426 3268 973 3359 ipiJi-‘iini'unguerita
1013 3284 1190 3336 sedant
1236 3268 1750 3359 caloresnh'ominum
1777 3268 1823 3331 C
1854 3272 2090 3351 expetite.
2115 3269 2362 3353 .Grassari
2402 3271 2455 3323 in
2482 3271 2979 3359 _undas.venustum
3026 3270 3187 3323 etiam
3236 3279 3339 3333 est,
3388 3281 3447 3322 ut

158 3347 511 3431 languentium.
559 3347 810 3413 Lucanus
833 3356 943 3431 lib._
968 3371 1040 3418 vr,
1071 3369 1211 3431 vers.
1244 3351 1380 3431 075,
1426 3348 1586 3431 gervi
1617 3347 1750 3431 pasti

153 3418 367 3498 serpente
396 3431 659 3494 medulla,
686 3444 802 3499 qurc
827 3427 944 3479 usui
964 3422 1345 3499 _magi:eetiam
1378 3418 1749 3499 adhibebatur,

156 3488 388 3557 ut'idem
431 3488 925 3557 Lucanus'narrat.
954 3488 1105 3570 Vide
1130 3494 1232 3570 alia
1278 3491 1413 3570 apud
1455 3488 1751 3570 Gesnerum

160 3572 349 3628 llistor.
386 3574 711 3640 Quadrup.,
744 3577 800 3623 et
837 3584 868 3622 e
908 3565 1296 3622 recentioribus
1344 3562 1645 3614 Bomarium
1699 3562 1752 3610 in

158 3640 352 3697 Diction
365 3684 377 3696 .

220 3713 341 3766 277.
388 3714 589 3769 Posset
631 3711 825 3779 corrigi
880 3708 1017 3774 Quid
1058 3705 1229 3779 nocuit
1284 3719 1372 3779 p_er
1411 3699 1756 3779 rurajepus?

157 3797 269 3836 nam
298 3784 468 3855 lepus,
504 3771 836 3855 etiam__cuin
871 3771 1047 3855 sermo
1065 3788 1166 3855 Δεει
1197 3777 1261 3855 de
1306 3773 1519 3827 femina.
1557 3771 1608 3823 in
1643 3784 1754 3822 ma-

154 3845 354 3909 sculino
381 3845 596 3924 genere
650 3852 826 3906 efferri
876 3850 1029 3903 solet.
1063 3847 1164 3901 Sed
1208 3845 1343 3924 bene
1391 3855 1470 3924 est
1515 3856 1752 3924 passura,

155 3936 256 3991 aut,
313 3912 621 3987 sivmavis,
668 3924 893 3991 peritura
923 3934 1088 3991 :nam
1139 3933 1201 3971 ex
1255 3913 1527 3991 Prisciano
1570 3912 1662 3964 hh.
1723 3926 1756 3961 v

154 3983 372 4059 constat,
409 3999 461 4051 in
499 3983 739 4063 utroque
764 4006 961 4061 genere
982 3990 1082 4042 dici
1118 3987 1461 4063 posseJepus.
1490 3983 1753 4063 pectorum

152 4068 302 4135 etiam
351 4055 577 4135 lepores
639 4055 929 4135 aliquando
976 4067 1173 4135 nocent
1209 4074 1222 4109 ε
1260 4055 1573 4135 Dracontius
1627 4067 1757 4135 vero

154 4122 419 4190 hominum
449 4139 622 4191 auda‘.
643 4122 743 4187 iani
791 4144 843 4187 et
899 4131 1171 4184 libidinem
1200 4124 1569 4192 reprehendit,
1615 4122 1753 4191 quod

150 4207 299 4259 etiam
342 4223 405 4261 ea
438 4206 727 4267 animalia,
761 4218 879 4272 quas
912 4215 1128 4275 parum,
1161 4205 1250 4275 aut
1280 4195 1410 4248 nihil
1461 4204 1676 4275 nocent,
1704 4202 1759 4275 et

150 4291 259 4342 qum
291 4278 343 4330 in
372 4279 659 4331 medicina
686 4263 1021 4334 nulliusfaut
1044 4270 1218 4338 exigui
1237 4274 1360 4320 sunt
1383 4279 1531 4326 usus,
1555 4265 1672 4317 aliis
1690 4263 1758 4317 de

150 4350 316 4400 causis
343 4357 643 4403 sectantur
663 4354 711 4397 et
746 4352 959 4397 vexant.

210 4418 332 4471 9.78.
370 4419 588 4487 Lepus,
626 4417 778 4468 doma
818 4422 879 4487 et
913 4414 1091 4464 hircus
1123 4416 1347 4487 prosunt
1384 4406 1543 4459 etiam
1588 4403 1757 4487 inedi:

147 4486 291 4550 cinrc,
338 4501 395 4541 ut
444 4477 704 4542 veterum
744 4484 1071 4537 medicorum
1116 4479 1429 4550 auctoritate
1459 4477 1761 4550 confirmat

147 4547 413 4613 Gesnerus
442 4561 662 4613 Histor.
689 4554 1031 4621 Quadruped.
1061 4549 1381 4621 Dracontius
1396 4548 1561 4621 igitur
1584 4547 1755 4621 solum

1854 3342 2162 3413 grassariﬂin
2192 3350 2444 3404 senatum,
2476 3342 2527 3393 in
2550 3341 2801 3413 homines.

1925 3413 2053 3467 988.
2087 3411 2304 3482 Poterat
2338 3413 2530 3464 mutari
2567 3411 2923 3482 Sollicitatque
2956 3416 3139 3481 fretum
3176 3413 3447 3482 glaucum;

1856 3484 1951 3537 sed
1980 3497 2083 3535 non
2109 3492 2191 3536 est
2218 3481 2468 3536 inusitata
2500 3481 2799 3551 huiusmodi
2828 3481 3253 3547 constructio,’et
3284 3481 3444 3534 modo

1855 3568 1979 3607 raro
2013 3554 2130 3616 fiat,
2169 3568 2290 3606 cum
2335 3553 2530 3607 decore
2569 3552 2871 3606 adhib‘etur.
2918 3553 3178 3608 Sollicitat
3206 3551 3449 3605 videlicet

1856 3624 2146 3677 manus:si
2184 3624 2329 3693 legas
2370 3623 2686 3689 Sollicitant,
2730 3634 3082 3679 connectetur
3130 3622 3220 3678 hic
3264 3634 3449 3676 versus

1858 3711 1981 3748 cum
2010 3695 2356 3761 praecedenti.

1928 3764 2051 3821 290.
2075 3765 2236 3819 Forte
2268 3776 2416 3818 tet-rte
2446 3766 2667 3820 tulerant
2687 3766 2843 3834 quod.

1924 3835 2055 3960 βω.
2093 3835 2251 3890 Forte
2274 3834 2341 3889 Et
2370 3837 2505 3907 quod
2532 3836 2813 3907 ﬁnitimus,
2853 3845 2943 3891 aut
2976 3837 3174 3890 vicinus
3198 3874 3213 3902 ,
3252 3843 3347 3890 aut
3380 3835 3451 3889 ri-

1943 3924 2005 3960 is.

1858 3924 2005 3960 ιάιιε.

1929 3978 2053 4031 295.
2090 3975 2407 4043 Implicitant
2444 3976 2890 4047 frequentativum
2938 3978 3005 4031 ab
3055 3978 3301 4045 implico,
3348 3992 3453 4046 quo

1861 4062 1991 4101 usus
2013 4057 2093 4101 est
2118 4048 2321 4100 Plinius
2342 4047 2530 4102 Junior
2550 4064 2636 4115 ep.
2671 4051 2760 4107 '55.
2793 4047 2885 4102 lib.
2919 4064 2994 4114 lx,
3033 4049 3120 4102 ubi
3148 4058 3323 4102 tamen
3356 4062 3454 4117 pro

1861 4118 2134 4183 implicitat
2160 4118 2399 4173 nonnulli
2424 4118 2607 4187 legunt
2630 4119 2884 4188 implicat.

1932 4188 2060 4244 294.
2095 4188 2346 4259 Fortasse
2392 4205 2461 4244 ex
2508 4191 2806 4243 imitatione
2854 4190 3078 4255 Lucani,
3125 4190 3215 4259 qui
3265 4190 3460 4244 cecinit

1864 4257 2013 4312 Bella
2037 4275 2126 4329 per
2150 4258 2222 4312 1E
2229 4260 2445 4313 mathios
2469 4259 2583 4327 plus
2608 4277 2757 4326 quam
2785 4262 2952 4313 civilia
2992 4257 3221 4329 campos.
3258 4262 3459 4326 llepre-

1864 4330 2105 4383 hendunt
2151 4330 2365 4397 quidem
2414 4331 2692 4394 nonnulli,
2744 4334 2883 4396 quod
2936 4333 3051 4395 plus
3101 4348 3251 4400 quam
3295 4330 3460 4383 civilia

1864 4400 2059 4453 dixerit
2111 4416 2172 4453 ca
2224 4399 2400 4465 bella;
2448 4402 2538 4455 sed
2572 4402 2858 4455 immerito.
2894 4402 3024 4455 Nam
3069 4402 3265 4455 bellum
3306 4401 3459 4454 civile

1863 4479 1965 4533 est,
1996 4486 2118 4525 cum
2153 4472 2298 4525 cives
2329 4473 2468 4525 inter
2496 4487 2554 4526 se
2587 4473 2783 4525 bellum
2825 4481 3017 4539 gerunt
3047 4488 3059 4524 :
3089 4474 3227 4539 quod
3269 4472 3311 4524 si
3346 4471 3460 4524 bel-

1865 4540 1973 4594 lum
2004 4542 2309 4609 hujusmodi
2333 4559 2359 4595 a
2392 4545 2629 4608 cognatis
2658 4543 2911 4607 ducibus,
2950 4551 3005 4593 ut
3036 4556 3064 4592 a
3096 4543 3338 4608 generis,
3372 4555 3458 4592 so-

148 4610 824 4694 hominihns—esproln'at,
854 4610 990 4692 quod
1032 4623 1146 4675 haec
1190 4610 1445 4673 animalia
1492 4618 1758 4685 przrcipue
1784 4641 1839 4699 Β
1864 4613 2028 4693 ceris,
2064 4614 2324 4699 patrihus,
2363 4613 2509 4677 ﬁliis,
2540 4613 2795 4699 frantribus
2828 4612 2967 4693 inter
2982 4626 3052 4699 si:
3075 4610 3460 4699 dissidentibus

146 4700 210 4752 ob
229 4700 460 4753 delicias
491 4709 552 4752 et
588 4700 774 4751 limini
801 4705 1081 4748 venentur.

207 4771 332 4824 280.
368 4770 548 4824 Forte
584 4768 727 4833 Quid
754 4767 911 4835 pisces
944 4779 1171 4838 meruere
1197 4761 1311 4830 {reti
1637 4826 1648 4838 '

209 4841 334 4894 9.81.
386 4830 717 4894 Notandum
755 4830 839 4889 est
892 4836 1106 4888 verbum
1168 4830 1461 4906 pervaditur
1510 4830 1756 4906 passive:

144 4911 237 4981 etsi
264 4912 413 4964 enim
445 4910 691 4981 pervado
721 4923 840 4961 cum
886 4906 1189 4981 accusativo
1227 4904 1341 4954 sine
1378 4897 1760 4981 primpoi-‘ilione

138 4979 403 5035 interdum
445 4972 744 5050 'ponalttr,
790 4986 847 5029 ut
891 4974 1122 5050 Pervasit
1172 4989 1291 5039 gens
1332 4980 1506 5050 nostra
1551 4972 1760 5050 fretam,

136 5058 306 5106 tamen
364 5042 892 5121 prmpositiotunc
939 5048 1236 5103 omittitur,
1293 5042 1415 5109 quia
1466 5042 1600 5093 inest
1659 5042 1759 5107 ipsi

138 5124 316 5177 verbo.

199 5193 324 5248 284.
352 5196 688 5251 Celebratur
714 5192 828 5253 iter,
865 5187 1070 5241 scilicet
1110 5184 1498 5251 frequentatur,
1542 5180 1757 5253 utre/e-

136 5264 275 5317 brare
295 5268 435 5319 viam
467 5267 724 5334 aliquam
765 5252 899 5334 apud
932 5259 1243 5311 Ciceronem
1270 5264 1345 5334 ὀι
1404 5254 1558 5334 alios.
1597 5252 1763 5334 Aper-

135 5349 237 5391 tum
265 5347 351 5390 est
373 5323 660 5392 mendum
687 5333 774 5384 sed
794 5323 993 5401 jussus,
1023 5343 1121 5380 nec
1150 5324 1480 5401 certiur_nli:i
1509 5323 1763 5374 emenda-

135 5409 202 5461 tio
248 5409 523 5473 occurrit,
575 5418 745 5473 quam
794 5396 1075 5472 sejunctas,
1126 5411 1318 5465 nempe
1365 5396 1525 5447 homo
1572 5402 1760 5444 natura

131 5480 412 5546 sejunctas
441 5480 518 5532 ab
548 5488 724 5545 aqua,
760 5483 866 5527 etc.
1027 5542 1045 5546 _
1378 5536 1390 5546 _
1504 5534 1516 5546 _
1559 5534 1570 5546 .
1700 5532 1733 5546 η

198 5532 808 5618 ὶδὸξριιαιεγείοειιιοε
844 5557 979 5597 nove
1023 5542 1270 5603 fortasse,
1299 5536 1391 5590 sed
1427 5534 1652 5602 pulchre
1682 5532 1763 5587 di-

134 5632 324 5749 ωὲἕέί.
360 5692 494 5749 Lib.
538 5706 584 5760 ι,
621 5703 771 5743 vers.
811 5674 937 5751 69!,
973 5682 1142 5737 Parva
1186 5679 1289 5733 Deo
1314 5682 1520 5749 fuerant
1552 5690 1648 5745 pro
1670 5691 1764 5745 pa-

130 5787 323 5897 τωὲέἹ.
378 5833 962 5910 Elegantenin‘super
1012 5836 1131 5900 post
1182 5843 1365 5895 parva,
1399 5820 1507 5910 ‘vcl
1542 5836 1768 5910 .parum.‘

127 5893 348 5968 ’x‘ttitiI-tis
600 5924 681 5962 tv.
712 5906 765 5962 ‘2,
797 5906 848 5960 1,
875 5893 1143 5954 Ἰήνιὶπιηρ
1183 5893 1260 5950 'm
1306 5900 1435 5950 male
1482 5895 1574 5957 rei,
1632 5893 1768 5960 quod

1870 4684 2159 4736 excitatum
2186 4684 2576 4749 conflatumque
2611 4682 2787 4743 fuerit,
2819 4682 2943 4748 jure
2981 4682 3109 4735 illud
3142 4696 3301 4735 voces
3343 4681 3460 4750 plus

1871 4769 2028 4820 quam
2072 4754 2248 4806 civile.
2294 4754 2421 4820 Qum
2470 4754 2840 4821 interpretatio
2880 4753 3074 4805 Ovidio
3123 4768 3334 4819 quoque
3372 4767 3461 4805 ac-

1871 4823 2199 4876 commodari
2252 4834 2446 4891 potest,
2497 4823 2585 4892 qui
2634 4824 2725 4876 lib.
2773 4839 2845 4876 ιιι
2878 4823 3025 4885 Met.,
3063 4837 3205 4876 vers.
3238 4821 3359 4887 589,
3396 4821 3462 4875 de

1872 4894 2117 4961 Neptuno
2152 4894 2225 4945 ait
2263 4911 2275 4944 :
2311 4893 2612 4963 Servumque
2656 4909 2864 4963 perosus
2916 4893 3197 4955 Achillem,
3252 4892 3461 4945 Exercet

1872 4980 2116 5017 memores
2139 4963 2251 5032 plus
2271 4980 2426 5033 quam
2451 4966 2664 5017 civiliter
2695 4966 2820 5016 iras.
2859 4965 2987 5018 Nam
3008 4965 3214 5027 Thetis,
3247 4964 3462 5018 Achillis

1873 5043 2065 5099 mater,
2091 5046 2205 5087 erat
2230 5036 2403 5102 neptis
2424 5034 2649 5099 Neptuni
2675 5049 2738 5088 ex
2773 5035 2963 5089 Nereo.

1941 5105 2065 5158 295.
2094 5106 2327 5159 Catullus
2384 5107 2433 5158 in
2491 5106 2597 5159 line
2648 5105 2871 5173 ep‘thal.
2918 5106 3062 5160 Pelei
3106 5114 3162 5159 et
3218 5102 3464 5157 Thetidis

1868 5177 2027 5229 simili
2058 5177 2215 5227 modo
2248 5176 2602 5242 frequentiam
2650 5186 2703 5228 ct
2733 5176 3154 5243 magnitudinem
3183 5176 3463 5227 criminum

1867 5247 2122 5301 describit
2168 5266 2179 5298 :
2226 5245 2513 5316 Perfudere
2555 5263 2738 5301 manus
2786 5248 3016 5314 fraterno
3060 5247 3307 5313 sanguine
3365 5246 3466 5314 fra-

1871 5328 1990 5381 tres,
2021 5327 2127 5370 etc.

1938 5387 2063 5441 296.
2104 5386 2318 5441 Noviter
2354 5406 2451 5459 pro
2482 5406 2625 5451 nove,
2670 5389 2833 5443 veluti
2876 5390 3045 5459 prima
3096 5388 3233 5440 vice.
3270 5384 3464 5459 Exstat

1872 5459 1978 5513 hoc
2015 5460 2327 5513 adverbium
2357 5454 2499 5529 apud
2534 5462 2774 5515 Plautum
2808 5454 3231 5529 et'Fulgentium
3266 5454 3466 5524 Mytho-

1879 5533 2078 5599 logum,
2119 5541 2173 5584 et
2209 5532 2260 5584 in
2305 5528 2532 5599 quadam
2582 5532 2925 5599 inscriptione
2970 5529 3109 5597 apud
3154 5528 3463 5599 Gruterum,

1879 5595 1999 5675 pa'g.
2028 5595 2347 5675 fl'anum'.
2387 5604 2440 5668 7,
2474 5618 2609 5675 qua:
2646 5595 2825 5675 stcc'uli
2856 5617 2927 5666 tv,
2966 5595 3021 5655 et
3044 5600 3303 5675 temporis
3329 5595 3467 5675 Cttn-

1878 5665 2185 5726 staiitiniani
2217 5687 2337 5727 esse
2359 5665 2615 5728 creditur.
2653 5665 3210 5739 Fortasselegenduin
3242 5675 3325 5722 est
3357 5665 3467 5718 Nec

1878 5746 2031 5797 modo
2049 5752 2272 5816 tentatur
2293 5748 2512 5810 novitas,
2536 5744 2818 5816 primordia
2839 5746 3036 5816 mundi.

1947 5817 2072 5869 297.
2112 5815 2355 5869 Lucanus
2384 5816 2479 5870 lib.
2507 5812 2545 5882 ις
2572 5831 2709 5869 vers.
2736 5816 2827 5876 95,
2872 5813 3126 5871 Fraterno
3164 5812 3316 5867 vrimi
3353 5827 3462 5867 ma-

1878 5888 2095 5941 duerunt
2117 5890 2364 5953 sanquine
2391 5890 2546 5954 muri,
2577 5886 2781 5944 scilicet
2811 5886 2993 5942 [inmte
