3902 6330
1751 409 2111 469 DRACONTlI
2149 407 2458 469 CARMINA

480 433 583 493 795

692 542 869 600 Gessit
891 540 939 597 id
967 539 1234 608 Impietas,
1266 551 1386 592 cum
1419 534 1649 604 primum
1682 531 1929 586 conditur
1967 542 2059 583 or-
2088 529 2143 588 Α

1766 622 1872 695 [bis
1889 668 1901 687 ,

546 728 649 783 500
688 726 844 801 245
874 722 1110 795 thuasi
1137 723 1219 777 lex
1244 719 1419 785 fuerit,
1450 719 1703 773 miserum
1736 715 1813 770 sic
1840 715 1987 768 venit
2008 714 2050 771 il

1753 807 1953 880 [usum.

761 909 1025 964 Faucibus
1054 906 1237 963 oblisis
1259 904 1399 960 cadit
1424 918 1454 956 a
1486 902 1697 956 latrone
1723 898 1917 953 viator.

690 1002 826 1069 Quid
863 1001 947 1055 fur
978 1011 1270 1055 nocturnus
1302 1012 1464 1067 pravo
1489 995 1701 1050 velatus
1730 993 1780 1047 in
1810 1001 1952 1057 actu,

695 1095 771 1152 Ne
805 1097 1072 1166 capiatur,
1106 1101 1254 1163 agat,
1305 1092 1447 1147 ferro
1490 1089 1779 1143 comitante
1820 1101 1915 1156 per
1942 1099 2062 1139 um-

1742 1179 1883 1245 bras,

1742 1180 1883 1245 bras,

698 1280 980 1335 Multorum
1033 1292 1131 1332 nos
1187 1289 1327 1331 saeva
1382 1274 1577 1336 docent
1624 1180 1866 1340 eermpla
1924 1268 2067 1337 prio-

1830 1362 1990 1443 [rum.

553 1464 659 1522 505
698 1461 836 1531 Quid
882 1461 1022 1533 quod
1069 1456 1387 1516 adulterium
1428 1455 1611 1511 dulces
1655 1454 1795 1509 male
1839 1452 1985 1506 venit
2014 1452 2064 1505 in

1756 1544 1940 1617 [usus?

698 1646 997 1713 lncestiquc
1025 1642 1174 1697 nefas
1200 1646 1364 1711 agitat
1392 1636 1674 1709 plectenda
1704 1635 1901 1691 libido?

698 1738 959 1794 invadunt
985 1738 1165 1808 plures
1187 1735 1345 1790 alieni
1379 1733 1609 1803 caespitis
1636 1746 1813 1799 agros,

703 1830 769 1887 Et
798 1830 1043 1887 domibus
1067 1830 1294 1901 junxere
1316 1828 1503 1883 domos
1532 1842 1636 1881 non
1666 1825 1784 1896 jure
1806 1824 2065 1889 modesto,

3649 403 3755 465 796

2378 523 2455 577 Ac
2481 520 2744 589 promissa
2778 518 2911 573 fides
2942 531 3044 572 non
3072 519 3371 574 custoditur
3398 517 3594 573 amico.

2236 615 2341 674 510
2380 614 2649 670 Nobilium
2682 613 2865 683 plures
2894 612 3104 682 decepti
3128 610 3316 667 fraude
3346 614 3594 677 clientes,

2375 708 2607 762 Canities
2639 706 2887 775 deSpecta
2919 717 3129 772 senum,
3164 706 3383 775 laesique
3414 713 3685 775 parentes.

2379 797 2541 872 246
2563 798 2679 856 Jam
2702 798 2914 869 genitos
2936 797 3141 853 utinam
3184 807 3389 852 tantum
3419 798 3533 853 fera
3576 797 3751 852 dextra

3410 894 3626 966 [feriret

2380 993 2447 1049 Et
2478 1000 2681 1048 tantum
2706 992 2889 1062 parvis
2920 990 3137 1046 fecisset
3168 990 3323 1059 culpa
3347 999 3581 1044 reatum.

2383 1088 2449 1144 Et
2471 1086 2697 1144 necdum
2728 1094 2881 1142 natos
2910 1093 3207 1156 properant
3254 1084 3306 1139 in
3339 1092 3529 1138 ventre
3575 1083 3754 1148 ferire;

2239 1182 2349 1239 515
2386 1183 2674 1246 Externos,
2724 1182 3033 1250 pariterque
3071 1193 3200 1234 suos
3230 1178 3363 1232 furit
3404 1178 3567 1246 impia
3598 1186 3762 1230 mater

2384 1273 2688 1342 Conceptus
2716 1273 2995 1338 damnare,
3030 1268 3110 1325 sul
3134 1283 3235 1325 nec
3257 1283 3381 1324 cura
3416 1267 3605 1337 pericli
3630 1277 3723 1321 est.

2383 1369 2513 1438 Qua:
2540 1369 2673 1424 bibit
2713 1368 2959 1437 impietas
2988 1365 3286 1421 truculenta
3332 1364 3553 1434 impune
3607 1378 3762 1417 vene-

3439 1455 3627 1526 [ιιιιωῖ

2386 1552 2643 1624 Repperit
2670 1551 2772 1607 hoc
2802 1552 2921 1622 quis
2951 1550 3157 1622 grande
3192 1548 3369 1615 nefas,
3414 1557 3475 1602 ut
3519 1563 3628 1603 non
3664 1548 3762 1603 sibi

3407 1639 3660 1711 [mortem

2390 1732 2605 1791 Hauriat
2630 1735 2733 1792 lioc
2755 1747 3087 1807 quaecunque
3113 1729 3283 1789 bibit?
3314 1730 3488 1789 Minus
3516 1746 3645 1787 ecce
3673 1747 3765 1786 no-

3410 1826 3594 1895 [verca

1735 1936 2124 1996 SCRIPTUBA
2164 1936 2321 1995 COD.
2368 1938 2528 1995 VAT.

559 2065 687 2125 299.
718 2064 785 2120 ϐ.
815 2062 908 2116 hoc
937 2064 975 2116 i.
1008 2072 1054 2115 et
1081 2072 1252 2129 postea
1283 2060 1514 2114 conditor
1544 2075 1574 2112 ο

563 2142 687 2196 501.
719 2134 978 2188 Faucibus
1006 2128 1216 2187 obsessis
1247 2133 1381 2185 cadit
1403 2131 1665 2200 alugrisne
1694 2128 1872 2182 viator.

565 2210 689 2265 502.
720 2206 792 2259 Ν.
822 2220 977 2274 parvo
1004 2206 1197 2256 velatur
1224 2205 1277 2256 in
1300 2214 1435 2256 actu.

563 2280 687 2335 501.
722 2276 796 2329 Μ.
823 2292 906 2327 vos
935 2290 1065 2326 steva
1090 2274 1265 2326 decent
1291 2290 1335 2326 e.

564 2352 686 2405 505.
720 2346 979 2415 Quidquid
1002 2345 1328 2396 adulterium.

565 2422 687 2475 500.
724 2417 874 2470 Prius
905 2424 1019 2467 erat
1041 2416 1224 2480 agitas.

564 2490 687 2544 508.
716 2486 782 2539 ι).
803 2487 1039 2557 junxisse
1060 2486 1115 2537 d.

566 2562 687 2617 ³510.
714 2557 779 2611 Ρ.
806 2556 1007 2624 decepit
1028 2559 1069 2625 Γ.

2104 2059 2154 2120 Β

2251 2057 2376 2111 512.
2402 2057 2523 2112 lam
2557 2068 2759 2129 genitus
2784 2056 2983 2110 utinam
3008 2069 3027 2107 :
3056 2052 3146 2109 hic
3182 2067 3373 2110 versus
3404 2053 3460 2110 in
3487 2068 3591 2109 ms.
3620 2055 3773 2124 poni~

2181 2138 2268 2184 tur
2300 2138 2416 2195 post
2442 2143 2655 2183 versum
2688 2143 2804 2197 seq.

2250 2198 2375 2253 515.
2406 2200 2639 2269 Namque
2665 2208 2767 2251 tam
2795 2199 2984 2267 parvis.

2252 2272 2378 2341 514.
2409 2269 2475 2323 Ει
2496 2268 2587 2324 nec
2613 2272 2883 2323 damnatos
2913 2278 3184 2341 properent
3213 2268 3267 2322 in

2253 2340 2377 2394 516.
2409 2341 2472 2394 D.
2497 2357 2615 2395 suos
2637 2350 2686 2393 et
2714 2357 2858 2394 cura.

2253 2412 2377 2465 517.
2410 2412 2537 2482 Qua:
2562 2412 2679 2464 vivit
2706 2412 2958 2482 impietas.

2254 2482 2377 2537 519.
2420 2480 2491 2537 Η.
2535 2482 2633 2537 hoc
2672 2480 3011 2553 quodcunque
3037 2482 3155 2537 vivit
3197 2495 3385 2537 manus
3437 2495 3553 2535 ecce
3602 2496 3782 2536 nover-

2185 2569 2315 2607 cam.

2019 2666 2253 2723 NOTAE.

564 2788 688 2845 299.
720 2785 852 2842 Cum
883 2797 1061 2839 sermo
1102 2782 1174 2836 sit
1212 2781 1279 2835 de
1327 2780 1492 2835 Caino
1533 2779 1753 2835 Abelem
1796 2780 2079 2836 occidente

496 2861 747 2918 mendum
774 2874 803 2911 e
828 2872 885 2911 re
910 2858 1021 2926 ipsa
1052 2854 1294 2919 correxi,
1325 2852 1567 2922 quamvis
1598 2853 1759 2905 verba
1788 2852 1940 2922 longe
1972 2853 2079 2908 sint

495 2934 726 2988 diversa.

568 3004 692 3057 501.
731 2998 957 3053 Restitui
1000 2996 1193 3049 oblisis.
1240 2994 1560 3048 Prudentius
1606 2992 1889 3064 Psycliom.
1932 3010 2073 3048 vers.

494 3074 622 3135 555,
647 3074 804 3127 obliso
834 3069 987 3129 collo,
1007 3078 1059 3121 et
1080 3081 1221 3119 vers.
1251 3066 1386 3131 590,
1428 3066 1587 3117 obliso
1626 3075 1843 3133 gutture.
1884 3064 2078 3119 Cadere

493 3164 526 3199 a
553 3145 774 3206 latrone,
818 3141 1020 3193 scilicet
1052 3154 1205 3189 manu
1250 3136 1489 3192 latronis.
1525 3135 1742 3187 Ovidius
1780 3136 1865 3190 lib.
1904 3152 1933 3188 v
1973 3135 2079 3189 Me-

494 3226 646 3277 tam.,
681 3228 819 3268 vers.
854 3209 975 3273 l‘ll,
1014 3208 1203 3275 Magna
1229 3208 1355 3271 feres
1388 3209 1566 3259 tacitas
1596 3207 1785 3277 solatia
1810 3211 1985 3259 martis
2008 3207 2076 3258 ad

495 3276 715 3347 umbras,
749 3287 787 3335 Α
826 3291 966 3333 tanto
1006 3280 1245 3331 cecidisse
1276 3280 1400 3331 viro.
1450 3278 1736 3331 Suetonius
1777 3276 1829 3330 in
1870 3278 2079 3331 Othone

495 3372 614 3426 cap.
649 3360 680 3409 ii
708 3367 760 3409 et
791 3355 900 3406 alii.
934 3352 1177 3426 lfa'rones
1208 3350 1331 3426 dicti
1377 3349 1591 3426 viarum
1615 3348 1953 3426 obsessores,
1985 3347 2080 3401 δυ-

495 3417 696 3482 venalis
739 3438 904 3493 satyr.
944 3424 1040 3483 10,
1084 3436 1223 3474 vers.
1267 3420 1373 3493 ξιξ,
1410 3417 1645 3471 Carttabit
1682 3436 1863 3493 [aeuus
1910 3435 2081 3472 coram

495 3500 689 3551 latrone
720 3488 897 3548 viator.
941 3493 1128 3546 Cicero
1158 3507 1251 3557 pro
1292 3490 1485 3543 Milone
1520 3507 1637 3553 cap.
1678 3489 1767 3549 21,
1805 3488 1922 3542 Non
1949 3506 2081 3542 sem-

495 3586 587 3639 per
613 3569 772 3621 viator
794 3565 1063 3639 alatrone,
1090 3578 1457 3639 nonnunquam
1486 3563 1632 3639 etiam
1655 3562 1786 3639 latro
1823 3578 1853 3610 a
1893 3562 2081 3614 viatore

496 3632 765 3692 occiditur.
795 3637 923 3690 Hinc
955 3651 1074 3687 vera
1110 3633 1265 3685 lectio
1290 3635 1427 3683 cadit
1453 3649 1483 3682 a
1511 3632 1709 3685 latrone
1731 3632 1913 3685 viator.

566 3711 690 3763 50%.
726 3709 883 3763 Forte
914 3723 1067 3773 parvo
1095 3704 1286 3755 velatus
1313 3705 1534 3767 amictu,
1571 3712 1625 3755 ιιι
1659 3703 1823 3765 magis
1856 3703 2077 3768 expedi-

402 3780 409 3783 ’
495 3790 580 3835 tus
616 3781 703 3835 sit.
732 3780 919 3833 Cicero
947 3793 1042 3845 pro
1076 3774 1266 3828 Milone
1314 3791 1430 3839 cap.
1474 3776 1526 3835 5,
1573 3773 1850 3825 Duodecim
1895 3773 2081 3826 tabula:

496 3862 797 3903 nocturnum
826 3852 985 3919 furem
1019 3862 1216 3919 quoquo
1250 3846 1417 3919 modo,
1454 3846 1691 3919 diurnum
1732 3853 1919 3919 autem:
2029 3860 2082 3895 se

494 3923 594 3975 telo
643 3913 950 3989 defenderit.
993 3913 1219 3989 interlici
1254 3918 1457 3989 impune
1496 3916 1760 3967 voluerunt
1791 3931 1808 3968 :
1837 3913 2081 3967 videlicet

494 3993 616 4061 quia
645 4008 673 4045 a
698 3986 813 4045 fure
837 3999 1095 4043 nocturno
1116 3986 1384 4061 difficilius
1409 4001 1599 4061 cavere
1631 4000 1935 4061 posuimus.

566 4063 690 4115 3M.
723 4063 835 4114 l.ib.
863 4076 937 4122 ιιι,
972 4075 1111 4112 νι¹1¹8.
1136 4057 1225 4118 50,
1253 4055 1363 4108 Nos
1386 4057 1616 4126 exempla
1646 4056 1826 4110 docent
1852 4058 2083 4109 damnati

494 4132 680 4185 divitis.

568 4201 690 4254 505.
730 4198 891 4253 Paulo
922 4208 1045 4251 ante
1085 4196 1240 4251 simili
1282 4196 1441 4249 modo
1480 4195 1723 4250 Miserum
1758 4198 1830 4250 sic
1870 4198 2001 4250 venit
2032 4199 2083 4250 in

495 4288 663 4325 usum.
1670 4320 1671 4325 η

566 4342 694 4397 508.
735 4342 808 4394 De
843 4340 940 4393 hac
969 4354 1096 4391 voce
1128 4338 1380 4393 modestus
1425 4338 1543 4390 vide
1587 4338 1878 4403 nrolegom.
1934 4354 2080 4392 num.

495 4414 617 4470 156.
651 4414 779 4466 Mar.
816 4412 995 4464 Victor
1030 4412 1117 4464 lib.
1161 4428 1216 4473 ιι,
1263 4428 1402 4469 vers,
1451 4410 1552 4462 500
1585 4410 1805 4469 (lenes.
1842 4408 1967 4461 Cum
1992 4413 2086 4480 ju-

494 4486 605 4538 dice
628 4486 777 4537 missa
806 4484 1052 4547 modesto,
1086 4492 1189 4534 etc.
1224 4482 1277 4535 In
1302 4483 1420 4536 cod.
1450 4481 1551 4547 leg.
1576 4480 1860 4546 Wisigoth.
1891 4482 1982 4533 lib.
2024 4495 2081 4545 tt,

495 4557 579 4609 tit.
614 4558 665 4618 1,
699 4572 819 4615 t-ap.
868 4553 930 4614 ‘2,
972 4553 1109 4615 apud
1156 4552 1604 4619 Lintlenbrogium
1642 4569 1653 4602 ε
1693 4552 1883 4603 Damus
1914 4551 2086 4604 mode-

493 4638 599 4681 stas
628 4626 781 4679 simul
813 4626 953 4678 nobis
994 4636 1039 4677 et
1088 4624 1303 4676 subditis
1332 4625 1482 4692 leges.
1521 4622 1652 4675 Aliis
1685 4621 1738 4675 in
1775 4622 1905 4675 locis
1944 4623 2087 4690 ejus-

498 4698 620 4751 dem
647 4698 847 4749 codicis
875 4697 1095 4748 modeste
1120 4695 1304 4747 eadem
1345 4693 1731 4763 significatione
1775 4705 2080 4757 usurpatur.

2256 2781 2385 2835 312.
2415 2780 2877 2853 Transposuiihos
2898 2793 3109 2848 versus,
3141 2785 3265 2853 quia
3298 2783 3567 2838 sententia
3598 2781 3652 2837 id
3696 2798 3791 2851 po-

2186 2854 2391 2908 stulare
2422 2850 2721 2906 videbatur.
2756 2852 3027 2908 Juvenalis
3071 2850 3174 2908 sat;
3218 2854 3271 2920 6,
3312 2870 3455 2909 vers.
3500 2854 3627 2919 596,
3660 2850 3791 2918 Qui:

2184 2923 2381 3048 iteriles
2411 2924 2555 2993 facit,
2595 2932 2747 2993 atque
2790 2924 3015 2978 homines
3060 2927 3113 2979 in
3145 2934 3313 2979 ventre
3352 2926 3611 2980 necandos
3655 2924 3792 2979 Con-

2226 3005 2347 3048 ucrt.

2226 3005 2347 3048 ucit.

2256 3066 2393 3139 515.
2432 3063 2592 3120 Parvi
2632 3075 2697 3139 et
2738 3066 2939 3136 parvuli
2974 3066 3301 3139 simpliciter
3349 3084 3448 3138 pro
3498 3068 3685 3139 pueris
3739 3080 3791 3124 et

2184 3134 2480 3191 infantibus
2536 3152 2568 3192 a
2615 3134 2902 3205 Cicerone,
2964 3134 3167 3207 Statio,
3228 3134 3513 3197 Suet'onio'
3566 3140 3791 3212 aliisque

2184 3216 2523 3268 usurpatum.

2256 3280 2382 3333 515.
2418 3282 2499 3333 An
2546 3274 2803 3353 internas,
2836 3280 3151 3353 Apariterque
3198 3284 3356 3337 suos?
3409 3282 3503 3338 Vel
3550 3282 3789 3353 intellige

2186 3358 2452 3431 externos,
2493 3349 2617 3417 quia
2654 3348 2747 3404 filii
2787 3349 2853 3404 ad
2898 3348 3099 3417 patrem
3144 3354 3301 3407 etiam
3353 3354 3652 3431 pertinent,
3705 3348 3791 3431 aut

2188 3421 2451 3494 innuitur,
2482 3432 2775 3494 conceptus
2811 3436 2932 3494 esse
2962 3439 3027 3477 ex
3067 3434 3216 3491 patre
3255 3421 3367 3480 non
3391 3421 3659 3494 legitimo.
3694 3426 3791 3478 Fu-

2187 3491 2255 3543 rit
2283 3490 2529 3563 damnare
2569 3506 2691 3544 cum
2742 3492 3006 3549 infinitive
3043 3490 3267 3563 probum
3310 3506 3415 3550 est.
3447 3490 3725 3551 'Fortasse
3762 3512 3789 3549 a

2188 3564 2314 3631 furit
2342 3562 2531 3615 melius
2555 3577 2689 3615 nova
2723 3563 2977 3630 periodus
3002 3562 3361 3619 inclinabitur.

2261 3632 2385 3686 516.
2418 3631 2703 3703 Conceptus
2730 3648 2827 3703 pro
2859 3635 2993 3699 fetu,
3041 3644 3100 3688 ut
3130 3636 3224 3691 lib.
3258 3653 3293 3701 ι,
3325 3650 3474 3695 vers.
3505 3639 3637 3703 590,
3664 3638 3792 3692 Con-

2186 3713 2359 3772 ceptus
2389 3707 2577 3779 semine
2604 3704 2767 3759 nullo.
2800 3703 3003 3769 Plinius
3033 3705 3129 3762 lib.
3164 3722 3351 3779 sxvm,
3375 3723 3497 3779 cap.
3534 3711 3625 3773 19,
3662 3710 3791 3764 Con-

2189 3785 2364 3838 ceptus
2400 3773 2587 3843 leporis
2626 3783 2772 3828 utero
2829 3786 3111 3843 exemptus.
3159 3773 3457 3834 Suetonius
3514 3780 3569 3835 in
3617 3781 3793 3837 Domi-

2190 3845 2336 3920 tiano
2363 3859 2482 3912 cap.
2512 3846 2605 3910 22,
2639 3844 2707 3899 Ut
2736 3847 2889 3900 etiam
2920 3864 3076 3901 causa
3103 3851 3278 3902 mortis
3306 3851 3558 3920 exstiterit
3591 3851 3791 3920 (fratris

2189 3915 2334 3990 filiae)
2381 3925 2570 3990 coacta:
2613 3928 2993 3990 conceptuinua
3034 3936 3088 3973 se
3129 3920 3349 3990 abigere.
3405 3915 3678 3976 Damnare
3718 3931 3792 3976 est

2188 3985 2443 4039 damnum
2483 3986 2680 4040 inferre
2718 3985 2869 4055 fetui,
2905 3988 3185 4056 Hispanico
3215 3985 3433 4045 'danar.
3481 3992 3619 4049 Vide
3667 3993 3794 4047 Pru-

2189 4056 2429 4128 dentium
2478 4058 2770 4126 Hamartig.
2809 4074 2949 4114 vers.
2994 4060 3120 4126 650,
3152 4058 3361 4115 Damna
3403 4080 3593 4128 aures,
3642 4063 3793 4117 Pater

2190 4126 2368 4205 alme,_
2398 4145 2554 4205 meas.
2606 4128 2871 4205 Sedulius
2901 4130 2992 4185 lib.
3042 4147 3121 4205 In,
3175 4131 3479 4205 versiiz‘i.
3532 4126 3792 4205 Siccisque

2190 4200 2393 4267 ﬂuentis
2430 4199 2698 4252 Damnavit
2730 4202 2931 4268 patulas
2970 4202 3144 4255 audax
3173 4202 3361 4269 ﬁducia
3391 4220 3574 4259 venas.

2263 4270 2387 4344 517.
2428 4268 2687 4344 Venenum
2738 4282 2893 4344 vocat
2941 4271 3433 4344 medicamentum,
3491 4291 3603 4344 quo
3661 4276 3789 4330 fetus

2191 4341 2458 4413 excutitur
2486 4351 2541 4413 et
2564 4342 2953 4413 vita_privatur.
3006 4343 3365 4413 Hieronymus
3408 4345 3475 4399 ad
3515 4341 3786 4413 'Eustocb.

2191 4409 2259 4485 de
2295 4412 2440 4465 Cust.
2471 4412 2635 4485 virga,
2662 4410 2966 4485 Nonnullis,
2990 4430 3102 4485 cum
3124 4432 3176 4467 se
3200 4409 3449 4469 senserint
3478 4411 3786 4485 concepisse,

2192 4482 2256 4534 de
2285 4485 2469 4535 scelere
2509 4483 2693 4535 abortii
2720 4500 2908 4538 venena
2948 4484 3286 4538 medicantur.
3323 4485 3377 4539 In
3408 4482 3651 4542 concilio
3680 4488 3790 4542 Iler-

2193 4552 2343 4623 densi
2376 4569 2516 4607 anno
2543 4555 2666 4617 516,
2698 4568 2817 4608 can.
2840 4552 2895 4618 2,
2926 4554 3015 4623 qui
3060 4551 3319 4621 ejusmodi
3371 4559 3628 4623 potiones
3671 4574 3790 4615 cono

2194 4621 2650 4746 ﬁcittnIJQSetteﬁci
2687 4621 2965 4680 vocantur.
3010 4626 3151 4696 Lege
3186 4621 3467 4695 Augustini
3520 4629 3687 4684 verba
3727 4628 3791 4683 ad

2195 4709 2337 4746 vers.
2372 4718 2438 4746 ί).-
2482 4734 2493 4745 .

2195 4709 2337 4747 vers.
2372 4709 2493 4747 0‘12.

494 4767 555 4843 l_n_
584 4767 886 4843 huiusmodi
923 4768 1046 4819 vitia
1081 4766 1340 4843 similiter.
1365 4765 1632 4843 inreliitur
1657 4764 1939 4843 1iuvenalis
1979 4774 2083 4843 sat.
2110 4780 2164 4839 Ῑ)
2264 4764 2561 4843 5‘l_8_.‘i)_rdo
2588 4775 2641 4820 et
2663 4781 2856 4843 sensus
2880 4774 2983 4843 est,
3020 4766 3089 4821 Ut
3115 4784 3446 4843 quacunque
3468 4772 3573 4825 hoc
3613 4773 3794 4843 (vene-

497 4837 583 4899 Η,
611 4855 751 4892 vers.
782 4837 874 4891 141
913 4852 1087 4905 seqq.,
1125 4836 1187 4888 Et
1220 4838 1444 4905 proferre
1485 4834 1603 4889 libet
1643 4835 1791 4901 ﬁnes,
1833 4845 1937 4888 etc.
1978 4834 2083 4888 Sed

494 4925 609 4977 qua:
641 4909 916 4961 reverentia
952 4910 1152 4975 legum?
1192 4909 1316 4971 Quis
1362 4917 1542 4965 melus,
1572 4907 1860 4977 autpudor
1880 4915 1952 4957 est
1989 4922 2085 4957 un-

493 4975 643 5045 quam
677 4980 999 5047 promrantis
1021 4980 1199 5031 avari?
1229 4979 1540 5043 Exemplum
1582 4975 1787 5047 insigne
1823 4976 2082 5043 jungendi

492 5045 743 5103 domibus
784 5051 973 5101 domus
1020 5049 1317 5102 habuerunt
1374 5059 1583 5101 veteres
1621 5045 1673 5099 in
1716 5046 1877 5099 domo
1922 5061 2081 5100 aurea

492 5119 741 5185 Neronis,
776 5120 841 5173 de
869 5136 969 5187 qua
1003 5118 1102 5171 lioc
1145 5128 1319 5171 exstat
1365 5120 1653 5172 distichum
1704 5117 1843 5182 apud
1893 5116 2083 5172 Sueto-

492 5192 638 5246 nium
668 5208 785 5257 cap.
812 5193 862 5253 5,
897 5190 1058 5242 Roma
1106 5191 1287 5241 domus
1318 5191 1401 5257 ﬁet
1434 5207 1452 5244 :
1492 5188 1641 5241 Veios
1684 5189 1919 5259 migrate,
1969 5190 2083 5258 qui-

496 5265 614 5317 rites
642 5281 658 5317 :
685 5263 743 5316 Si
770 5280 866 5315 non
897 5270 941 5312 et
974 5260 1122 5311 Veios
1151 5272 1359 5331 occupat
1390 5262 1487 5311 ista
1509 5260 1707 5311 domus.

566 5335 687 5389 510.
721 5334 969 5388 Fortasse
1004 5331 1257 5384 Nobilitas
1288 5332 1454 5397 plures
1476 5332 1693 5397 decepit.
1719 5330 2081 5385 Tertullianus

492 5404 559 5458 tle
585 5406 757 5458 .lutlic.
795 5404 1000 5457 Domini
1028 5422 1039 5456 :
1070 5402 1129 5457 Si
1160 5414 1335 5469 raptor
1366 5410 1624 5471 grassatus
1650 5411 1777 5465 erat,
1820 5402 1862 5452 si
1903 5402 2084 5468 fraude

494 5478 701 5528 clientes
758 5476 1065 5535 Distulerat,
1103 5476 1145 5527 si
1188 5484 1349 5526 mente
1392 5489 1572 5539 parum
1618 5482 1845 5524 versatus
1893 5473 2078 5524 amica.

501 5548 745 5607 “tullius
794 5548 886 5603 lib.
923 5562 995 5611 vr,
1044 5561 1183 5599 vers.
1240 5544 1364 5608 609,
1399 5542 1702 5597 Pulsatusve
1746 5558 1951 5611 parens,
1998 5553 2085 5595 aut

499 5621 638 5677 fmus
663 5634 851 5669 innea‘a
884 5617 1075 5670 clienti.
1124 5618 1367 5671 Studium
1398 5624 1452 5669 et
1491 5615 1645 5667 ﬁdem
1689 5630 1811 5681 erga
1858 5614 2085 5666 clientes

500 5690 727 5740 maxime
760 5688 1047 5740 laudabant
1072 5698 1298 5749 veteres,
1330 5698 1385 5740 nt
1415 5696 1598 5740 contra
1636 5694 1789 5753 turpe
1819 5686 2085 5738 ducebant

497 5770 592 5807 eos
619 5759 890 5821 decipere,
925 5761 1127 5824 fallere,
1161 5760 1432 5813 deserere.
1463 5758 1751 5813 Suetonius
1782 5757 1832 5810 in
1869 5756 2083 5811 Caesare

499 5837 619 5899 cap.
648 5825 740 5899 '11,
771 5826 1014 5881 Studium
1042 5838 1089 5883 et
1121 5829 1248 5896 ﬁdes
1276 5846 1397 5899 erga
1427 5831 1631 5885 clientes
1668 5844 1731 5884 ne
1770 5828 1944 5899 iuveni
1970 5829 2086 5899 qui-

496 5890 622 5951 dem
645 5892 951 5959 defuerunt.

2191 4836 2340 4910 num)
2364 4837 2505 4899 bibit,
2522 4849 2732 4890 mortem
2750 4839 2953 4910 hauriat
2971 4852 3072 4891 non
3093 4836 3669 4910 sibi,quialtujusmodi
3689 4858 3793 4897 me.

2192 4906 2567 4981 dieamentum
2588 4923 2732 4962 mors
2780 4918 2860 4981 est
2907 4908 3055 4967 fetui.
3092 4925 3198 4963 non
3231 4913 3387 4967 matri
3418 4906 3586 4981 {quia
3616 4923 3792 4968 tamen

2192 4977 2351 5042 liujus
2399 4978 2504 5051 vita
2556 4979 2617 5051 in
2655 4994 2720 5033 eo
2757 4980 2961 5034 scelere
3003 4994 3407 5051 nonnunquam
3436 4977 3790 5049 periclitatur,

2190 5061 2349 5123 supra
2388 5049 2558 5123 dixit.‘
2583 5048 2679 5103 Sui
2722 5066 2809 5123 nec
2858 5066 2982 5123 cura
3026 5054 3202 5123 pericli
3240 5048 3332 5107 cst.
3375 5048 3491 5107 Huc
3526 5057 3793 5123 pertinent

2192 5118 2417 5195 i_roni_ca3_
2433 5120 2631 5195 laudes
2644 5121 2837 5195 quibus
2853 5121 3416 5195 _l_lorati_us_Canidiam
3452 5118 3794 5195 prosequitur

2188 5188 2484 5263 Epod._l7,
2519 5190 2570 5244 in
2605 5190 2708 5246 line
2735 5210 2745 5243 :
2777 5190 2893 5244 Tibi
2913 5192 3169 5257 hospitale
3200 5205 3395 5261 pectus,
3431 5188 3477 5249 et
3510 5188 3661 5263 parte
3690 5214 3795 5250 rne—

2193 5276 2309 5325 nus,
2347 5259 2584 5328 Tuusque
2610 5273 2781 5314 venter
2811 5264 3162 5329 partumeius,
3189 5259 3235 5318 et
3265 5275 3350 5318 tua
3381 5259 3584 5321 Cruore
3618 5272 3792 5322 rubros

2193 5331 2437 5405 obstetria;
2465 5349 2663 5405 pannos
2695 5334 2835 5405 lavit,
2875 5333 3143 5404 Utcunque
3168 5336 3315 5403 fortis
3335 5338 3485 5391 exilis
3518 5355 3790 5405 puerpera.

2194 5402 2344 5473 Quod
2375 5404 2460 5454 alii
2494 5403 2600 5456 alio
2642 5403 2802 5456 modo
2840 5402 3135 5473 exponunt.
3170 5402 3433 5462 Minucius
3472 5402 3529 5464 in
3571 5402 3791 5462 Octavio

2194 5472 2261 5526 de
2291 5474 2864 5547 ethnicismulieribus
2894 5472 2921 5529 τί
2942 5475 3075 5531 Sunt
3117 5493 3229 5545 quae
3266 5479 3319 5530 in
3356 5480 3484 5547 ipsis
3520 5481 3789 5534 visceribus

2193 5545 2609 5597 medicaminibus
2651 5548 2813 5610 epotis
2848 5547 3095 5614 originem
3140 5547 3299 5617 futuri
3342 5545 3563 5603 hominis
3602 5552 3781 5604 exstin-

2197 5625 2376 5689 guant,
2409 5627 2453 5668 et
2476 5617 2813 5689 parricidium
2843 5618 3034 5686 faciant
3056 5630 3349 5689 antequam
3393 5622 3623 5688 pariant.
3653 5620 3778 5675 Cun-

2197 5685 2279 5740 fer
2309 5698 2459 5741 notas
2492 5688 2896 5756 Elmenhorstil,
2930 5689 3136 5743 Ouzelii
3171 5685 3223 5745 ei
3254 5685 3496 5745 aliorum.

2269 5761 2390 5813 519.
2422 5760 2847 5832 Leviuscrimen
2876 5761 2947 5814 ait
2983 5775 3103 5816 esse
3134 5765 3274 5832 quod
3314 5766 3651 5820 committunt
3691 5778 3788 5818 no—

2194 5847 2391 5896 vercae,
2425 5847 2545 5886 cum
2583 5831 2784 5887 liberos
2815 5832 3011 5902 prioris
3057 5831 3239 5890 uxoris
3267 5852 3471 5892 veneno
3492 5878 3506 5897 ,
3542 5846 3635 5888 aut
3684 5838 3787 5889 alio

2194 5903 2352 5958 modo
2384 5903 2661 5969 occidunt,
2702 5919 2859 5974 quam
2898 5903 2968 5960 sit
2990 5906 3169 5963 scelus
3212 5917 3458 5972 matrum,
3487 5923 3610 5967 quin
3647 5906 3786 5963 illius
