3902 6330
122 419 205 480 801

123 535 210 591 570
272 529 560 599 Terrigena
581 528 779 598 proles,
828 534 1128 598 meruitque
1179 529 1389 583 infanda
1440 529 1755 599 propagoA

274 620 608 688 Naufragium
633 628 889 674 terrestre
908 620 1034 689 pati,
1059 619 1184 673 dum
1205 619 1384 673 littora
1413 634 1675 688 nusquam

276 712 457 775 Terra,
475 710 858 777 licetdistenta,
880 711 1054 779 daret,
1074 712 1213 781 quod
1245 711 1462 765 ﬂumina
1486 722 1676 778 pontus

277 804 571 869 Obrueret,
641 812 971 871 pontumque
1044 817 1243 857 nocens
1323 802 1680 857 absconderet

1377 892 1571 964 [imber
1586 934 1601 959 ,

274 990 401 1044 Cum
427 988 745 1043 moribunda
757 988 909 1044 fretis
925 987 1189 1044 silvestria
1202 997 1391 1043 cuncta
1410 999 1676 1054 natarent,

277 1083 341 1136 Et
367 1096 535 1151 genus
558 1096 865 1150 aequoreum
895 1096 1118 1150 pascens
1152 1081 1206 1136 in
1237 1081 1503 1136 montibus
1533 1081 1677 1146 altis,

276 1180 349 1230 Ac
380 1178 577 1245 pariter
606 1178 822 1246 pelagus
848 1184 1027 1231 vastas
1047 1178 1273 1246 gestiret
1302 1178 1353 1230 in
1391 1192 1571 1241 auras,

275 1267 431 1339 252
475 1269 703 1339 Agmina
755 1283 876 1323 cum
919 1268 1215 1332 volucrum,
1263 1284 1386 1337 qua:
1434 1266 1677 1337 protulit,

1182 1359 1344 1430 [unda
1376 1369 1607 1413 necaret.

276 1449 404 1505 Cum
430 1463 592 1520 grege
613 1458 704 1503 nat
733 1465 827 1519 per
850 1464 973 1504 rura
998 1463 1172 1519 tupus,
1195 1458 1435 1516 venator,
1451 1460 1505 1504 ct
1524 1464 1680 1503 ursus

280 1544 557 1612 Mergitur,
588 1552 643 1598 et
671 1543 846 1597 nullos
890 1552 1135 1597 metuunt
1179 1553 1423 1597 armenta
1474 1544 1675 1598 leones.

278 1635 406 1689 Nam
452 1650 617 1703 pavor
646 1649 785 1689 unus
824 1642 961 1699 erat,
1004 1644 1171 1690 totum
1211 1648 1328 1689 sors
1367 1636 1554 1689 mortis
1580 1634 1679 1689 ha-

1393 1726 1574 1795 [bebat
1589 1768 1605 1793 ,

272 1816 376 1873 Nec
406 1818 497 1887 qui
520 1816 697 1885 ﬂeret,
729 1825 867 1883 erat,
894 1828 1117 1873 cunctos
1144 1833 1288 1874 mors
1312 1834 1411 1873 una
1441 1819 1675 1873 tenebat.

120 1083 205 1105 ’C‘l'

120 1104 208 1136 δή)

116 1633 208 1691 580

1272 415 1550 473 CABMEN
1594 415 1682 470 DE
1724 416 1879 471 DEO.
1921 414 2050 470 LIB.
2096 414 2153 468 ιι.

1960 526 2022 580 Et
2041 526 2209 581 solum
2233 540 2487 595 emergens
2515 526 2685 579 divino
2709 526 2909 579 condita
2926 529 3082 597 jussu

1958 619 2146 673 Enatat
2174 617 2314 672 inter
2335 632 2502 687 aquas
2530 633 2650 673 cum
2676 618 2859 673 mundi
2891 618 3097 675 civibus
3121 634 3271 691 arca,

1954 708 2231 776 Conceptu
2260 708 2495 777 paritura
2520 709 2677 763 simul
2696 708 3045 779 juvenesque,
3076 726 3361 783 senesque,

1780 798 1883 859 585
1959 802 2023 857 Et
2054 817 2271 871 pueros,
2299 813 2606 873 matresque
2624 803 2761 873 pias,
2790 815 3105 875 tenerasque
3134 806 3361 876 puellas.

1963 896 2073 951 Una
2105 897 2221 951 dies
2255 896 2505 965 produxit
2536 912 2715 964 avum,
2758 913 3016 969 serosque
3046 914 3292 971 nepotes.

1959 988 2115 1058 253
2141 987 2361 1056 Excepit
2374 991 2574 1059 pariter
2590 991 2743 1047 tellus
2759 1002 3037 1062 natosque,
3056 1005 3361 1068 patresque,

1959 1078 2352 1149 IEqumvosque
2373 1081 2511 1149 facit
2530 1082 2728 1136 diversi
2764 1083 3019 1151 temporis
3048 1094 3221 1140 ortus.

2030 1170 2143 1224 Non
2171 1172 2415 1227 homines
2441 1183 2642 1229 tantum
2666 1174 2945 1230 fecundior
2964 1191 3087 1232 arca
3110 1178 3361 1234 refundit.

1959 1262 2098 1317 Pace
2126 1262 2341 1331 quidem
2371 1268 2584 1322 modico
2609 1269 2771 1323 ditata
2802 1281 2884 1326 est
2914 1282 3155 1340 tempore
3189 1282 3363 1328 terra:

1957 1356 2089 1410 Nam
2102 1368 2381 1428 postquam
2409 1358 2577 1429 pelagi
2595 1360 2772 1413 cecidit
2795 1370 2981 1428 tumor,
3006 1367 3142 1416 unda
3161 1363 3365 1431 resedit,

1958 1450 2332 1519 Diluviumque
2360 1464 2562 1505 nocens
2586 1452 2691 1503 alta
2718 1454 2953 1522 suscepit
2983 1453 3232 1524 abyssus,

1960 1540 2164 1596 Littora
2189 1542 2480 1609 nudantur,
2500 1552 2731 1611 montes,
2747 1559 2917 1610 mare,
2940 1545 3363 1616 ﬂumina,silv.'e,

1960 1639 2235 1704 Apparent
2261 1635 2455 1703 fontes,
2486 1635 2847 1705 paulatimque
2868 1636 3013 1691 arida
3038 1638 3192 1693 tellus

1960 1726 2242 1793 Redditur,
2269 1738 2323 1782 et
2355 1727 2581 1781 redeunt
2611 1730 2817 1782 cunctis
2843 1729 3063 1798 iraeque,
3088 1740 3365 1801 metusque

1958 1817 2076 1873 lam
2103 1828 2237 1873 tecta
2270 1817 2454 1873 tellure
2472 1817 2599 1873 leris
2651 1818 3025 1890 gregibusque,
3051 1821 3364 1894 avibusque.

1780 1262 1885 1319 590

1781 1728 1885 1783 595

1333 1956 1714 2016 SCRIPTURA
1753 1960 1907 2018 COD.
1949 1959 2107 2015 VAT.

170 2095 286 2149 571.
315 2093 669 2165 Naufragium
702 2103 834 2147 terra
856 2103 927 2150 est
950 2095 1114 2163 repati
1135 2094 1188 2149 d.

168 2166 285 2220 572.
318 2164 493 2232 Quod,
527 2164 798 2234 ambigue.

168 2237 284 2290 575.
313 2234 414 2289 ίΕ.
436 2237 597 2305 pascit
623 2237 695 2289 in.

168 2304 283 2360 576.
314 2304 532 2358 Gestiret
558 2308 610 2359 in
639 2306 823 2359 undas.

167 2372 283 2447 578.
315 2376 445 2447 Cum
471 2392 644 2445 greges
666 2376 724 2445 ﬁt
752 2386 976 2431 tractura
1004 2378 1155 2447 lupus
1186 2395 1231 2432 υ.
1266 2394 1312 2432 e.
1342 2394 1389 2432 υ.

164 2444 280 2500 582.
311 2446 430 2500 Nec
458 2444 745 2500 solum.....
786 2448 979 2502 desunt
1004 2444 1126 2502 alia.

164 2515 283 2572 584.
317 2514 637 2587 Conceptum
658 2535 710 2588 p.

1711 2100 1762 2162 Β

1857 2097 1981 2151 588.
2014 2096 2082 2149 Et
2108 2112 2222 2165 qua:
2240 2112 2422 2163 vosque
2450 2098 2595 2165 facit.

1857 2166 1979 2241 590.
2014 2167 2153 2241 Pace
2187 2169 2390 2237 quidem
2430 2171 2629 2222 modica
2679 2170 2842 2223 dilata
2877 2171 2942 2225 de
2985 2173 3152 2227 littore
3188 2177 3361 2241 tenta;

1787 2238 1935 2307 prius
1965 2248 2082 2292 erat
2111 2238 2313 2292 littorar.

1854 2308 1981 2362 591.
2009 2306 2149 2361 Nam
2181 2319 2538 2377 postquam...
2569 2309 2764 2367 desunt
2786 2322 3001 2369 caetera.

1762 2400 1773 2405 ·
1854 2377 1977 2432 592.
2013 2378 2215 2432 Nocens
2237 2381 2371 2433 altus
2396 2398 2439 2435 s.

1854 2450 1980 2505 595.
2012 2447 2087 2502 N.
2113 2459 2282 2504 monte
2301 2467 2372 2506 m.

1626 2629 1854 2687 ΝΟΤΕ.

161 2772 281 2827 570.
312 2770 579 2839 Gigantes
600 2778 790 2823 eterra
808 2777 960 2822 natos
975 2777 1183 2824 veteres
1209 2768 1261 2823 in
1287 2769 1483 2824 fabulis
1513 2770 1680 2823 finxe—

101 2852 231 2905 runt,
258 2851 312 2895 et
368 2842 502 2894 inde
558 2854 750 2893 nomen
790 2840 1035 2909 Graecum
1090 2850 1173 2893 est
1210 2842 1358 2905 quasi
1402 2842 1675 2909 terrigena.

98 2912 410 2966 Dracontius
452 2910 491 2982 l.
539 2926 576 2973 ι,
617 2925 669 2963 v.
702 2908 829 2982 259,
870 2924 1056 2982 omnes
1105 2910 1350 2982 homines
1400 2912 1681 2982 terrigenas

98 2992 257 3047 vocat,
288 2997 418 3048 qua:
438 2981 539 3034 alia
568 2990 651 3035 est
673 2979 789 3048 ejus
816 2979 1060 3033 vocabuli
1090 2980 1432 3047 significatio.

155 3053 270 3105 572.
304 3052 479 3105 Forte
524 3067 640 3104 cum
673 3065 768 3116 pro
796 3049 930 3117 quod
945 3066 963 3113 ;
1010 3051 1103 3104 sed
1144 3051 1393 3105 librarius
1440 3050 1680 3105 voluisse

96 3124 291 3178 videtur
320 3122 490 3194 quod,
508 3136 772 3194 nauticum
796 3134 1013 3194 semper
1027 3120 1236 3194 scribit,
1268 3138 1372 3194 non
1397 3138 1571 3190 quum.

156 3195 272 3248 575.
320 3190 581 3247 Horatius
607 3190 863 3243 diluvium
898 3190 1056 3243 simili
1091 3193 1248 3243 modo
1277 3192 1535 3245 describit
1568 3193 1603 3245 l.
1641 3207 1678 3255 ι,

91 3265 169 3317 od.
196 3267 251 3324 2,
287 3264 464 3318 Omne
495 3280 607 3315 cum
634 3262 851 3314 Proteus
878 3276 1030 3330 pecus
1052 3262 1153 3329 egit
1177 3264 1306 3314 altos
1339 3262 1512 3315 Visere
1539 3279 1684 3314 mon-

91 3345 173 3389 tes.
216 3335 460 3389 Piscium
502 3344 547 3385 et
585 3347 783 3385 summa
828 3347 987 3398 genus
1019 3330 1166 3384 htrsit
1206 3333 1365 3393 ulmo,
1404 3330 1544 3386 Nota
1572 3347 1683 3400 qua:

91 3406 225 3459 sedes
264 3407 445 3474 fuerat
477 3403 747 3474 columbis,
780 3400 847 3454 Et
894 3403 1181 3472 superjecto
1212 3402 1409 3470 pavida:
1444 3412 1681 3456 natarunt

1784 2778 2173 2851 serasgnepo‘tes,
2210 2785 2329 2823 nam
2363 2788 2517 2839 nepos
2533 2773 2696 2851 etiam
2726 2773 2944 2851 femina:
2964 2778 3249 2851 aliquando
3266 2795 3363 2851 ap-

1785 2840 2165 2919 plicatur._.Sei'i
2184 2851 2388 2919 nepotes
2408 2842 2542 2919 apud
2561 2842 2828 2897 Valerium
2858 2840 3107 2902 Flaccum
3132 2850 3221 2905 lib.
3249 2840 3366 2919 vrit,

1785 2924 1928 2963 vers.
1960 2908 2087 2971 594,
2120 2920 2262 2970 sunt,
2297 2914 2383 2976 qui
2420 2912 2587 2964 multo
2640 2925 2755 2977 post
2803 2928 3110 2981 nascentur,
3148 2931 3202 2974 ut
3254 2908 3365 2975 sera.

1785 2982 2053 3059 posteritas
2098 2982 2235 3048 apud
2272 2983 2443 3059 alios.
2499 2984 2603 3034 Sed
2644 2999 2750 3050 quo
2792 3000 2953 3039 sensu
3003 2988 3106 3041 dici
3153 2994 3367 3059 poterit,

1786 3064 1945 3103 unam
1981 3051 2129 3128 diem
2153 3051 2473 3128 prt_itltt_itiss_e
2508 3066 2687 3128 avum,
2730 3064 2786 3107 et
2813 3071 2908 3109 eos
2938 3059 3025 3123 qui
3059 3051 3227 3114 multo
3254 3051 3369 3128 past

1786 3130 1943 3174 erant
1985 3120 2284 3198 nasciturii
2307 3120 2563 3198 Equidem
2600 3124 2869 3198 existitito,
2906 3120 3370 3198 Dracontium'pu-

1785 3198 1946 3268 lasse,
1978 3190 2185 3259 aliquos
2218 3192 2352 3268 lilios
2386 3192 2618 3245 filiorum
2668 3193 2779 3246 Noe
2820 3212 2892 3268 ex,
2923 3213 3042 3251 arca
3081 3190 3367 3268 prodiisse,

1784 3260 1922 3332 intra
1946 3276 2125 3314 arcam
2155 3263 2362 3314 scilicet
2393 3271 2547 3315 natos
2575 3280 2589 3317 :
2615 3278 2733 3315 nam
2758 3267 2897 3332 quod
2924 3260 3103 3322 arcani
3128 3270 3226 3323 soli
3246 3260 3369 3325 octo

1783 3328 2030 3410 boadnes
2065 3332 2287 3399 ingressi
2332 3328 2897 3410 fuerint,_e.vpres's_tnn
2947 3350 3028 3391 est
3062 3341 3111 3392 in
3140 3356 3224 3410 ep.
3264 3344 3276 3394 Ι
3308 3342 3365 3397 S.

1784 3400 1956 3465 Petri,
1987 3418 2103 3478 cap.
2137 3417 2212 3478 Ill,
2242 3418 2381 3454 vers.
2412 3404 2503 3467 ‘20,
2548 3401 2613 3456 In
2657 3421 2758 3471 qua
2799 3406 2967 3474 (arca)
3002 3400 3188 3478 pauti;
3218 3412 3269 3463 id
3300 3423 3372 3466 est

87 3472 311 3547 {liquore
344 3477 540 3527 damae.
572 3473 848 3547 Inrisisset,
876 3474 1087 3547 opinor,
1124 3474 1370 3527 Horatius
1397 3489 1678 3547 censuram
1709 3474 1753 3535 C
1786 3473 2107 3547 oclaanima:
2130 3472 2285 3547 salua;
2305 3478 2599 3547 [acuesunt
2620 3491 2709 3543 per
2732 3472 3371 3547 aquam.'/Eqne'certum

86 3542 301 3601 Senecae
347 3553 547 3600 contra
597 3542 877 3606 Ovidium,
925 3542 992 3596 de
1037 3558 1139 3610 qua
1194 3558 1337 3598 nunc
1383 3545 1555 3602 dicam
1615 3544 1681 3599 ad

86 3631 219 3670 vers.
246 3617 377 3670 578.

146 3686 268 3741 576.
291 3686 527 3741 Gestiret
550 3686 604 3737 in
619 3700 772 3737 auras
793 3684 939 3755 (nam
965 3685 1017 3737 in
1036 3685 1199 3738 undas
1225 3684 1475 3738 mendum
1503 3686 1678 3755 puto),

81 3758 282 3812 scilicet
309 3772 488 3811 auras
519 3756 671 3825 quasi
696 3754 994 3809 invaderet.

142 3829 266 3882 577.
302 3829 398 3882 Pis
417 3842 507 3880 Ces
538 3823 601 3878 'et
636 3825 851 3893 pelagus
886 3823 1207 3893 gestiebant,
1243 3840 1364 3878 cum
1392 3840 1551 3878 auras
1584 3826 1682 3878 im-

79 3910 355 3967 peterent;
378 3898 487 3952 sed
511 3896 753 3949 volucres
778 3896 1000 3967 necabat
1019 3910 1177 3963 aqua,
1200 3895 1401 3950 licetcx
1424 3910 1484 3950 ca
1504 3905 1681 3951 ortum

82 3965 349 4024 duxerint.
384 3968 530 4021 Vide
554 3966 646 4019 lib.
678 3981 714 4027 ι,
738 3982 790 4018 v.
820 3965 947 4019 240.

146 4043 272 4095 578.
302 4039 542 4095 Ovidius
571 4038 605 4090 l.
640 4054 651 4089 I
680 4036 916 4101 Melam.,
950 4051 1092 4090 vers.
1121 4034 1244 4098 504,
1278 4034 1386 4088 Nat
1418 4037 1569 4103 lupus
1601 4037 1681 4090 irt-

76 4119 308 4176 termes,
342 4114 521 4178 fulvos
556 4108 685 4160 vellit
722 4107 858 4159 unda
912 4107 1099 4170 leones,
1137 4105 1296 4178 Unda
1339 4108 1468 4159 reltit
1500 4108 1679 4177 tigres,

75 4192 173 4237 etc.
208 4175 429 4237 Seneca
465 4178 652 4232 Natur.
686 4178 913 4242 Quaest.,
961 4192 1078 4239 cap.
1125 4175 1215 4240 27,
1252 4178 1289 4229 l.
1323 4192 1399 4238 ιιι,
1434 4175 1679 4231 Ovidium

73 4250 171 4306 boc
202 4255 328 4307 loco
363 4251 781 4317 reprehendens
828 4250 903 4300 ait
936 4264 949 4299 :
985 4246 1107 4300 Non
1143 4257 1215 4300 est
1244 4264 1321 4300 res
1361 4249 1485 4300 satis
1512 4250 1681 4301 sobria

73 4320 311 4377 lascivire
363 4323 616 4374 devorato
663 4319 779 4371 orbe
834 4328 1106 4371 terrarum.
1162 4320 1380 4371 Seneca:
1444 4318 1683 4373 Muretus

69 4390 402 4462 Lipsiusque
454 4390 841 4443 assentiuntur.
883 4388 988 4444 Sed
1032 4398 1322 4462 poturum
1361 4388 1571 4462 ingenia
1610 4389 1677 4443 ad

68 4457 537 4531 philosophorum
556 4474 799 4514 normam
825 4474 933 4513 non
955 4467 1077 4512 sunt
1099 4457 1377 4527 exigenda.
1405 4458 1541 4515 Vide
1565 4470 1679 4513 not.

69 4534 129 4586 ad
162 4551 212 4587 ν.
250 4535 387 4590 575.

131 4606 260 4660 579.
302 4602 575 4672 Virgilius
619 4600 790 4670 eclog.
826 4599 882 4667 4,
925 4598 1037 4652 Nec
1082 4615 1295 4669 magnos
1325 4609 1555 4654 metuunt
1594 4618 1682 4654 ar-

66 4688 231 4727 menta
264 4676 481 4727 leones.

132 4746 262 4800 580.
288 4746 443 4800 Mar.
487 4741 668 4795 Victor
695 4742 731 4795 l.
762 4756 795 4794 ιι
828 4740 879 4794 in
913 4740 1133 4808 Genes,
1166 4743 1292 4798 Cum
1336 4742 1680 4813 quadraginta

61 4816 233 4869 diebus
265 4816 456 4871 Unius
486 4812 671 4881 pluvia:
692 4816 938 4882 {uror,et
973 4830 1105 4867 mors
1127 4831 1228 4867 una
1260 4814 1458 4882 fuisset.

128 4887 256 4939 585.
295 4886 596 4947 Alcuinus,
628 4897 792 4935 carm.
828 4881 949 4945 199,
982 4899 1045 4936 ex
1078 4881 1383 4945 Dracontio,
1421 4892 1476 4936 ut
1524 4894 1671 4953 puto,

53 4953 134 5079 Et:
178 4966 332 5009 natat
382 4957 445 5008 in
490 4953 696 5023 liquidis
730 4954 907 5006 mundi
944 4969 1062 5007 cum
1106 4955 1292 5008 civibus
1338 4968 1479 5006 arca.
1515 4953 1674 5009 Forte

105 5038 253 5077 natat
286 5031 373 5079 in.

105 5038 253 5077 natat
286 5031 373 5079 in.

124 5096 254 5149 584.
292 5098 477 5151 Forte
497 5094 776 5163 Conceptos
796 5095 1043 5164 paritura.
1069 5092 1399 5163 Geucs.cap.
1432 5110 1523 5159 vn,
1552 5110 1601 5149 v.
1620 5097 1672 5161 7,

57 5162 121 5238 Et
150 5169 443 5236 ingressus
471 5175 545 5218 est
579 5162 909 5238 Noe,4et'filii
940 5168 1071 5235 ejus,
1104 5183 1229 5220 uxor
1263 5162 1394 5238 ejus,
1423 5175 1468 5238 et
1499 5182 1680 5219 uxores

51 5236 288 5299 ﬁliorum
321 5242 450 5307 ejus
479 5253 593 5288 cum
622 5253 679 5288 eo
790 5252 961 5307 arcam
992 5246 1193 5303 prapter
1219 5236 1378 5307 aquas
1406 5237 1605 5289 diluvii.

122 5309 259 5363 585.
301 5305 485 5360 Pueri
514 5316 638 5360 sunt
668 5305 759 5358 lilii
801 5306 913 5361 Noe
948 5306 1094 5369 Seni,
1127 5305 1295 5360 Cllalll
1334 5317 1388 5361 et
1420 5306 1676 5373 Japheth,

48 5381 240 5441 puella:
264 5393 483 5432 tenerae
505 5392 699 5431 uxores
722 5392 928 5430 eorum.
960 5378 1173 5431 Eaedem
1192 5377 1294 5431 (1ιοὶ
1324 5386 1549 5444 possunt
1580 5379 1679 5445 piae

49 5458 279 5511 matres,
317 5449 462 5516 quia
502 5463 564 5501 ex
598 5448 703 5501 illis
743 5460 912 5516 genus
948 5448 1225 5502 homnum
1277 5448 1677 5517 propagandum

47 5529 163 5571 erat
198 5532 330 5585 post
366 5518 662 5572 diluvium.

116 5590 249 5643 586.
280 5589 460 5657 Quod
485 5589 679 5660 eadem
710 5589 825 5644 dies
849 5599 1001 5660 natos
1031 5599 1322 5660 patresque
1347 5588 1675 5657 produxerit,

46 5668 103 5711 ut
128 5676 179 5711 v.
210 5678 337 5729 seq.
372 5658 605 5725 dicitur,
631 5660 829 5713 nullam
855 5659 1014 5715 habet
1034 5658 1406 5715 difficultatem
1426 5678 1436 5711 :
1458 5667 1513 5712 at
1534 5661 1677 5728 quod

44 5733 580 5797 produxerit‘avlttu
602 5738 657 5784 ct
680 5741 920 5799 nepotes,
944 5748 1048 5785 non
1076 5732 1409 5798 intelligitur,
1438 5731 1537 5784 nisi
1561 5745 1680 5785 cre-

44 5802 269 5866 damus,
317 5815 540 5855 uxorcs
589 5801 816 5856 ﬁliorum
855 5801 968 5856 Noe
1009 5811 1197 5871 neptes
1252 5802 1412 5870 hujus
1464 5801 1673 5856 fuisse:

43 5887 375 5945 quanquam
418 5884 552 5926 tunc
591 5872 873 5927 dicendum
926 5872 1117 5928 luisset
1173 5889 1312 5927 seras
1352 5881 1545 5944 neptes,
1588 5884 1679 5927 aut

1707 4843 1753 4899 Ι)

1785 3544 1913 3595 mihi
1940 3554 2155 3617 estnon
2188 3542 2286 3595 nisi
2311 3555 2432 3597 octo
2461 3546 2706 3617 homines
2735 3542 2798 3599 es
2832 3564 2952 3601 area
2987 3542 3255 3617 egressos,
3282 3569 3373 3606 ne-

1784 3614 2078 3686 quepvcnit
2108 3614 2158 3686 in
2192 3624 2425 3667 tuentem
2457 3630 2523 3667 an
2558 3616 2648 3667 alii
2685 3632 2804 3669 cuin
2850 3614 3135 3673 Dractiiitio
3167 3614 3371 3686 Opinati

1786 3682 1999 3737 fuerint.
2036 3684 2368 3737 Mahometus
2407 3686 2457 3738 in
2510 3686 2777 3739 Alcon-nu
2818 3692 3071 3743 conlinxit
3118 3682 3368 3746 familiam

1784 3752 1919 3818 Noe,
1948 3764 2173 3818 εςωμιο
2207 3755 2481 3824 lhanaan,
2518 3757 2757 3824 aliosque
2787 3763 2849 3810 al
2884 3762 2949 3812 78
2985 3762 3061 3811 \el
3095 3764 3162 3813 80
3202 3763 3372 3815 homi-

1786 3840 1880 3877 nes
1910 3826 1959 3875 in
1992 3839 2168 3877 aream
2194 3823 2355 3877 fuisse
2389 3823 2735 3879 introductus.
2772 3831 2921 3893 Quod
2954 3848 3043 3883 rex
3074 3832 3242 3885 liasan
3278 3850 3371 3886 no-

1784 3896 1927 3948 mine
1959 3896 2058 3971 Qg,
2090 3910 2227 3947 arcu:
2253 3896 2663 3971 tectoinsidens
2693 3898 2894 3971 diluvio
2925 3916 2983 3971 se
3016 3902 3361 3971 subtraxerit,

1785 3972 1841 4041 ut
1873 3965 2087 4017 tradunt
2117 3966 2355 4041 nonnulli
2392 3966 2622 4041 lli-bimi,
2655 3970 2793 4035 quod
2839 3970 3029 4040 sibylla
3078 3965 3369 4041 Babylonia

1783 4034 1837 4087 in
1870 4050 1989 4110 arca
2025 4051 2145 4110 cur_n
2163 4034 2467 4110 Noel'uerit,
2499 4034 2683 4110 utip~a
2717 4034 3061 4110 rel'ert,quod
3090 4034 3371 4098 Philemon

1784 4106 2035 4159 sacerdos
2064 4105 2344 4181 [Egyptius
2375 4122 2513 4181 cum
2543 4108 2746 4181 familia
2795 4105 2898 4163 sua
2936 4105 3197 4181 reCcperit
3226 4130 3285 4169 se
3321 4116 3372 4169 in

1783 4190 1985 4253 arcam,
2020 4185 2077 4253 ut
2114 4179 2272 4253 aliqui
2310 4178 2515 4253 rabliini
2549 4178 2675 4232 oliui
2710 4182 3027 4253 docuerunt,
3065 4178 3219 4253 nugae
3251 4196 3375 4240 sunt

1784 4255 1837 4323 et
1892 4246 2101 4299 fabalm.
2146 4248 2482 4323 Pereriusin
2523 4264 2641 4317 cap.
2687 4267 2733 4303 vi
2794 4246 3023 4313 ches.,
3062 4246 3258 4323 disput.
3322 4259 3373 4321 l,

1784 4315 1875 4370 lib.
1905 4333 1959 4379 χ,
1994 4334 2329 4373 Communem
2368 4315 2714 4374 llebrmo‘rum
2748 4334 2798 4374 ct
2829 4315 3254 4380 Christianorum
3279 4315 3375 4381 do;

1784 4396 1991 4439 ctorum
2041 4391 2358 4442 sententiam
2414 4405 2535 4444 csse
2584 4390 2835 4454 affirmat.
2879 4396 2991 4448 Noe
3030 4406 3189 4458 atque
3236 4400 3374 4451 filios

1784 4458 1919 4524 ejus,
1945 4460 2376 4534 quoad‘fuerunt
2399 4463 2625 4534 inarca.
2661 4478 2762 4534 non
2794 4464 3009 4534 dedisse
3038 4482 3254 4532 operam
3279 4485 3373 4534 ge-

1785 4530 2066 4582 nerationi.
2112 4530 2228 4597 Quo
2269 4531 2540 4584 diflicilior
2578 4533 2817 4585 redditur
2864 4530 3131 4588 Draconiii
3179 4530 3366 4601 Opinio

1784 4613 1924 4652 nunc
1966 4600 2246 4673 eXpIicata.
2288 4601 2541 4673 Fortasse
2597 4603 2801 4671 sibyllae
2832 4603 3163 4673 Babylonia:
3208 4600 3365 4661 fidem

1783 4682 1999 4743 secutus
2030 4678 2121 4743 est,
2146 4668 2489 4743 Dracontius:
2533 4687 2653 4725 nam
2682 4668 3000 4743 Sibyllarurii
3032 4678 3268 4731 carmina
3315 4679 3368 4732 in

1783 4742 1954 4806 pretio
1988 4740 2122 4806 apud
2166 4740 2446 4794 nonnullos
2485 4752 2693 4796 veteres
2733 4740 2969 4798 fuerunt.
3019 4744 3150 4799 Cum
3192 4758 3368 4802 autem

1782 4809 1897 4864 hazc
1937 4810 2123 4880 sibylla
2169 4810 2429 4873 retulerit,
2466 4827 2525 4866 se
2550 4827 2668 4865 cum
2707 4814 2821 4866 viro
2860 4815 2912 4867 in
2954 4831 3075 4869 arca
3105 4831 3370 4873 servatam

1786 4881 1969 4945 fuisse,
2004 4881 2164 4947 aliqui
2204 4883 2509 4950 opinantur,
2545 4898 2662 4937 eam
2701 4886 2965 4939 diversam
3008 4903 3113 4941 non
3150 4905 3270 4944 esse
3302 4891 3370 4945 ab

1786 4966 1955 5005 uxore
1988 4951 2116 5006 Noe.

1858 5023 1981 5097 58}.
2015 5025 2182 5097 Antea
2214 5023 2513 5097 vers.556,
2552 5023 2749 5079 Diversi
2778 5029 3018 5097 temporis
3056 5039 3211 5097 tetas;
3238 5040 3367 5086 etv.

1787 5091 2107 5181 (iugcerm
2136 5094 2403 5181 sanguinis
2434 5106 2593 5174 ortus.

2021 5163 2179 5238 Forte
2202 5163 2312 5238 Nec
2341 5164 2589 5238 homines,
2624 5178 2677 5220 et
2700 5168 2909 5238 refudit.

1861 5232 1986 5289 590.
2019 5235 2084 5313 ln_
2106 5235 2266 5288 tantis
2298 5234 2534 5289 tenebris
2572 5251 2678 5290 non
2708 5232 2866 5293 video
2896 5240 3022 5310 quid
3065 5242 3254 5298 melius
3296 5253 3371 5298 te-

1791 5318 1919 5357 nete
1946 5319 2166 5369 possunt.

2011 5376 2264 5453 Supplevi
2304 5393 2368 5430 cx
2401 5377 2599 5453 llilario
2638 5379 2689 5453 in
2722 5380 2944 5450 Genes.,
2985 5383 3261 5453 Postquam
3295 5386 3375 5439 di-

1783 5445 1907 5498 luvii
1932 5448 2109 5498 cecidit
2140 5456 2328 5511 tumor,
2360 5450 2501 5501 unda
2524 5452 2729 5504 resedit.

1855 5516 1976 5595 592.
2012 5516 2143 5595 Cum
2174 5520 2388 5595 abyssus
2427 5522 2495 5574 sit
2524 5520 2744 5595 feuiinei
2781 5526 3018 5590 generis,
3053 5526 3155 5595 legi
3197 5537 3372 5595 potest

1782 5602 1844 5642 ac
1882 5590 2039 5641 debet
2076 5588 2201 5651 alta,
2240 5590 2495 5656 producta
2526 5592 2709 5645 ultima
2746 5588 2813 5645 ob
2853 5588 3134 5650 ausuram".
3186 5588 3377 5651 Avitus

1783 5658 1876 5711 lib.
1912 5674 1982 5721 tv,
2017 5676 2067 5711 γ.
2115 5660 2239 5731 555,
2278 5660 2503 5728 Quaeque
2546 5663 2688 5731 prius
2736 5672 2921 5718 vomuit
2968 5668 3145 5721 let/tali
3192 5686 3251 5720 ea:
3294 5685 3376 5721 ora

1784 5732 1995 5807 ﬂuenta,
2029 5730 2290 5798 Ubjicibus
2314 5730 2553 5807 prapriis
2571 5735 2843 5807 constricta
2880 5740 3100 5791 resorbet
3134 5742 3372 5807 aligssus.

1785 5802 1912 5853 Nam
1944 5818 2009 5881 ea;
2048 5817 2166 5881 cap.
2202 5815 2278 5881 vti
2307 5800 2527 5881 lienes”
2561 5820 2614 5855 γ.
2645 5804 2733 5871 il,
2764 5805 2817 5860 in
2852 5808 3054 5865 diluvio
3085 5800 3224 5881 rupti
3253 5817 3372 5867 sunt

1783 5887 1955 5925 omnes
1984 5871 2149 5937 fontes
2172 5871 2338 5942 abyssi
2370 5888 2589 5943 magum.
