3902 6330
3271 345 3389 418 806

1981 471 2034 525 In
2064 483 2269 524 morem
2297 466 2526 523 ﬂuvialis
2551 481 2737 537 aquae;
2768 467 3010 539 longaeva
3040 467 3278 539 liquores

1975 563 2202 634 Semper
2224 563 2362 618 oliva
2393 562 2596 629 virens,
2620 571 2769 618 certo
2793 577 2899 617 non
2929 571 3168 633 tempore
3195 564 3386 635 ferret,

1975 655 2128 711 Mella
2160 656 2352 711 darent
2389 669 2603 724 vepres,
2649 655 2815 710 sentis
2845 655 3063 710 sudaret
3085 671 3382 725 amomum,

1798 751 1905 809 440
1978 752 2164 810 Omnis
2209 767 2336 823 ager
2372 752 2644 823 pigmenta
2672 749 2828 809 daret
2873 752 3228 808 vernantibus
3258 752 3385 808 her-

3143 901 3160 909 -
3185 845 3308 918 [δῖε.

137 371 228 429 805
1276 355 1555 414 CARMEN
1598 355 1684 412 DE
1723 354 1878 411 DEO.
1924 351 2054 410 LIB.
2093 351 2160 409 ll.

143 486 228 540 425
293 481 391 536 Nec
420 475 668 547 generale
713 474 916 531 malum
946 475 1116 531 sensit
1144 475 1427 544 Specialior
1469 475 1688 543 hospes.
1716 475 1774 536 Α

365 571 463 626 Tot
489 585 620 641 gens
663 578 848 626 nostra
874 567 1032 624 malis
1057 566 1296 624 nondum
1326 576 1572 636 correpta
1605 565 1692 622 vel

1445 660 1629 734 [audet

331 755 616 813 riminibus
639 754 822 810 laxare
852 752 996 810 fores
1026 752 1144 810 sine
1171 752 1350 809 fronte
1379 751 1622 822 pudoris,

299 847 562 920 Supplicia
589 855 644 904 et
668 846 936 904 scelerum
969 861 1076 903 non
1104 841 1324 902 damnat
1362 861 1549 916 prava,
1600 843 1696 900 sed

747 998 755 1004 _
1424 939 1621 1012 [auget.
1979 934 2047 990 Et
2074 935 2284 990 rosulas
2316 935 2580 1005 proferret
2612 934 2806 1001 hiems,
2835 944 3074 992 servaret
3095 946 3146 992 et
3168 945 3328 993 aestas

297 1037 424 1093 Hinc
448 1036 680 1093 obscena
708 1035 895 1104 fames,
932 1034 1128 1103 morbi,
1165 1033 1546 1101 mors,luctus,
1571 1046 1698 1103 ege-
1979 1030 2115 1086 Lilia
2148 1046 2435 1101 purpurea,
2469 1030 2569 1086 nos
2600 1031 2772 1085 omnis
2798 1039 2968 1086 staret
2994 1031 3182 1100 odore,

1473 1126 1626 1200 [stas,
1977 1122 2087 1179 Nec
2117 1131 2386 1178 marceret
2416 1120 2588 1177 honos
2613 1121 2768 1176 violte
2797 1122 3002 1192 pallore
3029 1123 3259 1191 decenti,

136 1223 229 1280 450
297 1220 491 1285 Taedia,
517 1219 680 1288 bella,
714 1218 851 1286 lues,
877 1218 1080 1288 clades,
1104 1219 1332 1288 jactura,
1365 1219 1601 1275 labores.
1980 1216 2098 1275 Non
2147 1218 2322 1288 niger,
2367 1225 2458 1272 aut
2507 1215 2661 1272 albus
2711 1224 2915 1270 tantum
2959 1217 3108 1271 color
3151 1224 3293 1270 esset
3331 1215 3386 1271 in

3121 1307 3314 1381 [agnis,
3385 1357 3391 1362 .

1983 1404 2089 1462 Sed
2121 1401 2419 1459 rubicunda
2449 1401 2603 1458 daret
2630 1403 2900 1473 pretiosus
2927 1401 3127 1457 vellera
3170 1400 3384 1470 sandix,

1980 1497 2272 1567 Lanigeras
2298 1495 2520 1558 vestiret
2545 1509 2674 1550 oves
2707 1502 2764 1550 et
2790 1495 3007 1550 muricis
3033 1503 3258 1560 ostrum,

1980 1588 2143 1660 258
2167 1587 2365 1641 Fabula
2391 1595 2535 1641 certa
2558 1584 2697 1641 foret
2715 1585 2930 1640 Phrixei
2947 1586 3155 1642 velleris
3176 1600 3380 1652 aurum,

1980 1682 2204 1737 Famam
2236 1696 2502 1736 scenarum
2526 1695 2681 1734 ueras:
2707 1680 2939 1734 narratio
2970 1680 3124 1749 ferret

1982 1773 2086 1829 Per
2129 1757 2390 1844 populos,
2446 1780 2756 1842 certamque
2804 1769 2962 1829 ﬁdem
3005 1769 3124 1829 sine
3163 1770 3389 1832 crimine

3121 1864 3309 1919 I'tanto.

297 1220 491 1285 Taedia,
517 1219 680 1290 bella,
714 1218 851 1286 lues,
877 1218 1080 1288 clades,
1104 1219 1332 1290 jactura,
1365 1219 1601 1275 labores.

297 1315 419 1370 Nam
444 1314 523 1367 sic
549 1311 722 1367 factus
751 1311 912 1367 homo
941 1311 1134 1378 fuerat,
1165 1311 1462 1382 primordia
1490 1320 1694 1376 nostra,

295 1407 360 1462 Ut
381 1405 658 1471 volucres;
691 1403 993 1475 pascendos
1020 1414 1138 1461 erat
1160 1405 1277 1460 sine
1298 1404 1452 1460 clade
1473 1403 1695 1468 laboris,

297 1497 522 1554 Vomere
549 1512 656 1552 non
679 1506 883 1554 terram
906 1496 1301 1569 proscinderet,
1320 1507 1479 1567 atque
1500 1496 1696 1566 ligone,

290 1589 402 1645 Non
435 1590 714 1660 peregrina
743 1604 909 1660 vagus
939 1587 1141 1660 rapidis
1167 1589 1486 1657 deposceret
1516 1587 1695 1652 undis,

132 1683 224 1741 455
251 1683 604 1740 Committens
634 1681 868 1740 animam
900 1683 1096 1749 ventis,
1126 1690 1183 1740 et
1227 1682 1474 1737 ﬂuctibus
1498 1680 1692 1745 audax,

288 1776 445 1848 257
470 1775 675 1846 Sponte
702 1787 897 1844 parans
922 1773 1178 1842 fructum,
1197 1773 1377 1830 vinum
1406 1780 1458 1827 et
1483 1771 1550 1825 de
1582 1771 1699 1825 lon-

1319 1865 1482 1939 [tibus
1511 1879 1625 1919 uvae
1727 1857 1774 1918 B

1359 1976 1749 2035 SCRIPTURA
1788 1977 1940 2033 COD.
1985 1975 2143 2033 VAT.

1875 2096 1998 2151 455.
2027 2095 2188 2168 Atque
2213 2096 2426 2168 ligones.

1877 2169 2000 2223 456.
2035 2164 2276 2221 Innuitur
2315 2167 2532 2236 {antibus
2558 2165 2611 2220 in
2633 2179 2778 2221 nexu
2805 2164 3124 2220 litterarum.

1877 2239 2002 2292 458.
2039 2237 2253 2307 Semper
2281 2239 2530 2291 olivarum
2558 2244 2716 2291 certo.

1874 2307 1999 2364 448.
2035 2306 2252 2362 Famam
2271 2309 2432 2362 scenei
2454 2323 2605 2363 verna;
2730 2307 2882 2364 deest
2908 2306 3189 2376 reliquum.

1625 2418 1854 2478 NOTAJ.

176 2511 298 2583 425.
324 2510 479 2582 Lego
507 2510 788 2581 specialior
813 2513 994 2583 hospes
1023 2527 1041 2566 :
1070 2511 1170 2566 etsi
1203 2509 1502 2583 enim7olim
1531 2511 1696 2568 hostis

117 2581 493 2652 signiﬁcaverit
525 2583 887 2651 peregrinum,
908 2581 1115 2652 censeo
1140 2593 1317 2652 tamen
1349 2582 1695 2638 Dracontium

117 2651 179 2709 ei
205 2652 282 2708 sui
311 2653 582 2726 temporis
604 2669 704 2726 usu
737 2651 1014 2726 scripsisse
1041 2653 1248 2726 hospes.
1279 2651 1416 2726 Loth
1446 2670 1575 2726 vero
1605 2655 1700 2726 ho-

115 2739 228 2794 spes
242 2733 386 2794 erat,
420 2724 543 2780 tum
571 2724 950 2794 quia77advena,
977 2733 1085 2779 tum
1115 2724 1275 2779 etiam
1309 2724 1432 2794 quia
1464 2724 1699 2794 ImSpitio

114 2791 321 2864 angelos
347 2791 666 2866 exceperat.
691 2791 942 2868 Specialis
969 2805 1052 2853 est
1073 2791 1377 2866 peculiaris,
1409 2797 1497 2852 cui
1528 2791 1700 2867 oppo-

114 2867 246 2921 nitur
272 2867 561 2921 aeneralis.

112 2875 246 2921 nitur
272 2875 561 2922 aeneralis.

174 2885 599 2992 Ἠθεὲῗτῗὲἒέθ
629 2936 804 3008 laxare
835 2937 1043 3008 jugum,
1085 2947 1142 2992 ut
1171 2935 1312 3005 apud
1344 2935 1536 2993 Silium
1574 2932 1700 2991 libr.

114 3022 196 3078 sl,
215 3021 355 3062 vers.
404 3007 506 3064 17.
551 3007 642 3063 Sic
683 3005 772 3064 alii
807 3005 984 3064 laxare
1013 3012 1204 3078 frenos,
1231 3009 1408 3062 laxare
1449 3008 1703 3073 habenas;
1807 3008 1936 3074 300,
1974 3010 2126 3063 Stant
2160 3005 2358 3062 lumina
2383 3013 2609 3078 ﬂamma.

109 3077 399 3151 sedfrenos
426 3087 704 3151 non_7st_at7
725 3094 844 3134 cum
887 3091 1080 3135 metro.
1124 3077 1326 3151 Plinius
1371 3079 1495 3134 libr.
1531 3093 1700 3151 χχχι),
1880 3081 2006 3134 445.
2037 3081 2312 3136 Ovidiusl.
2337 3098 2348 3134 ι
2369 3081 2516 3143 ll'let.,
2543 3095 2690 3134 vers.
2717 3079 2837 3145 107,
2868 3078 2971 3135 Ver
2993 3090 3389 3151 eratwternmn,

110 3163 158 3201 c.
273 3160 410 3205 sect.
438 3151 504 3215 5,
533 3147 665 3221 dixit
688 3149 866 3221 laxare
888 3154 1045 3220 fores,
1066 3150 1206 3219 quod
1240 3150 1303 3204 ad
1329 3145 1703 3219 metaphoram
1807 3151 2101 3220 placidique
2147 3153 2431 3217 tepentibus
2478 3153 2618 3205 auris
2661 3151 2954 3206 Mulcebant
3001 3150 3211 3221 zephyri
3249 3162 3389 3205 natos

112 3220 237 3298 trahi
277 3221 452 3298 valet;
502 3219 715 3298 7Conji7ci
761 3219 922 3298 etiam
949 3231 1142 3298 potest
1190 3221 1415 3276 nondum
1445 3230 1702 3292 correpta,
1733 3233 1780 3298 C
1811 3219 2134 3298 sinesemine
2163 3225 2337 3298 ﬂores.

106 3289 378 3362 velandus:
409 3288 739 3362 Criminibus
772 3293 914 3346 laxat
933 3288 1123 3362 frenos.
1593 3288 1601 3292 ⁷
1740 3288 1780 3314 τ’
1883 3292 2010 3348 445.
2042 3288 2296 3362 Virgilius
2329 3293 2502 3361 eclog.
2533 3289 2588 3358 4,
2611 3307 2762 3362 vers.
2796 3292 2888 3357 45,
2919 3291 3113 3362 Sponte
3151 3309 3245 3346 sua
3274 3310 3391 3348 san-

165 3361 525 3434 428.7Forte
566 3359 840 3434 Supplicia
888 3359 943 3419 ei
984 3364 1199 3418 scelera.
1246 3364 1525 3432 Augentur
1573 3376 1708 3434 vero
1812 3365 1901 3418 dia:
1925 3359 2185 3433 pascentés
2211 3364 2384 3418 vestiet
2406 3359 2584 3428 annos.
2611 3359 2687 3417 Ex
2711 3379 2817 3432 quo
2841 3359 3393 3434 versutionnullicol-

101 3433 353 3505 supplicia
381 3432 693 3499 scelerum,
721 3447 846 3490 cum
873 3444 1137 3504 augentur
1166 3435 1282 3505 ipsa
1310 3435 1537 3491 scelera.
1570 3433 1707 3489 Hinc
1811 3432 2003 3503 lignnt,
2037 3435 2310 3489 sandicem
2336 3435 2556 3488 herbam
2585 3448 2704 3487 esse
2730 3449 2836 3505 qua
2877 3432 3014 3501 paSIi
3059 3434 3181 3504 agni
3213 3434 3394 3492 colore

103 3501 332 3559 obscena
366 3506 579 3570 fames,
610 3505 806 3574 morbi,
841 3501 968 3561 etcf
1186 3501 1206 3505 ”
1810 3501 2087 3560 sandicino
2115 3507 2446 3570 tingerentur
2494 3521 2506 3556 :
2541 3513 2700 3571 atque
2727 3501 2796 3558 ita
2828 3501 3114 3572 Virgilium
3139 3507 3396 3560 intellexit

156 3575 294 3653 7&29.
331 3575 580 3632 Obscena
610 3575 802 3646 fames,
851 3575 1099 3643 infausta,
1148 3574 1291 3648 apud
1333 3575 1613 3646 Virgilium
1655 3585 1710 3632 et
1813 3576 2053 3653 Servius,
2087 3587 2142 3632 et
2165 3577 2372 3653 Iflinius
2401 3576 2530 3653 libr.
2559 3591 2725 3642 xxxv,
2769 3585 2904 3630 sect.
2933 3575 3024 3639 25,
3063 3591 3182 3653 cap.
3214 3575 3279 3653 6,7
3309 3577 3396 3653 qui

103 3644 250 3702 alios.
342 3715 346 3716 7
612 3644 618 3646 ⁷
789 3644 793 3645 “
854 3715 858 3716 7
1185 3644 1199 3648 ⁷
1433 3644 1451 3646 ἡ
1813 3656 1989 3701 tamen
2024 3648 2137 3716 ipse
2168 3647 2346 3712 docet,
2378 3645 2652 3700 sandicem
2679 3661 2848 3714 genus
2877 3661 2996 3701 esse
3027 3645 3174 3700 rubri
3199 3644 3396 3702 coloris

166 3716 293 3794 451.
319 3715 530 3794 Potest
559 3715 866 3794 interpungi
887 3716 1032 3773 Nam
1060 3719 1133 3772 sic
1156 3719 1323 3794 factus
1343 3716 1494 3771 homo
1522 3723 1707 3789 fuerat,
1815 3717 2004 3794 lictitii,
2038 3715 2190 3794 cujus
2217 3717 2533 3794 coniicicndi
2566 3718 2781 3770 modum
2815 3718 3063 3794 explicat.
3083 3718 3396 3794 Dracontius

99 3786 384 3860 primordia
409 3799 632 3860 nostra;
667 3786 736 3860 Ut
765 3790 1014 3857 volucres,
1045 3786 1331 3860 pascendus
1351 3799 1478 3849 erat,
1512 3786 1616 3844 etc.
1814 3790 1985 3860 innuit
2013 3786 2286 3843 san’dicem
2319 3788 2678 3860 herba7n_i_non_
2691 3802 2835 3860 esse,
2861 3788 2953 3840 sed
2977 3802 3140 3860 agnos
3163 3787 3396 3842 sandiris

166 3856 292 3915 ‘32.
326 3859 638 3915 Lucretius
669 3859 791 3916 libr.
813 3875 864 3925 ν,
895 3856 1185 3926 νεῐε.’570,
1205 3859 1413 3916 Cladth
1437 3861 1711 3930 importare
1813 3857 2047 3930 colorem
2072 3860 2376 3930 habituros:
2396 3859 2496 3930 etsi
2515 3856 2771 3930 Virgilius
2797 3874 3005 3926 quoque
3024 3856 3210 3911 eodem
3236 3873 3398 3930 sensu

100 3931 293 3995 pericli.
319 3932 415 4002 _De
452 3930 800 4002 providentia
834 3931 929 3987 Dei
957 3939 1078 4000 erga
1113 3946 1237 3986 aves
1264 3930 1452 3985 Matth.
1483 3927 1601 4002 cap.
1630 3946 1707 3995 vr,
1815 3929 2010 4002 exponi
2033 3929 2500 4002 valet,quod7agni
2527 3927 2653 4002 dum
2677 3930 2842 4002 vulgo
2873 3937 3177 4002 pascuntur,
3201 3928 3398 4002 vellere

98 4013 231 4072 vers.
267 4000 362 4067 ‘26,
397 3997 472 4058 et'
492 4017 622 4070 cap.
653 4017 709 4067 κ,
739 4015 884 4058 vers.
911 4002 1002 4058 29.
1021 3997 1376 4072 Prudentius,
1429 3997 1619 4072 Psych.
1657 4016 1707 4056 v.
1815 4015 1872 4072 se
1896 4001 2181 4054 induerent
2201 3997 2399 4054 coloris
2427 3999 2711 4072 sandicini,
2733 3997 2790 4052 ut
2810 3999 2876 4072 de
2904 4001 3103 4072 murice
3124 3997 3400 4072 fere_i_dcm

95 4070 191 4124 017
215 4087 403 4141 seqq.,
445 4069 600 4128 idem
630 4082 1002 4142 argumentum
1032 4071 1273 4142 exponit.
1501 4069 1513 4072 ⁷
1813 4070 2066 4142 afﬁrmat.
2099 4073 2228 4124 Cum
2255 4081 2433 4124 autem
2466 4071 2670 4124 Plinius
2697 4071 2969 4125 sandicem
3017 4071 3158 4142 inter
3184 4069 3400 4142 viliores

161 4139 550 4198 455.120nl'er
585 4145 619 4197 Ι.
649 4139 773 4209 ιξν.
804 4143 911 4200 449
941 4139 1120 4212 δειλαί
1216 4211 1220 4212 7
1814 4141 2024 4197 colores
2065 4153 2364 4212 recenseat,
2393 4143 2558 4210 quaeri
2601 4151 2788 4212 potest
2827 4157 2922 4195 cur
2947 4141 3240 4210 pretiosum
3272 4139 3402 4212 Dra-

157 4214 286 4268 455.
323 4213 679 4269 Committere
722 4225 818 4282 pro
865 4211 1074 4270 tradere
1115 4214 1165 4268 in
1197 4211 1359 4268 dubio
1402 4221 1623 4278 eventu,
1655 4221 1713 4268 nt
1815 4215 2027 4268 contius
2073 4223 2248 4267 vocet.
2302 4211 2418 4267 Non
2450 4212 2553 4266 alia
2582 4211 2648 4265 de
2680 4227 2862 4276 causa,
2914 4214 3125 4280 opinor.
3155 4212 3253 4264 nisi
3282 4211 3404 4276 quia

93 4287 414 4357 committere
444 4302 507 4340 se
530 4281 866 4357 navigationi,
891 4286 1003 4348 uice,
1028 4282 1273 4354 periculo,
1299 4292 1353 4339 et
1381 4284 1517 4357 apud
1548 4283 1711 4357 Justi-
1816 4285 2012 4357 Vellera
2042 4299 2106 4340 eo
2136 4285 2320 4339 colore
2349 4285 2510 4357 lini-ta
2553 4283 2786 4357 pretiosa
2835 4295 2987 4349 sunt,
3046 4282 3130 4338 vel
3176 4281 3318 4352 quod
3352 4283 3401 4336 i-s

91 4367 214 4409 num
244 4355 284 4414 l.
321 4372 386 4423 tt,
422 4371 560 4426 cap.
592 4355 1025 4426 ii,7comntittere
1055 4357 1266 4410 salutem
1309 4355 1546 4426 nuribus.
1576 4355 1711 4408 Dra-

1801 1404 1908 1460 445

189 2098 300 2156 425.
332 2096 627 2165 Specialior
648 2098 826 2153 hostis.

184 2169 305 2225 426.
337 2169 501 2223 Malis
528 2184 630 2223 non
655 2169 734 2223 uel
760 2176 1016 2237 correpta.

183 2241 302 2296 427.
329 2240 537 2295 Lazare
563 2240 734 2306 frenos
763 2240 835 2294 sic
860 2242 900 2308 f.

182 2310 299 2368 429.
330 2311 500 2367 morbi
528 2326 648 2366 mea
665 2310 858 2364 luctus.

1802 2584 1833 2638 ἢ
1875 2513 2004 2639 4ὺ40.
2045 2515 2193 2572 Libr.
2241 2531 2279 2582 ι,
2332 2529 2481 2572 vers.
2512 2516 2638 2582 176,
2695 2515 2952 2570 Gencrans
2999 2518 3256 2587 pigmenta
3300 2532 3388 2588 per

1842 2602 1893 2639 er
1928 2602 2005 2639 as.

1842 2602 1984 2640 ενοαε
1992 2627 2005 2641 .

1876 2656 2000 2712 441.
2039 2656 2188 2712 Libr.
2219 2675 2258 2723 ι,
2288 2673 2429 2713 vers.
2450 2657 2570 2721 717,
2599 2656 2844 2712 nonnulli
2870 2657 3051 2722 legunt
3077 2657 3178 2721 Qui
3202 2660 3388 2714 rosulis

1804 2727 2011 2781 stellare
2033 2745 2243 2794 nemus;
2268 2729 2354 2781 alii
2388 2727 2560 2781 aliter.
2590 2726 2764 2781 Etiam
2797 2726 2898 2782 hoc
2924 2728 3043 2782 loco
3073 2727 3177 2798 legi
3210 2737 3388 2799 posset

1804 2799 1973 2868 Atque
1995 2815 2137 2853 rosas
2159 2800 2431 2868 proferret.

1877 2867 2002 2938 442.
2033 2869 2228 2938 Staret,
2258 2867 2634 2938 permaneret,
2667 2882 2880 2938 semper
2909 2868 3108 2938 vigeret
3143 2877 3195 2922 et
3223 2869 3388 2925 odore

1808 2937 2184 3007 sustineretur,
2231 2955 2294 2992 ac
2339 2947 2632 2993 constaret.
2687 2937 2934 3009 Virgilius
2955 2955 3008 2993 vt
3039 2937 3190 3007 Λεὼ,
3247 2956 3388 2996 vers.

1819 4355 1972 4411 color
2006 4357 2276 4424 pretiosus
2307 4363 2391 4408 est
2421 4356 2470 4406 in
2500 4353 2811 4409 velleribus.

90 4423 662 4482 contiusJuverialem
685 4425 924 4480 imitatur
947 4434 1045 4481 sat.
1074 4427 1159 4483 12,
1180 4442 1324 4480 vers.
1352 4425 1474 4490 157,
1500 4423 1527 4477 Ι
1552 4441 1707 4490 nunc,

90 4506 134 4549 et
162 4499 328 4552 ventis
359 4498 612 4552 animum
633 4497 889 4554 committe
910 4498 1080 4552 dolato
1103 4496 1338 4566 Conﬁsus
1364 4497 1523 4566 ligno.
1555 4496 1710 4549 Clau-

87 4567 275 4624 dianus
305 4570 364 4624 in
400 4567 635 4638 praefat.
672 4567 739 4623 ad
787 4567 912 4624 libr.
943 4584 957 4623 ι
1005 4569 1072 4623 de
1102 4565 1276 4636 Raptu
1318 4565 1572 4638 Proserp.
1611 4568 1709 4632 Qui

87 4638 253 4693 dubiis
287 4637 467 4694 ausus
515 4640 831 4694 committere
857 4639 1064 4707 ﬂatibus
1086 4640 1281 4692 alnum.
1316 4637 1566 4707 Horatius
1596 4639 1632 4691 Ι.
1666 4653 1705 4705 t,

89 4709 173 4761 od.
202 4711 260 4776 5,
295 4725 456 4766 vers.
489 4711 553 4774 9,
594 4707 688 4763 Illi
715 4706 892 4776 robur,
937 4718 985 4765 et
1021 4726 1090 4765 tes
1126 4707 1314 4779 triplex
1346 4706 1495 4779 Circa
1534 4719 1709 4776 pectus

84 4789 210 4852 erat,
231 4784 328 4851 qui
354 4780 624 4852 fragilem
645 4781 777 4834 truci
802 4779 1066 4852 Commisit
1086 4781 1267 4852 pelago
1284 4788 1444 4834 ratem
1478 4778 1704 4852 Primus.

90 4849 313 4907 Veteres
345 4849 580 4908 ethnici
607 4851 961 4919 navigationis
985 4867 1138 4907 usum
1161 4849 1504 4906 vehementer
1524 4851 1574 4906 in
1599 4850 1708 4904 suis

80 4923 302 4992 scriptis
331 4922 762 4992 improbabant,
807 4932 861 4977 et
901 4935 1084 4978 contra
1111 4922 1350 4992 deorum
1377 4921 1709 4992 voluntatem

79 4990 364 5050 inventum
399 4990 760 5049 asserebant.
792 4993 1086 5049 Columella
1132 4993 1186 5047 in
1217 4990 1427 5060 praefat.
1458 5010 1470 5044 :
1504 4992 1582 5044 An
1609 4991 1714 5045 bel-

76 5064 176 5115 i'unt
200 5068 417 5134 perosis
454 5066 649 5133 maris,
696 5073 741 5119 et
781 5065 1134 5135 negotiationis
1163 5065 1276 5117 alea
1317 5067 1382 5135 sit
1417 5062 1707 5132 optabilior,

70 5142 122 5185 ut
154 5146 315 5208 rupto
346 5137 571 5208 [aedere
595 5145 797 5191 natura:
840 5134 1073 5190 terrestre
1101 5135 1297 5208 animal
1340 5134 1491 5208 homo
1542 5145 1714 5188 vento-

69 5223 184 5259 rum
221 5205 292 5262 ἐι
323 5205 508 5262 utaris
536 5208 770 5278 objectus
807 5208 896 5262 ira?
924 5224 978 5261 se
1006 5205 1245 5276 ﬂuctibus
1269 5205 1455 5278 audeat
1489 5209 1709 5278 credere.

70 5278 254 5333 Adisis
286 5277 607 5334 Barthium
647 5277 771 5334 libr.
801 5294 907 5333 xvii
951 5281 1205 5342 Advers.,
1260 5290 1378 5345 cap.
1413 5277 1465 5343 9,
1515 5285 1570 5331 et
1590 5277 1714 5332 Ovi-

64 5350 218 5405 ilium
253 5351 478 5414 tMet.,
514 5365 576 5404 γ.
604 5348 672 5402 94
702 5365 852 5419 seqq.

137 5423 272 5478 458.
307 5423 482 5477 Libr.
541 5435 584 5485 ι,
635 5435 776 5474 vers.
811 5421 936 5486 166,
983 5419 1051 5476 Et
1095 5435 1292 5490 semper
1329 5420 1507 5478 vestita
1551 5420 1708 5474 comis

64 5492 362 5560 frondescit
399 5493 588 5548 oliva.
633 5491 836 5564 Sensus
876 5503 960 5548 est
999 5493 1141 5564 quod
1181 5491 1323 5547 oliva
1365 5490 1550 5561 quovis
1581 5491 1706 5546 anni

63 5575 319 5633 tempore
354 5566 598 5620 fructus
627 5561 908 5632 proferret.

132 5636 271 5691 459.
306 5637 478 5692 Libr.
514 5650 566 5701 ι,
597 5649 734 5691 vers.
771 5634 898 5700 199,
931 5634 1050 5690 Non
1080 5634 1260 5703 apibus
1291 5635 1438 5689 labor
1467 5642 1560 5697 est,
1597 5640 1704 5688 etc.

67 5705 334 5778 Virgilius
360 5708 583 5778 θειοςέ
603 5707 673 5778 47,7
699 5723 750 5761 ν.
782 5705 886 5778 50,
923 5705 992 5762 Et
1031 5706 1176 5764 dum
1213 5723 1426 5778 quercus
1455 5704 1711 5778 sudabunt

59 5773 274 5836 roscida
296 5773 765 5850 mellafovidius
791 5776 988 5850 I_Met.,
1022 5793 1162 5836 vers.
1194 5773 1318 5845 “'2,
1346 5773 1620 5850 ‘Flavaquc
1649 5774 1716 5832 de

58 5853 219 5909 viridi
248 5851 562 5909 stillabant
591 5847 907 5918 ilicemlla.

1888 4423 2017 4480 446.
2046 4426 2295 4492 Virgilius
2322 4425 2492 4493 eclog.
2522 4424 2578 4485 4,
2607 4439 2751 4479 vers.
2784 4425 2874 4491 45,
2903 4423 3026 4492 Ipse
3049 4424 3137 4477 sed
3167 4423 3216 4476 in
3240 4423 3402 4493 pratis

1818 4497 1949 4621 ariis
1965 4499 2084 4621 ja;n
2115 4513 2270 4556 suave
2310 4492 2511 4550 rubenti
2542 4495 2772 4564 Murice,
2814 4499 2930 4566 jam
2973 4510 3150 4547 croceo
3195 4492 3401 4546 mutabit

1820 4585 1876 4621 ue
1918 4584 2006 4622 era
2059 4579 2167 4621 uto.

1740 4611 1788 4671 Β
1887 4611 2014 4693 447.
2039 4638 2255 4692 Phrixei
2285 4647 2430 4691 recte
2461 4635 2620 4690 habet
2648 4651 2772 4701 ms.,
2791 4634 2874 4688 alii
2905 4634 3077 4688 minus
3109 4634 3245 4688 bene
3266 4634 3400 4686 scri-

1815 4708 1948 4765 bunt
1979 4708 2270 4776 Phryxeus.
2317 4709 2533 4761 Ovidius
2565 4706 2783 4760 Heroid.
2829 4705 2982 4772 epist.
3015 4705 3068 4770 6,
3107 4720 3246 4760 vers.
3277 4703 3402 4768 104,

1815 4781 1984 4833 Aurea
2016 4777 2253 4833 Phrixeae
2283 4789 2424 4844 terna
2467 4776 2657 4830 revellit
2689 4777 2812 4838 ovis,
2849 4785 2902 4830 et
2930 4776 3086 4839 epist.
3121 4777 3206 4842 18,
3258 4791 3397 4828 vers.

1819 4848 1938 4911 105,
1960 4848 2170 4903 Invideo
2193 4850 2405 4914 Phrixo,
2433 4864 2577 4916 quem
2601 4863 2690 4916 per
2707 4849 2837 4912 freta
2859 4848 3019 4898 tristia
3049 4857 3212 4899 tntum
3237 4847 3404 4899 Aurea

1817 4921 2044 4990 lanigero
2081 4920 2262 4974 vellere
2302 4921 2431 4972 rexit
2475 4919 2599 4971 ovis.
2653 4917 2879 4990 l’hrixns
2931 4917 3096 4990 ariete
3147 4916 3404 4990 deaurato

1819 4987 2004 5045 vectus
2033 4990 2264 5046 Colchos
2311 4991 2575 5060 pervenit,
2622 4988 2719 5060 ubi
2753 4988 2976 5060 arietem
3010 4987 3406 5060 immolavit,_et

1821 5064 2012 5131 pellem
2045 5058 2338 5117 inauratam
2370 5063 2422 5114 in
2449 5060 2653 5131 templo
2678 5058 2858 5131 Martis
2893 5061 3087 5131 posuit,
3129 5058 3403 5131 quantin-

1821 5128 1917 5187 son
1946 5150 2048 5202 ope
2072 5133 2270 5186 Medea:
2294 5131 2530 5186 abstulit.
2560 5128 2693 5185 Vide
2722 5129 2986 5201 Hyginum
3016 5129 3177 5185 fabul.
3205 5129 3254 5193 ὅ,
3286 5128 3407 5180 Ovi-

1809 5203 1965 5260 dium
2001 5212 2055 5258 et
2083 5204 2217 5258 alios
2248 5202 2606 5273 mythologos.

1888 5273 2016 5327 448.
2047 5275 2134 5328 Sic
2165 5268 2413 5328 divinans
2443 5268 2679 5342 reposui.
2712 5271 2787 5326 De
2814 5270 3012 5325 Medea}
3044 5269 3298 5339 tragoedia
3325 5268 3405 5334 agi

1817 5354 1968 5416 puto,
2010 5361 2130 5415 qua:
2173 5346 2372 5413 passim
2414 5346 2466 5397 in
2508 5343 2970 5416 scetiis_v'eteruiii
3018 5343 3406 5416 exponebatur.

1820 5411 2071 5472 Horatius
2100 5417 2150 5469 in
2176 5411 2307 5470 Arte
2337 5430 2476 5469 vers.
2515 5413 2639 5480 185,
2678 5411 2786 5466 Nec
2814 5428 2995 5480 pueros
3018 5426 3189 5464 corum
3221 5411 3408 5476 popqu

1820 5487 2005 5559 Medea
2028 5488 2268 5559 trucidet.
2294 5484 2981 5559 Fumantergoscenarum,
3016 5483 3120 5559 vel,
3149 5483 3192 5559 si
3221 5480 3408 5559 Inasis,

1817 5555 1987 5614 sceitai
2013 5574 2163 5612 more
2186 5557 2506 5612 Lucretiano
2529 5554 2766 5623 intelligo
2789 5553 2982 5607 famam
3005 5553 3406 5623 vellerisaurei,

1821 5630 1964 5703 quod
1997 5629 2465 5703 prodidit7Med7ea.
2491 5627 2640 5703 Tunc
2661 5621 2801 5680 enim
2827 5625 2944 5703 sine
2967 5623 3188 5703 crimine
3214 5621 3410 5703 Medeae

1823 5693 2023 5757 vellera
2051 5714 2213 5756 aurea
2239 5699 2486 5755 homines
2519 5697 2868 5762 viderent,_et
2913 5693 3074 5751 ﬁdem
3116 5693 3410 5747 narrationi

1827 5773 1895 5828 de
1923 5774 2002 5828 eis
2035 5780 2377 5846 pra-starent.
2433 5767 2610 5846 scena:
2656 5768 2883 5846 verbum
2926 5781 3069 5846 saepe
3109 5764 3411 5846 adbibi-tur,

1828 5859 1952 5903 cum
1983 5835 2189 5902 scelera
2223 5843 2276 5899 in
2308 5840 2580 5912 tragcediis
2609 5839 2844 5897 exhibita
2871 5835 3198 5897 indicantur.
3225 5835 3410 5892 Cicera
