3902 6330
535 338 640 393 807

535 448 638 503 450

713 535 1005 591 Servarent
1035 537 1279 590 abstrusa
1314 537 1494 601 nimis,
1529 553 1630 593 nec
1658 554 1866 607 gemma
1899 540 2124 605 lateret;

713 631 903 685 Omnia
932 631 1025 685 sed
1060 631 1257 699 passim
1292 630 1455 686 facies
1487 632 1697 687 telluris
1726 632 1967 699 haberet,

712 724 973 778 Omnibus
1002 725 1054 778 in
1086 724 1245 779 terris
1274 725 1423 793 regio
1456 740 1563 779 non
1592 725 1767 796 indiga
1798 727 2014 790 mercis,

714 816 884 871 Vilior
911 817 1002 870 illa
1034 816 1172 871 foret
1196 817 1431 886 populis,
1460 818 1799 886 portantibus
1823 819 1987 872 euris.

712 912 783 963 At
810 923 950 962 nunc
976 908 1277 977 plectibiles
1308 908 1555 963 humanae
1585 910 1783 963 mentis
1812 910 2009 979 ubique

714 1000 899 1054 Dulcia
932 1000 1237 1055 subducunt
1269 1014 1471 1066 mores,
1504 1009 1557 1054 et
1579 1015 1760 1053 amara
1795 1002 2121 1056 ministrant.

785 1091 1032 1146 Forsitan
1065 1104 1334 1163 opponant
1368 1093 1613 1149 homines
1658 1094 1854 1149 delicta
1887 1094 2123 1162 fatendo,

712 1186 1022 1253 Angelicum
1054 1200 1311 1257 peccasse
1358 1200 1549 1256 genus,
1603 1189 1744 1257 quod
1794 1188 1980 1257 purior
2012 1203 2122 1253 aer,

712 1276 873 1348 259
901 1277 967 1331 Et
985 1293 1148 1347 super
1173 1288 1314 1332 astra
1340 1280 1513 1347 polus,
1539 1278 1620 1334 vel
1642 1278 1765 1334 coeli
1788 1294 1949 1348 regna
1977 1288 2127 1333 tene-

1907 1372 2052 1427 baut.

1907 1372 2052 1427 baut.

716 1466 853 1515 Ante
884 1460 1116 1515 tribunal
1144 1468 1322 1529 erant,
1354 1460 1444 1516 ubi
1475 1467 1645 1526 casta,
1676 1470 1730 1516 et
1756 1369 1938 1516 sancIta
1972 1461 2119 1515 vide-

1912 1550 2053 1622 [rent

716 1642 971 1712 Corporis
992 1652 1242 1713 expertes
1273 1642 1472 1699 terreni
1501 1642 1756 1713 ponderis
1784 1658 1973 1697 omnes
2005 1659 2017 1694 :

715 1736 780 1789 Et
810 1738 887 1792 sic
915 1752 1067 1793 error
1096 1752 1189 1793 eos
1221 1739 1413 1805 tenuit,
1456 1738 1770 1808 crimenque
1812 1736 2123 1791 nefandum.

534 909 638 963 455

537 1460 641 1515 160

1817 332 2189 390 DBACONTII
2228 330 2556 389 CARMINA.

713 444 934 499 Viscera
964 457 1070 498 non
1102 453 1263 499 terrae
1290 452 1495 499 tantum
1526 446 1762 515 pretiosa
1788 448 2061 501 metallum
2146 450 2201 509 Α

3704 328 3803 385 808

2403 442 2540 511 Quid
2572 439 2816 497 homines
2845 442 3053 505 miseri,
3082 436 3252 506 fragili
3275 435 3374 491 sub
3398 436 3628 505 tegmine
3643 442 3803 494 carnis

2408 537 2657 606 Captivos
2674 551 2807 606 quos
2836 534 3075 591 membra
3103 542 3307 596 tenent,
3330 541 3384 587 et
3398 535 3637 602 corporis
3656 534 3805 589 usus!

2411 629 2501 684 Sic
2525 628 2676 682 vobis
2706 642 2965 698 responsa
2995 627 3135 681 dabo
3160 642 3173 680 :
3209 624 3349 693 Quid
3371 625 3529 695 culpa
3558 626 3725 681 aliena

2409 721 2712 791 Objicitur?
2743 736 2973 793 purgare
2998 728 3196 792 potest,
3220 720 3364 789 quod
3392 720 3561 788 gessit
3588 720 3801 790 iniquusI

2409 814 2645 870 Alterius
2666 815 3023 883 quodcunque
3053 812 3239 868 nefas?
3267 811 3447 866 scelus
3477 826 3637 865 omne
3668 828 3802 879 pera-

3592 903 3749 974 [ctum

2410 997 2649 1066 Respicit
2676 997 3184 1063 auctorem,socios,
3200 1007 3539 1066 cunctosque
3556 996 3805 1050 miniser

2413 1091 2673 1161 lmplicat,
2702 1102 2757 1148 et
2776 1093 2923 1148 solos
2944 1093 3172 1157 facinus,
3198 1106 3335 1161 quos
3358 1091 3627 1161 inquinat,
3656 1100 3807 1159 urget.

2413 1186 2543 1241 lude
2582 1186 2753 1255 magis
2794 1202 2947 1242 meus
2987 1196 3167 1242 nostra
3198 1202 3290 1241 rea
3335 1194 3440 1250 est,
3483 1184 3632 1253 quod
3676 1200 3809 1254 ptem

3445 1276 3655 1349 [secuta
3685 1288 3755 1332 est

2408 1368 2673 1427 leestes
2704 1371 2955 1439 famulos,
2990 1372 3072 1426 his
3095 1386 3197 1426 nec
3221 1370 3398 1439 gravis
3423 1370 3503 1424 ira
3534 1370 3785 1439 pepercit.

2413 1463 2577 1533 260
2604 1462 2808 1518 Sideris
2838 1462 3103 1518 innumeri
3127 1462 3319 1517 cecidit
3342 1478 3467 1531 pars
3491 1463 3651 1516 tertia
3673 1462 3810 1523 caelo.

2413 1555 2545 1607 Cum
2578 1555 2715 1609 duce
2745 1556 2897 1624 pulsa
2924 1570 3055 1621 suo;
3080 1570 3333 1624 superum
3358 1553 3595 1607 vindicta
3621 1565 3809 1607 coercet

2413 1648 2635 1716 Agmina
2663 1649 2987 1716 caelicolum,
3027 1649 3303 1716 pereuntia
3332 1646 3488 1700 clade
3512 1646 3753 1715 perenni.

2234 1736 2343 1792 475
2416 1738 2617 1795 Militiae
2644 1756 2768 1811 pars
2799 1750 2946 1795 tanta
2977 1740 3085 1809 poli
3112 1738 3350 1795 districta
3381 1740 3504 1794 sine
3534 1754 3641 1794 usu

2233 630 2339 684 465

2230 1185 2336 1240 470

1842 1844 2231 1903 SCRIPTURA
2270 1848 2425 1904 C01).
2469 1850 2621 1906 VAT.

609 1964 728 2019 451.
762 1964 977 2031 Populis
1007 1963 1330 2033 peccantibus
1359 1979 1529 2019 euros.

610 2037 727 2089 156.
758 2052 935 2089 amara
956 2036 1270 2089 ministrans.

605 2106 730 2159 460.
767 2109 842 2160 Ex
870 2117 1035 2161 castra
1065 2116 1365 2161 correctum
1390 2115 1547 2159 casta.

605 2177 729 2231 462.
766 2177 831 2229 Et
850 2179 924 2231 sic
946 2188 1107 2230 terror
1133 2193 1238 2230 eos.

608 2245 729 2303 165.
760 2248 997 2303 Obscure
1024 2248 1164 2317 quid.

2156 1965 2205 2025 Β
2468 1963 2511 2039 l_.
2545 1983 2591 2019 e.
2616 1967 2758 2039 solus
2788 1970 2829 2037 f.
2858 1985 2994 2039 quoa
3073 1984 3115 2023 υ.

2304 2035 2431 2089 470.
2471 2036 2642 2104 Quod,
2670 2035 2847 2093 dubie.

2548 2108 2603 2161 d.
2630 2126 2682 2177 p.
2708 2126 2828 2163 suos
2859 2126 3107 2178 superans
3136 2126 3179 2161 υ.
3210 2123 3464 2164 coercens.

2305 2176 2430 2247 474.
2464 2177 2525 2231 C.
2546 2176 2773 2244 perantia
2800 2197 2845 2234 ς.
2877 2176 2931 2247 ρ.

2304 2246 2429 2302 175.
2464 2247 2656 2303 Militia
2678 2267 2797 2319 pars
2820 2246 2962 2304 tanta
2988 2252 3091 2319 poli
3118 2251 3357 2305 distincta
3379 2253 3496 2307 sine
3526 2268 3654 2305 usu.

2066 2360 2301 2417 NOTAE.

552 2494 610 2533 ιιι
638 2478 707 2533 de
738 2477 926 2531 Natur.
970 2475 1145 2541 deor.,
1186 2491 1305 2545 cap.
1335 2475 1425 2535 27,
1476 2473 1587 2528 Nec
1622 2488 1737 2528 vero
1782 2490 1933 2527 scena
1968 2474 2132 2529 solum

534 2550 725 2617 referta
748 2558 819 2602 est
850 2549 926 2602 his
959 2548 1261 2617 sceleribus,
1274 2548 1361 2599 sed
1390 2546 1673 2617 multopita
1694 2545 1984 2617 communis
2003 2562 2130 2615 pene

535 2614 837 2690 majoribus.
857 2618 1108 2687 Virgilius
1130 2633 1181 2672 tv
1201 2616 1355 2682 Em,
1374 2631 1514 2671 vers.
1543 2616 1667 2680 471,
1696 2614 1876 2668 Scenis
1902 2616 2128 2684 agitatus

542 2690 766 2744 Orestes.

603 2762 733 2816 450.
762 2760 980 2815 Ovidius
1006 2776 1022 2815 ι
1051 2761 1201 2824 Met.,
1235 2774 1376 2813 vers.
1412 2758 1534 2818 158,
1586 2755 1725 2809 Itum
1752 2766 1823 2810 est
1850 2756 1900 2809 in
1934 2759 2125 2813 viscera

531 2841 699 2896 terrae,
762 2832 997 2899 Quasque
1047 2831 1435 2896 recondiderat,
1480 2828 1776 2897 Stygiisque
1826 2828 2121 2883 admoverat

531 2904 739 2968 umbris,
769 2901 1103 2967 Eﬂ'odiuntur
1129 2918 1267 2969 opes.

608 2975 727 3027 151.
764 2972 895 3026 Vide
922 2972 958 3025 ι.
991 2990 1026 3035 ι,
1056 2988 1106 3025 ν.
1142 2972 1243 3025 505
1271 2986 1384 3038 seq.

601 3043 727 3099 452.
760 3042 939 3096 Facies
966 3043 1171 3096 telluris
1194 3051 1277 3095 est
1306 3054 1510 3111 summa
1540 3048 1597 3111 et
1622 3039 1821 3094 extima
1854 3055 1978 3111 pars
2009 3050 2115 3095 ter-

530 3129 603 3167 ra:
630 3132 641 3166 :
669 3115 792 3168 inde
839 3112 1129 3181 superﬁcies
1173 3112 1331 3166 dicta.
1366 3110 1617 3179 Virgilius
1660 3111 1829 3181 eclog.
1863 3112 1917 3177 ι1,
1966 3126 2111 3166 vers.

530 3185 619 3251 '59,
657 3185 833 3237 Omnis
858 3186 982 3253 feret
1013 3184 1181 3236 omnia
1209 3184 1380 3236 tellus.

602 3250 725 3309 155.
765 3250 1015 3323 Virgilius
1042 3255 1145 3310 loc.
1174 3254 1289 3316 cil.,
1321 3266 1467 3323 vers.
1499 3253 1592 3321 '58,
1618 3250 1771 3305 Cedet
1791 3261 1837 3323 et
1862 3254 1969 3319 ipse
1986 3254 2115 3305 mari

2238 2477 2435 2545 quinat,
2460 2487 2643 2547 regnat.
2676 2480 2869 2533 Arator
2898 2478 3020 2531 libr.
3055 2492 3092 2543 ι,
3126 2494 3263 2549 vers.
3287 2476 3552 2549 7501,Nec
3572 2496 3729 2549 pana
3754 2498 3815 2537 sc-

2235 2557 2480 2616 questrat,
2526 2550 2663 2613 Quos
2694 2565 2786 2616 par
2824 2550 2975 2617 culpa
3011 2549 3157 2613 ligat.
3205 2548 3334 2601 Vide
3374 2548 3579 2602 notam
3609 2552 3680 2603 ad
3715 2554 3747 2604 l.
3786 2568 3817 2614 I,

2233 2632 2375 2671 vers.
2406 2617 2531 2683 5M,
2560 2629 2612 2673 et
2637 2620 2671 2672 I.
2704 2634 2762 2684 ιι,
2793 2634 2938 2673 vers.
2964 2619 3157 2684 “8,et
3180 2618 3364 2685 legas!
3384 2619 3606 2675 cod.de
3632 2618 3817 2685 Pieriis,

2227 2704 2330 2757 qua
2361 2704 2389 2741 a
2419 2705 2573 2758 pinna
2604 2691 3013 2759 submoventur,
3060 2706 3184 2759 quos
3222 2706 3331 2741 reos
3366 2690 3577 2743 sceleris
3618 2696 3819 2745 societas

2229 2774 2329 2811 non
2356 2760 2572 2827 facit....
2602 2758 2837 2813 'Peccata
2866 2762 3021 2830 igitur
3056 2758 3175 2812 suos
3214 2768 3415 2812 teneant
3441 2770 3711 2819 auctores.
3744 2780 3819 2815 nec

2229 2830 2442 2902 ulterius
2462 2832 2827 2902 progrediatur
2857 2839 3039 2895 metus,
3067 2847 3220 2899 quam
3240 2832 3533 2898 reperiatur
3562 2834 3817 2902 delictum.

2293 2848 2442 2883 ιετιιιδ
2503 2848 2827 2902 ragreaiatur
2857 2848 3039 2895 metus,
3067 2848 3220 2899 quam
3240 2848 3533 2898 νερενιαιω·
3562 2848 3817 2886 αεηειιιπι.

2293 2899 2417 2954 470.
2447 2848 2636 2955 (ξὶοθτο
2667 2901 2734 2955 de
2765 2901 3047 2969 Haruspic.
3075 2915 3316 2970 respons.
3334 2915 3455 2969 cap.
3486 2903 3578 2966 18,
3609 2900 3818 2972 Πιῳιὶιο

2220 2986 2372 3037 quam
2402 2988 2622 3039 poenam,
2651 2988 2763 3041 qua:
2782 2980 3070 3040 sequeretur
3090 2972 3219 3023 illud
3254 2971 3441 3035 scelus,
3469 2990 3612 3025 scire
3640 2971 3811 3036 posset.

2218 3042 2307 3095 Sic
2340 3042 2591 3096 Horatius
2618 3043 2653 3095 l.
2682 3058 2755 3106 ιιι,
2782 3043 2869 3097 od.
2895 3040 2951 3107 2,
2984 3042 3123 3095 Raro
3143 3045 3528 3096 antecedentem
3556 3046 3815 3098 scelestum

2221 3110 2458 3165 Deseruit
2489 3114 2614 3181 pede
2645 3130 2790 3183 poena
2813 3112 3022 3165 claudo.

2292 3184 2415 3237 472.
2436 3183 2510 3237 De
2528 3198 2753 3253 numero
2767 3184 3078 3253 angelorum
3098 3193 3280 3238 auctor
3293 3184 3521 3238 C(Blest.
3541 3184 3811 3240 Hierarch.

2224 3253 2326 3307 sub
2358 3254 2594 3326 Dionysii
2618 3252 2953 3321 Areopagitae
2976 3255 3193 3308 nomine
3213 3261 3290 3307 ait
3314 3271 3435 3321 cap.
3456 3254 3549 3320 14,
3585 3256 3814 3326 Eloquio-

532 3340 717 3393 vector,
750 3342 839 3378 nec
862 3321 1068 3378 nautica
1109 3326 1261 3394 pinus
1293 3321 1512 3377 Mutabit
1541 3338 1748 3377 merces.
1789 3321 1952 3377 Forte
1981 3324 2117 3393 regio
2146 3323 2193 3387 C
2222 3340 2335 3377 rum
2372 3325 2432 3376 de
2470 3321 2662 3394 angelis
2690 3326 3013 3377 traditionem
3044 3326 3206 3378 milies
3227 3341 3403 3378 eorum
3433 3343 3548 3380 esse
3580 3321 3725 3379 milia
3746 3328 3815 3379 di-

531 3399 673 3449 nulla
703 3396 879 3465 indiga
905 3396 1105 3449 mercis.

600 3465 727 3520 454.
759 3464 897 3534 Lego
947 3464 1264 3535 portantibus
1310 3464 1465 3528 euris,
1516 3464 1597 3518 vel
1627 3464 1769 3535 quod
1816 3464 1961 3519 venti
2009 3465 2112 3533 ipsi

532 3536 649 3591 sine
678 3538 899 3590 navibus
928 3534 1133 3590 merces
1163 3544 1471 3605 portarent,
1517 3536 1605 3605 vel
1632 3534 1772 3602 quod
1803 3536 1918 3589 euri
1960 3536 2115 3604 juva-

532 3616 675 3673 rent,
704 3617 762 3660 ut
792 3607 965 3662 omnis
996 3604 1364 3661 ferret’omnia
1396 3606 1573 3660 tellus.
1597 3604 1729 3659 Vide
1760 3606 1878 3660 libr.
1903 3622 1942 3673 ι,
1967 3620 2110 3661 vers.

602 3748 729 3805 455.
752 3747 1040 3803 Plectibiles
1063 3764 1244 3812 mores,
1269 3758 1326 3803 ut
1343 3762 1483 3803 vers.
1506 3745 1630 3807 269,
1653 3747 1923 3813 plectibilis
1945 3756 2110 3801 actus.

533 3820 575 3875 Ε
605 3822 719 3875 Solo
747 3830 963 3890 peccato
989 3820 1232 3889 originali
1260 3835 1447 3872 omnes
1486 3816 1644 3885 hujus
1673 3817 2111 3890 vitaaﬂcalamita-

532 3902 612 3945 tes
638 3887 898 3960 originem
931 3887 1149 3956 ducunt,
1198 3890 1295 3945 sed
1340 3890 1412 3943 ita
1466 3898 1525 3941 ut
1553 3887 1911 3956 peculiaribus
1939 3887 2112 3943 homi-

532 3978 659 4016 num
694 3963 926 4027 peccatis
954 3976 1278 4031 magnopere
1306 3968 1619 4029 augeantur.

601 4033 728 4087 458.
762 4031 949 4085 Purior
985 4028 1093 4099 aer,
1146 4028 1202 4085 ut
1252 4032 1289 4085 l.
1337 4028 1396 4096 ιζ
1419 4045 1563 4084 vers.
1608 4029 1740 4093 551,
1787 4028 1936 4095 Eleg.
1969 4043 2113 4083 vers.

534 4103 618 4155 80.
655 4106 1037 4168 Argumentum
1072 4102 1290 4169 petitum
1319 4111 1401 4155 est
1431 4116 1495 4154 ex
1539 4116 1657 4165 cap.
1706 4114 1755 4152 tv
1810 4099 1930 4153 Jobi
1971 4114 2112 4154 vers.

534 4173 622 4251 i8,
646 4172 773 4223 Ecce
799 4173 885 4251 qui
909 4174 1127 4251 serviunt
1155 4173 1221 4236 ei,
1245 4188 1345 4251 non
1374 4180 1489 4223 sunt
1520 4169 1746 4251 stabiles,
1770 4180 1816 4221 et
1842 4170 2118 4251 angelis

535 4243 636 4295 suis
660 4243 845 4307 reperit
887 4243 1207 4309 pravitatem.
1254 4242 1456 4305 Quanto
1488 4241 1647 4309 magis
1690 4237 1742 4291 hi
1768 4240 1854 4305 qui
1888 4237 2118 4293 habitant

534 4314 709 4366 domos
741 4314 922 4377 luteas,
943 4313 1030 4383 qui
1059 4325 1313 4383 terrenum
1343 4309 1527 4363 habent
1561 4309 1972 4378 fundamentum,
1999 4326 2120 4364 con-

540 4396 798 4437 sumentur
820 4382 961 4436 velut
983 4400 1012 4435 a
1042 4382 1219 4435 tinea?

601 4454 726 4511 460.
752 4455 952 4509 Solium
981 4453 1075 4509 Dei
1099 4465 1236 4507 vers.
1265 4452 1385 4519 101,
1414 4457 1635 4503 vocatur
1657 4451 1853 4504 caeleste
1872 4450 2117 4505 tribunal.

601 4527 727 4580 46f.
763 4526 1018 4595 Expende
1059 4540 1183 4578 num
1228 4523 1416 4578 melius
1461 4520 1703 4595 Corporis
1741 4530 1982 4595 expertes,
2018 4530 2120 4575 ter-

536 4600 643 4649 reni
667 4606 713 4650 et
746 4591 982 4666 ponderis
1020 4612 1210 4649 omnes.
1245 4593 1563 4666 Prudentius
1593 4593 1774 4666 hyrnn.
1819 4591 1853 4645 5
1889 4592 2120 4666 Pe_r.,_v.

536 4668 656 4756 1‘65,
690 4663 765 4722 sic
791 4670 951 4756 etiam
980 4666 1047 4721 de
1076 4681 1300 4756 cjorpore
1328 4684 1350 4756 ᾗ
1387 4664 1490 4756 Vas
1506 4663 2114 4756 estnsolutlunltlatcﬂfictile,
2144 4694 2200 4756 Β

535 4738 842 4809 Quocunque
868 4732 1205 4808 frangendum
1232 4738 1402 4803 modo,
1430 4751 1501 4809 es
1523 4732 1778 4809 Apostolo
1806 4732 1845 4787 ll
1877 4732 2025 4809 ϐοτη
2062 4748 2113 4789 c.

535 4825 604 4874 Iv,
634 4804 773 4864 vers.
809 4804 1189 4864 7.'Dracontius
1220 4824 1282 4863 ex
1316 4809 1450 4861 libro
1475 4804 1594 4859 Jobi
1621 4804 1783 4857 sumit
1810 4812 1865 4857 et
1889 4805 2119 4873 explicat

534 4879 697 4932 verba
728 4891 979 4933 terrenum
1010 4879 1417 4949 fundamentum.
1451 4877 1540 4931 Sic
1569 4875 1729 4949 etiam
1749 4875 2045 4949 ‘Apostolus
2076 4875 2119 4930 ll

534 4951 599 5003 ad
633 4953 779 5014 tior.,
814 4966 933 5019 cap.
967 4946 1020 5015 v,
1051 4964 1190 5003 vers.
1224 4950 1273 5014 1,
1325 4949 1383 5003 Si
1432 4947 1682 5019 terrestris
1723 4946 1903 4998 domus
1946 4956 2120 5000 nostra

534 5023 688 5092 hujus
715 5018 1044 5073 habitationis
1073 5020 1402 5073 dissolvatur.
1445 5018 1684 5092 Sapient.
1714 5030 1829 5083 cap.
1865 5030 1953 5092 ιι,
1975 5031 2117 5071 vers.

536 5088 624 5157 15⁷,
651 5091 845 5163 Corpus
872 5092 1027 5163 enim,
1052 5092 1185 5158 quod
1195 5090 1578 5163 corrumpitur,
1602 5094 1845 5163 aggravat
1867 5088 2119 5163 animum,

534 5175 581 5216 et
612 5158 808 5215 terrena
840 5162 1138 5214 inhabitatio
1170 5160 1409 5229 deprimit
1448 5174 1648 5212 sensum
1689 5158 1849 5209 multa
1885 5160 2118 5228 cogitan-

536 5247 654 5287 tem.
679 5233 936 5287 Nimirum
959 5246 1153 5298 corpus
1175 5247 1359 5285 carcer
1389 5239 1469 5283 est
1492 5229 1705 5281 animas.

608 5304 725 5357 ius.
759 5304 980 5371 Culpam
1011 5303 1237 5355 alienam
1270 5302 1533 5355 neminem
1576 5312 1831 5371 excusare
1877 5308 2117 5371 apertum

535 5388 634 5434 «ut.
669 5386 721 5429 et
760 5368 912 5428 docet
959 5372 1286 5441 Epiphanius
1324 5373 1480 5439 epist.
1526 5368 1590 5421 ad
1638 5370 1947 5441 llierunym.
1984 5370 2123 5424 inter

540 5447 846 5516 l'icronymi
878 5440 1129 5514 epistolas
1160 5444 1247 5506 9f,
1279 5444 1348 5495 al.
1376 5442 1462 5505 75,
1501 5440 1659 5504 Quasi
1689 5440 1963 5516 multitudo
1996 5457 2117 5506 pec-

536 5512 760 5569 cantium
802 5512 963 5570 scelus
1006 5519 1202 5567 minuat
1240 5523 1285 5567 et
1323 5530 1423 5566 non
1458 5512 1821 5581 numerositate
1865 5512 2117 5581 lignorum

538 5590 698 5658 nuiur
748 5591 989 5658 gehenna:
1036 5589 1242 5655 [lamina
1291 5592 1571 5658 succrescat
1603 5598 1620 5658 _:
1662 5591 1726 5658 et.
1759 5580 2120 5650 HierOnytnus

540 5657 686 5709 initio
716 5652 834 5713 libr.
858 5673 876 5711 ι
899 5652 1082 5712 contra
1114 5657 1383 5722 fluflinum
1410 5672 1422 5708 ε
1452 5653 1613 5719 Quasi
1644 5652 1847 5720 culpant
1878 5668 2121 5706 numerus

542 5730 852 5789 peccantium
872 5729 1085 5780 minuat.

613 5796 733 5853 469.
762 5797 845 5851 Ex
875 5798 1090 5851 Lucano
1120 5796 1153 5847 Ι.
1193 5811 1245 5855 v.
1279 5814 1415 5852 vers.
1447 5798 1569 5856 290.
1610 5797 1829 5849 Fucinus
1870 5810 1996 5861 (lues
2034 5796 2118 5849 in-

2222 3411 2353 3467 cere,
2389 3410 2609 3447 summos
2640 3396 2757 3449 illos
2778 3412 2903 3464 quos
2928 3395 3223 3448 adhibemus
3254 3412 3519 3467 numeros,
3553 3399 3609 3449 in
3644 3399 3812 3467 seipsos

2217 3466 2545 3537 glomerando
2567 3483 2627 3520 ac
2648 3466 3056 3531 multiplicando,
3072 3482 3170 3535 quo
3192 3483 3281 3533 per
3305 3465 3400 3519 hos
3422 3478 3609 3537 aperte
3654 3465 3811 3520 decla-

2216 3545 2354 3588 raret
2384 3536 2661 3589 cmlestium
2695 3538 3027 3590 essentiarum
3057 3538 3260 3589 ordines
3296 3554 3327 3588 a
3369 3541 3522 3591 nobis
3566 3541 3813 3591 numerari

2216 3623 2319 3660 non
2361 3624 2525 3676 posse.
2560 3607 2723 3661 Isaias
2749 3622 2868 3675 cap.
2902 3621 3026 3671 ιμ’,
3054 3620 3109 3659 v.
3151 3607 3238 3670 1‘2,
3278 3607 3558 3670 Quomodo
3595 3610 3811 3662 cecidisti

2217 3678 2280 3730 de
2308 3678 2454 3742 coelo,
2484 3676 2713 3745 Lucifer,
2745 3688 2874 3741 etc.,
2918 3678 3057 3745 quod
3091 3676 3158 3731 de
3185 3678 3699 3747 diaboloplerique
3723 3695 3809 3732 ex-

2217 3757 2443 3818 ponunt.
2477 3747 2608 3817 Cap.
2636 3763 2707 3801 xu
2737 3749 2932 3817 Apoc.,
2962 3764 3104 3802 vers.
3130 3748 3162 3801 4
3190 3762 3365 3817 seqq.,
3406 3746 3478 3800 Et
3507 3746 3685 3801 cauda
3716 3752 3809 3817 ejus

2218 3818 2511 3887 (draconis)
2544 3820 2773 3872 trahebat
2802 3821 3001 3873 tertiam
3041 3831 3235 3887 partem
3270 3818 3545 3871 stellarum
3590 3822 3726 3885 caeli,
3770 3830 3807 3872 et

2219 3890 2355 3961 misit
2377 3906 2461 3942 eas
2484 3890 2537 3961 in
2563 3899 2769 3961 terram.
2804 3888 2868 3941 Et
2902 3890 3092 3961 factum
3118 3900 3190 3941 est
3218 3890 3461 3957 praelium
3493 3906 3741 3961 magnum
3768 3892 3809 3941 in

2219 3959 2343 4013 caelo
2384 3975 2401 4011 :
2446 3959 2668 4032 Michael
2698 3964 2744 4013 et
2783 3959 2960 4032 angeli
2984 3963 3094 4032 ejus
3132 3961 3510 4032 prtuliabantur
3550 3959 3674 4014 cum
3703 3964 3807 4012 dra-

2220 4046 2437 4083 cone....
2464 4040 2509 4083 et
2533 4031 2788 4103 projectus
2829 4041 2899 4083 est
2929 4030 3086 4103 draco
3115 4030 3200 4083 ille
3229 4046 3548 4101 magnus....
3582 4043 3629 4085 et
3660 4032 3808 4103 angeli

2220 4103 2345 4173 ejus?
2373 4118 2487 4154 cum
2526 4100 2617 4153 illo
2650 4102 2953 4173 missirsunt.
2980 4102 3279 4173 Allegorice
3314 4100 3382 4155 de
3409 4103 3633 4173 angelis
3665 4100 3805 4157 etiam

2222 4170 2587 4237 intelliguntur
2613 4171 2775 4225 verba
2799 4171 2889 4225 illa
2914 4187 3031 4239 cap.
3063 4170 3165 4225 xxv
3194 4171 3332 4237 Jobi,
3361 4188 3414 4225 v.
3453 4170 3511 4238 5,
3538 4173 3675 4226 Ecce
3698 4174 3807 4225 luna

2221 4242 2369 4294 etiam
2407 4259 2506 4295 non
2540 4243 2793 4310 splendet,
2834 4252 2881 4294 et
2912 4242 3072 4296 stellte
3103 4259 3205 4296 non
3225 4254 3345 4295 sunt
3368 4246 3585 4295 munda:
3614 4246 3668 4296 in
3696 4259 3806 4294 con-

2222 4314 2396 4378 spectu
2426 4319 2555 4384 ejus.
2589 4312 2792 4377 Quanto
2822 4314 2983 4383 magis
3016 4315 3166 4367 homo
3196 4315 3434 4383 putredo,
3476 4323 3525 4367 et
3564 4314 3704 4380 ﬁlius
3728 4315 3805 4364 ho-

2223 4384 2375 4434 minis
2401 4384 2619 4437 vermis?

2293 4453 2417 4525 473.
2434 4454 2713 4519 Superum,
2730 4454 2937 4508 scilicet
2960 4454 3233 4510 Michaelis
3255 4463 3307 4510 et
3323 4456 3647 4525 angelorum
3671 4455 3801 4522 ejus:

2221 4522 2308 4577 vel
2340 4524 2456 4592 lege
2480 4526 2929 4597 superatrindicta
2953 4541 3207 4595 coercens,
3241 4537 3331 4580 aut
3360 4522 3623 4597 superans
3653 4526 3803 4578 τίμιαι-

2226 4600 2323 4667 cla_
2338 4606 2533 4667 coercet
2565 4596 2782 4667 Agmina
2809 4597 3111 4667 caelicolum.

2298 4664 2421 4717 474.
2455 4664 2860 4735 ϐιαάέρετεηηὶ,
2883 4676 2939 4721 ut
2968 4666 3005 4720 l.
3034 4683 3070 4729 ι,
3092 4682 3230 4722 vers.
3257 4667 3383 4729 467,
3408 4664 3699 4721 Incurrunt
3720 4683 3806 4717 non

2224 4736 2403 4805 fraude
2432 4753 2544 4801 sua,
2573 4739 2661 4789 sed
2690 4737 2835 4789 clade
2863 4740 3093 4807 perenni,
3112 4747 3167 4792 et
3190 4740 3326 4807 apud
3358 4739 3752 4792 Tertullianuut
3776 4737 3806 4789 i.

2226 4822 2242 4860 ι
2269 4816 2454 4860 contra
2486 4808 2830 4872 Marcionem,
2864 4806 3130 4862 Periturus
3159 4806 3323 4862 marte
3355 4812 3587 4875 perenni.

2298 4878 2424 4931 475.
2470 4876 2659 4930 Militia
2687 4878 2793 4947 poli
2822 4877 2962 4933 dicta
2991 4880 3151 4933 etiam
3181 4889 3305 4933 sunt
3334 4889 3480 4933 astra
3514 4896 3664 4934 vers.
3698 4880 3807 4931 333.

2229 4948 2301 5001 De
2325 4948 2529 5017 angelis
2557 4964 2687 5018 cap.
2708 4963 2813 5001 xxv
2839 4949 2981 5015 Jobi,
3014 4965 3066 5001 v.
3095 4952 3147 5012 5,
3195 4950 3447 5018 Nunquid
3480 4961 3556 5001 est
3589 4964 3809 5001 nnntertu

2228 5019 2447 5071 militum
2478 5020 2629 5087 ejus?
2661 5017 2854 5073 Genes.
2880 5035 3000 5088 cap.
3030 5034 3197 5084 xxxii,
3233 5017 3376 5075 vers.
3414 5023 3467 5085 1,
3497 5019 3668 5073 Jacob
3703 5034 3810 5085 que-

2224 5106 2321 5158 que
2349 5090 2471 5143 abiit
2508 5090 2706 5155 itinere,
2747 5105 2846 5155 quo
2881 5100 3095 5158 coeperat
3132 5107 3149 5144 :
3182 5091 3490 5160 fueruntque
3533 5094 3583 5144 ei
3630 5092 3809 5144 obriam

2226 5160 2395 5230 angeli
2419 5160 2532 5212 Dei.
2556 5160 2695 5225 Quos
2712 5175 2827 5212 cum
2848 5160 3162 5227 vidisset,ait
3186 5178 3204 5214 :
3224 5159 3403 5215 Castra
3426 5160 3521 5230 Dei
3545 5173 3668 5214 sunt
3696 5162 3807 5211 hu‘c.

2225 5229 2343 5283 Lib.
2376 5230 2435 5284 Ill
2468 5230 2624 5299 Reg.,
2656 5243 2775 5294 cap.
2807 5246 2932 5294 XXII,
2961 5246 3103 5285 vers.
3134 5232 3223 5293 19,
3266 5230 3381 5283 Vidi
3412 5229 3705 5285 Dominum
3744 5244 3809 5299 scf

2224 5302 2429 5353 dentem
2467 5296 2619 5371 super
2646 5301 2835 5355 solium
2876 5314 3048 5367 suum,
3079 5311 3123 5355 et
3159 5318 3356 5354 omnem
3396 5304 3687 5354 exercitum
3713 5296 3808 5369 cali

2224 5372 2538 5424 assistentem
2576 5373 2621 5425 ei
2656 5388 2687 5423 a
2724 5373 2917 5425 dextris
2958 5382 3003 5425 et
3042 5390 3075 5425 a
3112 5373 3351 5427 sinistris.
3401 5372 3596 5439 Angeli
3642 5371 3809 5439 phrasi

2224 5443 2589 5496 ecclesiastica
2617 5457 2761 5510 stupe
2793 5443 2974 5496 militia
3008 5444 3242 5497 ccelestis
3275 5438 3547 5495 dicuntur.
3585 5442 3625 5495 Ε
3648 5438 3807 5493 Sacris

2226 5513 2443 5588 Litteris
2470 5514 2649 5567 multis
2682 5516 2730 5565 in
2754 5512 2922 5588 _lo_cis_
2949 5524 3159 5588 constat
3201 5513 3421 5588 angelos
3458 5527 3609 5588 stupe
3640 5513 3806 5588 habitu

2226 5584 2441 5637 militari
2482 5598 2541 5638 se
2579 5584 2989 5651 conspiciendas
3019 5585 3311 5653 praebuisse
3332 5627 3347 5652 ,
3377 5586 3541 5638 modo
3573 5583 3628 5636 in
3668 5583 3806 5653 equis

2228 5656 2477 5723 decoros,
2508 5654 2668 5709 modo
2706 5654 2939 5778 gfadium
2971 5651 3306 5725 evaginatum
3346 5666 3621 5716 tenentes,
3656 5651 3805 5707 modo

2231 5727 2413 5778 loricis
2441 5727 2608 5778 ianeis
2635 5734 2689 5778 et
2760 5729 3082 5778 vacinthinis
3112 5728 3343 5778 indutos.
3388 5728 3597 5778 scilicet
3625 5727 3691 5778 ad
3721 5725 3805 5774 «ιε-

2231 5727 2413 5781 loricis
2441 5727 2608 5795 igneis
2635 5734 2689 5780 et
2723 5725 3082 5797 byacinthinis
3112 5728 3343 5791 indutos,
3388 5728 3597 5780 scilicet
3625 5727 3691 5779 ad
3721 5725 3805 5774 ιιι·

2230 5797 2525 5854 feusionetn
2554 5798 2815 5855 bonorum
2853 5810 3080 5861 paratos,
3113 5808 3168 5855 et
3193 5800 3348 5867 quasi
3377 5801 3734 5868 sospitatorcs
3765 5809 3807 5846 tu
