3902 6330
104 371 193 429 817

106 484 191 543 ιϐδ
258 478 460 531 Viscera
491 470 606 525 fusa
636 468 832 529 fluunt,
859 462 985 517 hinc
1014 473 1107 514 cor
1136 456 1353 513 crudele
1387 452 1634 523 patescit,
1666 457 1715 513 Α

260 568 613 628 Funestatque
639 556 779 611 diem
807 552 874 607 de
902 563 1131 617 corpore
1165 546 1285 600 tabe
1310 542 1565 598 madenti.

323 651 590 721 Legimus,
647 647 953 699 innumeras
1001 639 1207 693 veniam
1253 632 1512 688 meruisse
1553 642 1644 683 ca-

1166 726 1167 729 “
1376 720 1576 794 [tervas

266 835 415 908 270
440 830 622 887 Judrea
664 826 730 881 de
759 832 917 894 gente
946 834 1087 887 reas,
1136 812 1647 973 mortisquetminis-

1468 915 1578 956 tros

1468 915 1578 956 “'08

267 1013 469 1083 Optima
498 1014 767 1079 perpetuae
798 1000 1091 1068 sump~isse
1123 997 1235 1049 hmc
1254 1008 1472 1048 munera
1498 992 1646 1054 vitae,

121 1107 210 1163 570
270 1081 495 1171 Quorum
519 1097 709 1153 Paulus
740 1100 855 1147 erat
882 1098 1040 1159 caput
1062 1096 1277 1142 exstans
1298 1081 1499 1153 grande
1531 1093 1646 1133 ma-

1355 1174 1545 1245 [lorum
1564 1188 1577 1222 :

275 1283 335 1336 Et
356 1289 528 1334 tamen
554 1278 668 1346 ipse
702 1274 795 1328 fuit
825 1272 955 1341 legis
976 1278 1099 1339 post
1120 1267 1338 1320 crimina
1362 1264 1581 1326 doctor;

272 1370 573 1441 Martyrium
619 1367 889 1434 Stephano
917 1363 1005 1431 qui
1036 1361 1255 1419 fecerat,
1284 1355 1406 1410 inde
1433 1355 1655 1422 recepit,

274 1462 338 1516 Et
385 1459 581 1514 meruit
606 1456 842 1526 plenam,
876 1467 1032 1522 quam
1063 1448 1288 1504 contulit
1318 1456 1463 1511 ante,
1506 1458 1661 1498 coro-

1403 1538 1547 1608 [nam
1572 1576 1588 1601 ,

275 1643 325 1696 ln
354 1656 412 1695 se
442 1654 565 1695 vera
596 1637 689 1690 Dei
712 1635 1039 1689 confirmans
1066 1631 1225 1685 verba
1250 1627 1523 1699 probavit:

128 1732 212 1787 I75
277 1732 379 1786 Hoc
402 1731 628 1800 patietur
662 1728 841 1793 homo,
868 1724 1007 1793 quod
1034 1724 1309 1792 quisquam
1339 1719 1524 1774 fecerit
1547 1716 1661 1771 ulli.

276 1822 375 1878 Sed
422 1822 595 1875 bonus
628 1818 865 1885 excepit,
916 1814 1059 1884 quod
1080 1824 1203 1868 tunc
1232 1812 1375 1866 male
1405 1810 1533 1864 fecit
1562 1811 1665 1895 ini-l
1696 1806 1740 1868 B

1476 1918 1571 1957 uus

1476 1918 1571 1957 uus

279 2005 428 2073 Quod
492 2002 736 2073 populos,
794 2006 1085 2068 gentesque
1141 1995 1340 2050 docens
1406 1903 1675 2047 ignve’rtit

1401 2081 1597 2152 [eundo

1249 341 1525 400 CARMEN
1566 337 1654 394 DE
1692 334 1849 391 1)Εο.
1890 333 2018 389 LIB.
2060 330 2122 385 11.

1750 714 1854 771 580

3206 309 3347 368 “8..

1916 442 2018 496 Per
2054 451 2217 501 mare,
2258 449 2355 505 per
2400 441 2601 496 terras,
2638 438 2695 484 ut
2724 424 2919 484 Christi
2959 438 3151 480 nomen
3190 424 3317 479 ado-

3081 514 3244 587 [rent,

1927 621 2270 687 Gentilesque
2300 616 2448 678 deos,
2475 622 2528 670 et
2553 610 2805 668 cordibus
2833 607 2971 663 idola
3000 608 3222 677 pellant,

1929 713 2085 785 271
2117 710 2255 765 Mars
2284 707 2440 763 cadat
2467 721 2530 760 ex
2556 705 2753 767 animo,
2816 708 3038 771 pereant
3060 700 3323 753 Saturnus

2989 793 3065 866 [et
3089 797 3127 847 Α
3138 807 3255 847 rcas

1929 897 2195 967 luppiter,
2232 904 2389 964 atque
2412 893 2613 957 Venus,
2643 887 2876 951 Titania,
2904 887 3063 950 Juno,
3092 883 3326 954 Cupido,

1931 989 2028 1043 Vel
2059 990 2357 1057 quicunque
2383 984 2455 1038 dii
2488 983 2593 1038 ficti
2625 994 2875 1035 sermone
2906 987 3114 1031 vetusto

1928 1078 2225 1134 Credantnr
2249 1076 2322 1129 nil
2355 1087 2532 1145 posse,
2582 1069 2739 1124 simul
2782 1067 2912 1121 nihil
2948 1082 3066 1121 esse
3106 1058 3331 1134 probet:-

3131 1154 3259 1224 [tttr.

2003 1257 2160 1314 Solus
2192 1256 2386 1324 ubique
2418 1254 2577 1317 Deus,
2610 1265 2786 1306 rerum
2818 1248 2954 1315 fons,
2989 1245 3250 1309 conditor,
3282 1253 3337 1299 et

3093 1335 3265 1407 [spes,

1762 1436 1867 1496 585
1940 1439 2085 1495 idem
2140 1451 2355 1506 semper
2401 1433 2530 1499 eris,
2569 1431 2709 1503 quod
2755 1422 2810 1486 et
2840 1444 2919 1496 es,
2948 1427 3087 1499 quod
3128 1436 3181 1481 et
3215 1434 3340 1481 ante

3074 1518 3267 1592 [fuisti,

1941 1624 2021 1679 Nil
2054 1622 2279 1685 addens,
2303 1621 2620 1675 minuensve
2650 1616 2743 1672 tibi
2768 1613 3133 1671 crescentibus
3163 1612 3340 1666 annis.

1944 1704 2205 1781 Tempora
2226 1721 2519 1779 mutantur,
2538 1720 2589 1763 te
2612 1721 2882 1776 nunquam
2903 1705 3095 1760 strcula
3116 1714 3340 1770 mutant,

1884 1854 1889 1859 ,
1956 1806 2180 1872 Qualem
2212 1804 2377 1873 prima
2403 1799 2720 1863 dies,taletn
2752 1795 2907 1852 simul
2933 1796 3116 1850 ultima
3142 1804 3341 1851 noscet.

1950 1899 2084 1955 Cum
2133 1905 2187 1951 te
2212 1909 2319 1948 non
2349 1898 2605 1960 caperent
2632 1889 2773 1955 caeli,
2804 1898 3086 1958 terrmqne,
3137 1887 3347 1943 fretum.

3181 1996 3274 2044 ne,

1822 2026 1830 2035 .
3181 1996 3243 2035 ne

1780 2083 1885 2139 590
1964 2081 2120 2136 Aeris
2150 2092 2198 2135 et
2231 2079 2485 2150 spatium,
2518 2075 2726 2131 modico
2756 2084 2807 2129 te
2838 2072 3000 2129 corde
3027 1981 3243 2143 repEanis

1342 2195 1728 2252 SCRIP'I'URA
1767 2198 1917 2253 COD.
1962 2194 2119 2249 VAT.

193 2324 303 2381 565.
333 2321 395 2374 V.
429 2321 545 2386 fusa
572 2316 689 2368 huic
711 2330 797 2367 cor
825 2330 871 2367 c.

192 2397 303 2449 569.
333 2391 619 2458 Sumpsissc
644 2400 873 2438 munera.

192 2466 304 2521 580.
334 2462 595 2518 Saturnus
618 2466 663 2510 et
691 2470 829 2508 aras.

1853 2310 1975 2363 582.
2008 2306 2075 2361 D.
2109 2308 2223 2372 ficto
2250 2322 2293 2358 s.

1858 2380 1981 2433 585.
2018 2378 2133 2431 Eris
2162 2376 2294 2444 quod
2323 2390 2393 2435 es,
2424 2372 2558 2441 quod
2578 2382 2625 2427 et
2649 2389 2704 2425 a.

1858 2450 1979 2506 590.
2014 2448 2096 2500 Ac.
2115 2448 2156 2500 is
2181 2455 2227 2499 et
2256 2447 2500 2513 spatium.

1627 2537 1855 2594 NOTAE.

198 2666 311 2720 505.
343 2663 458 2717 Alio
498 2657 661 2714 modo
689 2654 877 2723 corrigi
922 2660 1096 2721 potest
1124 2651 1398 2721 mendum,
1437 2650 1687 2705 videlicet

142 2735 324 2788 Viscera
353 2734 486 2800 fudit
509 2730 652 2800 humi
670 2745 759 2800 cor
779 2736 823 2779 et
853 2724 1057 2800 crudele
1078 2723 1305 2800 patescit.

202 2805 323 2858 567.
348 2790 565 2857 Certum
597 2798 802 2851 videtur
848 2799 1025 2860 plures
1058 2808 1088 2847 e
1117 2792 1314 2847 Jud'nis
1336 2790 1421 2859 qui
1459 2800 1685 2844 mortem

137 2870 309 2925 Christi
342 2876 783 2941 procuraverant_,
810 2865 1046 2941 aliosque
1072 2879 1100 2916 e
1130 2862 1417 2941 gentilibus
1448 2860 1537 2927 qui
1566 2876 1683 2914 eam

138 2932 415 2999 intulerant,
448 2937 661 2991 veniam
692 2952 718 2987 a
746 2935 858 2989 Deo
888 2932 1049 2985 fuisse
1074 2938 1415 2991 consecutos,
1437 2944 1555 2983 cum
1590 2946 1687 2994 pro

136 3015 205 3064 eis
230 3012 473 3064 Dominus
520 3008 571 3060 in
603 3021 757 3060 cruce
788 3002 1021 3070 pendens
1052 3000 1281 3053 oraverit
1324 3010 1377 3053 et
1406 3000 1687 3070 exauditus

138 3079 277 3134 fuerit
304 3096 396 3149 pro
425 3092 525 3133 sua
567 3069 885 3149 reverentia,
920 3080 974 3149 ut
995 3073 1069 3149 _a_it
1102 3070 1385 3149 apostolus
1412 3069 1477 3122 ad
1520 3070 1678 3149 (lein.

139 3125 525 3211 ἕὸῖξῖπῖἶρῐξζ
554 3125 1027 3211 {Videat-humi
1084 3125 1287 3211 abbatis
1334 3138 1690 3211 Bonae—vatus
1718 3125 1763 3187 C

141 3207 325 3273 tractat.
378 3220 444 3271 de
476 3217 697 3284 Septem
746 3210 935 3265 Verbis
986 3210 1192 3263 Domini
1225 3210 1279 3262 in
1310 3223 1467 3262 cruce
1514 3208 1567 3262 in
1598 3207 1687 3261 Bi-

138 3288 305 3343 blinlh.
338 3287 577 3341 Patrum.

197 3356 312 3411 569.
342 3357 456 3411 Lib.
493 3371 579 3419 ιιι,
609 3367 753 3408 vers.
784 3350 909 3414 455,
934 3350 1063 3415 Quae
1091 3365 1180 3401 nos
1206 3359 1407 3402 ceterum
1427 3364 1691 3418 speramus

139 3440 328 3478 munera
370 3428 503 3479 rittr.
577 3422 863 3488 Sumpsisse
903 3436 1110 3472 munera
1152 3433 1254 3471 non
1295 3420 1529 3471 cohaeret
1568 3434 1687 3471 cum

140 3504 323 3548 metro:
364 3496 488 3549 hinc
526 3494 802 3555 :utnpsisse
850 3490 955 3541 hate
994 3505 1224 3553 munera,
1272 3496 1363 3540 aut
1400 3489 1590 3541 venisse
1623 3489 1691 3541 ad

142 3578 349 3630 munera,
382 3565 462 3618 vel
486 3563 760 3622 mortisque
782 3559 1001 3630 ministri
1034 3558 1239 3623 Optima
1265 3570 1519 3630 perpetua:
1552 3574 1693 3611 sum-

142 3628 564 3699 pserunt'muntra
595 3632 725 3695 vitce,
769 3629 849 3682 vel
878 3630 1146 3699 sumpsisse
1169 3628 1375 3699 prwtnia
1398 3628 1530 3690 vitta,
1562 3642 1690 3699 pro-

142 3695 279 3753 ilueta
311 3705 487 3756 ultima
528 3703 580 3754 in
625 3701 899 3768 sumpsisse
925 3697 991 3750 ob
1023 3714 1082 3764 pr
1101 3695 1348 3750 dictionis
1396 3697 1687 3768 sequentis.

140 3768 384 3835 Sedulius,
439 3774 476 3825 I.
540 3786 579 3836 ι,
611 3767 753 3823 vers.
789 3768 911 3829 540,
965 3769 1130 3819 Aurea
1185 3774 1438 3835 perpetua:
1480 3767 1692 3836 capietis

142 3843 329 3906 pramia
350 3844 480 3895 citae.

199 3907 309 3961 570.
329 3910 544 3964 Exstans
575 3923 670 3977 per
700 3905 1190 3977 pleonasmnm,__vel
1222 3905 1481 3977 significat
1506 3920 1689 3977 super-

141 3978 363 4032 eminens.
424 3974 627 4033 Paulus
656 3986 810 4045 caput
841 3990 1025 4045 eorum
1065 3974 1149 4027 die
1174 3984 1257 4027 tur
1286 3978 1372 4041 qui
1404 3976 1691 4029 Ecclesium

139 4055 185 4097 et
210 4046 376 4101 lesum
396 4050 673 4104 Christum
702 4044 751 4099 in
778 4044 1031 4099 membris
1050 4048 1159 4096 suis
1182 4046 1402 4111 perdere
1422 4046 1693 4098 etoxstin-

141 4128 283 4177 gnere
308 4120 664 4171 conabantur.
706 4115 833 4168 Vide
861 4114 1017 4181 epist.
1052 4114 1068 4166 l
1112 4113 1177 4165 ad
1207 4114 1467 4179 Timoth.,
1491 4128 1609 4183 cap.
1649 4129 1689 4181 1,

142 4198 268 4256 vers.
302 4187 384 4256 lii,
410 4198 463 4242 et
485 4190 608 4241 Act.
643 4196 815 4253 apost.
840 4199 1070 4256 eap._vnt
1103 4193 1154 4235 et
1185 4198 1311 4256 xxn.

199 4255 313 4308 572.
350 4253 510 4311 Ilecte
536 4257 710 4326 prima
733 4256 804 4326 iin
838 4253 1095 4326 Stephano
1122 4253 1429 4326 corripitur,
1460 4267 1578 4320 qua:
1609 4261 1688 4305 ta-

141 4335 245 4375 men
274 4327 454 4379 eadem
507 4322 688 4379 minus
732 4324 868 4377 bene
912 4325 960 4375 itt
992 4322 1167 4384 Elegia
1211 4323 1518 4388 producitur
1544 4336 1685 4375 vers.

142 4389 249 4465 171,
280 4397 371 4449 nisi
397 4396 685 4465 legendum
708 4398 883 4465 sit,gnt
906 4403 1050 4465 puto,
1072 4390 1355 4465 _A_nle_alios
1378 4391 1685 4459 Stephanus.

141 4458 352 4533 Verbum
382 4458 551 4533 [αἰετέ
578 4458 921 4531 amplissimas
949 4462 1348 4533 significationis
1370 4458 1479 4533 est,
1510 4471 1562 4533 et
1593 4475 1687 4529 pro

143 4529 305 4594 afferre
327 4529 444 4587 cum
459 4538 641 4588 dativo
664 4529 893 4600 ponitur,
924 4539 978 4583 ut
998 4534 1161 4597 ficere
1182 4532 1337 4583 alicui
1364 4531 1478 4582 med
1491 4531 1688 4593 'cinam,

143 4604 416 4671 remedium,
451 4605 745 4671 perniciem,
780 4613 1010 4654 mortem.
1047 4600 1123 4652 Ex
1157 4603 1408 4671 martyrio
1439 4601 1690 4671 Stephani

147 4667 316 4741 Paulus
362 4667 680 4741 martyrium
725 4667 948 4733 recepit,
998 4671 1117 4737 quia
1162 4667 1309 4722 illius
1351 4672 1596 4736 precibus
1630 4670 1694 4723 ad

147 4736 281 4791 ﬁdem
312 4742 434 4796 Jesn
472 4736 681 4796 Christi
710 4736 1133 4803 convcrsusiest,
1167 4755 1263 4809 pro
1296 4755 1394 4808 qua
1440 4741 1695 4810 martyrio

146 4821 405 4865 Coronalus
432 4824 538 4867 est.

167 4878 315 4955 ‘573.
347 4882 610 4935 Fortasse
646 4880 843 4955 alludit
882 4877 951 4932 ad
995 4893 1187 4932 nomen
1233 4878 1512 4948 Stephani,
1556 4878 1694 4948 quod

146 4943 304 5020 Graece
328 4966 585 5005 coronam
616 4950 897 5020 significat,

153 5084 161 5096 _
344 5022 587 5096 Intelligo
611 5017 1076 5096 ea'p._vu_.\i_atth.,_
1098 5032 1235 5072 vers.
1269 5020 1323 5081 ‘2,
1357 5017 1421 5071 In
1446 5035 1542 5083 quo
1564 5019 1699 5096 enini

146 5086 487 5159 iudicaveritis,
522 5086 921 5159 'judicabimini,
970 5098 1018 5140 et
1059 5089 1111 5140 in
1156 5105 1253 5154 qua
1280 5104 1513 5141 mensura
1542 5090 1700 5141 mensi

145 5154 319 5231 {ueritis
370 5154 668 5213 remett'etur
696 5158 852 5211 vobis.
888 5159 1016 5231 Qua:
1064 5159 1549 5231 sententiahmnltis
1578 5160 1696 5211 aliis

145 5228 189 5274 in
232 5228 350 5281 locis
396 5243 574 5283 sacrm
628 5232 828 5295 pagina:
869 5228 1119 5280 refertur.
1168 5229 1274 5281 Nec
1314 5228 1570 5282 dis~imile
1616 5238 1697 5283 est

146 5295 264 5355 quod
292 5300 361 5350 ait
382 5300 674 5367 Apostolus
696 5300 759 5350 ad
796 5296 989 5363 preS.
1024 5312 1141 5364 cap.
1167 5314 1243 5359 rt,
1267 5313 1406 5350 ver~.
1434 5300 1486 5360 8,
1520 5299 1697 5351 Scien-

146 5370 207 5438 tes
252 5373 482 5428 quoniam
523 5370 869 5437 unusquisque
910 5369 1240 5435 quodcunque
1276 5370 1445 5438 fecerit
1479 5371 1695 5435 bonum,

147 5430 224 5482 hoc
241 5438 432 5499 recipiet
455 5455 487 5490 a
522 5430 765 5491 Domino.

204 5501 316 5586 576_.
350 5507 667 5586 Martyrium
704 5506 845 5576 quod
874 5506 1082 5578 iniquus
1114 5506 1369 5562 intulerat
1399 5507 1698 5578 Stephano,

148 5580 332 5647 etcepit
349 5580 477 5647 ipse
513 5583 706 5632 bonus.

207 5640 542 5715 577.¥Paulus
573 5648 811 5715 gentium
837 5649 1025 5702 doctor
1051 5657 1407 5715 nuncupatur.
1449 5647 1706 5702 Damasus

150 5720 290 5766 carm.
323 5713 377 5781 'l,
401 5713 650 5772 Gentibus
673 5733 731 5770 ac
751 5719 948 5788 populis
959 5722 1137 5790 jussus
1165 5713 1439 5789 pridicere
1463 5733 1595 5771 vera.

1864 2653 1987 2707 579.
2036 2650 2188 2704 Idola
2244 2649 2417 2705 media
2448 2656 2711 2715 correpta,
2745 2646 2880 2700 utin
2919 2646 3068 2711 Eleg.
3112 2660 3233 2701 vers
3268 2648 3359 2713 96,

1791 2722 1917 2776 Cum
1954 2722 2225 2775 Dominum
2256 2721 2447 2782 narint,
2478 2718 2616 2771 idola
2643 2732 2772 2768 vana
2801 2715 2989 2769 colunt.
3027 2716 3117 2772 Sic
3149 2731 3358 2786 semper

1790 2794 1930 2843 idola
1957 2792 2185 2844 eﬂ‘erunt
2225 2787 2568 2850 Prudentius,
2618 2788 2812 2840 Aratnr
2846 2786 3040 2854 aliique
3096 2785 3360 2843 innumetl

1791 2860 2079 2914 Christiani
2112 2871 2302 2924 poetae.
2335 2858 2612 2911 Rationem
2642 2855 2797 2921 hujus
2820 2855 3221 2910 consuetudinis
3247 2856 3360 2912 red-

1790 2931 1821 2985 d
1847 2932 1896 2982 di
1930 2931 1982 2983 in
2018 2933 2311 2996 prolegom.
2346 2928 2408 2978 ad
2441 2926 2779 2996 Prudentium
2812 2940 2957 2996 num.
2985 2924 3112 2980 208.

1862 3000 1983 3054 580.
2014 2994 2177 3054 Arcas
2199 2998 2296 3051 luit
2319 2997 2460 3051 lilius
2478 2995 2625 3049 Jovis
2653 3011 2718 3048 ex
2742 2994 2962 3059 Calisto,
2992 3010 3149 3060 quam
3179 3005 3361 3065 postea
3444 2996 3447 3001 ’

1792 3068 1982 3125 Ursam
2029 3071 2285 3138 majorem
2333 3068 2386 3122 in
2427 3066 2567 3138 ctelo
2616 3066 2856 3138 fecerunt
2905 3074 3230 3138 poetae,»uti
3265 3072 3360 3122 Δι’·

1796 3140 1927 3193 οιιιιει
1970 3134 2343 3205 Arctophilaca
2388 3152 2481 3191 seu
2518 3137 2733 3189 Booten.
2766 3134 2875 3188 lluc
2904 3135 3024 3189 loco
3045 3134 3362 3196 adiectivum

1796 3210 2001 3264 videtur
2036 3210 2211 3271 Arcas,
2241 3218 2300 3262 ut
2340 3208 2543 3270 Jupiter
2569 3206 2733 3260 Arcas
2772 3205 2993 3267 dicatur,
3036 3206 3159 3273 quia
3204 3217 3361 3261 natus

1793 3289 1873 3333 est
1906 3281 1957 3334 in
1999 3279 2241 3343 Arcadia,
2277 3288 2331 3332 ut
2366 3276 2515 3331 multi
2556 3283 2829 3338 asserunt;
2861 3275 2948 3329 alii
2982 3276 3036 3328 in
3063 3275 3218 3331 Creta
3252 3292 3360 3330 ma-

1797 3350 1931 3402 lunt.
1965 3350 2168 3403 Poterit
2214 3347 2371 3402 etiam
2402 3347 2568 3414 accipi
2613 3347 2769 3398 Arcas
2802 3359 2896 3411 pro
2938 3345 3219 3411 Mercurio,
3273 3348 3361 3415 qui

1795 3427 1947 3473 natus
1970 3427 2053 3473 est
2082 3419 2132 3471 in
2161 3418 2382 3488 Cyllene
2409 3417 2648 3488 Arcadias
2677 3415 3141 3488 tnonte._adeoqne
3169 3431 3195 3466 a
3230 3418 3364 3470 mul-

1801 3492 1868 3540 tis
1892 3490 2056 3542 Arcas
2081 3498 2136 3543 et
2159 3484 2418 3541 Arcadius
2446 3487 2620 3541 dictus
2644 3496 2745 3556 est.
2770 3484 2971 3539 Statius
2992 3485 3235 3541 absolute
3267 3502 3366 3556 pro

1796 3558 2059 3613 Mercurio
2084 3558 2284 3612 Arcada
2314 3560 2489 3624 posuit
2513 3559 2550 3609 Ι.
2584 3570 2636 3613 v.
2672 3555 2792 3608 silv.
2829 3557 2876 3617 l,
2912 3571 3053 3609 vers.
3080 3556 3202 3624 107.

1866 3628 1990 3682 581.
2023 3628 2224 3681 Ti'ania
2267 3638 2347 3681 est
2392 3626 2577 3689 Diana,
2609 3637 2761 3679 soror
2791 3625 2951 3687 Solis,
2987 3627 3073 3694 qtti
3106 3623 3259 3680 Titan
3286 3626 3364 3680 di-

1793 3699 1949 3751 citur.
1974 3698 2194 3751 Ovidius
2226 3698 2315 3750 lih.
2354 3711 2413 3749 1:1
2466 3696 2616 3757 Μσιι..
2661 3710 2803 3748 vers.
2835 3696 2958 3759 175,
3014 3694 3245 3763 Dumque
3296 3696 3378 3750 ibi.

1795 3768 2043 3831 perluitur
2072 3770 2226 3820 solita
2270 3766 2469 3818 Titania
2500 3764 2751 3834 lympha:
2784 3774 2835 3817 et
2858 3764 2892 3817 l.
2927 3780 2997 3818 tv.
3032 3763 3177 3818 Fast.
3213 3780 3358 3819 vers.

1793 3836 1917 3899 915,
1947 3836 2073 3890 Cum
2102 3837 2318 3902 Phrygis
2344 3833 2578 3889 Assaraci
2613 3833 2813 3887 Titania
2854 3835 3013 3902 fratre
3038 3834 3210 3888 relicto
3233 3849 3251 3887 :
3274 3834 3376 3890 ubi-

1793 3894 1953 3969 aliqni
1988 3907 2165 3972 legunt
2195 3894 2454 3958 Tithonia.

1864 3977 1985 4030 582.
2034 3978 2149 4030 Lib.
2185 3991 2262 4031 ιιι,
2297 3988 2437 4029 vers.
2458 3973 2583 4035 5H,
2614 3972 2829 4041 Con/icti
2857 3990 3082 4028 sermone
3106 3972 3223 4040 Dei,
3254 3984 3363 4030 etc.

1864 4046 1988 4099 585.
2025 4046 2326 4108 Proben'ur,
2362 4054 2417 4096 ut
2446 4058 2601 4111 supra
2629 4058 2770 4097 vers.
2798 4042 2867 4097 26
2896 4043 3025 4097 dixi.

1794 4185 1807 4199 .
1863 4113 2162 4237 5%..Deus
2204 4129 2345 4185 spes,
2379 4127 2433 4167 ut
2466 4115 2665 4167 dictum
2698 4113 2749 4166 in
2775 4123 2896 4167 nota
2928 4114 2997 4168 ad
3038 4128 3180 4170 vers.
3216 4114 3241 4169 1
3269 4113 3369 4170 hu-

1794 4199 1874 4237 IIIS
1920 4204 1930 4237 l
1977 4203 2039 4237 l‘l.

1788 4199 1874 4255 ’us
1901 4199 2039 4239 ltDl‘I.

2039 4256 2156 4310 Lib.
2192 4269 2270 4315 Ill,
2314 4268 2454 4307 vers.
2498 4254 2622 4311 525.
2659 4253 2758 4316 Qui
2791 4254 2975 4308 sarcula
3020 4263 3205 4320 mutat,
3258 4254 3369 4309 Nec

1790 4336 1989 4395 mutant
2020 4325 2157 4377 hunc
2183 4325 2337 4378 saecla
2367 4334 2551 4387 tamen,
2595 4326 2738 4395 quia,
2787 4327 2923 4395 quod
2970 4326 3087 4394 fuit,
3141 4324 3236 4379 Itoc
3274 4335 3369 4389 est,
3412 4366 3413 4369 η

1795 4394 1910 4446 Hoc
1954 4397 2047 4448 erit
2078 4404 2317 4449 wteruus.
2365 4395 2512 4463 Eleg.
2548 4393 2689 4449 vers.
2726 4395 2780 4461 8,
2827 4393 2977 4449 Idem?
3011 4410 3206 4464 semper
3243 4396 3366 4463 eris,

1720 4477 1769 4537 ι)
1797 4466 1881 4537 qui
1902 4482 1959 4537 es;
1976 4466 2145 4537 modo,
2163 4464 2238 4537 vel
2260 4466 2449 4531 fueras.

1869 4535 1991 4588 590.
2027 4534 2137 4588 Hoc
2179 4535 2348 4601 ipsum
2380 4543 2462 4587 est
2501 4534 2640 4601 quod
2675 4534 2812 4586 canit
2861 4532 3096 4587 Eccles‘a
3127 4532 3194 4587 de
3244 4533 3368 4587 Dei-

1800 4620 1923 4674 para
1953 4620 1966 4656 :
2012 4603 2171 4667 Quem
2198 4604 2316 4674 caeli
2330 4618 2513 4667 capere
2534 4620 2633 4655 non
2662 4612 2909 4670 poterant,
2929 4611 3017 4674 tuo
3035 4603 3228 4674 gremio
3249 4618 3371 4656 con-

1802 4671 1986 4736 tulisti,
2027 4685 2080 4726 ttt
2111 4672 2456 4725 animadverti
2507 4674 2571 4725 ad
2617 4688 2758 4727 vers.
2811 4674 2899 4731 92,
2930 4671 3257 4725 ubi’similis
3288 4682 3370 4727 est

1808 4749 2067 4814 sententia
2097 4762 2109 4796 :
2165 4744 2269 4814 Sed
2315 4758 2413 4793 non
2449 4742 2738 4814 capiendus
2766 4743 2824 4793 ab
2852 4742 3226 4814 isdentulnter
3253 4754 3369 4814 car-

1808 4820 1948 4866 mina
1992 4812 2199 4864 Damasi
2238 4826 2409 4877 poem.
2443 4810 2499 4863 ‘2.
2538 4821 2588 4862 et
2632 4823 2750 4877 post
2781 4810 3012 4863 carmina
3046 4810 3323 4865 Claudiani
3353 4828 3367 4864 :

1809 4883 2046 4935 Mortalia
2071 4883 2226 4933 corda
2247 4881 2499 4946 Artiﬁcem
2528 4889 2691 4932 texere
2712 4881 2838 4948 poli,
2868 4881 3141 4948 mundique
3162 4881 3375 4935 subimo
3466 4926 3467 4931 η

1806 4950 2051 5005 Pectore:
2082 4954 2166 5018 qui
2211 4961 2369 5002 totum
2408 4950 2505 5001 late
2542 4948 2890 5019 complectitur
2929 4951 3118 5013 orbem,
3172 4949 3239 5004 Et
3283 4952 3371 5019 qui
3462 5004 3467 5015 ,

1801 5038 1903 5074 non
1930 5022 2106 5086 spatiis
2129 5031 2295 5087 terrm,
2325 5036 2422 5071 non
2442 5018 2661 5085 arquoris
2674 5022 2844 5083 undis,
2870 5018 2977 5073 Nec
3004 5025 3201 5087 capitur
3224 5018 3369 5084 caelo,
3400 5070 3409 5078 .

1798 5108 1981 5160 parvos
2014 5092 2256 5156 conﬂuxit
2287 5093 2335 5141 in
2365 5098 2507 5141 artus
2550 5090 2677 5141 \‘ide
2701 5092 2862 5144 etiam
2895 5091 3144 5160 hymnum
3177 5093 3369 5145 νοτίην

1801 5164 1932 5222 nati,
1969 5161 2126 5225 Quem
2172 5170 2323 5216 terra.
2360 5168 2564 5222 pontus,
2606 5160 2816 5222 (rt/tera,
2860 5171 2963 5215 etc.
3014 5161 3163 5225 Quod
3193 5172 3369 5215 autem

1799 5232 1874 5283 ait
1930 5231 2266 5294 Dracontius,
2300 5229 2503 5301 Modico
2545 5239 2591 5282 te
2619 5230 2771 5283 corde
2793 5233 2996 5301 reponis
3033 5231 3254 5290 Pectoris
3274 5230 3371 5282 Itu-

1801 5303 1965 5363 mani,
2014 5300 2234 5361 figurate
2264 5300 2494 5366 loquitur
2541 5315 2659 5352 cum
2691 5300 2867 5353 multis
2898 5301 3161 5363 Patribns,
3199 5312 3257 5354 ut
3292 5301 3371 5354 in-

1812 5379 1957 5431 nuat,
2010 5370 2068 5422 Β.
2107 5369 2373 5432 Virginem
2408 5370 2550 5437 prius
2599 5381 2774 5423 mente
2813 5386 2969 5435 quam
3003 5385 3151 5425 utero
3178 5386 3372 5425 conce-

1814 5440 1980 5509 pisse.
2013 5438 2319 5509 Notandum
2355 5448 2437 5509 est
2483 5438 2675 5509 multas
2726 5438 3025 5505 hujusmodi
3080 5442 3372 5495 locutiones

1815 5508 2065 5578 liguratas
2108 5525 2137 5563 e
2186 5508 2354 5576 poetis
2378 5508 2695 5562 Christianis
2732 5512 3022 5575 prazsertitn
3064 5510 3373 5577 desumptas

1815 5580 1867 5634 in
1920 5580 2096 5632 officio
2142 5578 2503 5633 ecclesiastico
2537 5580 2789 5649 retineri,
2824 5587 2884 5633 ut
2921 5580 2971 5633 iu
3012 5580 3373 5649 liesponsurio

1814 5650 1997 5718 quinto
2020 5648 2447 5703 Ctrcumcisionis
2478 5665 2491 5702 :
2520 5648 2887 5718 Con/innatum
2917 5660 2988 5703 est
3016 5667 3101 5703 cor
3124 5648 3371 5717 Virginis,

1817 5717 1868 5773 in
1893 5735 1987 5789 quo
2014 5719 2185 5773 divina
2213 5718 2467 5790 mysteria,
2507 5717 2689 5790 angelo
2714 5720 2993 5789 nuntiante,
3017 5722 3241 5793 concepit
3276 5739 3291 5776 .'
3322 5732 3373 5777 et
