3902 6330
141 394 225 447 821

300 491 531 547 Pectoris
559 490 768 553 affectu,
796 493 997 540 secreta
1029 489 1226 541 mente,
1260 479 1382 542 fide,
1408 493 1523 546 spe.

299 586 424 639 Cum
469 582 538 633 sit
589 580 783 646 ubique
830 577 997 638 Deus,
1040 585 1249 638 semper
1289 578 1541 637 prmstare
1588 580 1693 635 pa-

1432 660 1621 729 [ratus,

302 762 522 818 Tardius
553 760 843 829 accipimus
881 756 1014 810 heu!
1047 763 1228 808 nostro
1256 750 1416 806 corde
1445 750 1657 804 morati.

304 858 538 912 Oderunt
567 855 651 923 pia
678 862 795 905 vota
826 864 1021 911 moras,
1050 849 1269 900 festinus
1300 844 1534 911 adoptat,

150 950 241 1004 610
319 947 384 1001 Ut
415 952 648 1014 prmstet,
681 942 724 995 si
755 956 870 1007 qute
900 953 997 991 nos
1024 944 1211 1005 purget
1237 948 1394 988 causa
1425 929 1688 984 morandi.

374 1034 610 1089 Arb‘trio
643 1032 816 1100 posuit
844 1030 1079 1085 clemens
1120 1026 1257 1079 Deus
1285 1023 1461 1075 omnia
1488 1026 1693 1083 nostro,

308 1124 461 1197 275
498 1123 688 1176 Libera
733 1135 882 1174 mens
918 1116 1191 1172 hominum
1224 1125 1304 1167 est
1337 1126 1577 1181 peccare,
1608 1116 1699 1162 aut

1188 1205 1254 1276 [ν’
1270 1220 1394 1255 vere
1423 1209 1625 1266 sancte,

311 1307 499 1361 Libera
530 1312 648 1357 vota
672 1300 838 1364 dedit,
866 1298 1076 1365 quando
1105 1309 1325 1364 sperare
1354 1293 1600 1352 velimus,

311 1398 537 1453 Credere
562 1396 605 1449 si
634 1394 855 1464 placeat,
880 1390 1028 1444 facile
1050 1398 1131 1443 est
1159 1402 1275 1440 nam
1306 1399 1458 1456 posse
1482 1383 1697 1437 mereri.

1278 369 1558 425 CARMEN
1604 367 1689 423 Dh‘.
1732 364 1887 420 DEO.
1928 362 2053 417 LIB.
2097 360 2153 415 11.

1718 479 1768 534 Α
1799 477 1899 531 615

3240 352 3364 404 νεξι

1972 468 2213 527 Credidit
2242 469 2505 522 Abraham
2527 508 2541 532 ,
2579 464 2905 534 Dom'noque
2933 473 3011 517 est
3041 464 3208 517 factus
3235 464 3364 514 anti-

3147 552 3291 623 [ρης.

1976 650 2261 706 Confectus
2292 649 2460 712 senio,
2492 648 2744 702 memoris
2775 646 3134 701 manentibus
3161 661 3295 706 :evo,

1978 744 2119 797 Inter
2147 755 2272 792 avos
2294 748 2579 806 atavosque
2608 737 2722 799 fuit,
2747 737 2838 791 sed
2872 737 3032 804 prolis
3056 752 3276 804 egenus,

1977 832 2137 903 276
2178 827 2361 901 (Haud
2407 827 2617 883 soboles
2667 827 2854 882 lsmacl
2895 826 3037 896 erat)
3071 827 3370 895 frustraque

3053 917 3298 989 [maritus

1978 1012 2147 1066 Officii
2178 1012 2431 1080 genitoris
2458 1010 2641 1070 iners:
2674 1010 2884 1080 algente
2911 1024 3107 1079 vapore

1976 1103 2241 1158 Gcrminis
2263 1103 2558 1157 exsunctus
2586 1102 3109 1172 ceciditgenilalibns
3139 1100 3295 1169 ignis,

1980 1197 2043 1251 Et
2075 1195 2329 1250 fecundus
2357 1210 2531 1262 amor,
2564 1211 2718 1263 quem
2739 1195 2848 1261 jam
2879 1194 3201 1249 subduxerat
3222 1200 3370 1247 artas.

1977 1287 2084 1341 Nec
2111 1286 2258 1340 solus
2288 1286 2497 1339 steriles
2528 1287 2788 1339 retinebat
2818 1286 3085 1339 marcidus
3116 1292 3283 1337 artus.

1979 1378 2199 1433 Femina
2229 1378 2463 1432 deterius
2490 1387 2808 1447 prmmortua
2840 1378 3075 1434 membra
3110 1376 3359 1431 trahebat

1800 1103 1903 1159 6Ξο

1359 1510 1745 1567 SCRIPTURA
1767 1507 1942 1564 'COD.
1988 1507 2122 1561 VAT

219 1637 333 1691 667.
361 1635 488 1689 Cum
515 1633 571 1700 ﬁt
597 1631 797 1697 ubique.

219 1706 332 1760 608.
362 1705 439 1757 Η.
470 1713 641 1755 nostra
671 1700 826 1751 corda
858 1713 927 1748 nt.

1876 1614 2001 1669 616.
2037 1614 2111 1668 Μ.
2145 1615 2480 1668 remeantibus
2508 1631 2625 1671 (evo.

1877 1686 2001 1741 618.
2038 1685 2100 1736 At
2122 1684 2316 1737 soboles
2342 1686 2570 1753 impubes
2596 1703 2640 1740 e.

359 1753 438 1828 ῦί
460 1753 655 1840 ριίοέὲιρι
689 1782 837 1837 quant
866 1781 954 1819 nos
986 1779 1082 1831 quo
1112 1771 1285 1832 purget
1315 1776 1468 1813 causa
1504 1757 1705 1825 mereri,
1741 1777 1788 1834 Β
2035 1753 2107 1840 δέ.
2144 1764 2305 1807 astus.

158 1844 239 1899 sed
265 1859 407 1909 quam
440 1841 707 1907 ambigue.

219 1914 332 1967 6|‘2.
368 1911 546 1964 Vivere
576 1915 781 1962 sancttr.

1888 1825 2009 1879 625.
2042 1822 2107 1877 D.
2143 1840 2234 1891 pro
2260 1832 2455 1877 mortua
2486 1824 2722 1880 membra.

1625 2004 1851 2062 ΝΟΤᾹΞ.

223 2120 455 2192 606.00
499 2132 738 2185 oratione
784 2126 960 2181 cordis
1000 2124 1118 2178 vide
1162 2123 1285 2177 libr.
1337 2137 1388 2184 ι,
1430 2135 1570 2175 vers.
1617 2120 1717 2175 567

162 2223 263 2261 seu.

222 2224 334 2330 bin.
368 2273 625 2326 Praestare
662 2282 755 2337 pro
793 2263 1048 2335 prodesse
1069 2303 1082 2327 ,
1116 2262 1201 2316 vel
1243 2261 1418 2331 potius
1457 2274 1551 2327 pro
1583 2274 1718 2329 pra:-

162 2356 285 2398 stare
314 2342 591 2412 bent-licia.
690 2407 701 2412 _
1010 2402 1042 2412 _
1268 2398 1343 2412 Δ.
1414 2378 1475 2412 _.

222 2413 333 2467 609.
363 2412 422 2467 S.
459 2407 769 2479 Ambrosius
799 2404 920 2479 libr_.
947 2419 981 2455 ιι
1004 2398 1381 2479 ϐοιιιτηριιῑλίιι
1414 2398 1567 2479 μω..
1596 2412 1717 2479 cap:

165 2486 221 2545 1,
253 2497 390 2535 num.
448 2479 548 2544 19,
584 2477 757 2530 Nescit
796 2474 945 2526 tarda
986 2472 1245 2545 molimfna
1285 2469 1510 2545 Spiritus
1541 2469 1717 2545 sancti

164 2538 331 2621 gratia.
365 2538 681 2621 Dracontius
708 2545 810 2621 lih._
832 2559 867 2606 ι,
896 2556 1037 2621 vers.
1070 2542 1157 2604 11,
1186 2538 1251 2592 Et
1273 2540 1357 2621 piri
1390 2547 1502 2621 rota
1533 2538 1644 2590 Dei.

226 2622 338 2675 610.
367 2619 569 2672 Versus
601 2630 706 2669 non
735 2614 904 2665 solum
938 2614 1196 2663 obscurus
1221 2649 1234 2671 ,
1265 2607 1359 2660 sed
1383 2610 1539 2659 etiam
1568 2621 1717 2660 tnen-

166 2691 326 2743 dosus.
366 2689 535 2749 Puto,
568 2682 986 2738 misericordiam
1038 2680 1127 2731 Dei
1172 2676 1564 2741 commendari,
1613 2692 1715 2745 qua

166 2762 307 2813 etiam
337 2772 457 2811 sero
484 2755 552 2808 ad
580 2771 637 2808 se
660 2750 1218 2827 conversosrecipit.“
1345 2814 1416 2827 Μ
1472 2813 1510 2827 ﬁ
1550 2824 1560 2827 _
1598 2815 1609 2827 ,

226 2830 338 2881 611.
374 2826 617 2881 Libertas
660 2821 977 2875 indifferenti
999 2836 1048 2880 ιι,
1080 2813 1248 2886 qualis
1278 2831 1305 2869 a
1345 2814 1440 2869 SS.
1472 2813 1715 2886 Palribus

166 2900 455 2964 explicatur.
485 2894 551 2946 Et
578 2902 633 2945 ut
660 2901 825 2964 totum
857 2891 995 2964 hunc
1022 2884 1195 2964 locum
1226 2886 1378 2964 simul
1411 2884 1508 2964 sub
1530 2886 1712 2937 oculos

166 2956 420 3030 ponamus,
462 2963 774 3016 Dracontius
819 2959 1040 3029 gratiam
1074 2956 1186 3020 Dei,
1228 2956 1591 3020 libertatisque
1613 2968 1711 3030 _ar-

167 3025 357 3088 bitrium
399 3025 469 3086 ita
505 3031 743 3097 exponit.
780 3025 915 3081 [)eus
945 3041 1157 3095 semper
1201 3032 1455 3097 praestare
1494 3025 1714 3097 gratiam

1822 2120 2048 2174 excitata
2081 2128 2134 2175 et
2160 2128 2450 2187 prteventa,
2483 2135 2638 2191 quam
2680 2128 2851 2187 potest
2886 2121 3132 2187 aliiicere,
3165 2122 3207 2177 si
3237 2124 3383 2190 velit,

1821 2199 1914 2261 aut
1940 2193 1986 2243 ei
2025 2192 2291 2255 assentiri,
2332 2196 2373 2244 si
2420 2194 2641 2259 placeat.
2678 2193 2739 2247 Et
2774 2194 2858 2246 hie
2886 2194 3095 2261 quidem
3128 2201 3210 2247 ist
3239 2208 3387 2247 aetns

1825 2260 2052 2330 primus,
2076 2262 2189 2314 sive
2213 2262 2442 2325 potentia
2470 2264 2753 2317 voluntatis
2788 2260 3023 2329 proxime
3049 2263 3288 2330 expedita
3322 2264 3389 2318 ad

1820 2329 2177 2402 credendum.
2206 2331 2259 2383 In
2292 2331 2406 2397 ipso
2436 2336 2565 2385 vero
2595 2340 2713 2402 actu
2753 2332 2985 2402 secundo
3025 2329 3175 2386 bona:
3206 2348 3390 2402 super-

1822 2399 2076 2470 naturalis
2121 2402 2447 2466 operationis
2496 2401 2738 2453 volun‘tas
2786 2400 3063 2470 adjuvatur
3090 2420 3117 2454 a
3148 2404 3257 2456 Deo
3275 2399 3391 2457 'non

1821 2468 1995 2537 solum
2034 2470 2350 2522 simultaneo
2379 2470 2615 2537 generali
2642 2468 2925 2536 concurSu,
2960 2472 3052 2525 sed
3080 2481 3132 2525 et
3162 2474 3392 2526 maxime

1822 2536 2023 2590 inﬂuxu
2055 2538 2279 2610 physico
2296 2536 2476 2605 gratim
2496 2540 2937 2607 Supernaturalis,
2962 2543 3072 2594 sive
3094 2542 3205 2594 haec
3226 2543 3391 2610 gratia

1821 2620 2116 2678 eooperans
2159 2623 2215 2660 re
2252 2608 2607 2676 diStingnatur
2644 2624 2671 2661 a
2704 2610 2870 2677 gratia
2915 2608 3305 2678 praeveniente,
3338 2620 3392 2663 ut

1821 2675 1975 2747 [nulli
2006 2677 2215 2742 docent,
2248 2679 2359 2731 sive
2386 2675 2491 2730 nun
2530 2675 3001 2747 dis’tingttalui','ut
3038 2681 3126 2733 alii
3168 2682 3392 2733 malunt.

1824 2744 1965 2797 Bona
2003 2749 2142 2799 enim
2180 2748 2418 2812 operatio
2460 2744 2535 2799 ita
2572 2748 2767 2800 homini
2814 2749 2977 2801 libera
3018 2760 3117 2813 εει,
3154 2760 3209 2801 ιιι
3234 2752 3393 2803 simul

1817 2812 2015 2893 donum
2062 2816 2152 2869 Dei
2207 2815 2278 2869 sit
2320 2817 2522 2870 ra'ione
2560 2818 2742 2885 gratia:
2790 2820 3071 2872 excitantis
3104 2812 3181 2873 et
3233 2819 3389 2887 adju-

1815 2896 2011 2936 vanus.

1885 2954 2009 3005 6H.
2040 2953 2307 3021 Duplicem
2330 2968 2545 3008 sensum
2581 2954 2774 3008 habere
2803 2966 3023 3023 possunt
3054 2955 3169 3012 haec
3192 2958 3350 3012 verba
3377 2976 3393 3013 :

1823 3022 1971 3091 facile
2015 3033 2087 3094 est
2135 3040 2251 3094 nam
2296 3040 2441 3093 posse
2474 3024 2687 3086 mereri;
2718 3022 2813 3078 vel
2842 3024 3010 3080 facilis
3049 3037 3129 3080 est
3158 3031 3390 3094 potentia

168 3116 363 3170 paratus
394 3113 499 3157 est.
536 3090 751 3167 A'pocal.
792 3112 907 3170 cap.
943 3090 1214 3170 tu,_vers.'
1238 3095 1338 3156 '20,
1378 3092 1505 3145 Ecce
1541 3103 1617 3145 sto
1653 3092 1720 3146 ad
1747 3090 1789 3153 C
1825 3092 2085 3170 mere_ndi.
2104 3093 2187 3170 vel
2223 3090 2372 3148 facile
2394 3102 2475 3148 est
2498 3090 3249 3170 mereripotentiam,scilicet
3275 3113 3391 3170 crc-

169 3166 331 3226 bstium
364 3184 410 3226 et
432 3166 624 3240 pulso:
648 3170 691 3221 si
716 3168 827 3240 quis
860 3166 1277 3240 audieribvooem
1306 3178 1495 3240 meam,
1518 3169 1567 3214 et
1601 3178 1723 3229 ape-

168 3246 308 3295 ruerit
344 3231 466 3294 m'lii
502 3231 759 3311 januam,
810 3237 1006 3288 intrabo
1033 3234 1100 3311 id
1126 3234 1308 3311 .illum.
1349 3231 1719 3311 Quodnautcm

168 3312 390 3365 homines
417 3301 649 3377 gratiam
684 3308 815 3359 hanc
844 3320 947 3357 non
973 3304 1254 3377 recipiant,
1288 3311 1377 3354 aut
1404 3301 1605 3377 tardius
1635 3318 1723 3354 ac-

167 3383 364 3446 cipiant,
393 3371 584 3433 eorum
618 3378 774 3446 culpa
796 3382 897 3441 est,
930 3374 1019 3441 qui
1047 3372 1261 3446 proprio
1285 3371 1472 3446 corde,
1505 3386 1600 3423 seu
1632 3386 1722 3446 vo~

167 3440 659 3503 ltmtatermorantur.
675 3440 1254 3511 S.Thornasqutcst.14
1268 3443 1330 3494 de
1344 3441 1509 3494 γεω.
1525 3450 1622 3493 art.
1638 3441 1658 3491 1
1675 3440 1720 3505 1,

168 3521 221 3571 ad
236 3524 481 3585 primum:
504 3518 550 3569 Η
560 3533 619 3569 oc
633 3518 765 3568 enim
785 3514 851 3565 ad
875 3515 1095 3585 divinam
1108 3511 1722 3585 provFdentiantpertinet,

168 3599 212 3639 ut
234 3581 422 3641 cuilibet
442 3589 706 3653 provideat
724 3586 785 3635 de
803 3583 1095 3653 necessariis
1113 3582 1177 3631 ad
1194 3582 1427 3642 salutrm,
1453 3581 1724 3653 dummodo

167 3674 220 3709 sx
243 3662 346 3721 eius
362 3650 508 3725 parte
538 3672 635 3708 non
654 3653 980 3725 impediatur.
1002 3652 1078 3703 Ex
1104 3666 1205 3717 qua
1222 3658 1363 3725 patet
1380 3650 1622 3725 quodqui
1642 3664 1726 3702 a3-

168 3719 372 3793 cipiunt,
392 3727 598 3779 donum
625 3725 711 3776 Dei
729 3719 1029 3789 accipiunt:
1058 3722 1297 3787 quamvis
1327 3720 1466 3773 enim
1499 3719 1721 3793 liberum

169 3788 230 3848 sit
268 3796 462 3849 homini
515 3794 683 3863 gratia
717 3788 999 3863 praevento
1015 3794 1194 3863 vivere
1224 3799 1438 3863 sancte,
1470 3800 1649 3863 tamen
1681 3788 1723 3841 si

169 3877 332 3919 sancte
377 3859 548 3927 vivit',
590 3859 785 3915 donum
834 3860 933 3912 hoc
975 3860 1062 3911 Dei
1106 3870 1220 3925 est,
1267 3859 1357 3924 qui
1399 3859 1723 3911 voluntatem

170 3928 493 4002 prmparavit,
521 3942 582 3985 ut
609 3932 744 3985 bene
772 3933 993 4002 viveret.
1020 3929 1157 4002 Deus
1183 3928 1346 4002 enim,
1380 3934 1633 4002 rum_stat
1659 3928 1723 3979 ad

169 3996 343 4056 ostium
381 4015 434 4058 et
476 3996 675 4071 pulsat,
712 4001 932 4066 primam
963 3998 1182 4065 gratiam
1212 3996 1437 4071 confert,
1478 3996 1594 4050 sine
1623 4012 1723 4071 qua

169 4073 391 4127 voluntas
432 4066 626 4127 sancte
668 4071 847 4123 vivere
888 4082 990 4121 non
1029 4075 1220 4134 potest.
1270 4066 1407 4118 Deus
1450 4076 1623 4119 autem
1654 4067 1725 4119 ita

170 4144 317 4206 gratia
355 4158 447 4197 sua
484 4140 825 4209 praeveniens
868 4137 1160 4209 hominem,
1191 4134 1314 4209 odio
1358 4135 1519 4188 habet
1568 4134 1725 4202 hujus

173 4205 330 4265 moras
370 4220 427 4266 et
477 4205 867 4264 resistentiam:
914 4206 1005 4259 sed
1038 4221 1156 4258 cum
1189 4205 1320 4257 nolit
1347 4214 1570 4257 mortem
1605 4220 1724 4272 pec-

171 4282 367 4340 catoris.
391 4286 673 4347 exspectat
701 4287 753 4333 nt
786 4285 1124 4347 convertatur
1151 4274 1345 4347 auxilio
1380 4275 1560 4347 gratia;
1599 4290 1727 4347 prte-

173 4350 412 4403 venientis
436 4344 676 4415 adjutus.
698 4348 919 4414 Semper
945 4345 1349 4415 justiﬁeationis
1369 4344 1641 4415 exordium
1672 4345 1723 4396 in

172 4417 347 4499 adiiliis
375 4438 400 4471 ιι
428 4413 527 4499 Dei
548 4413 907 4499 praeveniente
927 4416 1217 4499 gratia_pe_r
1231 4414 1497 4499 Christum
1521 4413 1721 4499 Jesuni,
1755 4441 1807 4499 Β

174 4489 248 4552 qui
274 4488 422 4541 datus
452 4483 717 4541 est'nobis
747 4499 867 4550 Spes
899 4500 1001 4538 una
1036 4484 1242 4546 salutis,
1274 4483 1587 4536 sumendum
1621 4494 1722 4549 est,

174 4555 253 4607 srd
283 4558 347 4609 ita
380 4569 436 4611 ut
465 4557 713 4610 homines
758 4555 922 4607 libere
967 4562 1319 4622 cooperentnr
1360 4552 1572 4622 gratim,
1607 4567 1725 4606 cum

175 4638 376 4689 peccare
406 4628 618 4695 possint
648 4640 762 4695 eam
794 4620 1100 4691 rejiciendo.
1122 4622 1366 4695 Synodus
1396 4620 1728 4695 Tridentina,

175 4698 360 4759 sessJi,
384 4692 500 4764 cap.
538 4697 607 4748 5:
646 4693 710 4747 Ut
741 4695 825 4761 qui
856 4709 943 4761 per
971 4702 1173 4760 peccata
1203 4709 1233 4743 a
1265 4692 1729 4764 Deoiaversierant

177 4777 254 4825 per
278 4767 379 4831 ejus
408 4760 712 4819 eicitantem
740 4760 888 4829 atque
915 4765 1238 4833 adjuvantem
1264 4762 1484 4833 gratiam
1512 4760 1579 4811 ad
1609 4777 1728 4833 cott-

178 4782 254 4825 per
278 4782 379 4831 ejus
408 4782 712 4819 exeuamem
740 4782 888 4829 atque
915 4782 1238 4833 adjuvantem
1267 4782 1484 4814 (rattam
1512 4782 1577 4811 aa
1609 4782 1728 4814 cou-

178 4836 448 4886 rertendttm
483 4850 537 4887 se
573 4834 643 4885 ad
673 4848 816 4886 suam
861 4833 1086 4898 ipsorum
1109 4782 1523 4899 justi/{bationem
1568 4832 1730 4883 eidem

175 4905 333 4969 gratitr
359 4904 525 4957 libere.
555 4902 871 4955 assentiendo
893 4945 906 4967 ,
950 4912 995 4953 et
1020 4900 1336 4969 rooperando
1370 4900 1723 4963 disponantur,

176 4968 237 5043 ita
259 4980 328 5043 ut,
354 4982 595 5043 tangente
622 4972 724 5024 Deo
755 4988 841 5043 cor
862 4972 1077 5043 hominis
1104 4987 1188 5043 per
1212 4970 1444 5043 “Spiritus
1470 4970 1631 5021 sancti
1658 4971 1729 5043 il-

178 5036 564 5111 luminatiofem,
598 5056 757 5111 neque
791 5042 941 5092 homo
979 5042 1083 5109 ipse
1113 5040 1241 5092 nihil
1266 5036 1480 5090 omnino
1510 5050 1624 5107 agat
1652 5040 1729 5092 in-

177 5110 482 5169 spirationem
512 5110 952 5178 illamrecipiens,
978 5126 1160 5172 QUIPPE
1191 5124 1275 5170 om
1310 5124 1464 5161 ILLMI
1500 5124 1565 5160 ετ
1596 5125 1730 5161 Mrit-

177 5190 294 5231 crnc
324 5196 555 5242 porrsr,
599 5197 759 5249 neque
797 5190 959 5231 tamen
998 5181 1103 5232 sine
1138 5180 1303 5247 gratia
1338 5179 1430 5229 Dei
1458 5194 1650 5230 movere
1676 5194 1730 5231 se

178 5248 234 5315 ad
247 5251 492 5315 justitiam
516 5248 686 5301 coram
709 5251 801 5302 illo
823 5248 980 5301 libira
1003 5265 1092 5300 sua
1117 5250 1370 5301 voluntate
1392 5249 1547 5315 possit
1564 5263 1581 5299 :
1598 5249 1728 5300 unde

178 5313 221 5363 iu
245 5313 390 5371 sacris
430 5318 633 5373 Litteris
660 5336 772 5371 cum
808 5320 1033 5371 dicitur:
1066 5313 1420 5371 (Ionvertimini
1449 5317 1516 5369 ad
1546 5334 1651 5381 me,
1684 5326 1729 5370 et

178 5399 257 5460 ego
291 5400 546 5441 convertor
586 5392 651 5440 ad
698 5405 813 5460 eos,
857 5389 1329 5460 libertatisﬂnostrw
1377 5388 1724 5460 admonemur.

179 5452 287 5504 Cum
298 5460 652 5519 respondemus
670 5474 687 5509 :
705 5458 1062 5519 Convertenos,
1083 5453 1312 5517 Domine,
1328 5456 1393 5508 ad
1408 5467 1453 5507 te
1470 5466 1511 5507 et
1527 5472 1728 5509 conver-

180 5528 338 5587 tentur,
372 5525 466 5579 DEI
498 5542 596 5579 nos
623 5544 811 5581 canta
845 5543 1134 5581 PBEVENIM
1174 5527 1491 5592 conﬁtemur.
1539 5525 1725 5579 Libera

180 5603 289 5664 ergo
323 5607 439 5648 vota
481 5611 605 5664 quae
653 5599 808 5650 habet
846 5598 1026 5658 homo,
1067 5597 1326 5663 sperandi,
1360 5594 1557 5661 quando
1587 5595 1726 5657 velit,

183 5662 417 5735 credendi,
440 5670 482 5717 si
502 5662 728 5731 placeat,
748 5677 803 5719 ut
826 5666 896 5719 ait
918 5666 1251 5729 Dracontius,
1285 5664 1412 5718 nihil
1440 5673 1562 5715 sunt
1584 5664 1725 5735 aliud

183 5730 268 5779 nisi
308 5732 413 5800 ipsa
458 5730 702 5789 veluntas
750 5735 977 5791 hominis
1020 5737 1186 5805 gratia
1219 5735 1311 5789 Dei
1342 5734 1725 5804 supernaturali

1824 3162 2003 3215 dendi.
2048 3164 2253 3217 Primus
2298 3180 2490 3219 sensus
2539 3164 2659 3218 huic
2696 3164 2811 3218 loco
2857 3162 3118 3234 congruit.
3153 3168 3393 3223 Sumitur

1824 3246 1951 3303 vero
1991 3234 2175 3303 mereri
2219 3248 2314 3299 pro
2345 3236 2606 3301 accipere,
2639 3235 2899 3299 obtinere,
2932 3245 2987 3288 ut
3033 3251 3174 3303 saepe
3200 3238 3333 3291 alias
3361 3253 3389 3289 a

1825 3301 2129 3355 Dracontio.
2163 3302 2292 3356 Vide
2332 3303 2452 3357 libr.
2502 3318 2553 3363 ι,
2595 3319 2734 3357 vers.
2782 3304 2900 3358 156.
2949 3306 3079 3358 Cum
3110 3301 3251 3361 vers.
3287 3308 3391 3361 608

1823 3370 1891 3445 de
1919 3372 2386 3445 bo‘na__volnntate,
2417 3371 2635 3445 digerit,
2672 3372 2887 3445 Tardius
2921 3376 3220 3445 accipimus,
3250 3392 3392 3430 nunc

1824 3440 1921 3513 ait.
1971 3440 2123 3513 facile
2152 3456 2272 3494 esse
2307 3442 2507 3513 mereri
2532 3456 2626 3496 seu
2658 3444 2902 3509 accipere
2934 3440 3070 3497 dona
3101 3446 3213 3509 Dei,
3267 3449 3391 3513 quia

1826 3510 2112 3580 vo'untatis
2144 3520 2341 3563 nostra:
2380 3512 2558 3580 gratia
2592 3522 2902 3580 praeparata:
2943 3522 3024 3568 est
3067 3510 3388 3578 consentire.

1825 3578 2062 3646 adeoque
2106 3583 2183 3632 sic
2218 3578 2605 3633 consentiendo
2646 3578 2970 3647 plenitentia:
3010 3583 3207 3637 donum
3249 3587 3394 3639 acci-

1826 3661 1971 3714 pere.
1996 3649 2155 3713 Quasi
2180 3650 2338 3709 dicat,
2367 3651 2676 3716 poenitentia
2701 3666 2803 3705 non
2826 3667 2911 3705 res
2940 3653 3110 3720 aliqua
3138 3654 3391 3717 difﬁcilis,

1824 3725 1876 3767 et
1909 3726 2057 3770 extra
2095 3734 2192 3772 nos
2232 3721 2400 3783 posita
2439 3728 2551 3772 est:
2593 3735 2709 3773 eam
2749 3721 2886 3774 enim
2919 3721 3010 3773 dat
3056 3723 3208 3777 nobis
3256 3724 3392 3777 Dens

1825 3786 1930 3838 sine
1956 3803 2070 3841 voce
2099 3797 2303 3859 rogatus
2342 3791 2555 3857 pectoris
2583 3789 2789 3856 a/fectu,
2818 3800 3002 3843 secreti
3037 3804 3227 3858 mente,
3257 3793 3386 3860 ﬁde,

1827 3872 1934 3923 spe.

1898 3928 2019 3981 615.
2064 3928 2160 3992 Ep.
2202 3926 2265 3979 ad
2307 3926 2529 3981 Roman.
2574 3943 2690 3996 cap.
2742 3943 2820 3989 tv,
2862 3943 3004 3982 vers.
3054 3929 3115 3993 5,
3168 3929 3394 3983 Credidit

1830 3996 2085 4069 uibrabant
2118 3996 2242 4058 Deo,
2266 4007 2316 4050 et
2357 4007 2637 4069 reputation
2685 4008 2753 4069 est
2800 3998 2878 4069 illi
2915 4002 2982 4049 ad
3012 4000 3293 4069 justitiam,
3326 4018 3393 4054 ex

2063 4080 2180 4135 cap.
2220 4082 2313 4133 xv,
2349 4082 2398 4119 v.
2432 4068 2483 4122 6.
2525 4066 2654 4121 Vide
2698 4066 3036 4171 Prudentium
3092 4070 3143 4123 in
3186 4071 3391 4138 praefat.

1852 4137 2020 4189 ’svclt.
2698 4166 2705 4171 η

1899 4204 2026 4259 616.
2060 4204 2201 4268 Lego
2231 4205 2463 4259 membris
2498 4205 2860 4273 marcentibus,
2890 4214 2950 4261 ut
2991 4223 3043 4262 v.
3077 4206 3211 4272 622,
3256 4207 3397 4263 Reti-

1831 4273 1979 4326 nebat
2012 4276 2272 4327 marcidus
2298 4286 2459 4327 artus.

1902 4343 2025 4397 617.
2051 4344 2316 4417 Abraham
2355 4346 2405 4397 in
2442 4360 2504 4398 ea
2542 4353 2695 4399 actate
2725 4355 2839 4399 erat
2876 4355 2932 4399 ut
2961 4362 3089 4401 avus
3110 4357 3399 4417 atavusque

1832 4428 1952 4467 esse
1989 4416 2286 4483 potuisset:
2320 4424 2433 4467 erat
2469 4430 2594 4483 ergo
2625 4418 2773 4483 quasi
2815 4432 2948 4469 unus
2974 4432 3035 4469 ex
3067 4419 3177 4469 avis
3202 4420 3397 4472 atavis-

1832 4498 1953 4550 que.
1989 4482 2075 4538 Sic
2108 4485 2302 4537 dicitur
2325 4501 2427 4537 esse
2457 4485 2586 4537 inter
2613 4482 2856 4548 mortuos,
2888 4502 2993 4538 esse
3016 4486 3067 4538 in
3094 4487 3393 4552 senioribus,

1831 4564 1884 4605 et.
1914 4553 2101 4607 Grmco
2145 4569 2291 4606 more
2324 4571 2427 4607 esse
2454 4555 2503 4606 in
2528 4556 2713 4608 sanctis
2745 4569 2839 4622 pro
2866 4570 2985 4608 esse
3014 4567 3278 4619 sanctum,
3310 4572 3395 4609 se—

1833 4624 2059 4685 niorem,
2103 4632 2389 4675 mortuum.

1903 4693 2025 4745 tilS.
2052 4692 2238 4746 Posset
2280 4692 2436 4744 aliter
2478 4692 2683 4745 restitui
2718 4690 2835 4744 Non
2874 4691 3034 4745 Itrcres
3063 4690 3226 4746 Israel
3262 4704 3393 4747 erat.

1831 4760 1932 4813 Sed
1966 4762 2170 4814 retineo
2204 4760 2397 4813 soboles
2427 4776 2490 4814 ex
2521 4776 2606 4826 ep.
2636 4761 2700 4813 ad
2736 4762 2959 4815 Roman.
2990 4776 3108 4828 cap.
3145 4779 3217 4826 Ix,
3248 4778 3391 4817 vers.

1834 4829 1864 4897 7
1890 4846 1899 4857 ·
1935 4829 2110 4897 Neque
2153 4830 2237 4897 qui
2265 4846 2430 4881 semen
2454 4841 2569 4881 sunt
2597 4830 2842 4896 Abrahae,
2876 4847 3044 4884 omnes
3072 4832 3199 4897 lilii;
3225 4834 3312 4885 sed
3343 4835 3395 4885 in

1834 4896 1987 4949 Isaac
2016 4896 2271 4950 t'ocab’ilur
2300 4900 2387 4951 tibi
2416 4915 2601 4953 semen.
2634 4899 2837 4967 Conjici
2879 4896 3277 4967 possetlsmael
3299 4903 3396 4953 im-

1830 4968 1983 5041 pubes
2014 4979 2141 5041 e_ra_t,
2185 4969 2638 5041 correpta_u|ti_tna
2661 4972 2735 5041 _in
2768 4971 3013 5038 impubes,
3044 4980 3099 5024 ut
3132 4972 3184 5024 in
3214 4972 3391 5041 fames,

1830 5048 1883 5091 et
1931 5038 2188 5091 similibus
2234 5038 2370 5103 apud
2419 5038 2804 5093 Prudentium:
2852 5040 2943 5095 sed
2987 5055 3176 5095 sensus
3215 5038 3397 5095 minus

1831 5107 2143 5160 commodus
2175 5107 2428 5160 redditur.

1905 5178 2028 5230 619.
2075 5176 2219 5229 Iners
2246 5191 2364 5229 cum
2397 5176 2625 5244 genitivo
2652 5178 2861 5233 vains
2903 5179 3020 5232 libr.
3052 5196 3067 5233 ι
3099 5180 3225 5233 llell.
3262 5180 3391 5232 l‘un.

1829 5246 1969 5311 apud
2002 5246 2322 5317 Macroliium
2349 5247 2382 5299 l.
2410 5262 2457 5299 vt
2483 5246 2721 5311 Saturn.,
2754 5264 2870 5315 cap.
2904 5250 2957 5304 5.
2988 5248 3155 5317 Vapor
3188 5266 3283 5315 pro
3310 5264 3397 5302 ca-

1832 5316 1962 5379 lore,
1990 5325 2043 5367 ut
2078 5316 2270 5380 passim
2302 5318 2435 5383 apud
2468 5317 2620 5381 alios,
2647 5329 2698 5371 et
2730 5320 2864 5372 infra
2894 5336 2941 5371 ν.
2970 5316 3093 5386 651,
3125 5318 3397 5375 Fecundus

1832 5400 1919 5453 per
1951 5386 2173 5453 membra
2203 5401 2358 5452 vapor
2385 5388 2619 5440 discurrit
2650 5389 2862 5453 utrique.

1906 5452 2027 5508 69.5.
2062 5455 2203 5521 Lego
2231 5467 2560 5521 praemortua,
2592 5472 2697 5524 quo
2726 5452 2887 5512 verbo
2913 5469 3128 5513 utuntur
3156 5460 3394 5520 Ovidius.

1834 5523 2046 5598 Liviz's,
2077 5526 2381 5592 Suetonius,
2415 5525 2524 5579 alii.
2548 5523 2645 5598 Yel
2684 5527 2798 5598 lege
2837 5541 3067 5581 emortua
3105 5544 3172 5583 ex
3214 5544 3302 5598 ep.
3330 5530 3398 5581 ad

1832 5594 2057 5647 Rollian.
2099 5608 2215 5659 cap.
2256 5609 2337 5658 tv,
2382 5610 2520 5649 vers.
2561 5596 2659 5660 19,
2696 5596 2804 5649 Nec
2841 5598 3173 5651 consideravit
3214 5594 3400 5663 corpus

1831 5679 1980 5738 suum
2017 5674 2397 5738 emortuum....
2423 5674 2474 5738 et
2506 5677 2779 5738 emortuam
2824 5669 3019 5720 vulvam
3063 5669 3208 5723 Sara:
3242 5684 3258 5721 :
3294 5682 3400 5738 quo

1779 5810 1791 5818 .
1834 5732 2089 5789 vocabulo
2120 5733 2336 5789 Plautus
2366 5735 2543 5804 etiam,
2576 5736 2877 5794 Pliniusoue
2904 5746 3137 5794 utuntur.
