3964 6296
168 379 264 437 ὶέθ

1364 378 1714 435 EPISTOL/E
1756 376 1843 433 ET
1884 376 2219 433 DECRETA.

3328 385 3426 437 150

168 511 301 566 )ogts
318 510 547 566 precem,
568 512 733 567 quam
754 497 875 553 ﬁeri
899 496 1117 567 proipsa
1135 501 1336 550 eertum
1359 495 1739 550 estaﬁ‘ectione
1773 496 1821 555 Α
1848 492 2060 563 dignus,
2085 508 2193 562 quo
2216 508 2273 547 se
2299 492 2413 561 ipse
2441 492 2699 561 judicavit
2733 493 3027 566 indignum,
3056 497 3427 567 patienterque

169 590 413 658 conjugii,
432 590 631 660 aliquid
644 592 812 645 etiam
834 590 1057 645 inﬁdelis
1079 590 1271 655 coniux
1286 588 1743 653 sanctiﬁcationis,

168 681 581 735 misericordiam
609 682 847 736 divinant
879 697 1037 752 quam
1073 680 1249 735 ﬁdelis
1284 680 1525 749 conjugis
1555 679 1747 747 implo-

166 783 247 825 rut
277 773 612 842 supplicatio,
645 784 1029 842 consequatur,
1054 775 1316 844 longeque
1344 774 1560 829 differat
1584 773 1747 843 (sicut

165 864 367 918 dictum
394 866 495 935 est)
531 865 599 919 ab
632 865 722 920 illo
742 866 1013 921 connubio
1043 868 1092 923 in
1121 881 1225 937 quo
1255 867 1461 935 utrique
1490 865 1746 933 conjuges

160 971 192 1007 τι
225 972 365 1010 rem:
398 957 695 1011 Divinitatis
723 968 851 1013 sunt
889 959 1115 1025 puritate
1142 956 1333 1021 exteri,
1360 964 1414 1010 et
1444 954 1743 1010 voluntarie

164 1048 422 1112 submoﬁ,
445 1049 535 1103 sed
566 1049 872 1104 immundos
902 1051 1113 1118 utrique
1142 1050 1361 1118 Spiritus
1410 1040 1740 1111 invocantes,

166 1142 285 1208 pari
320 1141 649 1196 immunditia
690 1151 818 1197 sunt
846 1142 1048 1198 referti.
1077 1143 1207 1197 Nam
1241 1144 1313 1209 si,
1343 1143 1745 1211 comparatione

163 1230 364 1286 levium
393 1234 474 1287 vel
506 1233 744 1303 gravium
782 1244 1139 1303 peccatorum,
1173 1234 1497 1303 justiﬁcatus
1522 1233 1742 1299 dicitur,

160 1320 237 1376 ab
256 1336 321 1377 eo
344 1324 431 1391 qui
460 1324 757 1393 majoribus
777 1334 860 1381 est
886 1326 1030 1381 vitiis
1050 1325 1320 1381 involutus
1351 1326 1440 1381 ille
1464 1340 1620 1396 quem
1646 1324 1746 1379 mi-

162 1430 267 1470 nor
295 1426 477 1472 reatus
507 1418 736 1472 involvit
777 1418 940 1491 (sicut
968 1420 1165 1475 dicitur
1197 1420 1262 1474 ad
1308 1419 1603 1475 Jerusalem
1628 1434 1744 1486 qua:

159 1516 292 1563 tunc
321 1510 607 1565 criminum
636 1520 691 1566 et
728 1512 1233 1581 praevaricationum
1272 1513 1601 1567 immanitate
1641 1512 1747 1566 fer-

154 1600 319 1655 vehat
334 1618 350 1653 :
363 1599 667 1671 Justiﬁcasti
684 1620 909 1657 sororem
924 1613 1063 1658 tuam
1086 1604 1363 1659 Sodomam
1385 1605 1594 1675 (Ezech.
1611 1605 1743 1679 xvr),

156 1705 367 1762 quanto
418 1695 588 1765 magis
630 1696 946 1765 justiﬁcatio
991 1700 1074 1753 vel
1105 1699 1476 1765 sanctiﬁcatio,
1508 1702 1608 1756 etsi
1638 1716 1743 1755 non

150 1787 319 1858 plena
366 1797 533 1857 atque
580 1789 835 1857 perfecta,
877 1791 1167 1847 secundum
1226 1802 1401 1849 tamen
1460 1794 1741 1864 quemdam

148 1880 377 1934 modum
398 1891 771 1949 competenter
795 1886 1077 1954 accipitur,
1104 1886 1193 1940 ubi
1218 1902 1322 1941 non
1345 1888 1516 1941 solum
1541 1903 1569 1940 a
1599 1887 1741 1942 ﬁdeli

148 1974 389 2043 conjuge
428 1975 607 2029 minus
653 1986 927 2044 peccatur,
957 1979 1048 2033 sed
1095 1980 1162 2033 ab
1204 1996 1268 2035 eo
1304 1982 1463 2035 etiam
1516 1982 1742 2051 conjuge

148 2075 445 2132 peccatore
474 2068 771 2122 remedium
807 2085 1030 2126 summa:
1071 2071 1370 2127 Divinitatis
1408 2076 1740 2143 exposcitur,

150 2172 320 2226 quam
354 2159 445 2213 ubi
493 2175 525 2213 a
560 2162 878 2231 conjugibus
907 2165 1143 2235 utrisque
1172 2179 1441 2235 peccatur.
1486 2166 1620 2223 Nam
1655 2182 1742 2224 se-

156 2250 395 2305 cundum
417 2254 707 2321 quemdam
743 2254 959 2310 modum
984 2257 1119 2311 hanc
1143 2258 1621 2315 sanctiﬁcationem
1645 2275 1742 2329 per

154 2342 373 2398 ﬁdelem
416 2345 701 2416 conjugem
740 2348 898 2402 etiam
950 2348 1151 2405 inﬁdeli
1195 2352 1405 2421 conjugi
1463 2353 1743 2421 pervenire

154 2434 275 2489 hare
300 2437 410 2505 ipsa
439 2439 604 2493 verba
628 2449 892 2495 testantur
915 2442 1185 2510 Apostoli;
1210 2443 1469 2513 siquidem
1499 2459 1603 2499 non
1632 2444 1743 2513 jam

154 2528 431 2585 inﬁdelem
461 2532 745 2602 conjugem
774 2534 1058 2603 legitimam
1088 2536 1560 2591 sanctiﬁcationem
1596 2552 1743 2592 sum-

151 2621 335 2689 psisse
355 2626 910 2695 confirmat,quia‘per
928 2626 1138 2682 ﬁdelem
1166 2629 1444 2699 coniugem
1472 2629 1740 2699 quippiam

148 2714 602 2770 sanctiﬁcationis
630 2720 890 2787 acquirat.
932 2719 1169 2790 Denique
1193 2737 1295 2791 qua
1333 2722 1402 2776 sit
1440 2722 1745 2778 conditione

148 2806 462 2861 censendus
497 2818 716 2863 secutus
745 2810 987 2880 adjunxit
1013 2829 1027 2865 :
1075 2811 1214 2867 Nam
1246 2816 1289 2867 si
1314 2815 1559 2883 inﬁdelis,
1583 2817 1743 2870 disce-

146 2897 239 2947 dat
259 2895 314 2963 (1
334 2895 456 2952 Cor.
483 2898 605 2970 vn),
632 2916 735 2954 non
754 2902 867 2970 jam
896 2903 1019 2958 inde
1039 2913 1286 2974 tanquam
1308 2905 1519 2961 ﬁdelem
1544 2907 1745 2975 suscipi

145 2986 465 3057 designans,
500 2990 622 3060 quia
665 3006 759 3060 per
796 2992 912 3047 haec
940 3010 1060 3063 quae
1094 2996 1235 3050 dicta
1276 3007 1401 3051 sunt
1442 2998 1642 3069 alitjuid
1679 2996 1747 3054 ad

145 3093 276 3133 eum
313 3082 564 3150 pervenit
601 3083 774 3138 ﬁdelis
809 3086 1070 3157 conjugis,
1113 3088 1230 3143 sive
1268 3091 1619 3157 consortium,
1651 3106 1746 3147 seu

146 3186 371 3239 precem
397 3174 595 3229 divina:
615 3177 1053 3234 sanctiﬁcationis
1076 3190 1131 3234 et
1158 3186 1365 3251 gratiae,
1390 3184 1483 3237 sed
1511 3184 1610 3237 nisi
1632 3185 1748 3253 ipse

146 3277 369 3331 quoque
398 3264 575 3320 ﬁdelis
622 3268 835 3333 existat,
882 3284 977 3338 pro
1018 3271 1219 3327 inﬁdeli
1249 3275 1314 3326 sit
1362 3275 1543 3342 procul
1584 3275 1747 3331 dubio

147 3352 501 3420 judicandus.
533 3356 627 3411 Est
656 3358 813 3413 etiam
837 3359 1143 3417 ille‘modus
1173 3364 1369 3419 inﬁdeli
1391 3366 1605 3435 conjugi
1626 3382 1749 3420 san-

151 3446 502 3501 ctiﬁcationis
532 3447 899 3518 impertienda:
927 3468 1020 3520 per
1044 3454 1324 3525 conjugem
1351 3457 1461 3524 jam
1509 3457 1744 3525 ﬁdelem,

150 3536 205 3588 si
230 3538 357 3591 hm’c
386 3538 816 3597 exhortationem
845 3546 1209 3599 conversionis
1240 3526 1531 3617 ad'Deum,
1560 3560 1611 3603 et
1635 3564 1750 3603 cre-

154 3626 444 3684 dulitatem
482 3647 709 3687 summa:
761 3634 1055 3692 Divinitatis
1103 3639 1358 3707 insinuet,
1416 3641 1749 3711 majestatem

159 3718 663 3793 virtutemqueoejtts
710 3724 959 3793 inculcet,
1007 3738 1060 3782 et
1100 3745 1195 3799 per
1221 3731 1468 3786 affectum
1513 3733 1749 3803 conjugii

164 3821 296 3861 eum
327 3808 525 3866 facilius
554 3812 813 3869 informet
845 3825 900 3871 et
929 3818 1144 3875 inclinet
1182 3822 1248 3875 ad
1286 3823 1465 3889 ﬁdem,
1503 3834 1749 3879 astruens

165 3917 287 3969 qua:
304 3903 375 3957 sit
403 3919 524 3974 spes
557 3908 608 3960 in
635 3924 797 3963 unum
829 3910 995 3965 Deum
1018 3914 1378 3983 credentibus,
1404 3919 1484 3970 vel
1518 3918 1570 3971 in
1594 3918 1751 3987 hujus

167 3995 292 4049 vita;
328 4014 512 4067 cursu,
541 4001 627 4056 vel
659 4016 779 4070 p05t
808 4004 923 4072 ejus
966 4007 1241 4062 transitum
1274 4024 1390 4078 quae
1434 4012 1646 4081 requies
1683 4012 1752 4066 sit

168 4088 363 4145 futura.
396 4092 520 4147 ilch
546 4110 667 4149 cum
698 4111 793 4165 per
826 4097 1071 4153 ﬁduciam
1094 4101 1321 4171 conjugii
1351 4104 1551 4158 sanctis
1575 4105 1750 4159 verbis

170 4194 261 4235 cor
298 4184 414 4252 ejus
459 4187 671 4241 assidua
704 4204 835 4243 voce
880 4191 1139 4259 pulsando
1191 4195 1387 4263 conjux
1437 4196 1604 4250 ﬁdelis
1645 4196 1753 4251 fre-

172 4286 392 4342 quenter
440 4278 695 4344 insinuat,
738 4281 933 4337 divinze
974 4284 1413 4341 sanctiﬁcationis
1456 4289 1652 4352 eidem,
1698 4297 1753 4343 et

175 4370 329 4421 menti
374 4370 515 4439 ejus,
560 4380 616 4426 et
645 4374 857 4442 corpori
904 4378 1151 4446 prepinat
1202 4378 1471 4445 effectum,
1515 4381 1653 4435 sicut
1680 4381 1753 4433 ait

175 4458 351 4514 beatus
400 4460 592 4517 Petrus
628 4465 942 4532 apostolus:
989 4466 1240 4523 Similiter
1266 4472 1499 4527 mulieres
1538 4473 1753 4527 subdita:

176 4551 267 4604 sint
288 4556 429 4622 viris,
461 4565 516 4607 ut
544 4556 590 4609 si
613 4558 697 4624 qui
726 4574 823 4610 non
847 4560 1056 4613 credunt
1084 4561 1249 4629 verba,
1273 4581 1364 4633 per
1386 4566 1611 4618 mulieris
1633 4582 1753 4619 con-

176 4647 499 4698 rersatiouem
518 4646 629 4697 sine
647 4647 795 4699 verba
812 4649 1089 4717 lucri/iant,
1108 4653 1481 4707 considerantes
1498 4655 1549 4707 in
1574 4657 1751 4710 timore

176 4744 355 4789 ratam
392 4740 824 4792 conuersationem
872 4753 1081 4795 vestram
1115 4742 1167 4811 (1
1213 4744 1328 4800 Pet.
1369 4748 1480 4817 tu);
1510 4764 1668 4818 quam
1704 4750 1750 4803 si

175 4841 266 4894 per
294 4827 711 4884 familiaritatem
746 4832 1000 4901 suscipiat
1031 4835 1389 4906 conjugalem,
1420 4846 1474 4893 et
1511 4839 1603 4894 Dei
1636 4854 1753 4909 gra-

174 4916 297 4971 tiam
339 4920 438 4974 sibi
479 4937 579 4990 pcr
610 4922 857 4976 affectum
890 4926 1122 4996 conjugii
1166 4928 1517 4984 ministratam
1560 4948 1666 4986 non
1700 4935 1753 4987 in

169 5024 248 5061 vat
268 5025 394 5063 num
417 5012 639 5081 recipiat
659 5024 714 5067 et
732 5014 946 5081 refutet,
974 5020 1027 5070 lit
1055 5020 1404 5076 sanctiﬁcatio
1428 5039 1519 5090 per
1544 5024 1752 5078 ﬁdelem

169 5100 453 5168 conjugem
480 5103 723 5173 conjugis
750 5105 1002 5171 infidelis,
1035 5107 1159 5162 dum
1203 5110 1351 5165 hisce
1382 5112 1554 5167 modis
1583 5130 1649 5168 ex
1672 5114 1754 5168 in-

163 5192 428 5247 ﬁdelitate
481 5194 534 5248 in
577 5196 908 5251 consortium
960 5200 1397 5257 sanctiﬁcationis
1447 5204 1751 5261 attrahitur.

160 5284 422 5353 Alioquin
465 5285 511 5339 si
543 5285 775 5341 oblatam
821 5289 917 5343 sibi
970 5293 1194 5359 gratiam
1242 5309 1341 5349 nec
1377 5309 1473 5365 per
1512 5295 1756 5351 aﬁ'ectum

160 5375 395 5445 suscipit
422 5377 783 5447 conjugalem,
818 5397 935 5450 quae
969 5383 1023 5436 in
1054 5399 1276 5439 vacuum
1315 5395 1421 5439 tam
1453 5384 1646 5441 divinae
1677 5386 1757 5441 di-

162 5468 457 5536 gnationis,
493 5484 652 5539 quam
682 5471 840 5525 etiam
868 5473 1111 5530 humanae
1132 5478 1416 5549 singularis
1458 5478 1755 5533 affectionis

162 5559 386 5625 oblitus,
435 5564 669 5617 mstimat
706 5564 1069 5633 abnuendam,
1111 5578 1271 5635 atque
1322 5572 1389 5623 ob
1440 5570 1539 5625 hoc
1583 5572 1753 5642 ipsam

160 5666 380 5722 quoque
410 5653 653 5724 conjugis
692 5653 1029 5713 affectionem
1070 5660 1255 5715 nititur
1292 5662 1559 5732 abjurare,
1595 5674 1650 5719 et
1687 5666 1755 5719 ab

164 5743 335 5811 ipsius
363 5744 437 5813 pii
466 5746 721 5801 consortii
755 5748 870 5818 lege
896 5748 1195 5819 discedere,
1228 5753 1385 5823 digne
1429 5758 1755 5825 permittitur

168 5833 346 5891 eidem
376 5836 592 5893 licentia
617 5838 967 5908 discedendi;
995 5843 1119 5910 quia
1149 5860 1253 5900 non
1282 5856 1362 5903 est
1385 5847 1474 5903 illo
1502 5850 1751 5921 coniugio

1286 5981 1323 5996 ον

1849 586 1984 639 ferat
2025 584 2196 637 fidelis
2229 583 2421 653 eonjux
2464 585 2553 638 illo
2588 600 2649 639 se
2686 585 2919 641 caruisse
2970 587 3240 657 coniugio,
3284 589 3425 658 quod

1848 675 2140 731 fornicatur
2168 692 2196 729 a
2223 678 2352 739 Deo,
2382 676 2467 730 cui
2496 678 2633 732 idem
2664 678 2857 748 conjux
2890 679 3064 734 fidelis
3115 679 3426 736 inhaerendo

1848 769 2192 838 principalem
2239 769 2331 823 Dei
2374 771 2568 825 retinet
2606 772 2924 827 castitatem.
2968 774 3148 842 Itaque
3186 782 3240 827 et
3273 775 3427 829 adul-

1847 869 1964 915 tero
1992 869 2157 926 caret,
2187 869 2238 915 et
2266 876 2332 916 eo
2362 861 2452 929 qui
2495 864 2697 931 respuit
2727 880 2829 917 una
2856 866 3116 919 veraciter
3145 867 3259 920 ﬁeri
3298 881 3424 919 caro

1846 967 1964 1006 cum
1993 952 2217 1021 conjuge
2237 952 2347 1020 jam
2376 952 2540 1018 ﬁdeli,
2569 969 2666 1008 nec
2687 956 2916 1011 aestimet
2942 958 3106 1012 fuisse
3127 957 3418 1027 legitimum

1845 1042 1988 1111 quod
2018 1042 2196 1096 divina
2225 1043 2325 1097 sibi
2372 1044 2677 1113 despexerit
2708 1046 2825 1115 lege
2849 1048 3116 1118 conjugii;
3150 1064 3211 1103 ac
3243 1051 3419 1119 potius

1846 1131 2074 1187 libenter
2101 1134 2326 1202 accipiat
2351 1149 2493 1201 eum,
2520 1136 2609 1204 qui
2635 1138 2809 1191 anima
2835 1150 3110 1208 separatus
3130 1156 3158 1195 a
3183 1142 3292 1197 Deo
3312 1151 3414 1209 est,

1846 1233 1899 1279 et
1917 1239 1947 1278 a
1974 1239 2032 1279 se
2054 1241 2264 1295 quoque
2294 1242 2517 1296 corpore
2547 1228 2713 1285 fuisse
2742 1231 2986 1290 divisum.

1915 1316 2218 1373 Secundum
2264 1319 2404 1375 hunc
2454 1321 2615 1391 igitur
2669 1325 2885 1380 modum
2928 1328 3087 1382 etiam
3125 1330 3191 1384 de
3234 1329 3415 1384 talium

1846 1407 1969 1462 ﬁliis
1998 1411 2362 1479 accipiendum
2392 1421 2508 1477 est,
2536 1415 2676 1482 quod
2710 1416 2818 1470 illic
2854 1430 3244 1489 consequenter
3272 1436 3419 1475 asse-

1844 1500 2001 1568 ritttr,
2046 1502 2136 1557 ubi
2178 1504 2471 1573 Apostolus
2521 1508 2708 1577 :qttod
2760 1508 2861 1563 nisi
2910 1510 3025 1564 hmc
3066 1514 3418 1569 sanctiﬁcatio

1846 1592 1985 1647 inter
2009 1593 2310 1663 hujusmodi
2339 1597 2596 1667 conjuges
2616 1599 2953 1667 proveniret,
2978 1601 3074 1656 ﬁlii
3098 1618 3281 1658 eorum
3313 1605 3415 1659 im-

1844 1686 2027 1740 mundi
2075 1698 2295 1754 essent,
2330 1705 2471 1744 nunc
2501 1704 2679 1745 autem
2718 1694 2888 1747 sancti
2911 1705 3055 1749 sunt.
3088 1698 3267 1751 Sancti
3295 1707 3417 1752 sunt

1846 1777 2011 1843 enim,
2052 1780 2343 1835 secundum
2374 1783 2659 1850 quemdam
2690 1786 2906 1838 modum
2935 1788 2985 1839 itt
3018 1790 3418 1857 comparatione

1770 1859 1819 1919 B
1846 1871 2057 1925 illorum
2101 1875 2189 1959 qui
2219 1890 2285 1930 ex
2316 1877 2551 1946 utrisque
2576 1880 2885 1947 parentibus
2922 1881 3267 1936 itumunditia:
3306 1883 3418 1936 dia-

1844 1964 2035 2019 bolica:
2065 1969 2381 2037 mancipatis
2418 1970 2901 2040 cctttamittatisque
2930 1984 3237 2027 nascuntur.

1916 2058 2003 2111 Isti
2037 2060 2179 2114 enim
2210 2076 2271 2115 ex
2304 2076 2366 2116 ea
2395 2072 2545 2133 parte
2576 2079 2680 2133 qua
2720 2063 2787 2118 de
2822 2074 3007 2119 sancta
3049 2081 3209 2121 carne
3250 2067 3415 2121 ﬁdelis

1843 2150 2102 2218 parentis,
2130 2160 2185 2205 et
2216 2153 2412 2220 templo
2438 2154 2552 2219 Dei,
2582 2163 2640 2209 et
2664 2154 2829 2210 Deum
2858 2172 3021 2210 unum
3052 2157 3105 2211 in
3136 2174 3232 2212 suo
3254 2160 3415 2213 corde

1843 2243 2101 2311 gestantis
2131 2244 2309 2297 exorti
2347 2256 2500 2311 sunt,
2529 2247 2771 2301 nonnihil
2800 2247 2997 2301 divinae
3025 2248 3414 2304 benedictionis

1844 2333 2160 2401 hauserunt,
2178 2338 2231 2391 in
2254 2352 2358 2407 qua
2370 2338 2553 2409 utique
2569 2340 2938 2396 benedictione
2967 2343 3223 2397 sanctitas
3238 2346 3412 2399 conti-

1844 2438 2024 2495 netur,
2042 2430 2193 2500 cujus
2207 2430 2511 2500 dignatione
2527 2435 2816 2501 perstricti,
2849 2436 3015 2489 sancti
3030 2450 3135 2489 non
3149 2436 3418 2491 immerito

1846 2531 2241 2590 nuncupantur.
2270 2522 2370 2577 Per
2384 2522 2519 2577 hanc
2536 2523 2923 2591 quidametiam
2939 2526 3416 2582 sanetiﬁcationem

1847 2624 2144 2682 assumunt,
2164 2625 2219 2669 ut
2236 2614 2303 2669 ad
2326 2631 2442 2669 eam
2460 2617 2599 2669 sicut
2614 2618 2870 2686 competit
2898 2619 3211 2685 perveniant
3230 2635 3418 2680 conse<

1845 2705 2110 2774 quendam
2130 2749 2145 2773 ,
2169 2707 2277 2775 jam
2305 2710 2421 2776 ejus
2448 2723 2541 2777 per
2568 2718 2844 2776 parentem
2877 2710 3088 2773 fidelem
3120 2712 3418 2769 rudimenta

1847 2798 2188 2866 percipiunt,
2213 2807 2266 2851 et
2295 2800 2515 2853 odorem
2545 2809 2742 2854 sanctae
2762 2801 3063 2869 adoptionis
3088 2814 3417 2872 agnoscunt,

1848 2890 2097 2959 precibus
2122 2890 2409 2944 Christiani
2442 2892 2695 2959 parentis,
2721 2892 2915 2961 quibus
2934 2894 3013 2948 eis
3035 2897 3151 2949 sine
3172 2896 3418 2964 ambiguo

1849 2981 2163 3049 imploratur
2210 2982 2399 3047 divina‘
2422 2975 2821 3047 misericordia,
2856 2987 3039 3054 utique
3067 2987 3419 3042 sanctificatio

1844 3073 1954 3142 jam
1987 3073 2285 3143 praebetur,
2315 3085 2366 3129 et
2397 3075 2712 3145 plerumque
2743 3075 2913 3131 ﬁdelis
2951 3078 3128 3131 studio
3152 3080 3417 3147 parentis,

1849 3168 1935 3222 vel
1959 3168 2025 3222 ad
2047 3169 2367 3224 venerabilia
2398 3170 2511 3224 loca
2539 3170 2740 3238 parvuli
2772 3169 3083 3227 deferuntur
3107 3213 3121 3238 ,
3152 3172 3236 3227 vel
3262 3173 3420 3228 etiam

1774 3240 1820 3304 ο
1851 3260 2210 3315 nescientibus
2262 3262 2462 3316 renatis
2504 3261 2650 3316 fonte
2688 3262 3020 3331 baptismatis
3071 3266 3421 3319 sanetilieatio

1852 3355 2009 3423 plena
2038 3355 2329 3409 confertur.
2364 3356 2468 3409 Aut
2500 3355 2586 3409 ubi
2615 3356 2724 3425 jam
2754 3372 2974 3426 capaces
3005 3358 3227 3413 rationis
3254 3360 3422 3414 exsti-

1854 3448 2033 3511 terint,
2066 3446 2368 3501 adhortatio
2385 3456 2440 3501 et
2467 3447 2751 3501 insinuatio
2780 3449 2847 3515 pii
2870 3449 3105 3518 parentis
3136 3450 3419 3519 ingeritur.

1852 3538 1983 3603 Qua:
2027 3539 2204 3592 omnia
2246 3537 2681 3592 sanctiﬁcationis
2708 3539 3059 3594 instrumenta
3096 3554 3217 3595 esse
3255 3542 3423 3595 mani-

1855 3628 2044 3684 festum
2089 3605 2177 3684 est
2198 3670 2211 3694 ,
2270 3630 2461 3697 quibus
2486 3641 2543 3683 ut
2574 3630 2738 3700 [forte
2774 3628 2899 3700 aut]
2929 3631 3000 3684 ad
3049 3631 3166 3698 ejus
3211 3642 3425 3686 veniant

1854 3720 1945 3793 [Ε.
1980 3724 2230 3787 veniunt;
2277 3731 2323 3776 et
2368 3724 2536 3794 infra,
2594 3722 2911 3792 dispoliant]
2960 3722 3301 3795 ﬁrmitatem,
3333 3734 3425 3778 aut

1852 3815 1899 3868 si
1926 3815 2023 3869 ista
2060 3815 2399 3883 despiciunt,
2445 3814 2763 3880 semetipsos
2803 3813 3219 3868 sanctificatione
3242 3814 3423 3885 dispo-

1854 3906 2003 3971 lient,
2029 3914 2083 3960 et
2104 3907 2325 3973 gratiam
2350 3904 2466 3970 Dei,
2498 3919 2617 3972 quae
2646 3904 2727 3957 his
2754 3919 2848 3973 per
2872 3905 3116 3960 affectum
3142 3918 3419 3991 parentum

1853 3998 2112 4067 ingeritur
2138 4038 2154 4064 ,
2189 3996 2471 4063 evidenter
2499 4002 2777 4051 evaCuant.
2811 3998 2985 4068 Atque
3014 4000 3083 4053 ita
3128 4000 3194 4055 de
3223 4002 3424 4056 sanctis

1852 4090 1936 4144 vel
1966 4090 2031 4143 de
2058 4088 2445 4145 eruditionibus
2469 4089 2766 4145 sanctitatis
2794 4090 3035 4153 abscissi,
3062 4090 3111 4144 in
3145 4108 3247 4145 non
3271 4106 3425 4146 sanc-

1854 4190 2029 4235 torum
2060 4181 2328 4234 consortia
2355 4180 2574 4249 profana
2608 4182 2935 4250 rediguntur.
2969 4182 3041 4236 De
3064 4182 3253 4251 quibus
3286 4182 3423 4236 nihi-

1854 4272 2087 4326 lominus
2115 4272 2192 4326 sic
2237 4271 2465 4340 dicatur,
2498 4272 2765 4341 quomodo
2796 4273 2862 4328 de
2905 4273 3212 4341 parentibus
3238 4288 3423 4328 eorum

1856 4366 2158 4421 infidelibus
2208 4374 2561 4434 praeceptum;
2617 4364 2677 4419 Si
2730 4366 2951 4433 infidelis
2980 4366 3086 4418 vult
3126 4366 3422 4436 discedere,

1856 4456 2149 4527 discedat(l
2179 4458 2297 4511 Cor.
2322 4457 2825 4527 vn).Nunquidnam
2860 4458 2975 4512 hzcc
2998 4474 3193 4527 genera
3225 4462 3425 4513 sancti-

1859 4552 1983 4605 tatis
2009 4550 2093 4605 vel
2121 4550 2556 4605 sanctiﬁcationis
2582 4550 2648 4604 de
2689 4560 2913 4620 utroque
2959 4551 3181 4619 profano
3211 4562 3429 4620 parente

1863 4644 2149 4713 progenitis
2181 4643 2302 4695 ﬁliis
2334 4642 2689 4697 intimantur?
2730 4642 2867 4696 Ecce
2897 4642 3019 4711 quid
3046 4644 3269 4698 interest
3293 4644 3430 4699 inter

1861 4736 2097 4791 sobolem
2141 4750 2205 4789 ex
2246 4735 2335 4789 illo
2365 4736 2447 4788 vel
2485 4735 2587 4788 isto
2626 4735 2871 4805 conjugio
2904 4748 3264 4803 procreatam;
3304 4751 3431 4792 ecce

1860 4824 2305 4896 quemadmodum
2362 4826 2449 4878 isti
2506 4826 2795 4881 familiares
2851 4837 2905 4880 et
2977 4827 3254 4895 propinqui
3308 4836 3430 4882 sunt

1860 4918 2173 4974 sanctiﬁcati
2202 4959 2219 4984 ,
2271 4927 2429 4987 atque
2478 4917 2598 4973 ideo
2638 4933 2743 4973 non
2782 4918 3050 4989 immerito
3098 4920 3263 4972 sancti
3306 4928 3431 4975 sunt

1862 5014 2009 5077 editi,
2037 5021 2090 5068 et
2110 5011 2303 5083 quibus
2325 5010 2502 5066 divina
2527 5011 2889 5065 misericordia
2904 5021 3292 5081 consequenter
3316 5012 3433 5083 ejus

1863 5106 2110 5175 precibus
2137 5105 2472 5173 imploratur,
2505 5104 2697 5174 quique
2723 5119 2843 5157 cum
2876 5104 3076 5159 sanctis
3097 5105 3432 5163 educationi-

1864 5198 1959 5253 bus
1988 5198 2315 5265 imbuuntur,
2347 5206 2399 5252 et
2428 5212 2594 5252 sacrae
2627 5196 2898 5266 religionis
2924 5198 3202 5255 initiantur
3218 5202 3433 5271 affectu,

1862 5291 1929 5345 ad
1959 5291 2109 5358 cujus
2138 5294 2180 5346 si
2215 5292 2556 5362 pervenerint
2585 5290 2889 5349 ﬁrmitatem
2911 5334 2929 5361 ,
2970 5294 3111 5350 illius
3140 5311 3235 5365 per
3259 5312 3434 5350 saera-

1865 5396 2101 5441 mentum
2133 5386 2569 5441 sanctiﬁcationis
2604 5388 2987 5456 plenitudinem
3011 5400 3433 5459 consequuntur,

1865 5480 2017 5549 cujus
2049 5496 2143 5549 per
2175 5479 2383 5534 ﬁdelem
2402 5493 2675 5549 parentem
2702 5483 2862 5537 etiam
2889 5492 3014 5537 ante
3042 5490 3435 5541 sacramentum

1862 5574 2164 5629 rudimenta
2213 5585 2601 5644 sumpserunt,
2653 5591 2747 5645 per
2800 5590 2918 5644 qua:
2971 5574 3270 5629 rudimenta
3326 5578 3435 5647 jatu

1863 5664 2033 5719 sancti
2061 5705 2076 5731 ,
2123 5664 2211 5732 qui
2257 5677 2439 5720 sancta
2472 5666 2804 5719 institutione
2836 5667 3298 5736 praeparabantur,
3332 5685 3436 5725 non

1864 5746 2159 5825 incongrue
2197 5764 2323 5810 sunt
2368 5756 2560 5811 vocati.
2610 5756 2853 5826 Nunquid
2879 5766 3060 5813 autem
3089 5760 3213 5830 quia
3239 5760 3436 5817 dictum

1866 5858 1949 5907 est
1976 5849 2298 5906 sanetilicari
2331 5847 2907 5921 inﬁdelem‘conjugem
2960 5866 3055 5920 per
3086 5851 3294 5907 ﬁdelem
3320 5893 3335 5917 ,
3367 5853 3436 5906 ita
