3902 6330
119 524 207 578 705

273 611 599 676 Constiterit,
632 613 748 665 sine
785 611 892 667 tlne
919 613 1042 665 mali
1071 625 1294 680 peccare
1324 613 1583 666 volentes.

269 701 513 754 Criminis
532 709 587 755 et
610 715 781 768 pinnae
809 700 962 754 limes
991 702 1154 754 semel
1183 693 1328 754 unus‘
1357 700 1594 754 habetur.

275 791 336 843 Et
363 799 574 856 poteras
594 803 817 844 servare
843 790 1010 842 malos
1035 789 1152 856 pius
1173 803 1341 855 usque
1362 799 1655 850 senectam,

272 878 427 950 284
457 879 524 933 Ut
549 878 803 933 damnare
829 878 984 933 simul
1013 877 1274 932 horrenda
1307 878 1510 948 piacula
1535 890 1659 930 nos-

1427 966 1587 1036 [sent,

123 1063 211 1119 7l0
277 1063 337 1116 Et
360 1063 567 1115 vcn’am
597 1073 815 1128 sperare
842 1073 1006 1121 tuam,
1027 1049 1122 1112 sed
1145 1057 1312 1126 major
1341 1057 1566 1110 habetur

278 1158 368 1212 llic
425 1157 582 1221 ratio,
636 1170 757 1208 nam
812 1155 1028 1223 impune
1062 1153 1152 1207 ditt
1204 1167 1420 1208 peccare
1460 1166 1661 1205 nocen-

1418 1228 1427 1249 ⁵
1458 1241 1590 1311 [tum

273 1338 325 1392 Si
357 1336 514 1390 fuerit
545 1335 799 1404 permissa
827 1349 1034 1397 manus,
1069 1333 1272 1388 turbata
1305 1342 1524 1400 repente

272 1429 412 1482 Mens
450 1426 676 1481 insontis
717 1428 847 1491 erit,
897 1441 1017 1481 mox
1066 1425 1287 1494 pmnitet
1319 1439 1436 1478 esse
1480 1423 1662 1477 mode-

1404 1514 1589 1584 [‘Slllm,

275 1614 597 1682 Optaturque
625 1610 790 1674 nefas,
823 1619 875 1666 et
907 1609 1022 1678 plus
1062 1608 1143 1677 pia
1183 1605 1335 1661 turba
1367 1615 1609 1666 nocetur,

1279 410 1557 468 canum
1599 409 1684 466 es
1721 409 1876 466 nso.
1917 411 2044 467 un.
2079 392 2147 466 tt.

339 517 400 574 Hi
421 519 520 576 soli
552 530 798 590 pereunt,
830 534 1043 587 semper
1071 534 1206 589 quos
1229 535 1347 576 esse
1370 522 1620 590 profanos
1685 529 1736 585 Α
1762 525 1865 578 715
1937 524 2176 593 lmproba
2203 535 2360 592 quam
2392 521 2587 586 rabies,
2616 529 2775 592 atque
2817 520 3058 591 improba
3089 529 3213 575 vota
3244 521 3324 575 la-

3216 409 3352 468 8'50"

3043 611 3254 683 [tigant.

1938 705 2098 776 285
2110 703 2245 770 Quid
2265 701 2403 773 quod
2427 701 2686 757 eterranti
2709 715 2853 756 mora
2876 716 2981 754 non
3007 702 3184 755 brevis
3205 714 3323 754 esse

2958 791 3256 862 [probatur,

1936 888 2294 954 Servaturque
2331 886 2420 939 diu
2452 885 2638 948 venize,
2678 885 2720 939 si
2744 884 2954 938 desinat
2980 885 3149 937 audax

1941 979 2178 1033 lllicitum
2213 988 2415 1032 tentare
2444 977 2623 1032 nefas?
2653 991 2770 1029 nam
2798 976 2986 1044 gaudia
3016 975 3154 1028 caelo

1943 1071 2240 1124 Conversus
2268 1069 2358 1122 dat
2385 1069 2606 1138 quisque
2640 1082 2798 1129 reus;
2837 1066 2935 1120 sibi
2967 1067 3190 1136 quisque
3215 1079 3331 1120 me-

3094 1156 3263 1227 [delas

1769 1248 1872 1303 τεο
1945 1248 2244 1302 Arbitretur
2274 1247 2454 1312 homo,
2487 1247 2666 1315 culpas
2706 1247 2804 1300 sub
2829 1261 2960 1301 voce
2990 1248 3258 1316 relinquit.

2014 1337 2128 1391 Vox
2155 1347 2238 1390 tua
2268 1352 2387 1391 cum
2413 1338 2584 1399 sileat,
2612 1347 2696 1390 tua
2719 1338 2810 1391 sed
2840 1338 3096 1392 sententia
3120 1339 3337 1394 clamat.

1945 1425 2118 1495 Erigis
2145 1442 2428 1495 oppressos
2459 1428 2707 1493 humiles,
2735 1431 3033 1494 sterilisque
3055 1429 3333 1497 superbos,

1936 1517 2015 1570 Tu
2051 1519 2376 1582 captivorum
2410 1520 2705 1584 rumpendo
2731 1522 2884 1574 noxia
2925 1522 3119 1586 vincla,

1949 1605 2095 1660 Colla
2129 1610 2272 1662 levas
2302 1609 2475 1662 attrita
2503 1609 2645 1678 jugis
2675 1613 2882 1664 cervice
2909 1611 3104 1674 soluta,

1336 1693 1715 1748 SCRIPTUllA
1755 1691 1905 1748 COD.
1953 1696 2108 1749 V’AT.

173 1774 292 1855 .712.
329 1773 387 1828 Si
413 1774 578 1842 fuerat
607 1771 870 1839 permissa,
900 1776 952 1822 et
994 1766 1199 1822 videtur
1235 1768 1486 1834 scriptum
1519 1779 1650 1833 pro:-

125 1859 274 1897 ιυεεα.
1001 1874 1009 1884 -

1833 1766 1953 1834 713.
2004 1765 2126 1818 Mox
2151 1767 2376 1834 peniteus
2407 1783 2458 1821 se
2485 1768 2821 1823 moderatum.

1834 1833 1956 1888 7lG.
2002 1833 2219 1889 Videtur
2241 1836 2492 1904 scriptum
2518 1839 2834 1908 quidquidet.

1603 1921 1831 1977 NOTIE.

125 2040 289 2098 ptatas,
321 2043 413 2083 seu
445 2036 630 2081 tractas
653 2026 866 2098 ferulas.
902 2021 1172 2098 Equidem
1201 2020 1390 2098 fortnas
1426 2017 1670 2098 pro.ani-
1698 2019 1747 2078 B
1774 2034 1906 2098 men.
1944 2021 2121 2085 negari
2171 2024 2353 2098 nequit
2378 2063 2391 2084 ,
2433 2021 2644 2098 aliquos
2692 2035 2942 2098 prospera
2975 2019 3338 2098 improborum

125 2087 213 2153 inis
253 2087 348 2151 non
373 2100 584 2164 reperio
611 2087 729 2164 quis
769 2087 993 2164 dixerit.
1017 2087 1271 2156 Suspicor
1306 2087 1667 2164 Dracontittm,

126 2170 202 2226 qui
231 2183 360 2234 saepe
380 2156 827 2234 veterum-verbis
844 2163 1106 2234 loquitur,
1137 2157 1439 2227 respexisse
1461 2156 1526 2208 ad
1552 2156 1666 2208 Vtr-

125 2238 286 2305 gilium
303 2231 348 2289 Ἰ.
373 2252 452 2296 vt,
479 2251 542 2305 v.7
573 2232 695 2298 GM,
737 2231 932 2284 lnclusi
971 2243 1166 2299 pinnam
1200 2235 1501 2305 exspectant
1552 2241 1594 2305 ι-
1612 2243 1672 2278 ne

125 2296 268 2374 quare
291 2306 486 2368 doceri,
513 2296 1034 2374 Quampoenam,_aut
1056 2312 1168 2364 qua:
1191 2297 1355 2374 [arma
1389 2296 1674 2374 riros,_for—

127 2366 281 2427 tunave
300 2366 490 2426 mersit.
517 2366 731 2426 Servius
755 2385 882 2422 vero
914 2371 1129 2439 formam
1161 2367 1380 2434 exponit
1409 2366 1666 2432 regulam,

125 2445 244 2512 quod
264 2445 322 2496 ad
350 2457 452 2495 nos
484 2441 614 2512 nihil
644 2441 848 2512 attinet.

186 2514 298 2566 705.
328 2512 461 2565 Vide
486 2511 525 2564 1.
559 2526 596 2572 t,
631 2524 769 2562 vers.
797 2508 865 2560 95
893 2521 1040 2573 seqq.

185 2583 295 2635 707.
321 2581 467 2634 Libr.
503 2596 540 2641 r.
583 2594 719 2631 vers.
750 2577 869 2640 118,
896 2572 1186 2627 ιιιωίηοειῐε
1208 2574 1368 2632 limes,
1397 2580 1442 2625 et
1463 2572 1666 2626 umbrat.

129 2649 376 2705 Sententia
409 2651 568 2712 huius
599 2648 698 2700 loci
723 2656 823 2707 est,
849 2661 1056 2714 poenam
1088 2660 1191 2696 non
1222 2643 1369 2714 sequi
1404 2643 1500 2694 nisi
1525 2657 1669 2714 eum,

127 2723 201 2786 qui
229 2721 273 2772 in
300 2722 485 2773 eodem
513 2718 735 2771 crimine
761 2712 1103 2786 perseverare
1133 2712 1380 2773 voluerit,
1403 2721 1494 2764 aut
1523 2712 1674 2764 dam-

128 2785 236 2842 nare
262 2791 453 2842 scelera
483 2801 579 2839 sua
609 2785 857 2838 noluerit.
893 2849 900 2856 ι

189 2857 299 2911 708.
328 2858 498 2927 Usque
524 2870 664 2922 saepe
695 2850 1054 2927 prtepos'itioni
1078 2851 1145 2927 ad
1165 2850 1522 2927 coniungitur,
1553 2865 1670 2918 qntc

129 2935 279 2980 tamen
305 2919 682 2993 nonnunquam
697 2919 996 2982 omittitur,
1026 2931 1081 2973 ttt
1113 2919 1300 2993 iterum
1338 2921 1372 2972 I.
1407 2934 1482 2978 Ill,
1525 2935 1666 2993 vers.

129 2997 231 3057 607,
260 2996 334 3049 Sit
357 2999 515 3048 virtus
538 2989 692 3061 usque
709 3003 976 3054 senectam,
1005 2999 1057 3043 et
1083 2989 1226 3041 alibi.
1255 2989 1327 3061 Ex
1352 3003 1455 3041 Sac:
1473 3004 1501 3041 a
1524 2990 1670 3042 Scri-

131 3075 256 3128 plura
296 3067 565 3132 colligitur
608 3059 798 3128 impios
853 3061 1161 3132 plerumque
1212 3059 1284 3132 ad
1321 3069 1667 3132 senectutem

131 3125 218 3185 non
266 3125 564 3201 pervenire.
603 3125 742 3186 Psal.
772 3125 873 3192 Ltv,
897 3143 1037 3183 vers.
1067 3125 1134 3181 24
1164 3145 1194 3201 ᾖ
1225 3125 1331 3201 Viri
1359 3129 1667 3197 sanguinum

131 3197 329 3255 eldolirsi
355 3221 451 3256 non
478 3202 818 3254 dimidiabunt
841 3201 947 3251 dies
988 3215 1126 3251 suos.
1164 3197 1302 3249 Psal.
1349 3213 1472 3261 Lvtt,
1528 3212 1667 3252 vers.

131 3272 221 3323 1οε
253 3271 557 3341 Priusquam
593 3273 928 3341 intelligerent
969 3271 1127 3341 spiam
1164 3275 1339 3341 vestrm
1376 3266 1665 3341 rltamnum,

130 3335 482 3403 tirult‘ivettlcs,
511 3341 582 3393 sic
624 3342 676 3393 in
719 3335 795 3392 ira
832 3339 1058 3390 absorbet
1098 3353 1200 3388 eos.
1235 3335 1361 3400 Cap.
1419 3351 1480 3388 xv
1523 3337 1662 3401 Jobi,

131 3422 248 3461 vers.
277 3411 381 3463 52:
413 3415 544 3462 Ante
588 3425 737 3476 quam
787 3409 893 3460 dies
941 3409 1048 3474 ejus
1089 3408 1410 3474 impleantur,
1461 3407 1658 3471 peribit.

188 3480 296 3532 712.
330 3481 565 3534 lletineri
594 3481 781 3548 poterit
815 3477 1087 3548 Sifuerat,
1131 3486 1340 3540 tempus
1387 3491 1506 3548 pro_
1529 3484 1661 3548 tem:

120 3561 256 3612 pore,
286 3559 335 3602 ut
366 3551 414 3602 in
449 3545 604 3616 Eleg;
631 3563 771 3602 vers.
804 3545 928 3610 “.194,
965 3547 1090 3609 Qtttl’
1116 3549 1279 3616 fuerat
1311 3546 1510 3610 pietas?
1557 3545 1660 3600 Sed

130 3620 281 3668 verius
301 3630 376 3672 est
405 3619 464 3673 Si
495 3619 668 3686 fuerit.

189 3689 297 3740 715.
352 3682 505 3741 Nulla
549 3688 649 3740 alia
693 3686 993 3752 conjectura
1036 3682 1100 3736 ad
1147 3683 1435 3735 sanandum
1487 3683 1660 3736 locum

129 3767 405 3824 corruptum
449 3757 802 3824 Opportunior
832 3758 1082 3812 occurrit,
1123 3769 1278 3824 quam
1317 3769 1433 3805 mox
1463 3754 1664 3824 ptenitet

129 3840 218 3876 esse
243 3823 536 3880 modestum.
579 3827 687 3878 lloe
718 3828 1026 3879 vocabulum
1058 3823 1311 3874 modi-stus
1337 3825 1472 3874 varia
1504 3823 1666 3881 signi-

130 3895 343 3950 licatione
373 3911 521 3964 saepe
551 3895 805 3948 adhibere
839 3894 1197 3964 Dracontium,
1231 3893 1576 3964 animadverti
1615 3893 1664 3944 in

129 3964 392 4030 prolegotn.
410 3961 560 4018 num.
580 3966 697 4018 136.
716 3965 946 4029 Qumstio
968 3963 1189 4030 preponi
1217 3971 1387 4028 potest
1418 3977 1510 4014 cur
1529 3961 1667 4014 Dens

130 4033 296 4102 impios
319 4037 603 4102 quosdam,
626 4047 906 4100 antequam
932 4040 1330 4094 Convertuntur,
1352 4034 1455 4083 vita
1481 4034 1668 4102 privet,

130 4101 244 4154 alios
270 4101 460 4157 diutius
492 4106 548 4157 in
580 4104 891 4157 criminibus
922 4104 1099 4155 vivere
1126 4102 1413 4164 pettnittat,
1443 4109 1497 4152 nt
1517 4101 1669 4153 deni-

130 4183 216 4236 qne
253 4183 626 4227 Convertuntur
670 4182 950 4238 antequam
996 4188 1024 4223 e
1071 4170 1174 4220 vita
1219 4169 1477 4222 decedant
1532 4187 1543 4223 :
1582 4171 1667 4223 cui

131 4244 379 4304 quaestioni
413 4245 555 4296 aliud
582 4242 884 4309 responderi
933 4240 1142 4305 nequit,
1184 4240 1281 4292 nisi
1320 4239 1458 4306 justa
1499 4250 1552 4293 et
1592 4241 1671 4292 in-

132 4314 402 4364 scrutabilia
427 4329 548 4367 esse
597 4314 686 4365 Dei
727 4313 940 4376 judicia.
981 4311 1170 4362 Verum
1212 4309 1524 4362 Dracentius
1568 4310 1668 4361 im-

131 4377 228 4442 pios
251 4396 360 4434 cum
384 4384 559 4450 impiis
591 4397 693 4435 nOn
727 4382 950 4442 confert,
992 4379 1082 4431 sed
1130 4378 1196 4450 de
1226 4378 1400 4444 impiis
1431 4381 1517 4444 qui
1548 4389 1671 4450 ante

132 4459 424 4504 senectutem
448 4447 764 4513 moriuntur,
793 4454 979 4515 qtucrit
1001 4464 1094 4501 cur
1128 4447 1262 4499 Deus
1288 4463 1398 4508 eos,
1445 4463 1562 4501 cum
1603 4449 1669 4502 ad

133 4527 368 4585 senectam
420 4537 588 4585 usque
635 4535 954 4574 conservare
1005 4515 1211 4584 possit,
1263 4525 1318 4569 ut
1364 4517 1427 4568 ail
1479 4518 1669 4572 bonam

132 4581 304 4658 [rogem
331 4605 386 4642 sc
413 4581 691 4658 recipiant,
725 4597 844 4642 ante
872 4589 922 4642 id
968 4581 1175 4654 témpus
1201 4587 1267 4639 de
1309 4588 1484 4639 medio
1511 4588 1667 4641 tollit.

133 4652 404 4725 Stnttcerte
430 4652 675 4713 scelerati
709 4658 867 4725 aliqui
908 4652 1170 4718 homini-5,
1219 4658 1308 4718 qui
1347 4658 1505 4708 etiam
1547 4673 1666 4709 cum

133 4722 185 4773 ad
232 4738 548 4796 senectutem
599 4722 958 4796 perverterint.
1014 4743 1117 4779 non
1163 4726 1379 4790 proinde
1422 4728 1667 4780 meliores

134 4795 353 4858 evadunt,
382 4800 488 4851 into
513 4795 840 4864 gravioribth
874 4797 1183 4849 criminibus
1215 4799 1530 4848 obruuntur.
1561 4797 1664 4850 Sed

135 4871 235 4937 sunt
255 4866 332 4918 alii
359 4870 463 4934 qui,
496 4873 538 4920 si
572 4868 770 4920 diutius
804 4868 1058 4929 viverent,
1095 4876 1555 4919 converterentur.
1591 4866 1664 4918 De

134 4924 202 5005 llis
225 4947 340 5055 ειὶο
367 4924 651 5003 respondet.
701 4936 1016 4990 Dracontius
1048 4924 1292 5001 primum
1331 4947 1578 5002 oportere
1609 4943 1667 4988 ut

134 5010 280 5055 llltDro
319 5006 332 5055 i
375 5021 477 5055 non
525 5007 614 5055 d'u
667 5008 1039 5055 ncrmittantur
1084 5007 1297 5055 imnune
1324 5019 1564 5055 peccare.
1597 5021 1664 5055 ne

134 5006 332 5074 nnprobi
375 5021 477 5058 non
525 5007 614 5059 d'u
667 5008 1039 5074 permittuntur
1084 5007 1297 5071 impune
1324 5019 1564 5071 peccare,
1597 5021 1664 5060 ne

133 5069 252 5121 malo
275 5076 372 5126 sint
401 5069 876 5142 exemplo-bonis:
927 5075 1116 5128 deinde
1153 5069 1257 5126 non
1296 5069 1506 5129 brevem
1551 5091 1667 5127 mo-

135 5149 226 5217 rat!)
248 5145 452 5217 concedi
482 5144 870 5217 peccatoribus,
924 5155 978 5196 ttt
1025 5144 1229 5217 veniam
1276 5147 1566 5217 obtineant,
1618 5145 1662 5217 si

135 5209 290 5262 velint.
320 5209 666 5268 EccleSiastes
696 5230 814 5281 cap.
846 5229 956 5276 vtn,
989 5229 1127 5267 vers.
1164 5214 1223 5266 il
1272 5232 1282 5266 :
1323 5213 1519 5266 Etenim
1545 5213 1664 5282 quia

135 5288 216 5325 non
243 5287 490 5352 profertur
529 5285 628 5335 cito
677 5296 852 5336 contra
891 5284 1057 5336 ‘malos
1087 5286 1353 5346 sententia,
1386 5285 1567 5352 absque
1599 5283 1665 5335 ti-

134 5350 372 5428 tnoreullo
397 5353 492 5419 ﬁlii
520 5352 784 5428 hominum
808 5361 1096 5428 perpetrant
1128 5352 1284 5428 mala.
1344 5350 1493 5428 Lege
1511 5353 1664 5428 Lori-_

135 5425 236 5491 quin
262 5422 308 5470 in
331 5431 617 5475 comment.
647 5423 711 5476 ad
747 5425 885 5476 hunc
915 5424 1016 5477 loc.
1052 5424 1244 5475 Ifoilem
1274 5424 1497 5488 pertinet
1526 5422 1665 5489 quod

136 5479 298 5562 dicitur
320 5491 448 5556 psal.
476 5507 556 5555 Ix,
593 5507 730 5546 vers.
761 5493 816 5557 ‘2,
853 5491 985 5544 Dum
1014 5492 1234 5562 superbit
1266 5479 1469 5562 impius,
1496 5479 1669 5544 incen-

137 5550 246 5635 ἕηοζ
291 5550 508 5635 pauper;
545 5550 601 5614 et
629 5577 746 5635 cap.
781 5550 884 5616 x'vtt
913 5563 1051 5624 Jobi,
1075 5550 1222 5635 'vers.
1255 5561 1287 5615 8
1321 5550 1355 5635 :'_
1383 5550 1667 5635 Stupebant

138 5631 238 5699 ξιξῼὲ
264 5643 405 5699 super
435 5632 567 5694 hoc;
599 5644 640 5685 ct
668 5634 906 5685 innocens
936 5640 1114 5686 contra
1146 5631 1435 5699 [typocritas
1457 5631 1672 5683 suscita-

139 5690 267 5772 bitur.
299 5690 402 5752 Etsi
432 5690 629 5765 autem,
660 5711 871 5756 nlvers.
902 5716 1015 5768 seq.
1040 5690 1274 5772 additur,
1299 5700 1672 5772 tenebitjustus

138 5769 249 5815 vtam
276 5783 432 5827 suam.
458 5781 500 5824 et
528 5774 724 5826 mundis
754 5771 980 5824 manibus
1003 5771 1154 5824 addet
1203 5769 1569 5837 fortitudinem,
1606 5778 1676 5825 ta-

1773 2089 2018 2143 lclicitate
2044 2092 2362 2156 permoveri.
2397 2103 2450 2143 ut
2485 2093 2614 2143 viam
2660 2091 2868 2143 virtutis
2897 2092 3160 2143 deserant.
3217 2092 3338 2144 Ett-

1771 2159 1966 2229 tjpides
1991 2161 2040 2212 in
2077 2161 2256 2228 Dictye
2290 2177 2301 2211 :
2329 2160 2447 2213 Jam
2470 2177 2605 2221 stupe
2628 2161 2749 2222 vidi,
2781 2175 2912 2226 turpe
2941 2169 2986 2229 et
3016 2160 3219 2229 indigne
3241 2160 3337 2212 tuli

1777 2226 1944 2280 Bonos
1965 2226 2223 2290 sequentes
2268 2232 2421 2281 moris
2468 2232 2753 2297 exemplum
2795 2229 2934 2282 mali.
2967 2226 3256 2297 Sopltofles
3284 2230 3338 2281 in

1773 2297 1926 2368 Alete
1965 2315 1978 2349 :
2018 2297 2188 2350 Malos
2229 2300 2455 2367 profanis
2504 2295 2733 2368 prosatos
2775 2297 3080 2367 genitoribus
3128 2295 3341 2350 Florere

1772 2366 1922 2419 rebus
1949 2369 2202 2436 prosperis
2241 2366 2347 2419 visu
2395 2366 2564 2434 graue,
2618 2366 2840 2432 Stirpem
2881 2368 3123 2418 bonorum
3168 2381 3342 2418 rursus

1773 2435 1978 2504 ingenio
2003 2435 2158 2503 prebo
2198 2437 2350 2490 Malis
2391 2439 2622 2490 subactos
2671 2438 2895 2488 cladibus
2944 2452 3127 2488 mersos
3165 2437 3339 2502 premi.

1776 2504 2058 2574 Dispouere
2081 2507 2228 2557 aliter
2255 2524 2376 2558 cura
2407 2507 2644 2558 debuerat
2694 2507 2851 2559 Deum
2887 2505 3177 2557 Mortalium
3215 2521 3292 2556 res
3319 2520 3340 2557 :

1775 2590 1892 2625 nam
1919 2576 2027 2644 pios
2059 2575 2226 2626 decuit
2271 2576 2443 2641 palam
2484 2575 2627 2627 Bona
2660 2577 2895 2644 largitate
2931 2575 3164 2636 consequi
3202 2577 3346 2644 caele-

1772 2644 1948 2706 stium,
1981 2643 2168 2714 Contra
2197 2648 2430 2697 scelestos
2457 2646 2602 2714 paria
2624 2647 2916 2696 criminibus
2941 2644 3043 2714 suis
3075 2643 3346 2714 Suppdeia

1773 2724 1944 2779 aperte
1970 2713 2109 2765 luere
2135 2714 2212 2764 dis
2242 2712 2488 2766 ultoribus
2519 2731 2536 2767 :
2568 2713 2654 2765 Ita
2695 2730 2775 2768 res
2813 2713 3060 2765 secundas
3091 2728 3234 2764 nemo
3255 2712 3346 2779 ja-

1773 2791 1927 2835 ctaret
1960 2783 2143 2835 malm.
2177 2783 2496 2835 Claudianus
2537 2798 2667 2835 vero
2712 2786 2766 2835 in
2814 2783 2909 2832 hac
2951 2782 3144 2831 mentis
3175 2781 3342 2843 agita-

1775 2852 1914 2904 tione
1942 2868 2036 2920 pro
2067 2852 2239 2903 divina
2292 2852 2620 2916 providentia
2671 2852 2748 2904 sic
2793 2850 3138 2903 Concludehat
3172 2850 3291 2920 libr.
3323 2863 3341 2920 l_

1773 2917 1955 2974 Contra
1992 2920 2258 2984 Ruﬁnum,
2287 2922 2436 2973 initio
2468 2940 2478 2971 :
2521 2921 2736 2973 Abstulit
2776 2919 2913 2970 ltunc
2941 2919 3141 2970 tandem
3172 2917 3343 2979 Ruﬁni

1774 3007 1917 3058 paena
1945 2989 2232 3053 tunmltum,
2267 2989 2581 3054 Absolvitque
2609 2989 2745 3043 deos.
2771 2990 2889 3040 .lam
2912 3005 3008 3041 non
3035 2989 3100 3039 ad
3121 2988 3344 3058 culmina

1775 3055 1941 3111 rerum
1977 3059 2206 3129 Injustos
2236 3062 2445 3113 crevisse
2469 3075 2683 3129 queror;
2709 3057 2957 3112 tolluntur
2985 3059 3037 3109 in
3065 3059 3248 3122 altum,
3279 3055 3344 3109 Ut

1773 3129 1920 3195 lapsu
1949 3131 2174 3195 graviore
2195 3140 2365 3185 ruant.

1843 3199 1967 3252 7l6.
2005 3199 2140 3253 Usits
2175 3199 2328 3264 lmjus
2368 3199 2513 3254 verbi
2565 3198 2804 3252 probatur
2849 3195 3117 3251 exoositns
3162 3203 3241 3248 est
3290 3195 3343 3248 in

1773 3278 1894 3322 nota
1930 3270 1990 3321 :zd
2017 3285 2157 3321 vers.
2191 3268 2274 3322 26.

1842 3338 1966 3392 718.
2012 3339 2290 3391 Errantem
2340 3337 2508 3391 venize
2562 3337 2650 3391 diu
2706 3336 2909 3390 servari
2965 3335 3170 3401 probat.
3220 3333 3344 3400 quia

1771 3410 1964 3476 gaudia
1988 3409 2262 3476 «latendo,
2289 3409 2530 3472 quisquis
2561 3410 2902 3460 convertitur.
2930 3407 3084 3457 Luem
3106 3419 3222 3468 cap.
3257 3419 3342 3476 xv,

1763 3473 1905 3530 vers.
1943 3478 2044 3530 lO:
2075 3475 2158 3528 Ita
2188 3479 2301 3528 dico
2332 3479 2486 3537 vobis,
2539 3479 2782 3545 gaudium
2825 3478 2918 3528 erit
2952 3489 3121 3526 coram
3151 3473 3345 3542 angelis

1765 3547 1861 3600 Dei
1884 3563 2035 3612 super
2057 3562 2160 3598 uno
2189 3563 2450 3615 peccatore
2473 3549 2815 3616 paenitentiam
2844 3553 3043 3615 agente.

1837 3636 1959 3690 7l9.
1986 3636 2219 3688 Primum
2251 3638 2458 3703 quisque
2484 3637 2620 3689 sumi
2652 3644 2824 3700 potest
2861 3651 2956 3700 pro
2985 3633 3342 3699 unusquisque,

1767 3706 1859 3762 sed
1889 3707 2182 3758 secundum
2212 3708 2304 3758 sibi
2349 3708 2558 3774 quisque
2591 3708 2812 3760 medelas
2848 3706 3010 3769 aeripi
3057 3706 3205 3774 debet
3252 3717 3348 3774 pro

1767 3777 2011 3846 quisquis,
2038 3777 2322 3842 quicunque
2341 3773 2366 3839 ;'
2389 3791 2542 3843 quam
2571 3777 3005 3846 signiﬁcationem
3029 3773 3144 3846 ejus
3175 3773 3346 3846 ttnmi:

1770 3842 1852 3900 nis
1883 3846 2193 3899 conﬁrmavi
2226 3847 2273 3896 itt
2303 3842 2593 3897 Comment.
2622 3846 2684 3896 ad
2715 3845 3052 3896 Prudentium
3091 3842 3274 3909 Itymn.
3314 3842 3346 3892 7

1771 3916 1948 3977 Cath.,
1979 3929 2119 3969 vers.
2145 3915 2268 3968 2l6.
2306 3915 2425 3967 llaec
2451 3925 2526 3968 est
2558 3915 2718 3966 altera
2744 3916 2878 3966 ratio
2907 3929 3002 3964 cur
3023 3911 3197 3965 brevis
3215 3926 3344 3962 cen-

1771 3986 1934 4040 senda
1959 4000 2061 4036 non
2087 3995 2165 4036 est
2199 3999 2364 4045 mora,
2392 3999 2509 4049 qua!
2539 3985 2733 4036 erranti
2762 3982 3089 4040 cenet-ditur,
3118 3981 3236 4046 quia
3271 3979 3346 4032 fa-

1771 4057 1888 4111 cilis
1911 4066 1990 4108 et
2022 4055 2348 4122 paenitentia,
2381 4069 2442 4106 at:
2473 4055 2643 4120 spatio
2672 4052 2921 4118 temporis
2946 4050 3348 4122 exiguoperagi

1774 4135 1964 4194 potest,
1996 4121 2194 4177 scilicet
2226 4140 2347 4177 cum
2377 4124 2794 4190 supernaturalis
2813 4122 2994 4189 gratias
3023 4121 3182 4172 auxili
3209 4142 3240 4172 ι.

1843 4215 1965 4267 720.
2000 4213 2285 4266 Arbitre'ur
2311 4222 2392 4265 est
2411 4213 2703 4264 arbitrando
2725 4213 2817 4263 sibi
2839 4219 3048 4274 quarat,
3071 4209 3346 4276 adiudicat.

1773 4285 2044 4351 expendat.
2077 4283 2178 4336 Pro
2202 4285 2412 4346 requirit
2441 4285 2635 4335 rectius
2667 4295 2791 4348 puto
2813 4281 3087 4349 relinquit."
3124 4294 3350 4351 nature-

1773 4355 2034 4424 quirimus
2055 4369 2170 4420 qum
2193 4353 2379 4424 abesse
2405 4369 2544 4418 :r-gre
2572 4352 2809 4404 t'crinms.
2850 4351 3124 4424 Sententia
3163 4350 3348 4424 eadem

1775 4419 1854 4478 est
1885 4439 1945 4475 ac
1970 4419 2106 4476 vers.
2140 4423 2264 4482 656,
2311 4423 2398 4476 Sic
2437 4439 2553 4474 reus
2595 4431 2640 4472 et
2677 4423 2868 4472 veniam
2907 4419 3081 4470 sceleri
3120 4420 3206 4468 sub
3234 4431 3351 4467 trace

1775 4493 2231 4546 meretur.Cnnler
2273 4495 2432 4545 etiam
2472 4494 2559 4543 lib.
2607 4505 2684 4550 ιη.
2727 4505 2863 4542 vers.
2898 4490 3002 4540 240
3038 4503 3149 4552 seq.
3202 4486 3350 4536 Isaia:

1775 4577 1891 4628 etp.
1921 4579 2054 4623 xxx,
2088 4579 2226 4614 vers.
2261 4563 2362 4614 19τ
2395 4561 2611 4612 Ploraus
2643 4575 2949 4628 nequaquam
2973 4556 3233 4628 plot-ubis;
3255 4555 3352 4604 mi-

1774 4625 1948 4685 serans
1972 4633 2282 4684 miserebitur
2300 4633 2403 4682 tui:
2423 4632 2491 4680 ad
2515 4645 2679 4681 rorem
2703 4625 2937 4678 clamoris
2963 4626 3058 4687 tui,
3096 4625 3264 4675 statim
3294 4630 3350 4674 ut

1699 4715 1746 4772 D
1773 4705 2008 4764 audierit,
2033 4700 2352 4772 respondtbit
2371 4700 2488 4772 tibi.
2513 4698 2788 4772 Fabricius
2821 4700 3187 4772 incomtnent.
3221 4708 3346 4772 poe-

1774 4782 1872 4825 lar.
1905 4762 2123 4823 Christ:
2153 4771 2382 4822 advertit
2432 4769 2689 4821 Alcimum
2723 4765 2774 4817 in
2817 4766 3018 4816 arbitris
3058 4762 3345 4814 secundum

1773 4841 2119 4908 produxisse:
2153 4839 2243 4891 sed
2275 4853 2396 4891 cum
2427 4845 2567 4890 muta
2599 4835 2872 4908 ctliqnida
2901 4841 3211 4908 sequantur,
3232 4831 3347 4908 iure

1768 4903 1866 4963 suo
1891 4927 2015 4964 usus
2042 4921 2122 4963 est
2152 4909 2419 4974 Alcimus,
2448 4922 2552 4976 quo
2581 4905 2768 4959 eodem
2801 4906 2851 4957 itt
2882 4905 3152 4956 arbitretur
3181 4903 3348 4954 utitur

1769 4981 2104 5033 Dracootius.

1839 5051 1960 5104 72L
1990 5050 2094 5104 Sed
2121 5049 2219 5103 hoc
2245 5049 2363 5102 loco
2389 5061 2484 5116 pro
2505 5057 2667 5100 tamen
2701 5045 2914 5114 ponitur
2939 5042 3166 5097 notanda
3187 5038 3348 5108 signi-

1767 5121 2034 5173 ﬁcaﬁone.

1848 5191 1968 5242 722.
1999 5189 2195 5242 Confer
2224 5202 2368 5241 vers.
2391 5184 2882 5241 686.Tertullianus
2910 5183 3001 5236 lib.
3025 5198 3063 5246 ι,
3082 5179 3348 5251 Oppressi:

1775 5261 1971 5312 retziam
2003 5261 2125 5310 dare
2148 5268 2433 5328 promptus,
2465 5257 2654 5328 soluere
2678 5256 2883 5328 tinctos.
2915 5253 3050 5328 Psal.
3083 5265 3257 5310 ωειλ-ι,
3291 5265 3342 5301 v.

1778 5331 1848 5383 6:
1881 5323 2181 5393 Suscipien's
2224 5336 2505 5379 mansuetos
2548 5324 2824 5385 Dominus,
2867 5323 3139 5373 humilians
3180 5330 3347 5393 autem

1777 5391 2060 5466 peccatores
2083 5413 2237 5465 usque
2260 5400 2326 5448 ad
2351 5407 2552 5449 terram.
2592 5394 2720 5447 Vide
2759 5395 2916 5447 etiam
2939 5396 3198 5444 cant'cum
3231 5391 3350 5443 Dei-

1779 5484 1916 5538 par:e
1950 5467 2270 5538 Magniﬁcat.

1850 5538 1972 5591 725.
2007 5526 2146 5590 Psal'.
2174 5551 2334 5600 θην,
2366 5552 2418 5590 v.
2451 5537 2481 5589 7
2511 5553 2523 5587 :
2566 5532 2812 5586 Dominus
2839 5530 2985 5583 solvit
3013 5526 3344 5593 compeditos.

1848 5629 1972 5682 724.
2024 5628 2342 5682 Prudentius
2382 5627 2433 5681 in
2484 5625 2692 5696 praefat.
2733 5623 2945 5696 Psyclt.,
3000 5621 3183 5696 Attrita
3223 5618 3349 5696 boiis

1779 5701 1930 5823 colito,
1959 5707 2013 5752 ct
2045 5698 2225 5768 ltymn.
2266 5699 2288 5751 1
2333 5689 2546 5764 Perisi.,
2593 5697 2773 5748 Attrita
2804 5689 2944 5746 'rctla
2983 5691 3218 5762 gravibus
3251 5689 3368 5776 cire_

1782 5786 1839 5822 ru
1867 5785 1927 5822 ts.
