3902 6330
91 402 195 458 "853

1284 397 1565 455 CARMEN
1607 399 1695 454 DE
1736 397 1894 456 DEO.
1938 399 2066 457 LIB.
2108 399 2178 454 ll.

3230 395 3335 456 835

260 512 442 567 Pastus
483 516 536 566 et
562 509 807 573 indutus,
870 508 1062 577 vidum,
1107 510 1339 578 pupillus
1392 523 1444 565 et
1489 527 1649 579 :rger,
1682 519 1729 573 Α
1757 514 1858 568 765
1932 513 2082 578 Quod
2107 510 2291 565 voluit.
2326 508 2431 563 Nos
2456 508 2603 562 tuiba
2637 523 2795 575 rapax
2822 508 3089 564 calcamus
3111 523 3329 579 egenos.

104 600 196 656 755
261 602 322 655 Et
357 599 607 655 defensus
651 600 805 668 inops
842 599 995 668 plus,
1036 614 1193 669 quam
1239 600 1378 665 scis,
1411 616 1652 671 quaerere

1314 690 1578 760 [poSsunL

328 780 587 844 Vestibus,
620 779 894 847 expensis,
937 779 1109 845 epulis
1147 778 1215 833 de
1245 796 1392 834 more
1428 781 1649 834 Tabitha

246 869 600 935 ~Expondebat
621 884 770 937 opes,
806 869 1018 923 miseris
1044 868 1294 923 alimenta
1325 871 1649 924 ministmns.

257 961 497 1031 Nunquid
536 960 600 1013 ad
624 975 884 1014 annorum
915 976 1193 1014 numerum
1217 963 1511 1026 cuicunque
1539 977 1653 1015 mo-

762 1062 765 1065 '
845 1040 859 1052 ’
1412 1054 1580 1121 [desta

257 1142 485 1207 Addidit,
509 1150 561 1196 et
587 1142 746 1195 vitam
789 1142 1001 1211 longum
1033 1142 1279 1211 produxit
1311 1144 1359 1195 in
1401 1133 1614 1196 tivum?

96 1235 194 1290 760
262 1235 322 1288 Et
356 1236 549 1288 meruit
573 1243 745 1288 tamen
781 1235 890 1301 ipsa
924 1234 1255 1302 jac‘ens‘post
1283 1236 1461 1288 funera
1490 1236 1650 1287 vitain

261 1324 517 1379 Amissum
560 1338 808 1391 reparare
857 1338 1027 1387 suam,
1063 1325 1372 1377 testantibus
1418 1326 1545 1389 illis,

244 1413 413 1481 ‘Queis
476 1414 719 1482 proprias
760 1411 1023 1466 lundebat
1071 1428 1200 1481 opes
1250 1415 1497 1467 miserata
1560 1428 1649 1466 ro-

1322 1503 1578 1572 [gnatum

244 1589 435 1646 Petrus
457 1592 599 1646 enim
638 1590 871 1645 medicus
908 1591 1098 1655 iuerat,
1137 1592 1398 1645 medicina
1425 1604 1653 1646 catervae

255 1682 409 1751 289
432 1682 769 1750 Paupertatis
791 1689 971 1745 erant;
1003 1680 1150 1734 caelis
1175 1682 1398 1734 estorsit
1419 1692 1651 1751 egestas,

1933 600 2373 667 Cunl'erimusque
2404 599 2533 651 nihil
2571 617 2581 650 :
2619 599 2794 651 forsan
2827 598 3120 665 Spolianius
3150 601 3294 653 avari

1936 692 2271 758 Pauperiem,
2293 691 2335 742 si
2363 688 2497 741 forte
2522 690 2653 741 lerat
2677 688 3028 755 quodcunque
3055 691 3332 754 decorum,

1936 784 2314 851 Exspectamus
2346 782 2538 844 adhuc,
2569 780 2660 834 det
2688 794 2886 847 pauper
2917 782 3071 834 xenia
3103 798 3135 834 n
3161 782 3255 834 diis
3277 820 3295 849 ,

1937 873 2136 926 All‘erat
2161 881 2213 923 et
2236 870 2463 939 praedam
2496 872 2669 938 potius
2695 888 2706 921 :
2728 871 2795 924 'de
2826 871 2999 924 nobile
3030 886 3229 937 pauper

1760 961 1863 1016 770
1936 962 2052 1016 Jain
2077 963 2235 1015 modo
2257 962 2408 1016 dives
2428 971 2567 1029 eget,
2591 961 2673 1013 cui
2697 961 2903 1013 confert
2928 962 3098 1028 indiga
3121 961 3331 1024 dextra,

1928 1052 2091 1123 290
2121 1052 2233 1105 Non
2264 1052 2363 1105 sibi
2404 1051 2741 1114 mendicans,
2773 1053 2908 1118 quod
2942 1043 3118 1103 diviti.
3148 1054 3331 1105 usibus

3063 1140 3253 1211 [addiL

2001 1230 2262 1300 Quidquid
2287 1245 2503 1300 agamus
2521 1231 2584 1284 ad
2605 1230 2719 1284 tunc
2740 1230 2981 1293 sceleris,
3004 1230 3329 1300 fraudisque,

2354 1338 2357 1341 ’
3025 1322 3261 1392 [dolique

1797 1400 1808 1443 ³
1935 1412 2205 1480 Supplicio
2235 1412 2474 1479 dignum,
2505 1410 2682 1465 dilTeit
2711 1413 2897 1479 punire
2929 1413 3221 1483 benignus,

1939 1501 2027 1567 Ut,
2057 1502 2101 1555 si
2132 1502 2406 1570 poeniteat,
2441 1503 2606 1571 magis
2640 1502 2912 1571 indulgere
2944 1514 3189 1572 paratus;

1760 1591 1866 1648 775
1938 1593 2040 1660 Qui
2081 1594 2204 1648 facit
2250 1594 2516 1663 angelicas
2565 1595 2778 1649 ﬂamma
2833 1598 3099 1666 crepitare
3145 1596 3337 1651 cohor-

3136 1687 3260 1758 [tes.

1338 1814 1724 1870 SClthTURA
1765 1798 1919 1870 COD.
1964 1814 2123 1869 var.

164 1925 273 1980 755.
326 1924 483 1994 Inops
534 1924 649 1995 plus
691 1941 845 1987 quam
894 1941 1042 1977 suum
1094 1939 1318 1994 querere
1355 1939 1376 1977 :
1420 1924 1647 1978 obscure
1685 1926 1728 1984 Β

108 2010 251 2063 quam.

165 2064 269 2117 756.
296 2064 486 2127 Epulas
516 2064 579 2116 de
603 2073 765 2117 morte
792 2063 985 2117 davita.

163 2134 272 2203 757.
303 2135 364 2187 Ε.
397 2151 526 2203 opus
556 2151 623 2185 m.
1007 2190 1016 2199 .

164 2202 271 2273 758.
301 2200 566 2271 Scriptum
591 2212 808 2269 apparet
832 2218 1090 2271 nunquam
1117 2216 1212 2273 pro
1239 2200 1485 2270 nunquid.

164 2271 273 2325 762.
306 2274 402 2337 Qui
438 2276 697 2343 proprias.

1830 1922 1952 1974 767.
1998 1922 2259 1983 Decorem,
2291 1937 2449 1990 supra
2482 1924 2739 1977 decorum.

1828 1992 1952 2044 768.
1994 1992 2177 2043 Adhuc
2199 1995 2261 2044 de
2285 2009 2505 2061 paupere
2532 1996 2665 2046 sevia
2688 1994 2829 2048 nobis
2856 2010 2874 2049 .'
2897 2012 3000 2051 non
3029 2013 3172 2054 ctare
3194 2018 3326 2069 pau-

1762 2077 1952 2208 Ρ
1996 2130 2185 2208 rigeret
2212 2143 2258 2183 et
2284 2131 2458 2199 prada
2488 2133 2709 2208 potiatur
2728 2134 2789 2208 de
2815 2136 2979 2191 nobile
3008 2153 3220 2208 pauper.

1829 2200 1950 2253 771.
1994 2200 2243 2281 [{iritibus
2271 2216 2283 2251 :
2313 2209 2614 2256 correctum
2645 2204 2829 2257 divitis.

1597 2378 1828 2436 NOTAE.

110 2504 285 2562 peccato
308 2505 353 2549 et
376 2512 407 2548 a
429 2503 593 2547 morte
619 2495 818 2549 liberat.
850 2494 1129 2565 Orationes
1152 2510 1436 2565 pauperum
1471 2509 1645 2562 quan-

110 2576 198 2617 tum
223 2568 435 2631 prosint,
467 2564 702 2634 explicat
724 2565 1134 2635 Chrysostomus
1159 2564 1416 2617 hornilﬁl
1448 2567 1497 2616 in
1523 2580 1644 2631 cap.

109 2646 150 2687 ix
178 2636 284 2688 Act.
314 2636 542 2699 apostol.

166 2705 275 2758 755.
324 2704 481 2757 Forte
533 2702 647 2757 plus
677 2720 828 2757 ouant
868 2703 982 2764 das.
1024 2703 1234 2757 reddere
1271 2715 1509 2771 possunt,
1563 2703 1647 2757 vel

110 2772 205 2839 plus
224 2789 364 2840 quant
394 2776 487 2826 vis.

168 2842 279 2897 756.
312 2842 463 2896 Forte
488 2841 743 2911 Vestibus,
770 2852 817 2895 et
843 2844 1043 2905 tunicis,
1073 2842 1234 2911 epulis
1256 2858 1317 2895 ev
1339 2844 1452 2893 Act.
1472 2849 1644 2907 apost.

111 2924 207 2977 cap.
237 2928 303 2971 ts,
334 2928 471 2965 vers.
499 2914 570 2967 59
598 2930 608 2962 :
641 2910 704 2964 Et
731 2910 1159 2965 circumsteterunt
1191 2911 1337 2964 illum
1380 2911 1457 2979 (Pi
1480 2916 1648 2977 trum)

112 2995 255 3034 omnes
274 2981 431 3034 vidua:
457 2986 657 3050 ﬂentes,
705 2991 749 3034 et
776 2983 1088 3034 ostendentes
1110 2984 1153 3034 ei
1179 2984 1373 3050 tunicas
1387 2990 1440 3050 Aet
1468 2990 1641 3046 vestes,

111 3065 211 3117 quas
237 3052 442 3117 faciebat
457 3048 571 3104 illis
595 3051 806 3103 Dorcas.
831 3053 903 3104 De
932 3051 1142 3103 nomine
1167 3048 1354 3103 Greece
1372 3048 1639 3113 Dorcadis,

112 3120 435 3184 quae'l‘abitlia
465 3119 723 3174 llebraice
767 3132 1003 3184 vocatur,
1058 3121 1174 3173 vide
1213 3121 1473 3171 Gilauiutn
1527 3121 1636 3170 luil.

112 3186 294 3241 Lucret.
336 3192 499 3245 verbo
554 3188 770 3242 Dorcas.
812 3192 1011 3245 Similis
1053 3190 1357 3241 mutationis
1401 3189 1642 3252 exempla

111 3260 243 3310 etiam
273 3274 405 3311 nunc
432 3270 557 3312 sunt
590 3260 639 3310 in
673 3275 791 3319 usu,
820 3270 874 3311 ut
895 3275 1012 3312 cum
1042 3260 1381 3324 Quercetanus
1411 3260 1641 3322 appella-

108 3334 181 3378 tur
200 3328 240 3397 is
257 3328 639 3397 quillispanice
662 3328 853 3383 dicitur
883 3328 957 3382 De
985 3330 1035 3381 la
1058 3330 1259 3391 encina,
1290 3340 1381 3380 aut
1406 3327 1646 3393 Silis-eus,

111 3397 181 3462 qui
202 3395 443 3467 “Guigeno.

169 3464 275 3517 75:).
300 3464 498 3520 Similis
550 3466 758 3532 phrasis
789 3467 881 3521 lih.
924 3482 1003 3529 tu,
1051 3480 1190 3521 vers.
1224 3466 1348 3531 286,
1394 3466 1458 3518 Et
1497 3466 1649 3519 vitam

113 3533 241 3600 longo
262 3541 551 3604 produceret
583 3552 707 3589 sevo.

167 3604 276 3658 761.
308 3605 630 3659 Testantibus
654 3621 748 3673 pro
777 3606 1186 3667 obtestantihus,
1238 3604 1604 3658 invocantibus
1632 3623 1645 3658 :

111 3677 347 3744 autetiam
371 3692 466 3744 pro
491 3678 868 3743 prtesentibus,
904 3674 1329 3729 testiticaiitibus.

170 3742 277 3796 762.
312 3742 501 3797 Arator
538 3746 679 3800 lili.1
725 3746 792 3798 de
828 3745 1015 3799 eadem
1054 3745 1307 3806 Tabittia,
1344 3757 1483 3795 vers.
1523 3744 1646 3810 857,

110 3809 350 3885 llansuras
373 3816 788 3885 [undebat_opes.
830 3816 882 3867 ltt
919 3814 1274 3885 appendit-ed
1314 3813 1377 3865 ad
1409 3809 1647 3885 carmina

111 3881 158 3931 ὃ.
182 3882 368 3936 Damasi
397 3900 516 3952 pag.
550 3883 676 3951 245,
704 3884 829 3935 Hier
856 3884 977 3936 ιηιΙιὶ
1006 3898 1128 3935 cura
1156 3883 1252 3949 fuit
1282 3887 1443 3934 nudos
1468 3881 1646 3933 vestire

113 3957 328 4017 petentes,
384 3953 630 4006 Fundere
678 3954 984 4022 pauperibus
1042 3953 1284 4021 quidquid
1336 3962 1649 4003 concesserat

112 4033 267 4071 αηιηιε.

172 4089 280 4143 7M.
309 4091 394 4143 Vis
423 4090 681 4144 orationis
712 4100 765 4145 et
796 4105 1012 4158 precum
1044 4093 1253 4160 egregie
1279 4105 1550 4155 expressa.
1594 4092 1651 4144 in

113 4160 253 4210 sacris
279 4160 483 4214 Litteris
514 4162 719 4214 similes
745 4173 864 4213 sunt
893 4171 1189 4215 sententiae.
1223 4161 1260 4215 S
1282 4178 1309 4213 c
1340 4161 1499 4213 Exodi
1530 4175 1647 4223 cap.

113 4238 251 4298 xxiii,
286 4246 419 4283 vers.
456 4232 541 4296 10,
587 4232 834 4283 Ilotniiius
867 4232 1025 4298 Moysi
1063 4236 1230 4284 oranti
1261 4232 1469 4284 dicebat
1506 4248 1518 4282 :
1562 4228 1651 4280 Di-

115 4296 231 4349 mitte
258 4315 347 4361 me,
378 4311 431 4352 ut
461 4303 714 4352 irascatur
745 4303 889 4367 [uror
920 4296 1056 4353 meus
1087 4313 1262 4353 contra
1292 4317 1394 4353 eos.
1444 4304 1498 4352 5.
1529 4300 1652 4352 llic-

116 4375 336 4433 roaymus
373 4386 436 4422 ex
480 4370 777 4423 Ezechielis
810 4386 928 4434 cap.
968 4386 1091 4432 xm,
1143 4387 1279 4422 vers.
1325 4371 1381 4431 5,
1434 4370 1649 4435 Colligit,

118 4436 233 4510 {mod
262 4437 347 4489 Dei
372 4442 617 4491 sententia
642 4450 928 4491 sanctorum
959 4442 1185 4505 precibus
1214 4441 1488 4510 frangitur,
1514 4441 1652 4507 quod

118 4498 159 4552 iu
183 4518 451 4559 comment.
481 4509 548 4559 ad
583 4524 703 4561 eum
738 4510 805 4560 lo.
826 4525 909 4560 um
942 4498 1166 4563 nervose
1194 4498 1490 4562 conﬁrmat.

1672 3228 1721 3290 C

175 4572 284 4646 765.
306 4576 582 4630 Salvianus
613 4592 760 4630 more
787 4593 882 4629 suo
907 4577 1019 4630 hinc
1048 4581 1113 4631 ita
1140 4580 1370 4646 graviter
1397 4579 1656 4631 declamat
1691 4588 1735 4646 [)

118 4639 150 4691 Ι.
176 4656 215 4693 tv
251 4645 311 4698 de
336 4646 551 4699 Provid.
589 4664 602 4699 :
647 4647 1051 4716 Quatusquisque
1091 4639 1221 4718 enim
1257 4652 1358 4718 jux
1381 4666 1410 4699 α
1455 4649 1654 4699 divitem

121 4723 283 4787 pauper
309 4728 392 4766 aut
422 4719 671 4782 intactus,
710 4727 796 4767 aut
833 4728 967 4769 tutus
995 4720 1102 4769 est?
1134 4717 1193 4771 Si
1220 4717 1421 4785 quidem
1448 4733 1657 4785 persua-

120 4782 283 4858 sionibu
321 4795 728 4858 Aprwpotentum,
759 4794 845 4858 aut
887 4803 978 4837 sua
1010 4782 1239 4839 homines
1269 4782 1532 4849 imbecilli,
1566 4796 1655 4837 aut

121 4856 243 4920 etiam
264 4856 442 4920 seipsos
464 4872 579 4906 cum
602 4856 705 4907 suis
728 4857 873 4919 pariti
891 4871 916 4906 r
937 4858 1189 4919 amittunt,
1214 4865 1267 4908 ut
1288 4873 1386 4907 non
1409 4858 1656 4908 immerito

122 4916 172 4967 de
207 4916 411 4990 utrisque
451 4927 681 4993 persbnis
724 4916 865 4976 sacer
906 4941 1066 4977 sermo
1113 4916 1319 4979 testatus
1360 4936 1422 4978 sit
1465 4928 1654 4993 (laccli.

122 4998 161 5035 c.
190 5003 287 5052 χιιι,
318 4992 457 5046 vers.
477 4994 590 5059 25).
634 4992 845 5046 Venatio
868 4995 1025 5047 leonis
1057 5012 1200 5063 onagi
1220 5012 1245 5047 r
1280 4998 1333 5047 in
1360 5012 1548 5053 eremo.
1583 4998 1657 5047 sic

121 5069 280 5133 pascua
318 5073 427 5114 sunt
466 5066 680 5115 divitum
724 5079 991 5133 pauperes.
1046 5066 1288 5129 Quamvis
1338 5065 1655 5132 tyrannidem

122 5121 231 5202 llam:
260 5146 350 5183 non
372 5149 617 5201 pauperes
643 5121 859 5196 tan'tum',
891 5136 979 5185 sed
1002 5121 1129 5201 pene
1164 5121 1459 5186 universitas
1490 5137 1655 5202 patin-

124 5199 190 5271 ειυς
206 5199 390 5271 generis
417 5199 652 5256 humani.
688 5204 824 5265 Quid
852 5204 983 5254 enim
1003 5199 1233 5255 omnium
1264 5204 1407 5256 aliud
1438 5199 1656 5271 dignitas

124 5264 370 5342 sublimium
391 5288 537 5341 quam
562 5264 862 5339 proscriptio
892 5274 1187 5325 civitatum?
1221 5276 1320 5326 Aut
1350 5274 1472 5342 quid
1491 5264 1654 5326 "aliud

123 5338 419 5410 quorumdam
444 5338 568 5407 quos
590 5351 729 5393 taceo
756 5346 1055 5409 pra-fectum
1075 5360 1227 5410 quam
1254 5338 1462 5410 paeda?
1494 5344 1659 5396 Nulla

124 5404 334 5517 sayluidem
373 5404 539 5479 major
566 5425 633 5462 est
670 5404 1097 5478 pauperculoruni
1143 5404 1298 5479 (foi-ie
1329 5414 1655 5481 populorum)

156 5478 413 5517 (nonulmin
452 5496 603 5517 annm
651 5491 870 5517 ηιιιοιηη
952 5482 1071 5517 lli-rs
1123 5484 1382 5517 ml.tinnn.-
1433 5485 1654 5517 ηιιιιιηιιι

127 5478 413 5587 εξξίρῐξῖιαιὶο
452 5496 605 5549 quam
649 5491 893 5551 potestas.
941 5482 1072 5535 Alia:
1123 5478 1403 5536 editiones,
1431 5478 1656 5536 multum

154 5555 318 5598 ausnL

185 5608 292 5692 768.
321 5615 409 5668 llic
448 5626 503 5670 et
537 5631 764 5687 sequens
791 5634 973 5674 versus
1014 5620 1331 5676 insanabiles
1371 5622 1655 5675 videntur:

128 5681 436 5760 TCdtcittaIn,
486 5681 939 5760 quze'opportuua
991 5692 1116 5743 mihi
1169 5693 1429 5759 occurrit,
1462 5692 1651 5745 attuli.

128 5743 266 5801 ltitia
291 5743 695 5825 suut'qu'mltbet'
719 5743 940 5815 inunera
978 5762 1108 5816 mitti
1151 5760 1230 5815 sol
1256 5743 1312 5815 tab
1337 5743 1653 5823 abyatnieis,

1753 2512 1781 2548 a
1812 2495 2127 2565 clientibus,
2158 2496 2225 2548 ab
2254 2495 2403 2559 aliis,
2436 2505 2493 2550 ut
2529 2497 2907 2565 videri-potest
2937 2499 2990 2551 iti
3032 2499 3167 2554 libro
3196 2500 3332 2555 Mar-

1757 2565 1917 2627 tialis,
1947 2567 2035 2633 qui
2078 2563 2250 2618 Xenia
2297 2568 2618 2621 inscribitur.
2668 2563 2843 2622 Prima
2888 2570 3064 2624 brevis
3091 2580 3192 2633 est,
3237 2571 3332 2625 sed

1758 2636 2069 2702 producitur
2099 2636 2257 2688 etiam
2290 2650 2318 2687 a
2348 2637 2547 2689 Grircis
2580 2639 2771 2705 poetis,
2803 2648 2855 2690 et
2884 2640 3161 2703 posterio‘ri
3193 2655 3324 2703 tero,

1756 2704 1823 2757 ad
1868 2720 2063 2776 annum
2111 2705 2313 2776 scilicet
2353 2705 2519 2768 1514,
2566 2704 2817 2771 producta
2860 2718 2941 2761 est
2986 2710 3052 2759 ab
3092 2708 3333 2776 Adolplto

1756 2775 1982 2845 quodam
2026 2775 2074 2825 iii
2116 2772 2305 2845 fabulis
2349 2783 2531 2845 contra
2580 2777 3000 2845 mulieres_apnd
3035 2772 3323 2845 Ley-erutn

1760 2844 1956 2895 llistor.
1984 2851 2125 2909 poet.
2153 2842 2291 2894 med.
2313 2845 2409 2895 :cvi
2437 2842 2629 2895 :Xeuia
2652 2846 2810 2895 multa
2835 2843 2982 2897 Paris
3003 2842 3154 2897 casta:
3173 2846 3332 2899 donat

1756 2913 1979 2964 mulieri.
2014 2912 2198 2965 Po~set
2225 2912 2416 2977 cctijiei
2456 2928 2646 2981 pauper
2678 2914 2758 2963 det
2788 2913 2947 2965 serica
2978 2916 3119 2967 nobis
3155 2931 3172 2967 :
3206 2930 3328 2968 nam

1753 2982 1968 3033 sericum
2000 2990 2052 3033 et
2079 2984 2237 3033 serica
2275 2981 2328 3034 in
2369 2982 2561 3049 plurali
2596 2998 2818 3037 numero
2855 2997 2951 3049 pro
2981 2994 3130 3037 veste
3158 2986 3328 3039 serica

1756 3059 2099 3103 usurpantttr.

1821 3120 1944 3174 769.
1978 3121 2089 3172 Non
2122 3119 2313 3182 solum,
2342 3120 2427 3172 ‘ait
2456 3120 2785 3181 Dracontius.
2834 3121 2990 3175 xenia
3025 3137 3051 3174 a
3094 3138 3327 3188 paupere

1750 3194 2001 3257 petimus,
2023 3189 2116 3241 sed
2135 3192 2293 3241 etiam
2321 3192 2570 3252 nubilam;
2597 3192 2715 3255 quia
2740 3192 2930 3245 divites
2961 3193 3095 3243 bona
3128 3206 3326 3258 paupe-

1752 3276 1938 3328 rum,a
1967 3260 2153 3325 quibus
2181 3274 2393 3328 munera
2415 3263 2644 3325 exigunt,
2672 3262 3061 3328 quodammodo
3086 3263 3327 3325 praedan—

1756 3338 1861 3386 tur.
1886 3327 2077 3381 Cicero
2100 3333 2127 3377 ἐν
2156 3329 2207 3380 in
2229 3327 2469 3391 Verrem,
2496 3330 2563 3380 al.
2591 3327 2780 3392 lih.ttt,
2812 3346 2928 3398 cap.
2958 3332 3045 3396 50,
3075 3329 3329 3383 Manimos

1751 3407 1973 3467 qua'stus
2004 3399 2300 3466 prwdasque
2331 3400 2526 3464 fecisse.
2555 3400 2864 3451 Dracontius
2896 3403 3012 3453 illll'.
3045 3416 3119 3464 Ill,
3142 3416 3191 3451 ν.
3221 3400 3325 3453 7’i:

1753 3472 1852 3520 Aut
1882 3468 1963 3531 qui
1985 3469 2151 3539 aliena
2180 3467 2311 3529 rapit
2336 3468 2507 3539 pra’do
2533 3471 3038 3539 temerariusaudaat,
3066 3472 3225 3539 Cujus
3250 3471 3330 3539 [ι.-

1755 3549 1836 3589 cta
1858 3553 2054 3604 gement-
2077 3535 2270 3605 plangit
2292 3536 2541 3607 spoliatus
2570 3552 2752 3607 egenus
2775 3538 2798 3589 ξ)
2825 3537 2897 3589 Hi
2920 3556 3037 3591 nam
3061 3535 3176 3592 sunt
3201 3535 3329 3607 quos

1752 3610 1861 3659 sola
1894 3609 2074 3675 juvant
2109 3606 2333 3657 convivia
2377 3607 2581 3667 prwdan
2632 3605 2760 3673 Cip.
2792 3623 2807 3658 ι
2843 3608 3006 3669 Isaiae,
3054 3605 3325 3662 vcrsﬁ23:

1756 3674 2022 3740 Principes
2066 3676 2141 3727 tui
2185 3674 2438 3747 inﬁdeles,
2481 3677 2602 3747 s_ocii
2634 3675 2803 3747 furum
2838 3692 2857 3728 :
2897 3694 3067 3730 omnes
3112 3679 3329 3747 diligunt

1753 3762 1959 3811 munera
1996 3754 2041 3796 et
2072 3744 2447 3795 retributiones.
2495 3744 2569 3795 De.
2609 3746 2775 3797 xeniis
2807 3761 2931 3797 vero
2964 3749 3009 3797 id
3044 3748 3158 3810 li-ge
3184 3744 3327 3800 eitilt

1754 3824 1969 3867 cautum
2002 3825 2079 3865 est
2112 3814 2169 3865 D.
2202 3813 2318 3865 libr.
2352 3829 2385 3877 t,
2421 3814 2501 3866 tit.
2534 3812 2617 3874 16,
2649 3815 2748 3881 leg.
2778 3814 2810 3867 6
2839 3832 2849 3865 :
2882 3814 2999 3867 Non
3033 3831 3147 3866 vero
3168 3818 3218 3866 in
3248 3824 3329 3867 to-

1754 3894 1861 3936 tum
1905 3885 2068 3935 xeniis
2109 3884 2359 3934 abstinere
2390 3882 2582 3935 debebit
2628 3888 2935 3946 proconsul,
2984 3885 3071 3935 sed
3117 3886 3327 3936 modum

1753 3954 2013 4023 adjicere:
2038 3968 2194 4017 neque
2220 3968 2413 4004 morose
2430 3952 2490 4023 in
2519 3962 2678 4004 totum
2700 3953 2969 4018 abstineat,
2993 3970 3151 4023 neque
3177 3970 3330 4006 arare

1756 4022 1960 4075 modum
1987 4024 2251 4074 seniorum
2284 4022 2510 4073 excedat.

2269 4070 2544 4162 .7
2561 4070 2857 4144 Ben’dires
2884 4108 3088 4160 egenus,
3114 4092 3331 4162 Semper

1755 4177 1938 4214 auarus
1968 4161 2133 4229 inops,
2164 4176 2357 4228 pauper
2379 4161 2467 4212 sub
2496 4160 2647 4213 divite
2676 4178 2898 4213 numina.

1834 4231 1955 4284 771.
1990 4229 2213 4283 Pulchre
2243 4242 2293 4281 et
2329 4245 2453 4283 vere
2483 4232 2712 4294 dictum,
2750 4232 2898 4298 quasi
2934 4239 3334 4299 pauperes‘non

1758 4301 1891 4363 sibi,
1933 4301 2024 4353 sed
2058 4299 2342 4363 divitibus,
2389 4299 2476 4365 qui
2523 4301 2697 4352 omnia
2740 4304 2974 4368 undique
3017 4302 3330 4365 conraduiit,

1758 4371 2080 4424 mendiceut.
2119 4370 2212 4423 Vel
2250 4379 2463 4435 propter
2496 4369 2591 4421 lius
2622 4372 2763 4422 solos
2794 4372 3085 4424 versiculos
3117 4371 3332 4436 dignum

1759 4442 1989 4493 maxime
2020 4448 2134 4493 erat
2163 4441 2261 4492 lioc
2285 4440 2548 4492 Dracoiitii
2572 4453 2807 4502 carmen,
2840 4439 2979 4506 quod
3009 4454 3114 4491 non
3144 4440 3334 4492 lateret

1759 4510 1978 4562 diutius.

1835 4580 1958 4631 772.
1991 4577 2161 4645 Aliqui
2189 4578 2281 4629 viri
2310 4577 2449 4629 docti
2483 4578 2779 4640 improbant
2801 4577 3008 4635 ad-harc,
3028 4578 3109 4628 vel
3133 4576 3330 4640 adha'c,

1764 4656 1818 4699 ct
1849 4651 1897 4701 in
1926 4658 1941 4696 t
1969 4649 2199 4706 iceronc.
2233 4648 2513 4707 Sallustio,
2547 4648 2727 4698 Tacito
2757 4658 2808 4699 et
2836 4647 2954 4698 aliis
2984 4645 3217 4712 antiquis
3242 4651 3327 4698 uln

1766 4718 1816 4770 id
1843 4723 2121 4786 reperitur,
2148 4726 2407 4782 reponunt
2428 4717 2614 4768 adhuc.
2661 4716 2764 4769 Sed
2790 4731 2908 4767 cum
2928 4717 3123 4786 optima
3152 4730 3335 4767 exem-

1767 4784 1930 4853 plaria
1963 4787 2245 4838 exhibe-tit
2280 4786 2346 4834 ad
2375 4786 2502 4846 liter,
2542 4795 2738 4837 temere
2767 4786 2815 4837 id
2847 4784 3135 4835 mutabitur
3166 4786 3217 4837 in
3242 4786 3337 4836 ad-

1766 4858 1883 4908 huc.
1908 4856 2138 4908 CoiiSnIe
2163 4853 2409 4906 Vossium
2437 4855 2503 4906 de
2532 4854 2753 4917 Analog.
2785 4854 2819 4906 Ι.
2850 4869 2919 4913 tv,
2947 4868 2996 4906 c.
3025 4853 3112 4906 2i.

1837 4926 1958 4978 775.
1987 4925 2276 4978 Clementia
2300 4923 2411 4984 Dei,
2441 4923 2759 4991 supplicium
2791 4922 3103 4989 dillereutis,
3132 4923 3248 4977 aliis
3280 4923 3333 4977 in

1765 4996 1895 5049 lOCis
1928 4996 2135 5048 laudata
2168 5004 2270 5055 est,
2303 5000 2359 5044 ut
2392 4994 2426 5044 Ι.
2458 5008 2492 5051 ι,
2528 5009 2665 5045 vers.
2688 4994 2755 5047 ’5η
2787 5003 2840 5046 et
2868 5008 3019 5061 seqq.

1835 5066 1958 5118 771.
1989 5066 2144 5118 Forte
2167 5064 2257 5126 Ac,
2287 5065 2328 5113 si
2353 5063 2608 5129 paeniteat.
2656 5064 2790 5115 tiens
2822 5072 2975 5117 vocat
3003 5061 3243 5115 homines
3267 5062 3333 5114 ad

1762 5136 2154 5204 pmiiitentiam,
2194 5136 2312 5199 quia
2350 5148 2450 5183 non
2490 5136 2600 5184 vult
2630 5142 2855 5186 mortem
2887 5132 3206 5196 peccatoris,
3237 5133 3330 5186 sed

1764 5206 1931 5268 magis
1964 5212 2020 5255 ut
2053 5211 2392 5255 convvrtatur
2423 5210 2475 5254 et
2505 5207 2666 5255 vivat.

1832 5275 1955 5327 775.
1990 5274 2205 5326 Bonitas
2235 5272 2322 5323 Dei
2369 5287 2489 5339 erga
2527 5273 2767 5326 homines
2796 5272 3154 5325 commendari
3186 5270 3336 5325 vide-

1763 5354 1869 5406 tur,
1903 5344 2041 5412 quod
2083 5358 2175 5396 eos
2213 5344 2275 5393 ad
2320 5343 2682 5407 paenitentiam
2730 5343 2910 5395 invitet
2945 5353 2992 5394 et
3039 5350 3333 5412 exsiiectijt,

1764 5430 1882 5467 cum
1923 5411 2094 5464 malos
2134 5414 2350 5479 angelos
2396 5428 2447 5464 ltt
2497 5423 2750 5463 a-ternutn
2800 5414 2969 5475 ignem
3017 5411 3331 5475 conjecerit.

1770 5484 1899 5538 Vide
1928 5497 2068 5536 vers.
2103 5484 2202 5534 t7”
2232 5497 2285 5534 et
2313 5496 2405 5548 seq
2430 5498 2486 5539 με
2520 5479 2649 5531 Inde
2698 5482 2855 5549 magis
2886 5496 3025 5532 mens
3052 5498 3223 5532 nosira
3250 5496 3338 5530 rea

1766 5564 1857 5616 est,
1896 5552 2032 5622 quod
2062 5567 2209 5619 pinna
2246 5561 2413 5602 secuta
2443 5560 2511 5603 est
2538 5550 2622 5603 Ca:
2645 5561 2769 5603 estes
2800 5552 3037 5622 famul-iis.
3085 5550 3341 5622 (,irepitare

1766 5620 1976 5691 ﬂaiiinta
1997 5637 2091 5689 pro
2123 5623 2466 5691 ardweﬂcum
2506 5622 2553 5673 al
2577 5636 2682 5687 quo
2704 5623 2900 5673 sonitu.
2949 5620 3188 5691 Tibullus
3222 5621 3255 5691 l_.
3282 5634 3341 5680 tt,

1756 5688 1895 5760 eleg.
1923 5694 1975 5752 5,
2004 5688 2152 5744 vers.
2182 5690 2273 5743 8|:
2307 5688 2373 5742 Ut
2398 5705 2638 5742 succensa
2668 5692 2824 5743 sacris
2850 5690 3056 5759 crepitet
3084 5689 3208 5741 bene
3231 5689 3343 5741 latt-

1755 5778 1843 5816 rea
1859 5761 2104 5833 ﬂammis.
2132 5761 2333 5815 Plinius
2364 5759 2397 5812 Ι.
2424 5774 2581 5829 xxxi,
2613 5774 2710 5829 cap
2756 5762 2808 5828 7,
2834 5760 2899 5816 de
2931 5759 3041 5816 sale
3063 5760 3345 5830 Tragasazo
