3902 6330
105 389 192 448 841

1256 370 1537 429 CABMEN
1576 368 1668 427 DE
1704 368 1861 427 DEO.
1906 367 2037 426 LIB.
2080 367 2166 424 111.

3244 365 3352 423 8η
3384 436 3387 437 ,

262 492 517 553 Omnibus
545 487 823 556 adversus,
852 485 1061 560 populis
1087 485 1386 542 insontibus
1417 485 1606 541 hostis.
1688 498 1744 558 Α
1766 486 1834 543 50
1942 485 2048 541 Nos
2078 481 2320 554 exempla
2352 480 2544 538 docent
2570 480 2808 536 damnati
2834 479 3033 545 divitis,
3061 481 3249 549 ingens

269 587 397 643 Nam
409 598 501 640 sua
516 582 708 637 damna
723 589 879 636 vocat
896 578 1077 635 mundi
1092 578 1405 648 compendia
1423 579 1667 648 pulchra,

271 681 352 737 Nil
374 678 559 749 opibus
582 676 815 747 propriis
834 688 1150 745 quacunque
1171 689 1235 730 ex
1259 682 1409 742 parte
1433 674 1668 729 minutis.

276 771 601 828 Exstinctam
614 769 891 823 doletesse
908 766 1121 829 famem,
1137 767 1272 821 bene
1289 765 1439 821 dives
1451 780 1672 835 egenus,

112 872 174 928 40
274 868 496 936 Semper
517 878 715 919 avarus
735 861 912 931 inops,
934 874 1139 930 pauper
1159 859 1259 914 sub
1274 858 1435 914 divite
1457 872 1676 914 nummo

277 958 507 1023 .Estuat,
539 965 590 1010 et
617 964 799 1010 custos
827 952 989 1007 alieni
1018 952 1179 1018 ruris,
1213 958 1267 1006 et
1290 951 1425 1017 auri,

280 1049 486 1107 Judicio
514 1047 698 1118 punita
731 1059 830 1100 suo
858 1057 1012 1099 mens
1037 1056 1253 1111 semper
1280 1056 1438 1095 avara

280 1142 373 1194 Dat
398 1152 602 1209 pinnas,
635 1136 795 1191 animi
821 1149 939 1204 qua:
967 1132 1149 1188 sedem
1180 1133 1556 1198 nescigamare
1587 1146 1602 1188 :

278 1229 437 1302 298
460 1227 635 1297 Diligit
655 1225 944 1289 baeredem,
960 1223 1046 1280 cui
1068 1231 1249 1279 servat
1268 1230 1457 1276 cuncta
1483 1221 1674 1277 ﬁdelis.

120 1324 179 1379 15
348 1321 454 1375 Nec
478 1319 614 1375 bona
640 1316 923 1389 praesentis
951 1313 1039 1368 hic
1069 1322 1270 1368 tantum
1304 1313 1529 1382 perdere
1554 1314 1697 1367 vitie'

275 1411 548 1481 Contingit
568 1408 782 1464 miseris
812 1424 826 1461 :
854 1404 1084 1477 perdunt
1106 1405 1241 1459 bona
1267 1412 1453 1459 cuncta
1482 1403 1679 1461 futura.

276 1501 519 1574 Nunquid
548 1499 657 1556 eris
686 1498 828 1570 pius,
859 1499 997 1553 alme
1030 1497 1189 1563 Deus,
1217 1495 1325 1566 jam
1362 1506 1534 1551 morte
1567 1510 1686 1563 per-

1372 1586 1612 1657 [empto?

285 1690 356 1744 Illi
380 1688 600 1758 quippe,
629 1683 797 1754 magis
825 1684 913 1752 qui
946 1680 1187 1752 proditur
1217 1678 1412 1749 impius
1449 1679 1501 1733 in
1532 1694 1611 1746 se,

281 1782 348 1838 Et
375 1781 501 1848 sibi,
531 1778 614 1835 vel
639 1776 844 1833 cunctis
872 1774 1059 1829 solatia
1091 1782 1199 1828 tota
1228 1772 1474 1844 negavit?

1950 577 2203 647 Pauperis
2226 586 2279 630 et
2298 576 2527 645 requies,
2549 576 2635 644 qui
2659 584 2776 645 post
2792 589 2886 629 sua
2910 573 3148 629 membra
3169 572 3356 630 beatus

1950 671 2179 729 Abralue
2211 678 2457 739 portante
2485 668 2604 723 sinu
2634 683 2729 736 per
2756 667 2914 723 saecla
2947 666 3198 736 quiescit.

1955 764 2115 837 299
2146 760 2335 816 Divitis
2365 760 2612 816 exstincti
2642 766 2904 814 tormenta
2928 766 3206 828 exspectat
3232 772 3359 827 ege-

3134 847 3287 920 [stas,

1957 945 2302 1015 lmmitesque
2329 943 2445 999 vias
2472 942 2675 997 alterna
2708 950 2851 997 sorte
2879 939 3143 1010 rependit.

1779 1040 1849 1097 55
1957 1038 2139 1094 Serica
2156 1050 2311 1107 quem
2334 1033 2529 1099 tenuis,
2546 1048 2702 1103 quem
2722 1032 2898 1088 mollia
2917 1032 3022 1086 lina
3042 1029 3358 1102 gravabant,

1963 1128 2063 1197 Qui
2094 1129 2231 1182 solet
2255 1128 2497 1181 aestivum
2535 1124 2787 1179 membris
2815 1122 3129 1177 sudantibus
3156 1132 3359 1178 ostrum

1959 1219 2209 1283 Poscere,
2246 1217 2491 1287 deposito
2522 1216 2824 1269 confractus
2854 1213 3055 1269 murice
3084 1213 3270 1276 denso,

1959 1312 2121 1383 Cujus
2150 1321 2206 1367 et
2236 1312 2287 1367 in
2316 1311 2495 1380 digitis
2523 1325 2627 1363 non
2656 1308 2793 1364 sedit
2814 1307 3045 1363 crassius
3072 1322 3279 1373 aurum,

1962 1406 2030 1461 Et
2055 1404 2183 1459 licet
2216 1403 2423 1472 exiguze
2453 1416 2558 1455 non
2593 1400 2752 1455 ferret
2780 1399 3016 1468 pondera
3045 1413 3292 1468 gemmae,

1786 1499 1854 1555 60
1964 1496 2108 1552 Inter
2132 1494 2447 1549 anhelantes
2475 1501 2737 1547 tormenta
2760 1491 2969 1546 ultricia
3000 1491 3243 1545 ﬂammas

1964 1587 2297 1658 Supplicium
2320 1585 2533 1640 crudele
2565 1584 2717 1639 luens
2748 1590 3013 1639 exazstuat
3042 1582 3259 1649 ardens,

1967 1679 2034 1734 Et
2059 1679 2270 1743 tolerat,
2300 1678 2575 1748 poscitque
2602 1690 2820 1747 rogans,
2851 1674 3072 1731 ardente
3100 1664 3315 1745 palato,‘

1970 1771 2037 1825 Ut
2066 1770 2301 1840 gelidum
2328 1768 2495 1839 digito
2521 1777 2791 1824 mereatur
2820 1768 2997 1839 lingua
3028 1767 3311 1838 liquorem.

1347 1904 1733 1963 SCRIPTUM
1770 1902 1925 1963 COD.
1967 1905 2128 1961 VAT.

184 2038 264 2105 37.
303 2047 465 2100 Vocat
490 2042 791 2112 compendia
815 2039 1049 2113 pulchria
1076 2038 1269 2093 mundi.

184 2122 265 2176 39.
296 2117 566 2171 Exstincto
588 2112 822 2167 modulet’
843 2128 968 2168 esse.
1430 2140 1437 2157 κ

188 2191 265 2246 41.
291 2188 508 2242 (Euam
530 2194 578 2238 et
602 2192 769 2237 custos
792 2183 945 2236 alieni
972 2179 1136 2235 thuris
1155 2180 1333 2233 adoret
1359 2196 1376 2233 :
1402 2180 1548 2249 prius
1567 2189 1684 2236 erat

126 2270 279 2316 esteat
304 2274 398 2325 pro
425 2261 635 2310 (ιε-«ικαὶ.

182 2332 261 2386 45.
293 2322 356 2382 P.
388 2326 653 2394 animique
680 2322 868 2378 sedem.

181 2402 261 2457 M.
291 2399 493 2470 Diligat
521 2394 574 2447 lt.

1715 2041 1763 2102 Β
1860 2040 1947 2111 19.
1982 2040 2110 2094 Tota
2136 2040 2356 2111 negabit.

1860 2110 1949 2165 50.
1977 2111 2096 2165 Non
2125 2108 2353 2178 exempla
2382 2108 2558 2163 decent
2587 2110 2641 2163 d.

1858 2182 1951 2237 55.
1986 2182 2164 2237 Serica
2190 2197 2287 2249 que
2315 2180 2480 2233 tenuis
2507 2181 2644 2248 quod
2674 2196 2744 2233 in.

1860 2252 1949 2306 56.
1985 2251 2325 2317 Membrisque
2351 2249 2675 2304 sudantibus.

1861 2320 1951 2378 59.
1980 2320 2201 2392 Inferret
2228 2335 2246 2375 :
2275 2328 2574 2377 correctum
2604 2322 2774 2390 ferret.

1626 2501 1861 2561 NOTAE.

183 2643 261 2699 39.
288 2641 433 2696 Libr.
467 2654 529 2704 ιι,
564 2652 705 2693 vers.
739 2637 862 2704 770,
884 2636 1005 2690 Jam
1032 2636 1180 2690 modo
1206 2636 1341 2692 dives
1367 2646 1496 2707 eget,
1518 2646 1622 2691 etc.

184 2714 261 2769 10.
296 2711 400 2767 Sub
424 2710 582 2763 divite
612 2724 836 2772 nummo,
861 2716 920 2762 ut
944 2709 980 2762 1.
1011 2724 1048 2774 ι,
1080 2723 1130 2761 v.
1159 2708 1282 2772 517,
1320 2708 1488 2761 divitis
1513 2709 1628 2761 auri
1659 2727 1677 2763 :

126 2784 181 2839 de
200 2798 296 2853 quo
319 2782 564 2853 epitheto
588 2778 695 2833 dixi
724 2778 788 2832 ad
814 2793 937 2853 eum
961 2779 1162 2853 locum.

184 2848 264 2908 l1.
296 2848 556 2919 Distingui
597 2857 769 2914 potest
806 2849 899 2902 sub
935 2849 1088 2902 divite
1125 2863 1349 2919 nummo,
1392 2848 1604 2902 zEstuat
1633 2859 1681 2903 et

124 2936 289 2979 custos.
311 2920 585 2977 Juvenalis
608 2928 710 2974 sat.
742 2921 827 2983 14,
852 2934 991 2974 vers.
1024 2919 1127 2974 502
1157 2937 1169 2972 :
1201 2918 1378 2971 Tantis
1401 2928 1548 2986 parta
1576 2937 1681 2972 ma-

125 2996 176 3047 lis
201 3011 314 3047 cura
331 2994 552 3061 majore,
580 2998 817 3061 uictuque
847 2990 1127 3045 Servantur
1152 3005 1169 3041 .'
1198 2991 1479 3061 miseraest
1514 2992 1682 3060 magni

125 3065 331 3118 custodia
350 3057 556 3116 census.
578 3057 926 3115 Beclesiastes
953 3074 1070 3127 cap.
1100 3074 1173 3123 vr,
1205 3074 1342 3113 vers.
1371 3059 1427 3122 2,
1460 3061 1527 3115 de
1557 3057 1681 3113 ava-

126 3149 213 3188 ro:
239 3134 341 3187 Nec
367 3133 548 3185 tribuit
584 3132 628 3185 ei
670 3139 963 3200 potestatem
999 3131 1130 3183 Deus
1165 3139 1219 3182 ut
1252 3131 1478 3183 comedat
1507 3147 1569 3184 ex
1597 3148 1676 3197 eo,

126 3206 200 3258 sed
218 3205 359 3257 homo
379 3213 653 3256 extraneas
673 3200 867 3253 vorabit
892 3200 1043 3253 illud.
1072 3201 1231 3253 Plena
1258 3210 1339 3255 est
1363 3214 1512 3253 sacra
1537 3201 1677 3257 Scris

127 3286 256 3343 ptura
309 3271 631 3343 liujosmodi
666 3272 957 3343 sententiis
999 3279 1186 3343 contra
1237 3285 1428 3343 avaros
1470 3288 1484 3325 :
1536 3272 1678 3340 pleni

128 3340 414 3412 scriptorum
443 3340 727 3411 gentilium
758 3351 809 3394 et
836 3341 1259 3412 Christianorum
1285 3341 1424 3396 libri.

183 3411 261 3470 43.
290 3415 467 3469 Sedem
500 3412 661 3464 animi
689 3425 840 3464 vei-at
869 3427 1083 3480 corpus,
1107 3411 1248 3478 quod
1290 3426 1475 3468 auiare
1512 3411 1687 3465 nescit

128 3499 313 3550 avarus,
344 3485 432 3554 qui
476 3484 618 3537 bona
657 3495 754 3535 sua
795 3482 995 3537 bmredi
1034 3490 1233 3549 servat,
1264 3497 1385 3537 cum
1422 3484 1536 3551 ipse
1565 3497 1688 3536 sor-

129 3558 232 3610 dide
254 3557 408 3609 vivat.

188 3628 267 3679 44.
305 3632 534 3686 Avarus,
576 3622 666 3690 qui
708 3637 903 3690 corpus
943 3638 1096 3677 suum
1146 3636 1249 3676 non
1285 3622 1475 3691 diligit,
1519 3623 1690 3692 diligit

132 3694 392 3751 hzrredeiu.
418 3693 789 3747 Columbamts
814 3695 864 3748 in
896 3709 981 3760 ep.
1022 3694 1087 3745 ad
1128 3693 1423 3746 lluualdtuu
1454 3709 1519 3747 ex
1556 3695 1686 3747 Dra~

133 3768 291 3820 Cautio
312 3768 421 3819 hiBC
443 3779 461 3819 :
485 3764 703 3816 Divitias
728 3767 1015 3818 cumulans.
1045 3763 1164 3815 dum
1187 3779 1293 3816 sese
1313 3765 1469 3817 nescit
1492 3780 1689 3827 amare,

135 3836 247 3889 Plus
281 3845 412 3887 amat
464 3834 740 3899 lueredem,
782 3845 946 3888 servat
972 3837 1050 3885 cui
1087 3842 1265 3886 cuncta
1303 3835 1486 3897 ﬁdelis.
1533 3834 1587 3887 lit
1628 3836 1685 3889 P.

136 3905 239 3976 Syri
276 3908 464 3968 Minus,
499 3918 645 3956 vers.
688 3909 777 3971 ϐυ,
815 3906 1030 3969 Avarus,
1065 3905 1161 3957 nisi
1202 3920 1318 3956 cum
1356 3915 1588 3971 moritur,
1618 3905 1690 3959 nil

135 3988 247 4030 recte
265 3981 380 4045 facit
390 4018 401 4029 .

187 4044 272 4102 48.
306 4048 524 4119 Impius,
562 4049 662 4103 hoc
705 4056 785 4100 est
825 4044 1228 4119 ςιοράεξιηεηηοιι
1272 4044 1410 4119 pius,
1449 4060 1542 4098 seu
1573 4059 1688 4119 non

130 4118 358 4172 clemens.
388 4113 547 4175 Libr.
582 4138 617 4183 i,
650 4133 785 4171 vers.
818 4115 944 4179 9.77,
972 4113 1143 4179 Impia
1178 4113 1423 4167 terribiles
1452 4115 1688 4185 producit

131 4194 244 4241 terra
271 4187 454 4245 leones.
486 4191 628 4245 Vide
653 4192 801 4245 Elea.
828 4202 966 4239 vers.
994 4189 1082 4238 7U.

190 4205 244 4241 ra
271 4202 454 4245 tsones.
492 4202 525 4245 Υ
544 4202 628 4245 ide
653 4202 801 4308 eleg.
828 4202 966 4239 vers.
1001 4202 1082 4238 lU.

190 4262 269 4315 50.
302 4260 443 4315 Libr.
476 4278 540 4325 ιι,
578 4274 719 4313 vers.
790 4256 877 4312 04.
911 4256 1195 4308 Multorum
1234 4270 1324 4307 nos
1352 4271 1483 4308 saeva
1513 4256 1691 4309 docent

135 4333 340 4401 exempla
368 4335 623 4401 priorum.
659 4331 769 4383 Hoc
857 4341 934 4401 tt_t_,
960 4342 1100 4401 vers.
1126 4326 1214 4392 96,
1240 4325 1456 4401 Abraltte
1477 4327 1689 4401 doceant

134 4399 221 4473 iam
248 4397 332 4453 nos
351 4397 583 4473 exempla
608 4399 852 4473 parentis.
883 4397 1039 4449 Forte
1062 4397 1344 4473 legendum
1371 4398 1546 4473 divitis.
1560 4398 1685 4467 igni.

191 4469 269 4523 51.
297 4467 537 4525 Notanda
563 4467 773 4540 phrasis
797 4475 909 4537 post
933 4484 1025 4519 sua
1056 4468 1298 4530 membra,
1323 4476 1441 4534 post
1461 4467 1687 4531 obitum,

135 4548 236 4604 post
260 4556 390 4595 metu
400 4554 491 4594 bra
522 4546 729 4595 relicta.

193 4610 272 4663 52.
325 4612 546 4666 Videtur
590 4612 833 4677 accipere
872 4609 1042 4660 sinum
1076 4622 1169 4675 pro
1198 4606 1404 4676 gremio
1436 4605 1687 4672 Abrahte,

136 4684 185 4751 tit
205 4681 337 4733 multi
366 4683 661 4751 eitplieant,
690 4685 923 4733 delatqu
958 4678 1120 4751 inis~e
1146 4680 1400 4751 Lazarum
1431 4677 1483 4730 in
1512 4678 1686 4751 sinum

137 4748 353 4815 Abralttn,
382 4748 636 4820 tauquam
667 4751 916 4803 dilectum
948 4750 1113 4820 lilium
1145 4748 1197 4801 in
1238 4754 1388 4800 ulnas
1426 4759 1480 4800 et
1510 4749 1685 4820 sinum

138 4830 295 4889 patris.
338 4818 593 4877 Paulinus
637 4837 810 4889 poem.
856 4820 917 4873 17
965 4819 1029 4871 ad
1074 4819 1334 4889 Nicetaiu,
1366 4833 1507 4870 vers.
1541 4818 1681 4873 lin.:

139 4885 274 4951 Tunc,
302 4909 493 4956 precor,
528 4885 689 4944 nostri
720 4893 931 4942 ttintium
957 4897 1219 4951 memento,
1250 4887 1312 4938 Et
1336 4889 1492 4956 patris
1521 4892 1682 4941 sancti

136 4963 298 5021 gremio
321 4963 635 5025 recumbens,
672 4961 893 5015 Roscida
923 4959 1064 5011 nobis
1090 4959 1250 5028 digito
1290 4958 1540 5026 furentem
1564 4958 1684 5012 Dis-

134 5037 227 5081 cute
267 5034 539 5097 ﬂammam.
590 5033 759 5086 Verba
787 5034 942 5083 Lucae
970 5039 1090 5082 sunt
1117 5044 1234 5092 cap.
1260 5043 1367 5097 xvt,
1399 5044 1539 5081 vers.
1572 5030 1641 5082 ’22
1665 5045 1681 5083 :

137 5096 191 5171 lit
216 5096 490 5167 portaretur
517 5102 580 5155 ab
610 5101 803 5171 angelis
830 5103 879 5151 in
901 5100 1067 5152 sinum
1090 5099 1324 5171 Abrahae.
1353 5096 1684 5154 Maldonatus

137 5169 377 5245 observat,
400 5190 521 5227 eum
540 5176 628 5242 qui
656 5169 708 5226 in
730 5171 983 5226 eouvtviis
1012 5170 1281 5238 proximus
1303 5171 1492 5245 cuique
1511 5180 1677 5245 esset,

137 5239 181 5309 in
201 5239 302 5306 ejus
320 5239 631 5297 recumbere
654 5246 859 5304 sinum;
882 5256 948 5293 ex
976 5256 1074 5309 qua
1099 5242 1482 5293 consuetudine
1510 5241 1682 5294 locum

137 5304 255 5381 hunc
281 5315 511 5381 exponit.
545 5314 830 5367 Communi
863 5326 958 5364 usu
994 5304 1269 5378 receptum
1303 5321 1404 5374 est,
1441 5321 1496 5363 ut
1534 5311 1684 5365 sinus

138 5379 335 5436 Abrahae
349 5379 572 5438 dicatur
600 5384 748 5437 locus
776 5383 1175 5445 subterraneus,
1206 5382 1256 5434 iu
1284 5395 1388 5449 quo
1414 5383 1683 5435 Abraham

139 5460 236 5501 eum
262 5454 374 5506 aliis
399 5459 601 5507 sanctis
630 5454 873 5507 Patribus
902 5463 1024 5504 ante
1050 5452 1501 5512 resurreCtioneui
1529 5452 1687 5505 Citri-

89 5521 193 5589 ⁸,ιιι
226 5526 523 5587 quiescebat
551 5542 563 5576 :
594 5538 645 5578 et
688 5525 822 5576 hanc
851 5537 1061 5592 quoque
1088 5524 1403 5574 sententiam
1430 5530 1487 5575 et
1514 5521 1687 5588 expli-

140 5596 370 5646 cationem
416 5596 579 5649 verba
620 5591 883 5649 Dracontii
937 5594 1240 5645 admittunt.
1290 5591 1530 5645 Julianus
1578 5593 1682 5646 To-

142 5656 316 5733 letanus
337 5666 370 5717 l.
394 5679 428 5718 ιι
452 5664 757 5733 Prognost.,
786 5679 905 5732 cap.
928 5664 961 5717 5
985 5680 998 5717 :
1021 5662 1201 5717 Sinam
1224 5660 1440 5733 Abralne
1461 5663 1680 5729 requiem

142 5724 307 5808 Patris,
338 5738 409 5786 ret
440 5724 682 5808 secretum
710 5724 914 5806 quietis,
945 5750 1034 5787 seu
1082 5735 1230 5787 etiam
1279 5724 1574 5808 paradisum
1610 5734 1681 5785 si-

145 5802 376 5870 gniﬁcare,
417 5802 768 5872 multiplicium
814 5808 1078 5859 doctorum
1118 5804 1373 5860 sententiis
1419 5803 1683 5871 deﬁnitum

406 5906 663 5979 Panos.
712 5918 841 5979 LX.

1712 3359 1762 3428 C

1789 2652 1898 2710 esse
1927 2652 2028 2710 non
2057 2637 2279 2710 ambigo.
2323 2637 2485 2710 Paulo
2531 2638 2684 2710 aliter
2720 2638 2770 2693 id
2820 2639 3010 2710 legitur
3048 2642 3098 2694 in
3141 2643 3370 2702 editione

1792 2707 2106 2773 Matritensi,
2132 2723 2288 2777 quam
2316 2708 2768 2763 eminentissimus
2794 2707 3078 2765 cardinalis
3106 2711 3367 2768 Lorenzi.

1790 2792 1877 2840 na.
1910 2793 2052 2850 saepe
2080 2792 2108 2830 a
2136 2778 2516 2850 intelaudatus,
2562 2790 2838 2850 nunquam
2882 2789 3056 2836 tamen
3102 2783 3230 2836 satis
3274 2801 3367 2850 pro

1790 2850 1998 2902 meritis
2028 2848 2343 2914 laudandus,
2374 2848 2439 2900 ad
2471 2849 2746 2917 exemplar
2773 2848 3068 2904 editionum
3106 2848 3367 2908 Duacena:

1788 2927 1842 2971 et
1868 2918 2156 2984 Lipsiensis
2178 2919 2476 2971 adornavit.
2509 2919 2735 2974 Secutus
2759 2934 2859 2987 ego
2885 2934 3003 2974 sum
3030 2923 3368 2980 membranas

1788 2999 2018 3061 veteres.
2046 3004 2177 3056 quas
2199 2990 2264 3041 ad
2293 3003 2480 3061 manus
2508 2990 2699 3057 habeo,
2731 2990 2929 3045 saeculo
2956 3007 3027 3045 xu
3055 3008 3157 3045 non
3193 3006 3368 3061 postc-

1790 3059 1980 3124 riores,
2005 3068 2061 3112 ut
2080 3075 2276 3114 censeo
2308 3078 2323 3115 :
2352 3060 2663 3128 quibuscum
2690 3061 2977 3116 editionem
3008 3059 3366 3119 Matritcusein

1790 3130 2010 3184 contuli.
2064 3130 2357 3185 Dolendom
2409 3131 2589 3199 utique
2622 3140 2734 3202 est,
2780 3131 3017 3202 codicem
3063 3148 3161 3186 ms.
3210 3134 3369 3202 hujus

1789 3202 1991 3268 operis,
2019 3217 2174 3268 quem
2222 3216 2406 3265 unum,
2449 3212 2497 3255 ut
2544 3200 2779 3265 videtur,
2822 3201 3048 3256 habebat
3093 3200 3363 3270 HiSpania,

1791 3270 1843 3323 in
1872 3273 2195 3343 monasterio
2220 3270 2650 3325 Cisterciensium
2680 3284 2981 3339 uuncupato
3006 3275 3068 3326 de
3089 3273 3365 3343 laEspina,

1791 3353 1931 3393 anno
1958 3342 2085 3396 1731
2127 3343 2312 3396 incend
2337 3356 2370 3395 o
2396 3343 2732 3409 absumptum
2763 3344 2946 3397 luisse.
2974 3344 3103 3398 Eum
3128 3347 3365 3401 codicem

1794 3412 1997 3465 viderat
2037 3414 2350 3466 Ambrosius
2380 3413 2625 3466 Morales.

1863 3491 1951 3546 5'5.
1982 3491 2133 3546 Manu
2166 3492 2429 3545 Dracontii
2454 3492 2707 3559 scriptum
2734 3500 2858 3561 puto
2882 3501 3131 3548 tormenta
3153 3506 3367 3563 spectat.

1795 3565 2052 3626 producto
2080 3580 2111 3616 a
2142 3562 2193 3615 in
2226 3572 2475 3615 tormenta
2500 3565 2569 3616 ob
2598 3580 2659 3629 sp
2682 3563 2932 3618 dictionis
2952 3580 3097 3632 sequi
3120 3571 3242 3622 utis.
3264 3569 3369 3624 Sed

1793 3634 2012 3686 retineri
2045 3643 2217 3701 potest
2256 3641 2519 3701 st'l‘tpltll'a
2560 3634 2756 3687 cooicis
2782 3649 2795 3685 :
2826 3650 2948 3687 nam
2992 3649 3248 3703 exspecto,
3286 3642 3368 3694 vel

1793 3712 2020 3774 expecto,
2051 3718 2145 3763 pro
2192 3713 2362 3767 specto
2409 3702 2697 3770 aliquando
2744 3708 2975 3773 ponitur,
3018 3702 3370 3774 ut’exetuplis

1793 3772 2007 3845 probavi
2039 3774 2105 3827 ad
2140 3789 2278 3827 vers.
2313 3774 2424 3845 5567
2454 3774 2489 3826 l.
2526 3774 2667 3845 t,rAc
2698 3772 2878 3842 procul
2906 3786 3160 3845 exspectat
3181 3772 3369 3832 virides

1782 3844 2018 3914 jumenta
2062 3861 2151 3914 per
2184 3860 2355 3912 agros.
2389 3844 2496 3897 Hac
2536 3844 2922 3913 signiﬁcatione
2959 3844 3198 3901 numiulli
3231 3850 3368 3903 scri-

1793 3913 2023 3967 benduut
2056 3913 2278 3969 Censent
2303 3922 2557 3981 exspecto.

1863 3992 1952 4046 51.
2004 3994 2083 4047 Ad
2134 3994 2480 4048 imitationem
2534 3992 2732 4062 Virgilii
2782 3993 2900 4048 libr.
2943 4009 3016 4063 vt,
3061 4011 3201 4050 vers.
3246 3999 3369 4063 121,

1792 4063 2001 4116 Alterna
2030 4074 2189 4117 morte
2212 4065 2443 4116 redimit.

1863 4132 1954 4187 55.
1992 4133 2241 4188 Fortasse
2270 4134 2447 4189 Serica
2484 4150 2634 4203 quem
2675 4134 2845 4201 vestis,
2874 4150 3022 4204 quem
3053 4150 3071 4189 :
3099 4138 3180 4192 vel
3212 4138 3263 4193 in
3294 4157 3373 4195 se-

1792 4202 1901 4256 rica
1926 4206 2092 4257 tenuis
2129 4202 2529 4274 intelligendum
2560 4213 2643 4258 est
2670 4207 2836 4257 vestis.

1866 4284 1954 4339 5b.
1986 4283 2216 4338 Imitatio
2237 4294 2288 4338 et
2319 4285 2602 4353 explicaio
2624 4284 2898 4339 iuvenalis
2925 4294 3021 4340 snt.
3061 4286 3111 4353 1,
3142 4303 3282 4344 vers.
3308 4290 3376 4345 28

1793 4367 2007 4426 seqq.r:
2049 4352 2335 4420 Crispinus,
2368 4357 2524 4425 tyrias
2557 4354 2767 4408 humero
2810 4367 3074 4410 revocante
3100 4352 3372 4426 lacernas,
3462 4380 3466 4383 ·

1805 4423 2019 4478 Ventilet
2040 4435 2272 4479 cestivum
2293 4423 2464 4492 digitis
2484 4426 2784 4480 sudantibus
2804 4442 3004 4491 aurum,
3029 4426 3142 4481 Nec
3160 4423 3374 4495 su/ferre

1791 4503 1939 4564 queat
1970 4497 2179 4566 majoris
2211 4497 2436 4562 pondera
2460 4512 2687 4565 gemmit.

1863 4575 1952 4629 57.
2004 4574 2304 4646 Confractus
2346 4578 2622 4646 intollitiem
2680 4575 2857 4646 divitis
2905 4584 3073 4629 notat.
3128 4577 3369 4646 Purpura

1793 4645 1958 4699 densa
1990 4658 2041 4699 et
2068 4644 2297 4714 graviori
2323 4645 2584 4713 deposita,
2623 4644 2869 4711 poscebat
2898 4654 3083 4701 inserte
3104 4644 3261 4701 aliam
3296 4661 3370 4704 te-

1716 4737 1766 4796 D
1793 4731 1952 4770 nuem
1984 4726 2037 4769 et
2068 4718 2340 4796 leviorem.
2378 4715 2589 4796 Qstritnt
2615 4723 2669 4767 et
2700 4731 2876 4794 murex
2907 4718 3370 4796 nonnihibdistim

1789 4797 2022 4856 guuutur
2053 4804 2068 4839 :
2101 4786 2192 4839 sed
2230 4801 2261 4839 a
2303 4785 2651 4852 scriptoribus
2695 4790 2890 4853 passim
2936 4802 3032 4855 pro
3077 4790 3264 4843 eadem
3310 4807 3371 4847 re

1794 4859 2095 4926 protoiscne
2133 4863 2475 4925 usurpautur.

1862 4936 1949 5011 58Ϊ
1988 4936 2061 4991 De
2088 4947 2275 4990 mstate
2313 4936 2485 5011 adhuc
2530 4949 2709 4989 sermo
2736 4944 2818 4989 est
2842 4950 2946 5005 qua
2976 4936 3168 4992 divites
3198 4956 3370 5011 neque

1790 5008 2044 5061 annulum
2065 5022 2285 5061 aureum
2307 5007 2623 5076 graviorem,
2650 5020 2748 5060 nec
2770 5011 2977 5075 pondus
2998 5025 3223 5077 gemma:
3246 5007 3370 5067 l'cc:

1791 5078 1999 5147 exigua!
2028 5077 2253 5133 suﬂerre
2283 5077 2453 5130 valent
2466 5114 2480 5130 .

1861 5158 1949 5211 60.
1999 5158 2304 5211 Anhelantes
2341 5168 2394 5210 et
2435 5155 2650 5226 anhelus
2690 5154 2962 5223 epitheton
2996 5156 3129 5226 ignis
3168 5174 3196 5212 a
3238 5160 3369 5214 Dra-

1787 5229 1968 5283 contio
1996 5243 2137 5294 saepe
2166 5230 2479 5280 adhibitum.
2510 5225 2640 5281 Vide
2667 5228 2959 5296 protegam.
2992 5225 3136 5283 nium.
3171 5230 3294 5286 157.

1861 5299 1948 5351 61.
1984 5297 2219 5351 Crudelis
2267 5314 2411 5363 paena
2452 5296 2585 5351 dixit
2633 5298 2851 5351 Ovidius‘
2894 5299 2929 5351 1.
2974 5313 3009 5351 ιι
3048 5299 3197 5361 Met.,
3228 5318 3371 5359 vers.

1788 5369 1911 5423 612.
1952 5367 2181 5424 Crudele
2224 5368 2683 5442 suppliciumlmc
2714 5369 2831 5421 loco
2858 5370 3181 5442 estdurum,
3209 5388 3372 5442 grave
3421 5431 3425 5435 ,

1788 5448 1842 5493 et
1868 5454 2133 5507 nunquam
2161 5440 2470 5494 iiniendum.
2501 5438 2646 5494 Libr.
2674 5453 2710 5503 1,
2740 5453 2882 5493 vers.
2908 5438 3032 5506 548,
3060 5438 3372 5497 Ρωηιῐιηοτὶ

1788 5509 2011 5563 crudelis
2039 5519 2171 5563 erat.

1859 5590 1945 5645 62.
1979 5590 2224 5661 FortaSse
2255 5588 2366 5644 Nec
2388 5590 2568 5643 tolerat
2596 5605 2613 5643 :
2646 5604 2768 5661 nam
2799 5589 3014 5644 tolerare
3050 5601 3133 5645 est
3167 5592 3372 5661 patien-

1789 5669 1871 5715 ter
1905 5662 2065 5716 ierre.
2095 5658 2225 5715 Cum
2254 5674 2382 5715 vero
2411 5675 2569 5716 antea
2597 5659 2793 5715 dixerit
2819 5678 2919 5714 non
2959 5663 3113 5732 [trret
3143 5658 3374 5733 pondera

1788 5747 2020 5857 geigmw,
2052 5742 2195 5788 recte
2224 5746 2363 5786 nunc
2392 5734 2467 5786 ait
2492 5740 2538 5785 et
2574 5732 2780 5797 tolerat,
2813 5734 2913 5787 hoc
2942 5743 3023 5787 est
3054 5732 3372 5804 perpetitur,

1790 5818 1851 5857 su
1895 5812 1995 5857 ert.

1790 5812 1995 5857 8mm“.

3019 5913 3102 5976 I7
