3964 6296
578 258 671 325 i3!
935 295 944 305 ~
1098 238 1101 241 ’
1216 250 1217 253 ‘
1354 312 1381 321 ,ν
1922 258 2161 317 GELASI

2268 260 2421 318 APIE
2450 256 2493 313 Ι.

3746 256 3843 319 132

573 376 773 432 dictum
800 387 882 429 es:
904 413 919 442 ,
949 382 1005 428 ut
1036 372 1145 442 jam
1180 372 1411 442 propriae
1462 370 1793 426 credulitatis
1836 370 2148 426 surrender
2176 372 2228 433 Α
2254 382 2325 427 est
2356 372 2531 444 (toan.
2558 372 2627 445 Ἰ),
2648 389 2796 445 ψιοο
2828 373 3025 430 diaboli
3054 384 3199 431 esset
3228 386 3521 446 cperanus.
3550 374 3738 430 Dictus
3764 386 3840 432 cst

575 469 718 523 tione
756 480 866 521 non
910 472 1104 536 egeat,
1134 479 1200 519 ac
1226 479 1334 519 non
1354 463 1530 534 magis
1561 463 1682 519 ideo
1713 463 1836 534 quia
1868 479 1960 533 per
1992 463 2147 518 illam

576 557 1176 614 familiaritatemﬁdelis
1196 557 1440 627 conjugis
1464 557 1818 628 percipiendae
1839 556 2158 612 sanctiﬁca-

576 652 707 706 tioni
754 651 1026 722 proximus
1052 650 1129 705 sit
1165 659 1218 705 et
1258 638 1588 719 propinquus
1616 644 1890 705 edoctus?
1938 648 2069 703 Nam
2098 649 2148 702 si

575 744 683 813 jam
711 746 1075 800 sanctiﬁcante
1094 744 1381 810 diceretur,
1408 755 1467 798 ut
1488 742 1917 799 sanctiﬁcatione
1937 744 2149 813 penitus

577 852 682 892 non
706 846 909 908 egeret,
930 853 1039 892 non
1058 837 1130 892 de
1152 836 1343 891 eodem
1368 838 1417 890 in
1446 835 2108 905 consequentibttstdiceret
2132 851 2150 886 ς

577 929 817 1000 Iri/idolis
859 932 902 985 si
938 933 1048 984 uult
1089 920 1347 984 discedere
1366 971 1382 995 ,
1410 929 1638 983 discedat
1663 946 1680 994 ;
1712 928 1791 995 sjc
1810 944 1942 999 ergo
1971 937 2025 983 et
2058 928 2149 981 lilii

577 1040 759 1080 eorum
791 1025 1075 1091 nuncupati
1097 1035 1219 1079 sunt
1248 1021 1441 1088 sancti,
1464 1023 1585 1091 quia
1606 1035 1704 1090 per
1722 1021 1891 1075 sancti
1910 1020 2153 1089 parentis

576 1117 821 1172 aﬁ‘ectutn
842 1117 1113 1187 capienda:
1135 1118 1242 1171 sint
1266 1117 1492 1185 proximi
1522 1115 1849 1179 sanctitatis;
1879 1127 1982 1168 non
2002 1110 2154 1184 quod

576 1210 680 1278 jam
714 1211 811 1279 ipsi
870 1210 1079 1280 propria
1124 1208 1556 1263 sanctiﬁcatione
1606 1221 1711 1261 non
1764 1214 1980 1276 egeant,
2022 1220 2151 1275 quin

576 1304 758 1372 utique
778 1336 796 1368 ,
840 1304 978 1357 sicut
1002 1302 1186 1356 nullus
1204 1302 1545 1357 Christianus
1571 1300 1868 1365 addubitat,
1891 1300 2021 1354 uiue
2052 1310 2152 1353 re-

576 1396 934 1466 generationis
982 1411 1150 1451 sacrae
1170 1395 1437 1464 mysterio
1465 1410 1564 1449 nec
1596 1395 1825 1448 sumitur
1866 1392 2155 1447 uectaba-

578 1501 682 1556 tun;
699 1492 1111 1558 sicutetparens
1124 1504 1308 1544 eorum
1327 1488 1579 1553 inﬁdelis,
1596 1487 1681 1541 sic
1692 1486 2159 1541 sanctiﬁcatustdi-

579 1584 717 1637 citur
745 1582 1090 1651 perﬁdelem,
1115 1581 1233 1636 utsi
1256 1582 1673 1650 tamen-ingestae
1699 1578 1799 1633 sibi
1818 1578 2156 1648 perﬁdelem

579 1675 859 1744 coniugem
892 1672 1335 1728 sanctiﬁcationis
1372 1674 1484 1742 ipse
1512 1671 1804 1741 legitimum
1836 1684 1942 1724 non
1970 1678 2156 1723 susce-

2264 479 2438 524 tamen
2478 468 2773 538 discipulus
2825 470 2989 525 etiam
3030 484 3161 525 eum
3210 484 3319 526 nec
3358 480 3521 525 verus
3558 479 3748 535 esset,
3790 479 3844 527 ct

2260 566 2564 617 cessaturae
2594 563 2695 617 hoc
2726 562 2858 619 dici.
2894 563 2990 618 Est
3022 572 3078 618 et
3120 563 3211 619 itte
3248 563 3483 630 modus,
3508 560 3661 634 quod
3696 574 3841 633 sape

2260 656 2405 711 velut
2450 657 2771 726 generaliter
2796 664 2858 712 et
2884 656 3133 712 absolute
3160 657 3389 724 dicitur,
3410 668 3530 712 cum
3566 668 3749 713 tamen
3772 658 3838 711 ad

2261 761 2447 804 omnes
2471 749 2791 818 generaliter
2814 762 2929 804 Μ
2958 750 3234 819 pertinere
3274 749 3620 804 manifestum
3654 750 3756 813 est,
3790 757 3840 803 ut

2261 854 2382 896 cum
2418 841 2619 896 dicitur
2668 840 2896 897 Abl-uim
2953 858 2965 895 :
3016 841 3085 895 in
3120 842 3311 896 semine
3355 851 3441 895 tuo
3478 841 3839 896 benedicentur

2262 945 2431 987 omnes
2461 944 2630 1003 gentes
2660 931 2865 1004 (Genet.
2896 933 3053 1003 xxu),
3076 932 3507 1003 omnesqnidem
3536 942 3733 1003 gentes
3754 932 3837 986 be-

2262 1008 2612 1090 nedicentur;
2661 1040 2761 1081 nec
2810 1026 2916 1081 erit
2946 1026 3051 1080 ulla
3094 1026 3242 1081 natio
3278 1026 3381 1083 sub
3412 1028 3563 1083 calo
3604 1024 3694 1081 cui
3736 1036 3837 1081 non

2262 1116 2583 1184 pmdicetur
2639 1115 3013 1187 Evamgelium,
3055 1125 3114 1172 et
3160 1126 3288 1172 tunc
3339 1118 3518 1173 veniat
3550 1117 3719 1183 =ﬁnls;
3754 1116 3837 1171 sed

2260 1208 2391 1276 ipsa:
2433 1218 2618 1277 gentes
2670 1222 2776 1263 non
2814 1223 2889 1264 ex
2934 1210 3149 1280 integro
3190 1220 3385 1265 tum
3433 1210 3834 1276 benedicentur,

2262 1303 2385 1371 quia
2410 1316 2522 1357 non
2556 1301 2803 1357 omnium
2836 1311 2924 1358 est
2962 1298 3102 1358 fides
3137 1321 3149 1355 :
3191 1304 3276 1358 vel
3308 1304 3473 1358 *sicu’ti
3516 1312 3632 1369 test,
3685 1305 3841 1355 omnis

2262 1393 2439 1463 lingua
2474 1395 2783 1463 conﬁteatur
2834 1394 2943 1449 Deo
2980 1394 3209 1466 (Philip.
3257 1399 3381 1465 1H);
3442 1397 3528 1451 cui
3583 1396 3838 1452 incutiam

2263 1500 2453 1541 sensus
2482 1486 2570 1541 ille
2598 1488 2967 1555 connectitur,
2990 1500 3121 1543 tcum
3144 1502 3219 1543 ex
3256 1498 3411 1557 parte
3426 1496 3603 1543 totum
3642 1489 3841 1557 saepius

2266 1588 2641 1648 mutatur:
2680 1579 2830 1634 sicut
2877 1589 2930 1634 et
2981 1589 3107 1635 tunc
3143 1581 3313 1635 thom'o
3336 1581 3472 1635 Ma
3514 1594 3647 1635 eum
3682 1590 3840 1635 totam

2262 1681 2475 1742 gentem
2514 1672 2705 1742 procul
2741 1672 2911 1728 doliis
2961 1675 3281 1728 nominaret.
3324 1674 3417 1729 Sic
3448 1680 3510 1728 et
3538 1674 3621 1728 illi
3666 1673 3843 1728 ﬁdeie’s

579 1767 656 1837 pit
684 1768 931 1822 eﬁectum
952 1800 972 1833 ,
1002 1766 1231 1820 inﬁdelis
1262 1766 1421 1821 fuerit
1462 1778 1818 1835 nuncupatus.
1840 1765 2001 1821 Sicut
2024 1776 2152 1835 ergo
2176 1764 2230 1824 Β
2260 1764 2432 1819 sancti
2462 1763 2635 1819 videri
2672 1774 2903 1833 possunt
2926 1766 3103 1819 vocati
3123 1807 3138 1832 ,
3169 1764 3291 1835 quia
3308 1765 3491 1830 multi,
3514 1757 3841 1834 vel'plun'mii

578 1875 721 1926 eum,
744 1874 1017 1930 quemper
1043 1859 1251 1914 ﬁdelem
1273 1859 1552 1929 conjugem
1574 1858 1967 1935 sanctiﬁcatum
1995 1857 2154 1924 dixit,

577 1965 760 2024 postea
788 1955 1373 2024 uuncupatinﬁdelem,
1397 1958 1522 2023 quia
1546 1954 1760 2023 proprie
1783 1954 1897 2023 ipse
1924 1954 2011 2010 vel
2044 1954 2155 2023 ipsa

576 2060 683 2101 non
704 2047 956 2114 credidit,
976 2047 1067 2101 sic
1086 2058 1149 2101 et
1181 2046 1272 2099 ﬁlii
1304 2047 1393 2115 qui
1422 2061 1518 2115 per
1546 2046 1757 2101 ﬁdelem
1787 2058 2063 2116 parentem
2092 2056 2160 2102 eo

577 2138 737 2192 modo
772 2138 1089 2192 sanctiﬁcaui
1121 2152 1226 2206 quo
1261 2137 1491 2207 coujux,
1524 2139 1693 2192 sancti
1726 2138 1979 2207 appellati
2010 2144 2156 2205 sunt,
2199 2168 2205 2175 -

578 2231 683 2283 nisi
727 2230 824 2299 ipsi
874 2240 1089 2299 quoque
1132 2231 1354 2298 proprie
1397 2229 1651 2294 credant,
1698 2228 1942 2283 inﬁdeles
1968 2238 2162 2282 conse-

579 2330 804 2392 quenter
844 2322 1114 2376 cuistunt.
1164 2320 1306 2375 Satis
1338 2322 1495 2375 enim
1545 2330 1802 2391 apparet,
1850 2320 2157 2376 secundum

580 2416 861 2487 quemdam
906 2416 1126 2471 mium
1184 2415 1663 2470 sanctiﬁcationem
1725 2415 1863 2469 hanc
1916 2414 2161 2485 conjugis

579 2509 917 2578 appellatam,
938 2510 1039 2578 qui
1064 2517 1255 2579 postea
1278 2509 1518 2563 inﬁdelis
1530 2509 1827 2575 asseritur;
1852 2508 1931 2563 sic
1949 2516 2086 2578 ergo
2108 2514 2163 2563 et

579 2601 647 2656 de
668 2601 796 2655 ﬁliis
818 2601 1219 2671 intelligendum
1248 2611 1351 2656 est.
1366 2600 1621 2671 Nunquid
1642 2603 1823 2671 igitur,
1846 2603 1986 2671 quod
2017 2614 2162 2672 saepe

581 2694 927 2764 repetendum
974 2704 1087 2760 est,
1134 2696 1349 2751 soboles
1392 2695 1737 2766 profanorum
1792 2696 2162 2767 hujuscemodi

580 2789 872 2843 sanctitatis
898 2789 1073 2859 aliqua
1114 2790 1397 2858 cujuslibet
1424 2796 1671 2859 'parentls
1703 2792 1947 2859 portione
1979 2798 2164 2845 conte-

578 2883 741 2952 gitur,
769 2885 851 2939 vel
882 2884 1149 2951 aliquibus
1183 2884 1488 2953 hujusmodi
1518 2884 1851 2954 disciplinis,
1886 2884 2161 2953 precibus,

580 2977 1044 3033 adhortationibus
1075 2980 1373 3048 cujuspiam
1406 2964 1871 3049 participationem
1902 3018 1917 3043 ,
1948 2978 2035 3032 vel
2066 2990 2165 3031 noi-

579 3070 769 3133 titiam,
795 3072 876 3125 vel
908 3072 1166 3135 auditum,
1191 3070 1277 3124 vel
1307 3071 1660 3124 eruditionem
1682 3070 1983 3125 sanctitatis
2010 3076 2163 3123 assut-

2250 1874 2324 1912 ‘es
2350 1857 2457 1922 bis,
2487 1873 2581 1926 per
2603 1872 2662 1911 ea
2687 1873 2805 1928 qua
2828 1857 2969 1912 dicta
2995 1865 3139 1923 sunt,
3162 1858 3441 1927 mysteriis
3462 1856 3661 1911 imbuti
3678 1856 3844 1910 emic-

2261 1950 2430 2008 stibtts
2452 1992 2468 2020 ,
2525 1952 2697 2007 sancti
2739 1952 3041 2008 afﬁcientur
3064 1992 3080 2017 ,
3110 1960 3166 2009 et
3204 1952 3407 2007 inurito
3429 1950 3694 2019 jam-esse
3720 1949 3841 2003 dicti

2261 2057 2385 2103 sunt
2412 2048 2555 2118 quod
2588 2047 2752 2103 futuri
2780 2056 2909 2102 sunt
2933 2086 2947 2112 ,
2974 2047 3058 2102 vel
3078 2056 3154 2101 ex
3185 2054 3247 2102 ett
3283 2047 3533 2117 portiOne
3557 2088 3570 2110 ,
3608 2058 3719 2114 qua
3753 2056 3843 2112 per

2262 2139 2572 2209 religiosum
2622 2145 2911 2209 parentem
2948 2149 3108 2195 eram
3161 2138 3450 2208 participes
3496 2134 3798 2190 sanctitatis
3824 2171 3839 2197 ,

2262 2242 2511 2303 tanquam
2533 2233 2639 2302 jam
2670 2248 2734 2288 ex
2760 2234 2967 2303 integro
2996 2232 3049 2287 id
3079 2214 3473 2296 essent,’sun‘cti
3494 2240 3624 2285 sunt
3644 2238 3845 2283 nuneu-

2263 2327 2388 2395 pati,
2425 2326 2509 2379 vel
2535 2326 2657 2396 quia
2681 2340 2747 2380 ex
2778 2326 2977 2380 talibus
2998 2324 3303 2381 ﬁliismulti
3334 2322 3495 2379 futuri
3524 2328 3712 2379 essent
3739 2320 3843 2390 ple-

2264 2419 2809 2474 Mt-sanctiﬁcationis
2841 2418 3102 2473 haeredes.

2322 2511 2449 2566 ιιωη
2488 2520 2544 2566 et
2587 2512 2672 2565 isti
2713 2524 2780 2565 ex
2811 2522 2877 2565 eo
2916 2510 3059 2579 quod
3102 2508 3262 2565 futuri
3294 2509 3509 2565 fuerant
3558 2505 3843 2573 nuncnpati

2264 2611 2407 2667 sunt,
2433 2612 2487 2657 et
2516 2603 2640 2657 licet
2665 2604 2769 2658 hoc
2792 2611 2975 2658 essent
2994 2602 3221 2672 plurimi
3242 2602 3470 2657 forsitan
3488 2612 3639 2654 nunc
3662 2596 3842 2661 futuri,

2265 2716 2293 2752 ιι
2311 2706 2472 2768 parte
2496 2707 2802 2751 sanctorum
2836 2697 2927 2751 tcti
2948 2697 3130 2752 sancti
3151 2696 3624 2767 generaliterth
3650 2693 3842 2751 vocati.

2266 2791 2343 2845 De
2364 2790 2786 2846 resurrectionis
2812 2804 2942 2845 vero
2972 2790 3261 2861 qualitate,
3282 2790 3371 2846 vel
3392 2790 3468 2845 de
3492 2802 3555 2846 ea
3582 2802 3702 2860 quae
3727 2793 3843 2858 post

2266 2882 2716 2938 resurrectionem
2744 2882 3041 2948 species'sit
3062 2881 3246 2937 futura
3264 2921 3278 2948 ,
3308 2882 3586 2938 audiamus
3615 2881 3844 2949 Aposto-

2267 2978 2374 3032 lttm
2400 2978 2795 3046 praedicantem,
2819 2977 2908 3031 ubi
2933 2977 3038 3032 ait:
3072 2977 3178 3033 Sed
3202 2977 3560 3047 dicct'ttliquis,
3583 2974 3846 3045 Quomodo

2265 3079 2528 3141 resin-gent
2559 3072 2793 3125 mortui?
2814 3071 2975 3136 ‘Quali
3000 3080 3167 3125 autem
3194 3086 3403 3140 corpore
3424 3072 3631 3125 uenient
3646 3067 3711 3142 (Ι
3729 3067 3844 3124 Cor.

578 3168 705 3230 mit,
735 3177 853 3231 quis
897 3172 978 3216 est
1022 3162 1122 3216 sub
1166 3163 1562 3217 immundorum
1594 3164 1877 3233 spirituum
1921 3139 2236 3217 domina-’c
2267 3139 2497 3237 mil—et
2545 3165 2793 3221 humanae
2834 3165 3038 3221 ‘tnentis
3084 3139 3437 3221 difﬁdentiam
3497 3139 3842 3235 redarguen‘s,

581 3259 726 3310 tione
749 3258 1048 3311 consistens
1073 3297 1087 3321 ,
1118 3264 1173 3309 et
1203 3256 1483 3312 diabolicis
1513 3256 2065 3328 praevaricationibus,
2110 3264 2164 3312 et

580 3349 839 3417 contagiis
860 3350 1158 3418 mancipata
1175 3350 1198 3402 ?
1214 3349 1515 3405 QHoclmodo
1537 3366 1750 3421 semper
1769 3350 2037 3405 immunda
2059 3361 2159 3415 est,

584 3454 689 3511 quo
722 3454 990 3510 parentes,
1036 3444 1269 3513 quandiu
1315 3445 1368 3499 in
1405 3445 1593 3500 eadem
1638 3445 2001 3515 perversitate
2032 3456 2163 3499 con-

581 3534 748 3600 sistit;
784 3535 1096 3606 plerumque
1124 3546 1377 3591 autemet
1406 3553 1499 3606 per
1534 3539 1967 3608 anticipationem
1998 3539 2163 3610 (quod

583 3628 638 3683 in
666 3628 959 3699 Scriptura:
980 3638 1177 3685 Sancta:
1208 3639 1350 3686 textu
1374 3630 1715 3701 frequentius
1744 3632 2162 3701 iuvenitttr)j:tm

587 3734 708 3777 esse
740 3722 935 3776 dicitur
981 3725 1121 3793 quod
1166 3723 1405 3779 idturum
1447 3733 1551 3791 est,
1594 3726 1735 3779 sicut
1765 3726 1816 3779 in
1867 3723 2164 3793 Evangelio

586 3816 832 3885 legimus.
857 3818 989 3884 Quia
1007 3815 1474 3874 Jesus‘moriturus
1504 3827 1621 3873 erat
1648 3833 1742 3887 pro
1771 3826 1954 3888 gente,
1984 3826 2036 3872 et
2057 3832 2164 3871 non

583 3918 785 3967 tantum
831 3924 927 3978 pro
954 3922 1113 3978 gente
1139 3954 1153 3979 ,
1183 3911 1277 3966 sed
1316 3920 1374 3965 ut
1416 3911 1553 3967 ﬁlios
1581 3912 1673 3967 Dei
1701 3954 1715 3978 ,
1747 3913 1837 3982 qui
1868 3919 2023 3967 erant
2049 3910 2164 3965 dis-

583 4003 743 4071 persi,
787 4014 1135 4071 congregaret
1178 4002 1231 4056 in
1275 3986 1460 4058 unum.
1496 4005 1665 4058 Filios
1721 4003 1819 4060 Dei
1866 4010 2010 4060 certe
2049 4004 2159 4075 jam

552 4107 897 4162 ,nuncupans
950 4093 1045 4162 qui
1075 4093 1250 4148 adhuc
1280 4094 1677 4149 essentdiliusa
1726 4097 1911 4165 gratiae
1971 4110 2164 4151 evoca—

583 4189 727 4244 tione
775 4204 869 4258 per
918 4187 1175 4243 mundum
1208 4190 1385 4243 ‘sacris
1438 4189 1727 4243 innovandi
1788 4189 2073 4258 mysteriis,
2111 4191 2165 4244 in

591 4284 683 4337 Dci
715 4284 851 4337 ﬁlios
881 4282 1169 4351 adoptandi
1202 4300 1212 4332 :
1246 4282 1329 4336 vel
1348 4288 1475 4337 eum
1506 4280 1700 4336 dicitur
1729 4299 1741 4336 :
1768 4279 1918 4336 Beati
1950 4284 2037 4353 qui
2064 4299 2166 4336 non

585 4375 813 4429 uiderunt
840 4384 885 4428 et
908 4373 1229 4427 crediderunt
1260 4372 1417 4444 (Joan
1446 4374 1539 4443 xx)
1562 4414 1575 4440 ,
1600 4366 1715 4443 ja’m
1744 4374 1886 4430 beati
1914 4375 2167 4446 appellati

585 4477 709 4523 sunt
742 4467 830 4537 qui
852 4466 1026 4523 adhuc
1073 4476 1195 4521 tunc
1221 4467 1379 4522 futuri
1412 4466 1617 4523 fuerant
1645 4468 1804 4537 beati,
1837 4480 1957 4524 cum
1988 4477 2168 4525 essent

586 4576 705 4630 qum
729 4577 834 4617 non
876 4561 1122 4616 viderant
1154 4562 1409 4617 creditori
1436 4578 1450 4627 ;
1484 4564 1622 4616 sicut
1646 4573 1699 4617 et
1728 4565 2041 4634 plerumque
2068 4580 2166 4634 pro

586 4654 841 4709 faciendis
878 4652 988 4722 jam
1034 4652 1169 4706 facta
1206 4651 1553 4719 referuntur,
1593 4662 1650 4706 ut
1688 4653 1934 4723 foderunt
1984 4671 2167 4709 manus

586 4762 725 4801 meas
754 4754 800 4800 et
823 4747 971 4817 pedes
1000 4760 1135 4800 meos
1179 4743 1331 4816 (Luc.
1362 4747 1532 4816 xxrv).
1576 4745 1704 4802 Item
1749 4758 1995 4817 tanquam
2044 4764 2169 4819 pro-

586 4840 784 4895 ﬁtendo
824 4838 1076 4894 deﬁnitur
1114 4840 1253 4909 qUod
1303 4855 1405 4893 non
1443 4839 1512 4893 sit
1540 4854 1699 4895 causa
1730 4842 1963 4911 qualibet
1996 4843 2165 4899 inter-

588 4933 834 4987 veniente
863 4932 1165 4988 faciendum
1191 4973 1207 4998 ,
1246 4934 1385 4988 sicut
1410 4932 1596 4988 beatus
1625 4936 1913 5002 Apostolus
1946 4953 2041 5005 pro
2072 4939 2168 4993 de-

585 5026 801 5078 vOtione
832 5024 1225 5093 praedicationis
1258 5008 1511 5095 injunctu:
1539 5026 1603 5081 ad
1647 5024 1929 5097 Hispanias
1959 5045 2017 5084 se
2045 5046 2167 5099 pro-

586 5119 768 5171 ﬁtetur
797 5116 993 5171 iturum
1023 5118 1163 5187 quod
1202 5124 1379 5174 tamen
1421 5118 1997 5191 cerla'dispenszitione
2042 5122 2165 5179 Dei-

586 5210 712 5263 tatis
764 5204 905 5277 quod
934 5203 1085 5261 ﬁeret
1137 5212 1556 5279 non'pr‘ovenit;
1602 5213 1738 5268 alter
1776 5229 1895 5268 cum
1924 5214 2164 5285 appella-

554 5302 673 5357 ‘tur
724 5298 924 5369 aliquid
956 5306 1076 5355 esse
1112 5300 1252 5369 quod
1298 5302 1605 5372 ‘ltoc‘ipsum
1642 5322 1763 5363 esse
1790 5310 2048 5374 cessavit,
2082 5310 2169 5365 vel

554 5400 919 5452 "ccssaturum
966 5402 1051 5451 est
1096 5393 1198 5449 hoc
1242 5394 1423 5464 ipsum
1462 5412 1585 5453 esse
1637 5402 1777 5470 quod
1821 5402 2057 5469 dicitur,
2110 5412 2167 5458 ut

589 5479 752 5542 Judas
782 5487 1169 5559 aposto'lus'Qui
1194 5489 1625 5557 praevaricando,
1658 5490 1797 5561 quod
1828 5504 1910 5549 est
1930 5492 2167 5566 appella-

592 5589 676 5633 tus
724 5580 921 5647 amisit,
953 5581 1090 5637 sicut
1127 5578 1266 5636 idem
1294 5590 1347 5636 et
1376 5580 1665 5652 discipulus
1693 5584 1867 5641 dictus
1894 5596 1996 5654 est,
2041 5604 2161 5643 cum

591 5670 1154 5740 quidetn‘necClu-isti
1182 5673 1473 5745 discipulus
1503 5684 1675 5740 esset,
1709 5678 1801 5731 sed
1836 5679 2011 5747 potius
2043 5676 2164 5735 dia-

592 5762 695 5821 boli
713 5806 726 5832 ,
754 5763 891 5821 sicut
917 5765 984 5821 de
1011 5780 1077 5823 eo
1104 5765 1305 5825 dictum
1333 5776 1417 5824 est
1440 5786 1462 5830 ,z
1500 5766 1642 5823 Unus
1666 5784 1728 5823 ea;
1757 5770 1891 5825 vobis
1920 5770 2154 5831 diabolus

2268 3272 2425 3330 quam
2450 3260 2649 3314 merito
2674 3261 2893 3315 stultam
2922 3270 3083 3329 ,ηοω
3106 3257 3220 3314 Deo
3267 3256 3557 3328 quidquam
3586 3256 3845 3329 judicaret

2268 3354 2629 3423 impossibile,
2676 3332 3493 3440 nmenpandofcompetenter
3552 3367 3620 3407 cx
3675 3360 3844 3406 rerum

2269 3444 2428 3500 etiam
2466 3444 2761 3516 visibilium
2806 3453 2859 3500 et
2884 3443 3135 3500 humanis
3162 3440 3660 3501 cortversa‘tiohibus
3682 3441 3845 3497 'usita-

2268 3547 2376 3593 tam
2430 3539 2838 3593 similitudinem
2901 3541 3466 3609 comparationemque
3518 3532 3845 3606 magniﬁcam

2269 3633 2558 3702 prteclarus
2586 3631 3021 3698 doetoriindurit,
3051 3630 3239 3685 dicens
3271 3646 3285 3682 :
3312 3629 3569 3697 Inst'piens
3604 3627 3713 3698 (qui
3744 3623 3846 3677 Deo

2268 3728 2383 3782 haec
2408 3725 3034 3795 impossibilia‘mstimas,
3055 3725 3135 3777 vel
3171 3723 3396 3794 ambigis
3418 3734 3537 3777 eSsc
3565 3715 3843 3787 facienda),

2269 3832 2322 3889 tu
2343 3820 2479 3892 quod
2497 3820 3032 3887 seminasriviﬁcatur,
3063 3818 3165 3871 nisi
3190 3817 3332 3886 piius
3370 3816 3621 3868 moriatur
3642 3805 3847 3882 (llud)?

2268 3914 2437 3983 Quam
2468 3912 2872 3968 similitudinem
2899 3912 2964 3967 ad
2988 3912 3437 3966 resurrectionem
3460 3908 3707 3970 corporis
3737 3908 3847 3973 post

2267 4014 2492 4064 mortem
2527 4006 2757 4060 futuram
2804 4008 3185 4059 convenienter
3223 4003 3446 4071 aptavit.
3483 3999 3687 4055 Deinde
3713 3990 3847 4067 quod

2266 4109 2481 4156 secutus
2523 4097 2719 4167 adjecit
2752 4092 2860 4151 εει
2890 4095 3027 4167 quod
3060 4096 3310 4162 seminus,
3341 4110 3445 4147 non
3492 4108 3677 4161 corpus
3718 4084 3847 4157 quod

2268 4198 2497 4267 futurum
2525 4204 2596 4247 est
2635 4194 2888 4259 seminus,
2913 4192 2999 4245 sed
3032 4191 3227 4244 nudum
3254 4203 3488 4260 granum,
3524 4196 3577 4239 ut
3613 4192 3737 4254 puta
3764 4178 3847 4234 tri-

2270 4288 2355 4344 tici
2380 4296 2425 4342 et
2458 4297 2778 4341 cancrorum.
2813 4286 2951 4340 Deus
2972 4295 3140 4338 autem
3154 4285 3240 4337 dat
3267 4282 3344 4336 illi
3373 4297 3556 4351 corpus
3589 4286 3738 4347 prout
3766 4288 3847 4326 co-

2271 4381 2364 4435 luit
2394 4379 2679 4452 (Ibidem):
2716 4378 2796 4433 Ad
2835 4378 3146 4447 qualitatem
3187 4376 3295 4443 jam
3340 4381 3395 4428 et
3445 4366 3702 4441 speciem,
3737 4379 3848 4436 quat

2193 4514 2248 4576 Β
2273 4484 2393 4545 post
2424 4473 2875 4530 resurrectionem
2898 4472 3081 4525 'lutura
3111 4478 3213 4534 est,
3246 4480 3416 4537 genus
3436 4458 3847 4534 comparationis

2328 4570 2359 4576 --
2384 4570 2415 4576 -.
2730 4566 2742 4576 .
3102 4565 3114 4576 .
3156 4563 3188 4576 ._
3252 4563 3263 4575 ο
3382 4560 3414 4576 ο.
3484 4556 3628 4576 κῆρε]
3682 4552 3847 4576 ,ιηηιη

2274 4570 2529 4624 adhibere
2566 4566 2790 4636 curavit,
2841 4576 2988 4636 prout
3031 4563 3220 4631 coluit,
3250 4560 3439 4631 inquit.
3484 4556 3630 4625 Quid
3680 4552 3849 4609 adhuc

2272 4662 2508 4734 quaeris?
2552 4670 2708 4731 prout
2762 4658 2992 4713 voluerit
3045 4656 3204 4719 Deus,
3255 4654 3331 4708 sic
3377 4648 3523 4708 dabit
3571 4649 3850 4713 unicuique

2272 4760 2466 4822 corpds
2511 4749 2766 4805 lneﬁ'abili
2812 4746 3045 4816 potentia
3101 4744 3415 4799 suscitatum
3452 4760 3464 4793 :
3502 4739 3595 4795 sed
3629 4736 3848 4793 forsitan

2273 4845 2550 4901 arbitreris
2581 4844 2702 4898 ideo
2729 4843 2897 4911 magis
2923 4837 3212 4911 signiﬁcari
3238 4851 3344 4891 non
3384 4834 3672 4902 unicuique
3703 4840 3850 4884 suum

2274 4937 2672 4995 reformandum
2709 4935 2923 5006 proprie
2968 4946 3199 5002 corpus,
3246 4945 3365 4984 cum
3399 4933 3671 4982 astruatur
3704 4926 3850 4994 prout

2274 5031 2413 5087 Deus
2446 5029 2679 5085 voluerit
2704 5042 2824 5084 esse
2850 5024 3207 5098 reparandum

2336 5118 2637 5196 "Diligenter
2666 5132 2793 5193 ergo
2824 5135 3042 5177 sensum
3077 5117 3285 5188 plenius
3316 5113 3434 5168 haec
3456 5108 3743 5167 tractanth
3772 5105 3851 5160 in-

2276 5216 2463 5279 tende,
2497 5215 2543 5271 si
2581 5215 2721 5271 scire
2749 5213 2959 5269 conaris
3008 5204 3309 5280 cujusmodi
3346 5217 3541 5275 corpus
3572 5198 3853 5267 unicuiqu

2276 5309 2347 5366 sit
2364 5304 2515 5364 ‘Deus
2532 5308 2633 5362 hoc
2659 5306 2833 5375 ipsum
2864 5313 3021 5372 prout
3046 5301 3278 5357 voluerit
3307 5297 3636 5362 redditurus,
3661 5298 3851 5348 et‘tan-

2276 5417 2433 5472 quam
2483 5399 2574 5454 tibi
2612 5399 2719 5467 jam
2767 5403 2892 5451 tunc
2942 5394 3007 5447 ad
3044 5388 3157 5447 ista
3206 5384 3585 5462 respondentis
3614 5376 3851 5455 'Apostoli

2272 5495 2435 5550 verba
2466 5491 2755 5564 perpende.
2805 5488 2976 5544 Nosse
3001 5476 3278 5543 desideras
3328 5498 3493 5554 quare
3531 5471 3851 5536 resuscitatis

2274 5586 2580 5644 hominibus
2624 5598 2821 5654 corpus
2868 5594 3027 5655 prout
3054 5580 3199 5638 Deus
3237 5577 3471 5637 voluerit
3508 5576 3581 5631 sit
3618 5574 3851 5630 daturus.

2274 5694 2505 5751 agnosce
2558 5676 2867 5748 prudenter,
2915 5683 2969 5732 et
3013 5676 3289 5747 unicuique
3317 5673 3568 5727 seminum
3597 5664 3849 5739 propri"m

2276 5791 2457 5831 εονυιιε
2497 5771 2709 5845 (Ibid.),
2740 5773 2881 5843 quod
2912 5774 3097 5844 utique
3139 5784 3247 5829 non
3291 5768 3410 5827 sine
3450 5778 3611 5823 causa
3643 5760 3720 5819 vir
3753 5758 3849 5812 Dec
