3902 6330
154 490 247 546 849
1296 473 1572 531 canum
1614 470 1702 539 ne

1846 469 1899 523 Ο.
1941 467 2070 523 LIB.
2114 465 2200 521 111.

312 600 465 670 307
513 598 611 651 Dat
656 595 823 665 major
853 594 1048 665 gentile
1096 606 1262 662 genus
1284 602 1570 661 germanus
1598 627 1611 651 ,
1662 592 1715 670 et
1743 586 1793 643 Α

1429 680 1640 751 Πιθεύς,
1664 666 1687 687 ⁸

315 784 379 838 Ει
399 784 573 837 minor
600 781 801 847 eduxit,
830 780 917 850 qui
938 792 1154 833 munera
1169 775 1315 844 pacis
1345 781 1605 827 amarent.

152 880 246 933 HS
315 875 569 943 Suhjiciat
610 874 905 942 quisquam.
946 873 1263 925 Sanctorum
1302 879 1429 920 vera
1474 874 1711 933 propago

316 965 467 1020 Pacis
481 970 747 1019 amatores
763 964 973 1026 merito,
995 961 1243 1030 justeque
1266 956 1490 1012 creavit.

313 1056 559 1126 Nunquid
582 1064 634 1111 et
656 1055 911 1117 immites,
936 1052 1023 1120 qui
1044 1050 1276 1121 gaudent
1296 1046 1553 1115 sanguine
1570 1044 1710 1110 fuso,

318 1148 579 1202 Debuerat
606 1146 840 1217 proferre
867 1143 1024 1198 simul
1046 1139 1262 1209 feritate]
1283 1135 1569 1194 cruentos?

320 1238 443 1293 Haec
474 1238 621 1291 illum
650 1251 904 1304 reSponsa
933 1234 1174 1298 doment,
1200 1232 1503 1299 faciantque
1528 1226 1709 1293 silere,

154 1330 248 1385 150
279 1328 429 1394 dNon
442 1328 683 1399 agnoscit
704 1329 849 1383 iners
866 1325 1027 1379 animi
1049 1365 1064 1389 ,
1095 1322 1319 1378 rationis
1343 1334 1570 1389 egenus,

319 1420 581 1490 Tempora
603 1420 744 1490 quod
769 1417 949 1473 mundi
971 1418 1133 1472 rebus
1144 1422 1267 1470 sunt
1287 1422 1441 1482 capta
1468 1411 1713 1466 duabus:

319 1518 421 1569 Aut
452 1529 551 1584 pax
602 1521 708 1580 cst,
753 1521 845 1566 aut
876 1510 1013 1567 bella
1046 1508 1279 1564 fremunt
1302 1547 1317 1574 ,
1359 1505 1716 1576 quodcunque

3292 459 3395 517 850

2000 580 2235 635 Ᾰέιειειη
2274 578 2457 633 mundi
2490 576 2728 632 retinens
2747 574 3025 631 descendit
3048 574 3216 642 origo,

1993 673 2323 727 Continuans
2352 669 2623 724 dominata
2647 676 2825 722 manet
2856 681 2950 737 per
2975 665 3168 720 saecula
3188 664 3391 721 mundi.

1994 764 2103 818 Nec
2126 773 2335 831 tempus
2366 762 2561 816 retinet
2585 770 2809 827 tantum,
2827 759 3086 827 apatiatur
3108 758 3162 812 in
3183 757 3395 822 orbem,

1992 857 2106 921 Qua
2140 854 2364 924 profert,
2391 854 2636 922 tollitque
2661 853 2802 908 diem
2833 852 2936 918 sol,
2968 850 3185 906 luminis
3213 849 3394 914 index,

1994 946 2108 1014 Qua
2153 948 2327 1002 nescit
2357 946 2584 1002 lustrare
2615 946 2785 1014 polos,
2811 960 2912 1015 qua
2939 944 3217 999 flammeus
3247 941 3351 997 urit
3374 982 3391 1007 ,

1993 1042 2223 1112 Imperat
2252 1049 2305 1095 et
2337 1040 2559 1109 pelago;
2588 1040 2784 1095 ctelum
2817 1037 3053 1108 possedit
3073 1037 3223 1107 origo

1994 1137 2186 1193 Sancta
2220 1130 2622 1204 prophetarum,
2656 1138 2805 1187 tenet
2833 1139 2889 1185 et
2918 1130 3031 1185 loca
3055 1143 3243 1197 magna
3274 1128 3393 1199 pio-

3138 1220 3280 1292 [rum

1990 1319 2179 1375 Omnia
2205 1318 2445 1389 possedit
2475 1317 2739 1372 benedicti
2781 1316 2887 1370 lata
2914 1328 3169 1384 propago.

2064 1412 2170 1469 Sed
2203 1427 2301 1466 nec
2331 1410 2475 1465 solus
2504 1418 2651 1475 erat,
2684 1424 2839 1479 quem
2862 1423 2986 1478 spes
3010 1423 3201 1465 secura
3228 1405 3393 1463 futuri

1820 1504 1924 1559 165
2001 1502 2227 1573 Egregie
2259 1503 2457 1557 faceret
2484 1515 2805 1571 praesentem
2837 1511 3078 1556 temnere
3103 1501 3287 1554 vitam.

1817 946 1921 1004 160

1397 1601 1643 1672 [duorum
1704 1609 1715 1629 τ
1996 1597 2149 1664 Ignea
2180 1604 2287 1649 tres
2318 1608 2510 1663 pueros
2534 1594 2716 1648 fornax
2744 1600 3029 1661 exceperat
3058 1592 3250 1646 ardens

320 1700 651 1756 Alterutrum
691 1714 813 1753 mox
856 1707 1067 1769 tempus
1090 1696 1271 1761 habet,
1301 1708 1398 1749 nec
1430 1692 1587 1748 tertia
1634 1705 1717 1746 res
1994 1686 2220 1741 Nomine
2252 1701 2348 1755 pro
2376 1684 2613 1748 Domini;
2645 1683 2737 1739 88d
2768 1699 2888 1739 mox
2911 1693 3129 1752 lepuere
3150 1684 3394 1747 calores.

1523 1784 1647 1857 [est,
1997 1777 2157 1847 309
2219 1776 2462 1847 Frigidus
2524 1776 2660 1845 ignis
2719 1786 2861 1840 erat,
2911 1776 3099 1844 gelidis
3155 1776 3397 1832 incendia

317 1883 580 1953 Tempora
611 1898 730 1954 qua:
753 1890 950 1938 teneat.
977 1880 1131 1937 Dedit
1153 1894 1279 1948 ergo
1304 1888 1542 1945 tempora
1575 1877 1719 1944 prin-
1754 1946 1790 1954 ﬁ
3078 1868 3330 1940 [ﬂammis

1496 1969 1643 2040 [ceps
1751 1960 1795 2004 Β
1999 1962 2259 2015 Mirantur
2280 1960 2561 2027 cecidisse,
2596 1960 2754 2015 simul
2782 1974 2885 2015 non
2913 1961 3088 2015 fervor
3118 1961 3330 2015 anhelat

163 2070 252 2126 155
321 2072 483 2142 308
511 2070 698 2125 Omnia
725 2077 989 2138 perpetuo
1012 2064 1191 2137 generi
1220 2061 1556 2118 manifestius
1583 2060 1715 2113 lsac.
1822 2057 1925 2112 170
1999 2054 2281 2123 Torridus,
2306 2062 2397 2109 aut
2422 2054 2638 2125 adytum
2658 2054 2925 2111 lambebat
2953 2055 3162 2110 ﬂamma
3181 2055 3391 2111 camini.

1379 2172 1762 2230 SCllIPTURA
1801 2172 1955 2228 COD.
1997 2171 2155 2226 VAT.

1897 2284 2021 2338 154.
2066 2282 2314 2352 Tempora
2344 2299 2455 2351 quae
2483 2294 2696 2338 teneant.

1895 2355 2017 2408 155.
2063 2351 2305 2420 Perpetui
2330 2355 2518 2420 generi.

1897 2426 2017 2479 159.
2068 2425 2166 2488 Qui
2197 2424 2410 2490 profert.

1893 2496 2019 2550 160.
2056 2492 2213 2548 Polos
2234 2510 2387 2561 quam
2406 2497 2695 2563 ﬂammeus.

1896 2565 2020 2619 162.
2061 2564 2410 2631 Distinguitur
2439 2575 2567 2618 tenet
2591 2582 2609 2618 :
2640 2577 2706 2620 et.

1899 2637 2021 2692 170.
2054 2634 2299 2690 Torridus
2324 2645 2409 2689 aut
2438 2635 2651 2689 aditum.

1647 2750 1873 2807 ΝΟΤιλΕ.

160 2874 319 2943 Neque
343 2884 413 2927 est
451 2872 583 2925 alius
630 2871 786 2943 victor
813 2876 994 2943 prmter
1014 2869 1274 2943 eumdem,
1319 2882 1465 2943 quem
1489 2864 1716 2943 fidimus

157 2933 320 2998 Deum.
350 2944 531 3014 Hujus
549 2942 700 3014 turris
716 2933 1074 3014 prre'fectusest
1100 2935 1451 3014 Saphu,fiiius
1476 2933 1713 3014 lilipliar,

160 3016 243 3081 filii
263 3015 413 3079 Esau,
441 3006 815 3081 fratrisdawb.
849 3009 943 3076 ﬁlii
976 3011 1255 3081 Abraham,
1286 3018 1333 3059 et
1358 3006 1486 3081 turri
1513 3006 1715 3073 quidem

160 3078 247 3152 ipsi
284 3078 468 3137 nonan
510 3090 580 3135 est
621 3079 814 3133 Baicli:
845 3082 931 3132 sed
956 3080 1085 3152 turri
1116 3078 1232 3130 huic
1268 3078 1513 3152 proxima!
1536 3090 1714 3127 nomen

161 3146 223 3207 est
247 3156 462 3207 Pliarat.
498 3152 633 3206 Hinc
672 3151 831 3204 etiam
863 3150 1027 3217 repeti
1063 3157 1239 3216 posset
1268 3147 1415 3215 origo
1449 3146 1715 3217 Romano-

162 3240 263 3277 rum
292 3242 351 3279 es
397 3226 563 3278 Esau.
625 3220 801 3274 Videri
858 3215 1032 3287 potest
1066 3215 1351 3270 ’Calmetus
1391 3217 1441 3269 in
1485 3215 1707 3287 Dietion.

162 3273 504 3349 Dibljv—erbow
520 3273 655 3344 Esau
677 3273 706 3355 ,ν
732 3291 820 3358 qui
862 3273 1181 3356 'hnjusmodi
1225 3286 1427 3358 fabulas
1459 3301 1486 3339 a
1516 3285 1714 3341 Judmis
1739 3273 1786 3337 C

162 3365 392 3419 confictas
412 3364 668 3423 affirmat,
703 3357 760 3413 nt
784 3360 983 3413 nomini
1014 3359 1253 3412 Romano
1284 3357 1464 3411 odium
1497 3366 1714 3421 creent;

163 3450 279 3502 quas
306 3447 479 3489 tamen
511 3448 541 3487 a
569 3431 835 3485 nonnullis
864 3430 1180 3484 Christianis
1211 3429 1519 3482 auctoribus
1553 3426 1718 3495 adop-

162 3514 283 3559 tatas
310 3506 469 3559 fuisse
497 3504 741 3556 miratur.

223 3575 338 3629 144.
379 3576 468 3629 Sic
518 3574 710 3627 melius
737 3574 904 3624 visum
937 3578 1021 3625 est
1048 3568 1353 3634 restituere,
1386 3582 1541 3637 quam
1582 3565 1715 3621 scri—

163 3658 347 3713 pluram
365 3644 568 3698 codicis
589 3656 930 3696 conservare.

227 3716 337 3769 Hii.
381 3715 548 3768 Forte
592 3713 851 3779 Suscipiat
881 3711 1165 3779 quisquam.
1208 3710 1407 3765 Sensus
1439 3708 1576 3762 idem
1602 3715 1715 3773 est;

221 2299 333 2354 111.
378 2298 573 2351 Eduxit
589 2296 723 2364 quod
740 2311 945 2348 munera
964 2292 1102 2364 pacis
1119 2300 1365 2343 amantes.

224 2372 247 2425 1
255 2370 334 2423 18.
384 2368 625 2438 Proferre
650 2366 825 2421 dubie.

221 2442 334 2494 149.
378 2439 448 2491 R.
487 2440 693 2490 domant
731 2439 771 2507 f.

218 2511 335 2565 151.
380 2507 447 2562 C.
486 2508 698 2560 duobus.

219 2581 331 2635 152.
374 2580 417 2632 Α
428 2590 479 2631 ut
504 2596 608 2644 pax
626 2586 712 2631 aut
734 2577 863 2629 bella
884 2577 1103 2646 fremunt
1126 2572 1456 2645 quodcunque
1468 2570 1718 2633 duorum;

159 2652 240 2706 sed
266 2650 599 2719 quodcunque
644 2648 893 2703 obscure.

1826 2863 2019 2915 minata
2049 2880 2136 2931 per
2162 2864 2368 2923 stecula.
2399 2864 2537 2928 quod
2571 2872 2747 2918 tamen
2777 2864 2952 2917 minus
2982 2865 3166 2930 probo.
3190 2866 3396 2922 chula

1825 2934 2000 3005 mundi
2028 2935 2310 3005 aliquando
2342 2934 2658 3005 Dracontius
2699 2943 2850 2987 vocat
2892 2934 3083 2989 smcuia
3118 2936 3395 3005 absolute,

1825 3004 1935 3074 utl.
1972 3021 2007 3065 I,
2048 3003 2333 3074 vers.6'22,
2375 3003 2496 3057 Post
2520 3005 2673 3058 stecla
2689 3022 2951 3074 resurgere
2978 3007 3110 3059 vim.

1897 3073 2020 3127 159.
2064 3072 2272 3143 Profert
2305 3074 2566 3128 orientem
2602 3072 2986 3142 indicatptollit
3015 3079 3346 3132 occidentem
3375 3122 3390 3143 ,

1825 3152 2042 3197 utvers.
2069 3159 2185 3209 seq.
2224 3143 2328 3197 duo
2360 3146 2536 3211 poliet
2574 3161 2702 3201 zona
2734 3148 2928 3200 torrida
2964 3147 3282 3202 indicantur.
3323 3150 3396 3204 De

1822 3214 2081 3268 vocabulo
2108 3215 2261 3285 index
2290 3215 2405 3285 lege
2449 3226 2558 3285 not.
2592 3217 2655 3269 ad
2681 3217 2716 3268 Ι.
2749 3233 2785 3280 ι,
2818 3232 2955 3271 vers.
2995 3219 3111 3271 111.

1891 3286 2011 3358 160.
2054 3284 2192 3339 Infra
2222 3284 2379 3358 vers.
2415 3284 2537 3342 505.
2574 3287 2689 3349 Qua
2721 3289 2985 3353 ﬂammeus
3015 3289 3147 3342 axis.
3198 3292 3397 3358 Drepa-

1823 3357 1944 3411 nius
1966 3356 2031 3411 de
2056 3370 2211 3411 cereo
2242 3357 2504 3422 paschali:
2531 3358 2646 3421 Qua
2670 3360 2936 3425 ﬂammeus
2964 3358 3129 3410 orbem
3158 3356 3393 3426 Solaqit,

1823 3428 2020 3502 occidui
2049 3443 2148 3502 qua
2178 3420 2308 3502 meta
2332 3429 2557 3502 secunda
2588 3420 2687 3481 diei
2717 3439 2808 3492 est,
2844 3428 2906 3482 Et
2934 3444 3035 3498 qua
3064 3430 3230 3499 prima
3256 3420 3393 3502 patet

1820 3497 2059 3550 reditura:
2087 3499 2242 3556 ianua
2270 3496 2416 3551 lucis.
2870 3546 2878 3554 .

1895 3568 2015 3621 161.
2064 3568 2348 3633 Distinguit
2369 3570 2507 3622 inter
2528 3569 2787 3636 originem
2823 3570 2959 3623 Esau
2991 3577 3045 3623 et
3065 3570 3268 3626 Jaroh:
3302 3573 3396 3625 hn-

1817 3638 1905 3706 jus
1938 3638 2297 3709 prolicaalum
2344 3650 2396 3692 et
2420 3639 2531 3693 loca
2565 3655 2750 3709 magna
2784 3641 3015 3705 piorum,
3043 3643 3215 3705 sinum
3250 3644 3397 3697 scili-

1822 3718 1907 3761 cet
1935 3708 2162 3780 Abralne
2183 3710 2448 3780 concedit,
2479 3724 2583 3763 non
2596 3708 2723 3763 vero
2750 3712 2926 3775 alteri,
2966 3712 3063 3764 nisi
3111 3723 3389 3780 postquam

164 3796 361 3853 reponat
387 3785 690 3852 quisquam.

226 3846 341 3909 116.
379 3846 543 3907 J‘uste'
557 3868 650 3922 pro
671 3854 811 3922 jure,
828 3852 1080 3923 legitime,
1115 3860 1259 3923 recte
1288 3849 1518 3917 ponitur.
1537 3846 1719 3902 Merito

167 3925 371 3990 iusteque
399 3926 551 3993 quasi
584 3924 760 3975 merito
780 3922 1026 3992 jureque,
1052 3922 1229 3993 merito
1250 3931 1303 3993 _et
1331 3924 1471 3991 jure.

228 3988 339 4048 H7.
370 3988 570 4049 Genes.
599 4007 718 4061 cap.
750 3988 921 4055 isvu,
950 4006 1090 4061 vers.
1124 3992 1214 4054 40,
1249 3988 1391 4061 Isaac
1431 3989 1495 4041 ad
1537 3988 1712 4041 Esau:

166 4062 266 4117 Erit
295 4066 447 4118 bencd
472 4065 575 4116 ctio
604 4060 722 4114 tua:
754 4062 899 4115 Vires
942 4079 994 4114 in
1040 4060 1235 4128 gladio.
1262 4060 1513 4125 Quamvis
1542 4067 1719 4112 autem

167 4133 397 4188 lsrae'itze
427 4136 691 4188 bellorum
718 4133 878 4186 etiam
900 4134 1063 4199 gloria
1096 4131 1402 4191 claruerint,
1438 4131 1528 4182 sed
1555 4130 1721 4181 multo

169 4208 317 4273 magis
360 4204 687 4257 commercio
718 4211 877 4273 atque
902 4202 1106 4254 artibus
1140 4201 1306 4273 pacis.
1358 4201 1491 4253 Esau
1514 4239 1531 4263 ,
1566 4207 1723 4273 prout.

168 4269 482 4342 primogeniti
528 4274 647 4341 jura
677 4272 913 4342 vendidit
942 4280 995 4325 et
1046 4271 1246 4342 amisit,
1284 4271 1504 4342 liguram
1533 4269 1722 4342 __refe_rt

169 4339 753 4411 lsraeliiarunhquibus
782 4341 1050 4395 Christum
1085 4340 1318 4407 profiteri
1345 4339 1647 4411 nolentibus
1668 4339 1719 4411 in

171 4414 299 4481 regni
345 4408 587 4468 cmlestis
635 4412 944 4465 haereditate
976 4419 1350 4481 successerunt
1388 4409 1615 4481 gentiles
1655 4408 1719 4461 ad

172 4478 310 4536 ﬁdem
350 4484 473 4537 Jesu
533 4482 728 4536 Christi
782 4480 1049 4536 conversi.
1086 4482 1227 4535 Idem
1278 4496 1405 4533 vero
1457 4478 1635 4539 Esau,
1667 4487 1724 4531 nt

172 4554 587 4621 sanguinolentus
643 4562 791 4614 erat,
850 4561 1005 4622 typus
1045 4561 1126 4604 est
1155 4551 1427 4620 gentilium
1452 4591 1464 4611 ,
1489 4548 1584 4622 qui
1620 4548 1718 4600 im-

174 4625 310 4745 :piltps
334 4634 387 4677 et
416 4623 631 4677 feritate
652 4623 858 4675 cruenti
876 4620 1057 4685 erant,
1086 4636 1147 4675 ac
1176 4623 1293 4675 fuso
1318 4620 1572 4688 sanguine
1593 4633 1720 4688 gau-

206 4710 228 4743 e
264 4702 366 4745 aut.

206 4702 366 4746 ebant.

238 4762 350 4817 149.
379 4760 560 4824 Illum,
596 4761 797 4815 scilicet
824 4762 915 4829 qul
940 4760 1190 4831 subjecit,
1214 4769 1268 4815 et
1290 4760 1559 4829 reposuit:
1590 4758 1724 4814 San-

178 4840 352 4884 ctorum
374 4848 489 4885 uera
522 4848 767 4899 pronago,
803 4842 906 4885 etc.

237 4902 349 4955 150.
382 4898 529 4954 Iners
559 4898 699 4955 cuni’
721 4902 973 4967 genitivo,
1007 4910 1061 4954 ut
1095 4901 1130 4953 1.
1165 4917 1221 4961 ιι,
1250 4915 1390 4954 vers.
1419 4898 1545 4953 619.
1594 4899 1724 4950 Prti-

180 4969 367 5041 dentius
392 4975 577 5041 hymn.
609 4970 675 5024 10
702 4972 879 5034 Cath.,
914 4986 1054 5024 vers.
1089 4971 1185 5035 82,
1216 4970 1383 5034 Quam
1410 4971 1474 5022 sit
1502 4969 1717 5022 rationis

181 5042 327 5102 eqenis
350 5040 400 5093 Μ
408 5042 575 5093 ordax
599 5050 644 5093 et
667 5058 845 5093 amara
865 5040 1085 5093 medela.

242 5111 353 5164 151.
387 5111 674 5165 Fortesunt
696 5120 815 5181 apta
842 5110 1073 5165 duabus:
1100 5112 1190 5164 sed
1219 5109 1550 5164 retinendum
1575 5118 1726 5178 capta

182 5190 265 5244 pro
291 5190 562 5245 occupata.

247 5250 355 5304 155.
388 5252 536 5319 Eleg.
556 5265 695 5304 vers.
720 5250 851 5312 257,
877 5249 1129 5315 Tempora
1160 5261 1274 5300 S'tlll
1306 5250 1467 5316 pacis,
1500 5249 1575 5300 vel
1602 5257 1731 5300 lem-

185 5332 293 5381 pora
337 5330 471 5373 certa
498 5322 715 5373 cruoris.
770 5320 887 5372 Otia
928 5330 1123 5387 tempus
1169 5319 1387 5379 habent,
1441 5319 1733 5386 militia’que

186 5387 327 5457 labor.
360 5390 489 5444 llinc
519 5405 676 5457 supra
694 5390 975 5457 legendum
1006 5402 1122 5442 sunt
1148 5400 1326 5456 capta,
1359 5398 1409 5443 et
1437 5403 1579 5441 vers.
1613 5402 1728 5453 seq.

188 5452 414 5523 Tempora
450 5476 566 5528 qua:
589 5452 773 5513 ieiieat'.
816 5459 1016 5514 Sensus
1050 5460 1150 5513 hoc
1180 5452 1299 5513 loco
1329 5467 1432 5521 est,
1462 5452 1735 5524 quodcun-

187 5538 277 5597 que
306 5538 511 5597 tempus
542 5528 759 5583 habetur
787 5531 869 5583 vel
898 5538 1111 5585 tenetur
1140 5529 1208 5583 ab
1235 5531 1493 5585 alterutro
1520 5542 1729 5594 eorum,

188 5596 256 5648 vel
280 5616 305 5649 τι
331 5596 486 5665 pace,
517 5600 600 5651 vel
629 5615 657 5653 a
686 5600 850 5655 bello.

250 5665 361 5739 151.
406 5670 647 5739 Princeps
678 5687 771 5737 pro
804 5670 932 5731 Deo,
960 5670 1069 5725 utl.
1102 5684 1231 5731 n,v.
1259 5672 1349 5725 51.
1375 5669 1506 5722 Vide
1529 5677 1730 5722 notam.

249 5734 358 5790 157.
401 5734 602 5791 Poterit
628 5734 1203 5809 in'terpungidescendit
1228 5744 1367 5805 origo
1392 5740 1734 5801 Continuam,

190 5803 422 5860 dominata
453 5822 636 5865 manet.
673 5813 744 5866 De
773 5803 961 5866 'verubu
1008 5812 1244 5865 continuo
1276 5803 1395 5865 vide
1445 5819 1625 5862 notam
1668 5810 1736 5861 ad

190 5882 313 5930 vers.
351 5879 448 5934 559
490 5882 525 5935 ι.
557 5898 591 5934 ι.
628 5882 899 5939 Dominata
933 5881 1129 5954 poterit
1154 5897 1274 5939 esse
1335 5881 1609 5955 passivum
1648 5882 1741 5936 do-

1822 3779 2046 3841 gentiles
2096 3779 2145 3830 in
2194 3778 2371 3832 locum
2414 3779 2575 3834 Israel
2620 3790 3025 3845 successerunt,
3063 3782 3217 3835 fidem
3252 3778 3393 3838 ‘Jesu

1823 3847 2023 3902 Christi
2048 3848 2296 3912 amplexi.

1897 3919 2015 3972 165.
2060 3918 2348 3989 Benedicti,
2383 3920 2483 3973 hoc
2508 3929 2585 3974 est
2616 3919 2779 3985 Isaac,
2810 3930 2866 3975 ut
2894 3937 2957 3975 ex
2980 3936 3119 3975 vers.
3144 3937 3259 3989 seq.
3285 3926 3395 3979 col-

1824 3988 2019 4057 ligitur.
2049 3988 2225 4060 Vide;
2247 3988 2441 4043 Cenes.
2483 4007 2601 4055 cap.
2637 4007 2767 4053 xm,
2799 4007 2938 4046 vers.
2974 3992 3061 4053 18,
3090 4000 3145 4045 et
3193 3994 3289 4049 lih.
3322 4012 3390 4060 it,

1825 4075 1963 4131 vers.
1998 4059 2121 4131 616,
2157 4058 2451 4125 /Equantur
2480 4077 2689 4114 numero
2718 4062 2967 4115 benedicti
2995 4065 3233 4131 germinis
3256 4058 3392 4127 ante.

1895 4130 2016 4183 161.
2061 4128 2254 4184 Secura
2283 4132 2465 4198 futuri,
2507 4131 2558 4185 id
2603 4141 2685 4185 est
2714 4142 2856 4185 certa
2885 4128 3006 4185 vitai
3032 4132 3226 4186 lutum
3258 4137 3396 4189 oliti-

1826 4201 2043 4253 nendm:
2081 4215 2201 4254 nam
2229 4218 2433 4254 securus
2453 4216 2572 4255 eum
2600 4203 2833 4266 genitivo
2855 4204 3030 4256 varios
3053 4203 3213 4257 hahet
3245 4221 3393 4259 usus.

1826 4270 2125 4350 Aliquando
2147 4285 2365 4350 securus
2390 4282 2475 4325 est
2503 4272 2806 4350 negligens,
2835 4281 2891 4326 et
2917 4274 3073 4350 isqui
3100 4290 3282 4327 curam
3307 4279 3402 4328 de-

1826 4341 2005 4406 posuit
2028 4341 2313 4403 aliquando
2336 4350 2418 4395 est
2444 4351 2622 4396 certus
2653 4342 2727 4396 rei
2758 4343 3080 4404 obtinenda},
3115 4346 3399 4408 aliquando

1826 4418 1971 4462 tutus
2020 4422 2071 4463 et
2096 4413 2212 4464 sine
2253 4410 2447 4465 timore
2494 4413 2713 4478 alicujus
2764 4415 2858 4465 rei.
2891 4414 3132 4466 Lucanus
3180 4416 3217 4467 l.
3270 4431 3393 4477 vni,

1827 4495 1967 4551 vers.
1994 4481 2118 4545 781,
2165 4482 2384 4536 Securus
2411 4483 2597 4544 venite,
2633 4492 2690 4534 ut
2719 4483 2816 4535 hoc
2850 4485 2964 4534 loco
2994 4499 3171 4535 secura
3215 4485 3393 4551 futuri.

1829 4549 1962 4604 Vide
1991 4561 2167 4603 notam
2188 4552 2251 4604 ad
2276 4567 2416 4605 vers.
2452 4552 2552 4606 105
2575 4562 2626 4605 et
2646 4552 2749 4605 $38
2774 4552 2928 4618 hujus
2951 4552 3089 4605 libri.

1905 4619 2031 4701 166.
2068 4620 2226 4689 Ignea
2256 4622 2439 4674 ardens
2474 4621 2579 4675 duo
2628 4622 2886 4688 adjectiva
2918 4623 3009 4675 uni
3067 4623 3397 4678 substantivo

1832 4700 2091 4759 apposna.

1909 4761 2027 4815 167.
2071 4759 2273 4813 Nomen
2312 4759 2518 4812 Domini
2550 4774 2691 4831 saepe
2724 4762 2773 4813 in
2798 4762 2965 4815 sacris
2986 4762 3202 4815 Litteris
3226 4764 3397 4831 ipsum

1834 4831 2000 4883 Deum
2044 4830 2345 4897 significat,
2379 4838 2437 4899 et
2481 4830 2813 4897 majestatem
2855 4832 2971 4899 ejus
3001 4830 3400 4887 denotat.’lnde

1833 4899 2119 4957 Christiani
2170 4914 2361 4953 nomen
2410 4898 2605 4952 Christi
2647 4898 2920 4961 conﬁteri.
2955 4911 3006 4955 et
3040 4918 3133 4967 pro
3188 4904 3402 4956 nomine.

1832 4968 2025 5023 Christi
2078 4971 2185 5038 pati
2233 4969 2545 5022 dicebantur
2582 4970 2633 5023 in
2669 4972 2815 5023 Actis
2854 4972 3146 5026 veteribus.
3180 4972 3403 5038 Tepuere

1836 5040 1937 5093 hoc
1960 5040 2078 5093 loeti
2102 5050 2181 5093 est
2212 5042 2535 5106 deferbuere,
2567 5040 2786 5092 calorem
2808 5044 3130 5096 remiserunt.
3161 5043 3403 5096 Lucanus

1836 5112 1873 5163 Ι.
1903 5127 1973 5175 tv,
2016 5126 2156 5165 vers.
2199 5108 2327 5172 284,
2358 5108 2615 5162 Paulatim
2644 5112 2780 5163 cadit
2809 5114 2884 5163 ira
2916 5112 3087 5180 ferox,
3121 5124 3404 5178 mentesque

1834 5191 2107 5248 tepescunt.
2142 5180 2391 5253 Martialis
2421 5181 2456 5253 l_.
2485 5196 2541 5253 tt.
2576 5195 2661 5253 ep.
2696 5182 2748 5241 1,
2772 5180 2842 5233 Te
2868 5183 3075 5234 conviva
3094 5182 3223 5253 leget
3248 5185 3404 5235 mixto

1832 5252 2100 5315 quicunce,
2124 5252 2210 5302 sed
2236 5258 2356 5302 ante
2377 5290 2396 5321 ,ί
2424 5248 2641 5319 Incipiat
2664 5253 2859 5316 positus
2890 5268 3039 5317 quam
3068 5248 3286 5321 tepuisse
3314 5270 3405 5303 ca-

1837 5322 1929 5372 lix.
1952 5323 2329 5390 Cotigeruntur
2352 5320 2528 5390 plures
2555 5322 2940 5387 oppositiones,
2962 5320 3149 5390 quales
3172 5324 3405 5375 Dracon-

1837 5391 1911 5443 tio
1946 5388 2235 5443 familiares
2280 5404 2400 5443 esse
2435 5389 2544 5457 jam
2576 5391 2887 5453 observavi,
2939 5388 3141 5457 tepuere
3188 5395 3404 5455 calores,

1835 5461 2056 5583 [frilgildus
2086 5461 2246 5531 ignis,
2278 5460 2455 5528 gelidis
2483 5461 2703 5529 ﬂammis
2722 5499 2736 5525 ,
2768 5461 2932 5529 fervor
2954 5464 3174 5516 torridus
3194 5479 3292 5515 non
3317 5481 3405 5515 αη-

1851 5546 1895 5583 te
1918 5546 1948 5582 a
1980 5571 1989 5581 .

1851 5546 1989 5583 ιειαι.

1909 5601 2158 5723 169écDe
2211 5601 2416 5655 fervore
2469 5602 2741 5654 anhelante
2788 5601 2905 5656 vide
2954 5612 3133 5656 notam
3180 5604 3244 5656 ad
3296 5604 3330 5655 Ι.
3363 5619 3407 5665 l,

1909 5686 1978 5722 rs.
2062 5692 2095 5720 ).

1837 5686 1978 5723 VCI'S.
2008 5686 2095 5723 211.

1916 5740 2029 5793 170.
2065 5741 2220 5793 Forte
2253 5752 2328 5792 ast
2360 5742 2557 5791 aditum
2588 5756 2683 5805 pro
2719 5751 2808 5792 aut
2832 5756 2849 5793 :
2875 5756 2995 5793 nam
3029 5743 3238 5795 videtur
3269 5743 3411 5795 iudi-

1841 5810 1949 5864 cari
1979 5812 2117 5878 quod
2159 5826 2276 5863 cum
2315 5819 2422 5863 tres
2464 5811 2610 5875 pueri
2650 5811 2799 5863 illaesi
2836 5820 3017 5865 essent
3047 5813 3097 5864 in
3136 5812 3302 5864 medio
3333 5829 3412 5864 ca-

1843 5881 1982 5937 mino
2010 5882 2139 5954 ignis
2168 5880 2413 5949 ardentis,
2456 5880 2598 5939 viros
2639 5880 2757 5941 illos
2785 5881 2875 5953 qui
2916 5881 2970 5940 iu
3014 5884 3282 5940 tornacem
3322 5896 3412 5940 eos
