3902 6330
553 339 649 395 851

727 451 976 506 Crinibus
1006 449 1187 523 ign'tis
1213 456 1396 527 jejuna
1421 460 1672 514 alimenta
1704 473 1916 518 recusat

728 540 978 599 Fastidita
1009 546 1199 616 fartres,
1231 551 1430 620 rejecto
1461 553 1646 609 fomite
1675 556 1880 626 pingui,

723 633 836 688 Non
870 636 966 690 fuit
989 638 1130 707 ignis
1153 644 1288 697 edax
1313 660 1326 697 :
1352 659 1512 715 quem
1535 647 1675 701 roris
1700 649 1918 718 spiritus
1940 650 2127 706 afllans

725 726 970 784 lmbsifer
999 735 1276 803 exstinxit,
1306 737 1620 793 mitissimus
1646 741 1871 810 angelus
1895 742 2123 812 intrans,

542 815 648 872 175
717 816 880 888 Cujus
908 836 954 875 e:
972 834 1026 875 at
1047 825 1247 880 similis
1273 827 1468 884 divina:
1495 830 1664 900 prolis
1696 831 1889 902 imago.

715 912 830 966 Non
859 915 1025 971 vestis
1059 918 1326 975 ﬂammata
1363 922 1510 988 viris,
1544 939 1649 978 non
1682 924 1847 978 crinis
1875 924 2117 991 adustus,

715 1006 954 1062 Flamma
986 1025 1083 1066 nec
1104 1021 1355 1066 extremm
1383 1014 1520 1070 latsit
1543 1016 1764 1086 vestigia
1795 1015 2008 1084 plantzr,

711 1095 878 1166 310
903 1099 1229 1180 te‘onculcata
1257 1103 1380 1159 licet
1409 1105 1569 1160 toties
1597 1107 1959 1175 gradientibus
1989 1107 2114 1162 illis.

711 1186 912 1246 Illatsos
941 1209 1134 1262 pueros
1165 1197 1374 1265 expavit
1407 1198 1564 1254 Persa
1598 1209 1856 1270 tyrannus
1887 1218 1900 1254 :

535 1276 636 1331 180
712 1278 1090 1349 Egrediautur,
1123 1286 1196 1340 ait
1235 1285 1510 1342 domirmm
1542 1289 1820 1346 confessus
1851 1305 2038 1349 eorum
2084 1308 2100 1319 ·

1828 353 2187 412 DRACONTII
2224 354 2546 414 CARMINA.
3678 359 3759 415 83!

2157 469 2212 530 Α
2243 477 2248 484 ’
2421 469 2657 535 Plenius,
2682 477 2841 540 atque
2862 483 3017 526 suum
3047 468 3239 524 solium
3258 469 3409 540 jubet
3437 470 3599 524 omnis
3613 470 3760 524 adoret

2415 561 2716 629 Parthicus,
2741 562 2968 631 imperio
2987 561 3262 632 subjectus
3296 563 3460 632 regis,
3486 574 3538 617 et
3561 561 3691 617 aulae.

2487 652 2639 706 Saeva
2667 653 2941 707 Danielem
2971 653 3168 720 rabies,
3200 663 3357 722 atque
3385 666 3483 708 ora
3511 654 3694 707 leonum

2408 743 2522 797 Non
2558 743 2780 812 tetigere
2811 743 2978 811 pium,
3017 744 3104 799 cui
3131 745 3366 798 destinat
3395 745 3600 810 insuper
3619 759 3758 798 escam

2232 832 2342 890 186
2408 834 2593 905 Magna
2629 836 2718 889 Dei
2751 835 2943 904 pietas,
2969 835 3157 905 jejuno
3186 846 3413 904 utroque
3442 836 3607 891 leone.

2407 927 2537 991 Quis
2567 927 2718 996 petit,
2749 936 2803 981 et
2831 927 2962 980 vixit
2981 937 3207 982 venator
3233 928 3456 982 inermis
3484 928 3707 982 arenam?

2375 1017 2532 1089 311
2611 1016 3103 1087 Amphitheatrales
3141 1020 3231 1091 qui
3273 1035 3379 1074 non
3420 1030 3666 1074 tremuere
3701 1017 3760 1070 fu-

3539 1111 3704 1183 [rores,

2404 1201 2535 1256 Cum
2559 1204 2861 1272 crepitante
2885 1222 3019 1262 sono
3040 1205 3332 1276 productus
3362 1204 3598 1259 verberat
3617 1217 3758 1268 auras,

2402 1293 2637 1364 Longius
2659 1299 2917 1355 assistens
2942 1299 3229 1371 Massylum
3254 1314 3320 1355 ex
3351 1307 3468 1353 arte
3498 1296 3705 1360 lacessit,

1779 1422 2170 1484 SCRIPTUM
2212 1425 2366 1485 COD.
2410 1426 2570 1484 VAT.

604 1525 726 1588 ΓΗ.
755 1535 822 1590 Α.
853 1543 1106 1600 recusant,

757 1604 878 1677 1_Von
904 1608 1060 1660 ventis
1090 1607 1385 1677 ﬂammata.

600 1673 719 1726 177.
756 1675 935 1728 Prima
965 1692 1074 1730 nec.

597 1743 720 1816 178.
753 1743 892 1816 illis,
919 1762 1014 1816 pro
1043 1746 1254 1803 diversa
1277 1747 1548 1814 scriptura
1572 1746 1699 1800 illic.

597 1814 719 1888 181.
754 1814 942 1888 Plenus
976 1825 1126 1888 atque
1153 1834 1300 1872 suum
1335 1818 1502 1872 solum
1521 1815 1671 1888 jubet
1699 1816 1863 1871 omnis
1893 1816 2107 1880 adoret;

524 1883 618 1940 sed
645 1887 808 1940 omnis
836 1901 942 1943 non
965 1887 1131 1945 clare.

2137 1881 2190 1944 B

2297 1536 2420 1592 185.
2450 1537 2675 1604 Utroque
2706 1539 2918 1594 leonem.

2299 1606 2420 1664 186.
2451 1606 2503 1662 1.
2527 1609 2738 1664 harena.

2295 1678 2420 1732 187.
2453 1680 2691 1732 Dbscure
2718 1679 2825 1746 qui.

2294 1748 2422 1802 188.
2455 1749 2516 1802 S.
2552 1748 2826 1814 productor
2854 1748 3074 1808 verberet
3103 1767 3157 1808 a.

2291 1817 2416 1873 189.
2445 1819 2508 1872 Α.
2537 1818 2814 1874 mansiluut
2841 1835 2924 1875 ea.

1982 1999 2214 2059 NOTAE.

520 2113 798 2184 miserant,
825 2113 1079 2181 interfecit
1117 2117 1325 2184 ﬂamma
1348 2118 1502 2184 ignis,
1535 2123 1596 2184 ut
1625 2123 1872 2168 narratur
1895 2129 2016 2180 cap.
2044 2129 2102 2170 ιιι

524 2183 758 2249 Daniel.,
784 2198 924 2237 vers.
953 2184 1024 2238 ‘25
1046 2193 1100 2238 ct
1120 2183 1260 2238 γει-ε.
1283 2186 1353 2240 47
1374 2183 1392 2239 ξ
1424 2185 1485 2238 Et
1511 2183 1868 2250 e/fundtbatur
1893 2186 2101 2252 ﬂamma

519 2267 670 2325 super
702 2253 958 2325 fornacem
986 2255 1180 2306 'cubitis
1215 2255 1556 2324 quadraginta
1587 2270 1780 2320 novem,
1831 2264 1880 2308 et
1909 2258 2098 2325 erupit,

520 2332 567 2373 et
598 2321 820 2395 incendit
873 2339 1000 2391 quos
1032 2326 1212 2392 reperit
1239 2327 1394 2395 juxta
1419 2321 1682 2395 fornacem
1719 2330 1780 2380 de
1820 2321 2098 2382 Chaldaeis.

519 2397 597 2464 Ac
643 2392 967 2464 conjecturae
1009 2395 1158 2446 locus
1200 2392 1302 2461 est,
1352 2393 1633 2464 legendum
1685 2396 1939 2451 Mirantur
1973 2396 2102 2452 ceci-

518 2461 683 2525 disse,
738 2462 854 2534 sinu
903 2477 1002 2518 non
1059 2467 1224 2534 fcrwr
1267 2461 1476 2519 nitelas
1530 2465 1806 2532 Torridus,
1866 2477 1943 2521 ast
1983 2468 2098 2521 adi-

519 2539 647 2606 tum.
679 2541 790 2606 etv.
815 2531 943 2606 Nam
973 2531 1108 2603 apud
1141 2535 1406 2590 Danielem
1437 2537 1631 2604 legitur
1655 2539 1710 2590 in
1746 2538 1967 2591 medium
1992 2541 2100 2606 for-

518 2604 659 2676 nacis
685 2604 817 2676 ignis
841 2604 1090 2666 ardentis,
1121 2607 1173 2658 in
1193 2608 1359 2659 medio
1389 2607 1589 2660 camino
1616 2608 1749 2676 ignis
1770 2604 2013 2673 ardentis,
2046 2612 2099 2662 in

517 2674 684 2754 medio
714 2675 953 2760 ﬂant‘mw,
1001 2677 1053 2729 in
1085 2677 1252 2760 medio
1292 2678 1444 2760 ignis,
1478 2677 1620 2760 quod
1640 2674 1784 2760 'sinu
1827 2688 1972 2732 recte
2000 2694 2096 2733 ex-

519 2743 786 2816 primitur.
829 2742 943 2798 Non
986 2756 1162 2816 tamen
1202 2742 1552 2802 dissimulabo
1603 2747 1768 2801 (ambo
1806 2763 1902 2816 pro
1954 2760 2096 2802 tactu

514 2811 620 2868 levi
643 2823 698 2870 et
725 2817 940 2886 innoxio
970 2815 1206 2886 [laminae
1246 2818 1514 2873 interdum
1542 2818 1710 2886 accipi
1739 2836 1751 2870 :
1776 2811 1845 2872 ex
1879 2833 1988 2885 quo
2017 2819 2099 2872 in-

514 2893 663 2938 certa
695 2883 936 2958 redditur
966 2885 1126 2958 lectio
1147 2895 1204 2941 et
1228 2887 1554 2958 conjectura.
1585 2883 1678 2943 aut
1700 2888 1847 2943 aliud
1869 2883 2093 2944 verbum

513 2956 862 3023 qttmrendum
895 2971 991 3023 pro
1016 2957 1290 3012 lambebat.
1315 2959 1327 2971 “

586 3022 709 3078 171.
731 3022 928 3082 Crines
958 3041 1062 3081 non
1085 3028 1259 3082 solum
1283 3029 1510 3082 cometis
1555 3037 1609 3082 et
1656 3029 1826 3082 stellis
1863 3029 2101 3083 tribuun-

514 3101 623 3166 t_ur,
657 3110 844 3150 vitrum
875 3096 1034 3151 etiam
1073 3098 1200 3166 igni.
1246 3098 1608 3163 “Lit-iacens
1650 3098 1686 3151 l.
1719 3114 1756 3162 ι,
1789 3114 1932 3154 vers.
1962 3101 2090 3162 205,

451 3198 456 3200 ν
513 3163 740 3218 Protulit
770 3176 825 3219 ut
862 3167 1056 3220 crinem
1092 3163 1264 3223 densis
1305 3169 1525 3222 luctatus
1556 3169 1611 3221 in
1642 3171 1770 3222 extis
1808 3166 1974 3223 lanis.
2004 3170 2092 3223 Sic

510 3200 828 3305 ἑόῶῖῖὶξηῖἐ
855 3200 1288 3305 ἐξ»ἱὶἰῖἓεῖἕὲᾟῶ
1389 3200 1770 3304 ὄέᾌῖιῖῗνῖιῖἕῗ
1786 3200 2092 3303 inlidit
2117 3200 2171 3268 G

510 3319 777 3360 novanum
815 3309 882 3361 ad
911 3308 1116 3363 Liviam
1158 3324 1299 3363 vers.
1338 3309 1466 3372 256,
1507 3308 1777 3363 Catullum
1821 3325 1991 3364 carm.
2022 3311 2092 3364 60

511 3375 732 3453 nuptiali
767 3379 1002 3453 vers.A7_7_
1039 3393 1304 3453 seq._cutn
1337 3389 1458 3433 uota
1493 3379 1686 3448 Vulpii.
1727 3377 1904 3453 Possit
1927 3385 2090 3453 etiam

511 3445 732 3519 intellgi
756 3445 830 3519 _de
851 3449 1087 3513 crinibus
1113 3445 1271 3503 trium
1298 3445 1716 3519 ptterorumnon
1739 3449 1844 3517 igni
1872 3451 2092 3504 combu-

511 3515 633 3586 stis,
676 3515 768 3586 sed
810 3519 1212 3586 splendentibus
1259 3515 1317 3573 iu
1357 3535 1558 3574 morem
1589 3515 1958 3586 ignisfPrima
1999 3536 2094 3576 ex-

513 3585 728 3655 plicatio
760 3591 937 3655 verior
963 3601 1064 3644 est.
1099 3589 1234 3643 infra
1264 3589 1406 3644 enim
1437 3585 1621 3644 sermo
1645 3599 1728 3643 est
1756 3591 1822 3644 de
1853 3590 2093 3648 crinibus

513 3653 818 3731 puerorum.
842 3653 924 3731 De
951 3659 1114 3714 verbo
1141 3661 1306 3731 ignio,
1328 3668 1384 3715 et
1416 3662 1607 3729 ignitus
1637 3661 1757 3714 vide
1794 3671 2089 3716 comment.

511 3728 575 3781 ad
593 3727 861 3801 frudem.
893 3730 1075 3801 bymn.
1109 3727 1179 3785 lii
1201 3729 1393 3801 PeriSI.
1419 3727 1558 3786 vers.
1592 3731 1746 3785 1078.

585 3797 706 3852 172.
729 3797 994 3870 Conjici‘at
1014 3801 1205 3870 aliquis
1229 3799 1548 3870 Fastiditque
1570 3803 1778 3870 famem,
1797 3809 1857 3855 ut
1877 3801 2094 3857 ﬂamma

510 3869 692 3936 jejuna
731 3873 1061 3928 recusaverit
1109 3869 1385 3936 alimenta,
1437 3869 1492 3926 et
1543 3869 1829 3926 fastidierit
1867 3871 2088 3929 famem.

558 3942 699 3994 ectio
727 3941 928 3995 codicis
965 3958 1030 3994 eo
1059 3945 1309 4009 pertinet,
1340 3957 1394 3996 ιιι
1432 3942 1598 3996 fames
1628 3942 1764 4011 ignis
1789 3942 1969 4011 jejuna
1998 3959 2092 3998 re-

510 4013 782 4065 cusaverit
819 4011 1049 4066 fastidita
1092 4015 1369 4068 alimenta.
1403 4013 1642 4078 Quadrat
1665 4015 1716 4066 in
1749 4014 1886 4066 hunc
1913 4014 2093 4066 locum

510 4081 655 4152 quod
693 4093 908 4134 sanctus
953 4082 1182 4137 Basilius
1225 4084 1410 4136 bomil.
1454 4083 1472 4135 1
1515 4085 1580 4136 de
1620 4084 1862 4137 laudibus
1896 4083 2091 4152 jejuuii

511 4158 622 4201 trcs
646 4149 742 4202 bos
770 4165 962 4216 pueros
998 4152 1052 4206 in
1080 4153 1294 4206 fornace
1312 4155 1445 4221 ignis
1471 4153 1664 4207 illaesos
1683 4149 1920 4206 amianto
1942 4149 2095 4208 com-

511 4227 683 4286 parat.

585 4288 705 4363 175.
735 4289 1095 4363 Daniel._cap.
1129 4305 1206 4353 ιιι,
1247 4304 1388 4346 vers.
1422 4289 1529 4363 50;
1564 4291 1628 4342 Et
1659 4291 1775 4359 fecit
1825 4292 2095 4363 (angelus)

510 4359 732 4430 medium
753 4361 986 4430 fornacis
1011 4363 1160 4427 quasi
1184 4370 1384 4414 ventum
1419 4362 1550 4414 roris
1579 4363 1810 4430 flantem.

584 4429 878 4501 175._Loc.
899 4433 998 4501 icit.
1040 4432 1239 4486 Daniel.
1279 4445 1420 4485 vers.
1463 4431 1533 4486 92
1561 4448 1573 4483 :
1613 4429 1677 4484 Et
1705 4433 1893 4499 species
1922 4433 2092 4501 quarti

510 4500 689 4554 similis
716 4498 852 4553 Filio
885 4500 998 4555 Dei.

2211 2131 2426 2187 regnum
2455 2119 2568 2186 ejus
2595 2131 2811 2187 regnum
2849 2116 3228 2186 sempiternum,
3261 2124 3315 2187 et
3356 2125 3569 2187 potestas
3601 2118 3695 2182 eius
3720 2121 3756 2170 :‘n

2210 2186 2584 2254 generationem
2631 2186 2678 2239 et
2725 2187 3118 2256 generationem.
3172 2186 3378 2254 Quibus
3428 2186 3480 2244 bi
3525 2187 3756 2242 Dracontii

2209 2270 2399 2311 versus
2436 2256 2678 2327 dilucide
2707 2257 3059 2321 explicantur.
3096 2257 3257 2324 Atque
3301 2273 3450 2310 suum
3500 2271 3589 2326 pro
3633 2266 3756 2327 atque

2210 2329 2345 2396 ejus,
2383 2327 2636 2380 videlicet
2668 2326 2897 2396 Domini.

2282 2398 2402 2451 183.
2437 2396 2612 2451 Prima
2644 2399 2692 2450 in
2725 2394 2986 2450 Danielem
3009 2398 3316 2463 corripitur,
3339 2397 3464 2454 duae
3503 2405 3753 2466 sequentes

2212 2468 2597 2538 producuntur,
2631 2467 2772 2536 Quod
2818 2468 2867 2520 in
2917 2467 3283 2534 hujuscemodi
3321 2469 3615 2521 nominibus
3648 2483 3751 2534 pro-

2208 2543 2341 2609 priis
2382 2546 2686 2595 exterarum
2727 2538 3014 2596 absurdum
3056 2554 3162 2594 non
3211 2547 3312 2592 est.
3365 2539 3602 2608 Plerique
3645 2538 3754 2590 duas

2216 2612 2416 2678 primas
2445 2611 2764 2681 corripiunt,
2797 2625 2888 2666 aut
2917 2629 2979 2667 ex
3015 2609 3246 2667 secunda
3288 2618 3342 2666 et
3371 2610 3518 2662 tertia
3549 2623 3751 2678 synznre-

2206 2681 2291 2738 sin
2325 2683 2543 2736 faciunt.

2282 2753 2405 2824 185.
2448 2752 2534 2807 Sic
2578 2751 2613 2807 Ι.
2657 2769 2695 2820 ι,
2738 2767 2881 2807 vers.
2914 2752 3015 2824 556
3046 2771 3058 2806 :
3089 2751 3301 2824 Magna,
3325 2751 3422 2807 Dei
3457 2754 3628 2822 pietas.
3663 2746 3748 2802 Sed

2203 2822 2331 2889 quid
2371 2832 2452 2877 est
2473 2825 2656 2892 jejuno
2687 2833 2900 2891 utroque
2932 2823 3112 2876 leone?
3139 2822 3260 2876 nam
3293 2823 3476 2878 leones
3504 2833 3643 2876 erant
3678 2837 3745 2874 se-

2206 2903 2373 2958 ptem.
2395 2892 2661 2965 §uspicor
2690 2895 2923 2965 utrinque
2959 2895 3118 2965 leone,
3155 2894 3238 2946 vel
3270 2896 3458 2965 jejuno
3485 2903 3640 2946 rentre
3663 2893 3750 2944 leo-

2205 2978 2346 3016 num.
2394 2962 2506 3016 Non
2538 2964 2678 3018 enim
2715 2964 2895 3032 judico
2935 2962 3352 3026 explicationem
3399 2965 3630 3017 idoneam
3663 2977 3747 3015 er-

2203 3033 2378 3100 promi
2409 3047 2564 3100 posse
2599 3049 2666 3087 ex
2695 3049 2814 3103 cap.
2842 3049 2930 3088 xtv
2963 3033 3193 3096 Daniel.,
3220 3049 3361 3088 vers.
3397 3034 3454 3088 51
3489 3051 3500 3085 :
3539 3033 3683 3086 Porro
3704 3032 3744 3082 in

2205 3103 2321 3155 lucu
2349 3112 2490 3156 erant
2529 3107 2696 3158 leones
2727 3115 2934 3174 septem,
2970 3113 3014 3154 et
3045 3104 3306 3158 dabantur
3333 3106 3410 3158 eis
3442 3106 3538 3158 duo
3566 3116 3745 3170 corpora

2203 3174 2451 3240 quotidie,
2494 3185 2540 3227 et
2573 3176 2690 3227 dum
2730 3192 2842 3228 oves
2865 3191 2887 3228 :
2914 3182 2959 3228 et
2998 3182 3120 3226 tunc
3151 3189 3253 3227 non
3285 3176 3411 3228 data
3445 3185 3557 3227 sunt
3595 3176 3675 3238 eis,
3701 3181 3744 3222 ut

2199 3244 2495 3298 devorarent
2528 3244 2806 3308 Danielem,
2841 3245 2986 3311 quasi
3022 3243 3336 3298 Dracontius
3365 3246 3546 3299 innuat
3591 3244 3741 3298 leones

2198 3314 2479 3382 utriusque
2507 3315 2607 3368 cibi
2636 3315 2848 3382 jejunus
2869 3314 3052 3368 fuisse.
3090 3313 3249 3368 Forte
3278 3317 3501 3380 respicit
3524 3315 3584 3368 ad
3607 3315 3742 3381 pictu-

2198 3397 2288 3438 ras
2337 3398 2564 3446 veteres,
2599 3386 2791 3452 quibus
2835 3385 3018 3438 Daniel
3059 3384 3198 3437 inter
3232 3385 3368 3438 duos
3411 3386 3585 3439 leones
3620 3383 3740 3452 exitig

2198 3454 2374 3508 betur.
2417 3450 2662 3523 Suspicio
2697 3455 2971 3522 cujusdam
3013 3465 3095 3507 cst
3130 3455 3414 3520 legendum
3450 3455 3628 3523 Magna
3666 3450 3742 3505 Dei

2200 3524 2384 3597 pietas.
2415 3523 2604 3594 Jejuno
2628 3536 2838 3597 utroque
2867 3526 3060 3579 leonem
3097 3525 3223 3591 Quis
3248 3527 3372 3597 petit
3403 3536 3449 3580 et
3478 3527 3594 3579 vixit
3619 3538 3742 3576 rena-

2198 3605 2279 3648 tor
2300 3595 2503 3647 inermis
2526 3611 2677 3648 arena
2694 3596 2719 3648 ἔ)

2272 3664 2396 3718 186.
2443 3666 2645 3720 Sensus
2688 3675 2769 3718 est
2799 3665 2918 3733 quis
2960 3665 3181 3720 inermis
3218 3677 3447 3720 venator
3484 3681 3596 3721 cum
3637 3663 3741 3733 feris

2198 3734 2430 3789 luctatus
2481 3748 2585 3799 eat,
2629 3735 2716 3804 qui
2759 3732 2860 3788 non
2905 3737 3063 3788 fuerit
3103 3736 3354 3790 occisus?
3387 3737 3554 3792 Simili
3592 3732 3740 3802 phrasi

2198 3803 2372 3860 Exod.
2417 3820 2536 3872 cap.
2579 3821 2766 3870 χχχιιι,
2815 3821 2955 3858 vers.
3001 3805 3105 3859 20:
3145 3805 3262 3859 Non
3295 3809 3436 3860 enim
3473 3807 3640 3860 videbit
3680 3817 3742 3855 me

2200 3875 2372 3940 homo,
2401 3885 2448 3929 et
2473 3877 2618 3928 vivet.
2653 3875 2718 3930 Ut
2739 3877 2951 3930 venatio
2978 3876 3176 3930 dicitur
3206 3892 3312 3930 non
3346 3879 3519 3932 solum
3547 3877 3607 3930 dc
3628 3873 3742 3928 fera-

2198 3960 2317 3999 rum
2357 3961 2454 4014 per
2485 3961 2683 4000 nrnora
2717 3957 2771 3999 et
2800 3961 2959 4015 agros
2989 3949 3383 4013 persecutione,
3412 3948 3503 4002 sed
3525 3949 3666 4000 etiam
3685 3944 3741 3996 de

2199 4016 2508 4083 spectaculo
2533 4017 2830 4080 venatorio,
2865 4018 2931 4068 ita
2966 4018 3124 4070 etiam
3155 4029 3383 4072 venator
3426 4019 3636 4071 sumitur
3662 4029 3740 4081 pro

2198 4086 2474 4146 bestiario,
2509 4088 2596 4156 qui
2631 4102 2748 4140 cum
2773 4086 2902 4140 feris
2933 4099 3129 4154 pugnat
3154 4087 3204 4140 in
3232 4090 3630 4153 amphitheatro.
3660 4084 3738 4136 Be-

2203 4158 2373 4210 stiarii
2408 4157 2521 4220 alii,
2555 4158 2641 4222 qui
2684 4159 2930 4210 mercede
2961 4157 3409 4210 conducebantur
3437 4169 3521 4210 aut
3550 4158 3671 4211 ultro
3693 4166 3739 4204 se

2199 4225 2518 4291 offerebant,
2555 4233 2742 4281 armati
2782 4227 2834 4280 in
2869 4242 3086 4288 arenam
3123 4227 3542 4291 descendebant,
3579 4225 3655 4278 alii
3682 4223 3735 4273 ob

2198 4296 2402 4419 ἰθύει-ιι
2459 4298 2526 4351 ad
2577 4298 2774 4352 besrias
2819 4297 3087 4365 damnati,
3142 4297 3223 4351 bis
3273 4298 3508 4353 inermes
3555 4293 3738 4366 objicie-

2237 4377 2411 4419 antur.

2237 4377 2411 4420 antur.

2269 4436 2390 4489 187.
2443 4437 2764 4491 Claudianus
2813 4436 2882 4491 de
2933 4438 3088 4492 Mallii
3133 4439 3422 4494 consulatu
3463 4452 3591 4494 vers.
3629 4433 3733 4498 298,

2198 4503 2527 4574 Per-fassique
2541 4518 2715 4568 ruant,
2741 4507 2929 4576 papula
2947 4509 3186 4576 pallente,
3221 4509 3408 4564 leones.

588 4571 707 4626 177.
752 4571 877 4628 Loc.
915 4573 1007 4628 cit.
1034 4586 1179 4628 vers.
1213 4570 1282 4625 50
1311 4585 1324 4620 :
1353 4570 1417 4625 Et
1447 4587 1546 4624 non
1578 4571 1741 4640 tetigit
1769 4587 1854 4624 eos
1882 4574 2088 4625 omnino
2119 4577 2173 4638 D
2273 4577 2394 4632 188.
2437 4570 2750 4631 Productusf
2773 4570 3010 4642 venator,
3040 4578 3343 4633 bestiarios.
3377 4576 3655 4634 Lucanusi.
3676 4588 3732 4636 tv,

511 4642 664 4711 ignis.
697 4643 940 4712 Mendum
967 4657 1095 4712 ergo
1120 4641 1320 4696 clarum
1349 4655 1431 4697 eSt
1471 4642 1635 4710 prima
1667 4655 1762 4709 pro
1785 4644 2013 4708 ﬂamma.

585 4714 707 4767 181.
741 4711 955 4768 Plenius
981 4711 1257 4768 conlessus
1296 4722 1380 4766 est
1418 4713 1728 4777 Dominum,
1768 4713 1889 4778 quia
1933 4721 2088 4767 antea

510 4783 725 4852 quidem
756 4782 1033 4840 confessus
1060 4783 1208 4837 illum
1240 4783 1428 4848 fuerat,
1456 4798 1574 4836 cum
1612 4782 1796 4837 Daniel
1822 4783 2091 4851 interpre-

513 4863 651 4907 tatus
680 4854 753 4907 illi
781 4855 878 4908 fuit
899 4855 1188 4919 somnium,
1221 4854 1312 4908 sed
1342 4869 1446 4908 non
1479 4855 1550 4907 ita
1585 4855 1760 4920 plene,
1791 4869 1853 4907 ac
1877 4862 2083 4922 postea,

511 4938 632 4976 cum
662 4933 767 4978 tres
790 4939 985 4992 pueros
1004 4940 1034 4978 e
1059 4925 1272 4978 fornace
1297 4924 1475 4991 egredi
1500 4921 1682 4990 jussit.
1707 4922 1858 4977 Prius
1880 4921 2089 4979 dixerat

512 4993 718 5047 Daniel.
743 5008 860 5063 cap.
885 5009 944 5059 ιι,
975 5009 1116 5048 vers.
1139 4995 1206 5048 L7
1233 5011 1245 5044 :
1278 4993 1407 5047 Vere
1440 4993 1576 5045 Deus
1606 5001 1767 5046 vester
1797 4993 1934 5046 Deus
1962 4998 2084 5046 deo.

512 5079 626 5116 rum
659 5073 756 5130 est,
792 5075 835 5117 et
869 5063 1115 5117 Dominus
1143 5079 1343 5132 regum,
1375 5072 1419 5117 et
1437 5064 1662 5117 revolans
1692 5065 1950 5132 mysteria.
1988 5065 2086 5116 Ρο-

511 5144 626 5187 stea
657 5149 787 5188 vero
827 5134 1033 5188 Daniel.
1068 5148 1187 5200 cap.
1220 5148 1299 5198 ιιι,
1331 5149 1474 5188 vers.
1510 5132 1582 5187 96
1609 5149 1762 5202 seqq.
1795 5135 1868 5187 ait
1898 5152 1908 5184 :
1937 5135 1978 5187 A
2009 5151 2087 5191 me

511 5221 630 5274 ergo
656 5206 874 5275 positum
899 5212 971 5258 est
1004 5204 1097 5257 hoc
1134 5205 1411 5275 decretum,
1442 5213 1497 5256 ut
1537 5205 1698 5275 omni.-
1727 5207 1964 5272 populus,
1996 5209 2090 5258 tri-

513 5273 604 5330 buis
639 5273 686 5328 et
719 5276 926 5345 lingua,
971 5289 1283 5345 quascunque
1317 5273 1674 5345 locutarfuerit
1717 5275 2087 5345 blasphemiam

511 5356 688 5400 contra
719 5344 880 5400 Deum
911 5345 1150 5406 Sidrach,
1185 5344 1370 5408 Μίδας,
1397 5354 1446 5398 et
1479 5344 1781 5412 Addenago,
1815 5344 2084 5416 dispereat,

510 5424 559 5471 et
587 5416 769 5470 domus
795 5418 905 5486 ejus
936 5426 1193 5486 vastetur:
1222 5416 1543 5486 nequeenim
1571 5425 1645 5468 est
1674 5416 1811 5468 alius
1849 5415 1972 5469 deus
2001 5419 2090 5484 qui

509 5488 670 5559 possit
691 5487 763 5540 ita
791 5484 1078 5559 saginare...
1114 5484 1598 5559 Nabuchodonosor
1619 5502 1708 5538 rer
1736 5489 1968 5559 omnibus
1994 5504 2084 5553 po-

511 5555 664 5629 pulis,
696 5558 926 5628 gentibus
945 5565 991 5609 et
1023 5557 1207 5629 linguis
1226 5556 1313 5629 qui
1338 5555 1635 5629 habitantia
1655 5556 1898 5629 universa
1921 5568 2078 5629 terra,

511 5625 784 5697 paxAuobis
819 5625 1201 5697 multiplicetur.
1238 5626 1402 5694 Signa
1440 5635 1484 5679 et
1513 5625 1765 5680 mirabilia
1797 5627 1914 5696 fecit
1943 5627 2082 5697 apud

513 5695 592 5768 me
614 5695 752 5750 Deus
781 5695 1030 5751 excelsus.
1069 5696 1273 5750 Placuit
1307 5712 1427 5768 ergo
1462 5697 1586 5749 mihi
1619 5695 1901 5766 prwdicare
1937 5695 2083 5768 s’gna

516 5767 646 5833 eius,
671 5767 793 5833 quia
821 5781 1007 5836 magna
1029 5774 1171 5837 sunt,
1197 5776 1246 5824 et
1272 5766 1529 5824 mirabilia
1549 5769 1683 5841 ejus,
1705 5769 1825 5839 quia
1840 5766 2013 5838 fortia“;
2039 5777 2088 5824 et

2199 4661 2345 4700 vers.
2391 4648 2514 4710 708,
2571 4645 2769 4699 Fatalis
2815 4663 2986 4700 arente
3032 4646 3333 4702 Muneribus
3383 4666 3482 4703 non
3527 4651 3596 4701 ira
3625 4655 3736 4699 velut

2200 4731 2507 4769 concurrere
2539 4719 2671 4784 cogit
2713 4715 3022 4770 Productos.
3067 4717 3155 4771 Sic
3195 4719 3354 4772 etiam
3399 4720 3660 4774 histriones
3693 4713 3732 4764 in

2201 4801 2416 4840 scenam
2475 4787 2695 4854 produci
2747 4788 3019 4841 dicuntur.
3072 4787 3273 4841 Poterit
3319 4799 3493 4844 tamen
3549 4785 3731 4842 retineri

2201 4857 2478 4929 productor
2502 4873 2594 4926 pro
2616 4856 2891 4929 magistro,
2924 4859 3013 4927 qui
3045 4859 3289 4926 produtit
3319 4860 3584 4929 feramuet
3609 4856 3733 4929 solli-

2197 4927 2323 5000 citat
2366 4927 2429 5000 ad
2458 4943 2690 5000 pugnam
2724 4928 3031 5000 crepitante
3051 4943 3213 5000 sono,
3231 4940 3347 4987 aut
3381 4927 3598 4998 ﬂagello.
3627 4927 3735 5000 tiar-

2196 4998 2338 5050 tialis
2363 4997 2428 5052 de
2449 4994 2696 5073 SpEctac.
2739 4994 2833 5067 ep.
2860 4999 2923 5052 21
2957 5017 2968 5052 :
3001 4994 3301 5055 Sollicitant
3323 4994 3493 5073 pavidi
3520 5001 3631 5054 dum
3652 4994 3736 5049 rhi-

2198 5071 2715 5141 nocerota_i_nagistri,
2749 5081 2853 5141 etc.

2274 5139 2396 5193 189.
2432 5139 2736 5209 Massylum,
2772 5139 3019 5194 videlicet
3052 5140 3287 5208 leonem,
3316 5142 3401 5198 vel
3447 5140 3642 5209 melius_
3659 5149 3736 5209 pro

2197 5207 2548 5278 Massylorum
2578 5206 2808 5282 exarte.
2842 5209 3095 5282 Virgilius
3125 5211 3160 5266 l.
3195 5206 3282 5274 vt,
3305 5227 3447 5268 vers.
3483 5211 3547 5265 59
3571 5206 3736 5282 {Peni-

2195 5275 2376 5351 tusqne
2398 5289 2626 5349 repostas
2650 5275 3150 5351 Massylum'gentes.
3185 5281 3386 5337 Statius
3408 5283 3442 5336 Ι.
3476 5296 3531 5351 ιι,
3557 5278 3661 5334 siit.
3691 5275 3732 5338 5.

2202 5347 2700 5421 Qccidis,‘altarum
2736 5347 2980 5405 vastator'
3000 5352 3143 5404 docte
3181 5356 3427 5421 ferarum,
3462 5350 3573 5405 Non
3613 5359 3734 5417 grege

2196 5417 2448 5489 Massylo,
2493 5436 2745 5485 curvaque
2778 5421 3018 5491 indagine
3051 5417 3276 5476 clausus.
3313 5417 3454 5478 Grex
3489 5421 3734 5491 Massylus.

2194 5503 2322 5561 grex
2343 5485 2679 5544 'veuatorum
2724 5485 2920 5560 gentis'
2940 5491 3205 5561 Massylia:
3253 5492 3365 5550 sive
3404 5494 3453 5546 in
3496 5485 3730 5546 Numidia,

2200 5559 2317 5614 sive
2359 5561 2412 5614 in
2455 5561 2618 5630 Libya
2651 5559 2818 5630 prope
2847 5559 3098 5618 Getulos.’
3119 5562 3222 5616 Pro
3248 5561 3543 5617 Mauritanis
3569 5566 3729 5627 passm

2200 5576 2317 5614 srve
2359 5577 2412 5614 tn
2455 5576 2551 5615 LII)
2591 5576 2618 5613 a
2651 5577 2818 5630 prope
2847 5576 3085 5618 uetutos.
3119 5576 3222 5616 ιιι-ο
3248 5576 3543 5617 tuauruams
3569 5576 3725 5627 pnss'ul

2196 5641 2506 5708 ponuntur.‘
2535 5576 2687 5708 ἄμφι
2733 5632 2776 5686 si
2823 5645 2968 5708 vers.
3017 5632 3248 5708 proceed.
3296 5633 3436 5708 legas
3468 5631 3725 5708 productor,

2196 5700 2544 5770 interrogatio
2573 5701 2746 5755 cidem
2778 5703 2972 5770 appeni
3007 5700 3197 5765 poterit
3232 5719 3246 5756 :
3275 5713 3329 5758 et
3352 5700 3461 5758 ltoc
3489 5715 3627 5755 versu
3661 5700 3728 5747 ἱεισ-

2197 5770 2362 5842 cipiat
2388 5787 2522 5829 nova
2554 5771 2805 5844 periodus
2842 5771 3070 5846 Longius
3101 5773 3353 5845 asistens,
3381 5772 3573 5834 scilicet
3593 5781 3727 5825 vena-
