3902 6330
124 416 227 476 855

1515 619 1623 690 [iur

297 711 497 779 Puplite
522 710 769 775 subnixo,
802 709 936 764 duro
960 709 1060 764 sub
1088 710 1229 779 pelle
1256 710 1478 775 lacerto,
1630 694 1631 701 ‘

298 804 599 873 Inguinibus
639 804 861 867 strictis,
894 803 1090 857 nudato
1122 814 1340 873 pectore
1366 805 1622 859 sursum?

294 897 448 967 312
465 894 596 949 Cum
621 895 865 951 residens
885 898 1061 951 caveis
1081 898 1221 951 inter
1236 898 1538 965 spectacula
1559 898 1689 953 festa

300 988 426 1042 Vota
457 988 579 1042 facit
609 989 855 1057 populus,
888 990 1056 1043 valido
1086 1006 1148 1044 ne
1177 990 1334 1043 bestia
1366 1007 1539 1043 morsu

136 1080 227 1134 195
297 1080 577 1153 Sanguinis
598 1080 811 1135 humani
824 1084 967 1137 sanie
985 1087 1191 1153 perfusa
1214 1086 1494 1138 maclescat.

1290 415 1573 472 CARMEN
1621 418 1709 473 DE
1750 417 1904 477 DEO.
1947 419 2070 477 LIB.
2113 422 2199 478 lll.

131 531 228 588 190
297 530 479 584 Lintea
521 527 661 583 ﬂuxa
706 525 969 581 trahens:
1008 526 1267 582 venabula
1319 529 1472 599 longa
1510 540 1694 586 tcnen-
1722 536 1778 596 Α

3272 428 3376 489 851

1983 534 2210 602 Quando
2229 533 2361 589 duos
2389 535 2585 604 pariter
2612 535 2848 605 suscepit
2877 550 3038 593 arena
3067 538 3272 606 leones,

1984 627 2239 683 Prmsidio
2268 628 2311 682 si
2343 637 2491 698 porta
2518 627 2653 698 fuga:
2681 629 2965 697 spatiosior
2993 632 3171 687 obstet

1975 720 2189 785 Clausa,
2212 728 2505 789 patensque
2529 720 2685 774 simul
2708 722 2923 775 bisseno
2952 722 3173 778 cardine
3203 739 3383 793 verso,

1981 811 2140 883 313
2185 812 2317 869 Hinc
2370 812 2450 867 vir
2493 812 2668 879 adest,
2706 825 2866 881 atque
2910 815 3032 869 inde
3061 815 3195 882 fera,
3236 827 3379 873 stan.

2840 905 2997 978 [unus
3032 909 3095 962 ad
3130 924 3312 962 unum.

1802 994 1909 1049 200
1984 995 2115 1050 llinc
2146 1006 2349 1051 armata
2401 1012 2586 1052 manus
2619 995 2781 1063 ferro,
2835 997 2956 1053 hinc
2987 998 3238 1053 dentibus
3267 1014 3380 1052 ora.
3450 1021 3459 1024 κ

1983 1086 2050 1141 Et
2090 1096 2265 1143 tamen
2297 1089 2495 1144 auxilio
2536 1104 2698 1159 supra
2728 1103 2888 1159 caput
2938 1092 3187 1147 imminet
3226 1093 3381 1159 alter,

1368 1193 1756 1251 SCRIPTURA
1793 1194 1945 1251 COD.
1990 1196 2151 1253 VAT.

201 1284 312 1337 190.
348 1283 525 1354 Longa
555 1286 760 1339 tenenti.

202 1356 311 1407 192.
364 1354 665 1424 Inguinibus
704 1356 891 1410 strictis
937 1366 1128 1409 mutato
1172 1365 1372 1425 pectore
1412 1356 1555 1420 visa;
1598 1354 1693 1411 sed

137 1428 247 1485 tisa,
266 1442 335 1496 an
357 1430 502 1495 jusa,
530 1426 749 1481 dubium
789 1436 893 1493 est,
925 1442 1019 1481 nec
1047 1429 1251 1481 clarum
1280 1435 1495 1496 pectore.

201 1494 310 1548 195.
340 1494 607 1563 Scriptum
630 1502 830 1560 redens,
863 1506 1163 1552 correctum
1194 1494 1444 1551 recidens.

202 1566 312 1631 194,
357 1567 475 1621 195.
524 1566 651 1620 Vota
685 1568 807 1637 facit
836 1570 1058 1639 papulis,
1098 1585 1160 1622 ne
1184 1568 1356 1621 valida
1382 1567 1539 1621 bestia
1572 1575 1695 1620 nota

1805 1288 2086 1360 Sanguinis
2116 1290 2178 1343 ab
2202 1308 2290 1346 ο...
2400 1293 2774 1349 desiderantur
2794 1305 3009 1352 cmtera.

2032 1360 2283 1434 Praesidio
2312 1364 2355 1416 si
2379 1374 2530 1431 capta
2558 1370 2692 1434 fuga:
2722 1367 2994 1433 spatiosior
3028 1367 3183 1422 orbis.

1880 1432 2003 1487 199.
2046 1431 2184 1485 Hinc
2207 1434 2283 1487 vir
2312 1435 2455 1488 adest
2477 1431 2631 1506 atque
2674 1431 2757 1489 vir
2799 1441 2912 1507 fera
2959 1448 3101 1491 stans
3142 1454 3271 1492 unus
3320 1438 3384 1493 ad

1802 1518 1981 1558 unum.

1671 1662 1903 1719 NOTAE.

138 1768 210 1810 tor
234 1771 384 1823 quem
413 1766 568 1811 antea
611 1759 922 1812 nominavit.
968 1757 1262 1812 Venatores
1293 1758 1450 1826 longe
1498 1765 1700 1809 stantes

139 1828 264 1880 teras
290 1828 670 1898 provocabunt,
705 1838 760 1883 ut
794 1844 915 1883 cum
940 1830 1140 1898 impetu
1172 1829 1507 1882 incurrerent
1537 1838 1588 1880 et
1621 1828 1701 1879 fa-

138 1898 275 1951 cilius
302 1897 666 1952 eluderentur.

202 1968 316 2021 190.
356 1969 594 2024 Cernere
624 1969 799 2023 adhuc
827 1969 951 2024 licet
990 1968 1274 2024 bestiarios
1312 1968 1364 2021 in
1396 1968 1565 2036 antiq.
1601 1965 1707 2020 Ex-

139 2038 253 2108 plic.
295 2036 673 2094 Montiaucouii
701 2050 829 2094 tom.
866 2040 952 2103 ΙΙΙ,
984 2048 1123 2108 part.
1154 2040 1209 2103 2,
1243 2040 1365 2093 libr.
1399 2054 1471 2102 tv,
1505 2053 1624 2106 cap.
1650 2040 1703 2101 8,

138 2107 215 2160 ubi
234 2122 261 2161 e
290 2109 494 2177 pictura
523 2109 808 2165 Nasoniaui
838 2107 1070 2178 sepulcri
1092 2117 1509 2177 repraasentatur
1538 2124 1704 2163 vena-

138 2178 203 2229 tio
230 2178 438 2232 leonum
474 2180 525 2234 in
557 2192 710 2248 septo
744 2200 756 2233 :
786 2188 1072 2235 venatores
1103 2189 1227 2233 sunt
1257 2178 1559 2248 inguinibus
1582 2180 1707 2233 stri-

138 2248 244 2309 ctis,
271 2258 323 2302 et
352 2266 417 2305 ex
451 2266 583 2304 zona
616 2252 775 2306 lintea
802 2251 1045 2306 nonnihil
1077 2250 1309 2305 demissa
1341 2250 1511 2303 ﬂuunt
1537 2268 1547 2300 ε
1578 2250 1705 2303 bra-

138 2318 240 2371 chia
269 2320 404 2374 nuda
431 2322 801 2376 ostenduntur.
836 2323 940 2377 Sed
966 2338 1065 2377 nec
1085 2322 1340 2376 venabula
1370 2329 1581 2389 gerunt,
1607 2335 1707 2375 nec

139 2390 360 2457 sagittas,
392 2406 461 2445 ac
488 2393 659 2445 solum
700 2394 1102 2462 pra'grandibus
1149 2391 1356 2460 clypeis
1385 2391 1575 2444 armati
1604 2407 1704 2457 ap-

139 2470 328 2532 parent.
370 2462 613 2518 Diversa:
642 2462 804 2532 igitur
841 2474 993 2518 erant
1020 2464 1250 2532 venandi
1290 2464 1547 2516 rationes.
1577 2462 1644 2514 Et
1674 2475 1704 2514 a

140 2526 405 2602 Draroiitio
432 2534 645 2602 quidem
662 2526 889 2588 'venator
910 2537 977 2587 ita
1004 2531 1246 2589 exhiberi
1266 2533 1496 2593 videtur,
1522 2541 1579 2585 ut
1601 2532 1706 2584 alia

142 2613 281 2652 manu
311 2601 492 2656 linteis
538 2604 870 2659 ﬂuitantibus
901 2604 1066 2660 feram
1116 2604 1428 2669 lacesseret,
1471 2602 1572 2655 alia
1613 2618 1708 2655 ve-

142 2670 312 2745 nabula
344 2680 576 2745 teneret.
604 2673 937 2729 Venabulum
972 2676 1252 2745 proprium
1284 2684 1600 2745 venatorum
1628 2682 1704 2745 te:

143 2739 236 2813 lum
264 2750 359 2796 est.
393 2742 529 2798 Vide
573 2745 866 2799 Martialem
910 2746 946 2800 l.
974 2739 1088 2810 ξων,
1127 2747 1296 2813 epigr.
1328 2745 1399 2799 ‘50
1423 2753 1479 2798 et
1521 2742 1610 2810 ⁸51,
1644 2742 1707 2797 Si

143 2810 316 2885 dejecta
333 2830 475 2883 geres
498 2814 649 2885 longo
681 2816 925 2871 venabula
954 2826 1143 2875 rostro,
1164 2810 1276 2868 llic
1293 2815 1451 2868 brevis
1472 2816 1521 2868 in
1551 2829 1706 2881 gran-

142 2880 241 2932 dem
269 2880 508 2956 caminus
554 2880 644 2939 ibit
672 2903 875 2956 aprum.
910 2886 986 2941 De
1026 2886 1197 2941 t-ultro
1230 2887 1502 2938 venatorio
1533 2880 1706 2956 loqui-

143 2958 233 3004 tur.
260 2952 454 3021 Scripsi
480 2952 733 3017 tenentur,
761 2957 898 3026 quod
922 2958 1118 3011 clarius
1138 2956 1365 3011 videtur.
1390 2956 1445 3010 Si
1472 2955 1705 3011 retineas

144 3025 331 3087 tenenti,
357 3026 409 3079 id
440 3027 737 3082 eolucrebit
766 3025 887 3081 cum
908 3028 1117 3081 lacerto.

207 3090 315 3148 191,
345 3093 558 3165 Poplite
600 3100 847 3151 submisso
873 3097 1009 3151 dixit
1035 3096 1255 3151 Ovidius
1284 3096 1499 3150 Metam.
1531 3096 1569 3151 l.
1604 3111 1699 3162 vti,

145 3176 271 3218 vers.
306 3166 427 3232 191,
477 3177 536 3221 et
587 3167 761 3223 Valer.
816 3167 1034 3222 Flaccus
1064 3169 1101 3222 Ι.
1136 3183 1207 3232 vi,
1254 3181 1395 3220 vers.
1437 3167 1562 3222 245.
1595 3166 1699 3221 Sed

144 3233 312 3290 melius
338 3222 437 3291 hoc
482 3238 604 3293 loco
634 3222 715 3292 est
754 3238 993 3303 subnixo,
1030 3242 1151 3306 quia
1184 3222 1368 3303 poples
1401 3248 1551 3290 terra:
1576 3236 1703 3290 niti-
1726 3222 1773 3284 C

147 3313 234 3367 Iur,
261 3314 313 3359 ut
341 3320 568 3362 venator
592 3309 754 3363 feram
788 3310 1080 3362 irruentem
1114 3308 1361 3375 excipiat.
1390 3307 1549 3362 Forte
1570 3308 1706 3362 dura

143 3374 223 3444 sub
248 3377 404 3444 pelle:
435 3379 536 3435 sed
563 3381 699 3434 bene
729 3378 887 3432 etiam
912 3390 993 3434 est
1018 3380 1150 3432 duro
1178 3374 1388 3431 lacerto.

210 3442 317 3518 192.
348 3448 513 3504 Forte
554 3449 890 3505 scribendum
927 3452 1121 3503 nudato
1160 3458 1360 3518 pectore
1397 3465 1574 3515 supra,
1613 3456 1706 3503 aut

145 3516 318 3586 nudato
343 3534 545 3586 pectore
582 3521 781 3573 dextro.
824 3521 966 3573 ldem
1008 3536 1134 3573 usus
1160 3516 1403 3585 exprimi
1434 3520 1641 3572 videtur
1672 3533 1703 3574 a

144 3581 363 3643 Juvenali
402 3600 511 3645 sat.
558 3591 611 3657 1,
646 3605 786 3646 vers.
819 3590 911 3655 Q5,
953 3589 1082 3643 Cum
1114 3581 1261 3644 tener
1294 3605 1505 3642 uxorem
1553 3588 1705 3642 ducat
1736 3616 1745 3627 -

144 3657 300 3731 spado.
336 3659 525 3715 Htevia
547 3660 766 3715 Tuscum
801 3660 953 3729 Figat
986 3670 1255 3731 apruin,et
1276 3660 1413 3712 nuda
1436 3669 1605 3731 teneat
1623 3675 1705 3712 i-e-

145 3726 312 3782 nabula
337 3748 580 3786 inanima.
606 3730 736 3785 Nam
767 3726 991 3787 feminas
1019 3726 1082 3784 in
1113 3745 1328 3784 arenam
1361 3730 1705 3785 descendisse

144 3802 531 3882 ευρξξπι,ητιιιομ
560 3810 739 3882 satyra
766 3803 984 3882 dignum
1013 3812 1195 3855 censet
1224 3799 1522 3881 Juvenalis.

207 3868 316 3923 l93.
350 3872 554 3942 Caveis,
577 3868 697 3942 quia
726 3868 913 3941 triplex
963 3880 1080 3927 erat
1120 3886 1305 3935 cavea,
1338 3872 1464 3939 ima,
1504 3870 1702 3938 media,

144 3950 348 3994 summa.

207 4006 317 4082 196.
348 4013 548 4068 Verum
583 4022 711 4082 puto
729 4014 896 4067 valido
923 4029 985 4067 ne
1010 4011 1168 4067 bestia
1195 4027 1401 4065 morsu:
1419 4026 1538 4065 nam
1560 4027 1702 4064 mor-

143 4090 218 4153 sus
242 4080 301 4153 de
324 4084 505 4139 bestiis
538 4080 734 4153 passim
767 4086 981 4139 dicitur.
1009 4084 1286 4139 Lucretius
1308 4082 1345 4135 l.
1376 4098 1428 4149 ν,
1463 4099 1512 4135 v.
1539 4082 1703 4147 1521,

146 4144 378 4225 )lorsibus
405 4144 575 4225 anima:
624 4156 805 4209 validis
841 4167 992 4221 atque
1025 4153 1279 4223 unguibus
1317 4144 1483 4207 uncis.
1528 4144 1705 4220 Expo;

147 4219 209 4295 nit
237 4219 545 4295 Draconiius
582 4236 701 4280 vota
756 4219 933 4295 populi
978 4219 1266 4294 precantis,
1314 4238 1381 4278 ne
1421 4219 1639 4277 venator
1671 4237 1703 4277 a

147 4285 238 4341 fera
268 4294 569 4363 dilanietur,
607 4306 663 4349 ut
686 4285 943 4350 γεεί-55201
960 4285 1261 4359 {Manibus
1286 4294 1438 4346 illisis
1460 4310 1520 4346 ne
1543 4295 1704 4346 bestia

148 4364 344 4437 membra
366 4367 588 4437 jacentis
624 4366 798 4426 Vexat.
828 4375 873 4421 et
919 4365 1178 4437 horrorem
1206 4364 1360 4437 faciat
1386 4364 1579 4437 dilecta
1612 4380 1698 4417 υο-

149 4428 314 4507 ιτφιαξς
347 4428 423 4491 Kc
460 4436 648 4507 negari
690 4438 873 4505 nequit
911 4436 1177 4490 interdum
1206 4428 1333 4488 huic
1378 4434 1543 4507 fuisse
1582 4444 1705 4507 vota

150 4502 325 4569 Populi,
367 4520 419 4560 ut
448 4502 613 4561 homo
654 4502 823 4560 vii-tur
862 4516 1047 4560 contra
1082 4506 1243 4559 feram
1290 4505 1561 4560 evaderet.
1595 4505 1703 4560 Sed

1811 1754 2025 1810 natione
2057 1756 2321 1811 indicetur
2350 1757 2433 1811 his
2453 1758 2709 1828 versibus
2742 1774 2754 1810 :
2780 1756 3034 1812 Prtesidio
3060 1760 3106 1812 si
3134 1770 3283 1826 capta
3306 1761 3385 1828 fu.

1732 1864 1783 1923 Β
1812 1828 2214 1923 ριινλξροιὶοείον
2250 1829 2385 1923 agitis
2434 1826 2625 1923 Clausa
2668 1839 2940 1923 patensque
2990 1831 3147 1912 simul
3188 1826 3385 1923 bisseno

1814 1898 2023 1949 cardine
2065 1915 2227 1952 verso.
2266 1899 2501 1953 Primum
2535 1898 2737 1967 lego'si
2778 1910 2924 1968 parta
2964 1915 3061 1967 pro
3103 1902 3147 1953 si
3193 1910 3385 1968 capta:

1814 1982 1936 2019 nam
1978 1984 2165 2022 versus
2215 1984 2447 2036 sequens
2495 1970 2560 2023 ad
2608 1978 2811 2038 portam
2862 1971 3089 2035 aliquam
3134 1972 3388 2037 refertur,

1812 2053 1931 2103 qua:
1972 2039 2194 2105 proinde
2230 2041 2282 2093 in
2314 2040 2413 2094 hoc
2440 2056 2597 2095 versu
2631 2040 2894 2094 nominari
2923 2040 3101 2095 debet.
3132 2042 3234 2094 Pro
3255 2042 3388 2096 orbis

1812 2107 1933 2180 lego
1962 2108 2116 2180 obstet
2143 2126 2162 2163 :
2194 2126 2314 2164 nam
2359 2111 2573 2180 aliquod
2609 2113 2828 2166 verbum
2860 2112 3169 2176 requiritur,
3204 2124 3259 2165 ut
3286 2128 3388 2165 cae-

1812 2177 1941 2231 teris
1967 2178 2239 2235 vocabulis
2278 2177 2467 2236 sensus
2511 2182 2785 2251 reddatur,
2831 2190 2885 2236 et
2910 2182 3068 2237 obstet
3109 2184 3388 2236 sententiae

1812 2252 2079 2323 congruit,
2112 2251 2315 2305 scilicet
2354 2253 2400 2306 si
2425 2252 2582 2323 obstet
2624 2252 2863 2321 prmidio
2911 2256 3066 2321 fugis.
3109 2251 3213 2306 Sed
3240 2261 3390 2323 porll

1811 2321 2086 2392 spatiosior
2117 2338 2217 2387 qua
2250 2324 2456 2377 ratione
2497 2322 2633 2392 fuga:
2657 2324 2872 2377 obstare
2902 2324 3115 2390 potest?
3143 2323 3198 2376 ld
3230 2321 3391 2379 versu

1812 2404 1927 2458 seq.
1961 2406 2023 2444 es
2033 2391 2278 2458 plicetur.

1890 2461 2009 2515 l98.
2045 2460 2119 2515 De
2163 2462 2387 2516 diversis
2419 2463 2571 2533 ostiis
2614 2478 2733 2528 qua:
2773 2472 2930 2518 erant
2965 2462 3391 2533 iniamphitliea-

1818 2540 1901 2584 tro
1954 2546 2132 2585 sermo
2165 2533 2251 2585 liic
2276 2543 2375 2587 est.
2409 2532 2779 2589 Cassiodorius
2806 2534 2926 2588 libr.
2952 2550 2980 2585 v
3005 2530 3163 2598 Van,
3182 2550 3269 2599 ep.
3298 2532 3388 2597 42,
3422 2530 3425 2541 ¹

1814 2600 1880 2653 de
1915 2602 2310 2670 amphitheatro
2348 2604 2451 2657 Titi
2488 2604 2710 2671 loquens
2747 2607 2821 2658 ait
2848 2623 2860 2658 :
2887 2604 2989 2657 Alii
3020 2605 3201 2667 tribus,
3233 2614 3285 2657 ut
3318 2606 3391 2657 ita

1813 2672 2057 2738 dixerim,
2091 2674 2351 2740 dispositis
2380 2675 2576 2728 ostiolis
2606 2683 2837 2744 paratam
2874 2675 2926 2726 in
2960 2675 3226 2744 serrabiem
3267 2690 3389 2741 pro-

1815 2758 1996 2813 uocare
2023 2754 2351 2812 pra'sumunt,
2375 2745 2428 2797 in
2458 2742 2648 2811 patenti
2681 2760 2803 2798 area
2832 2742 3130 2797 cancellosis
3156 2760 3209 2797 se
3230 2746 3390 2813 posti-

1815 2811 1907 2865 bus
1941 2811 2247 2884 oCCulentes,
2290 2816 2439 2866 modo
2472 2815 2648 2884 facies,
2682 2815 2832 2866 modo
2860 2823 2999 2881 terga
3030 2811 3385 2879 monstrantes,

1812 2892 1867 2934 ut
1890 2883 2075 2934 mirum
2101 2884 2187 2944 sit,
2218 2884 2441 2946 evadere,
2468 2883 2593 2952 quos
2615 2886 2686 2936 ita
2710 2884 2920 2951 respicis
2946 2900 3034 2950 per
3063 2885 3269 2937 leonum
3293 2900 3389 2938 un-

1812 2968 1956 3022 gues,
1986 2954 2257 3022 dentesque
2289 2958 2515 3007 volitare.
2543 2954 2665 3007 Htec
2686 2954 2877 3008 ostiula
2908 2954 2972 3007 ad
3003 2968 3101 3007 nos
3122 2955 3389 3021 pertinere

1813 3038 1920 3093 non
1970 3032 2122 3092 puto.
2169 3025 2390 3093 Propius
2438 3026 2502 3077 ad
2554 3040 2666 3078 rem
2720 3033 2957 3077 nostram
3004 3024 3224 3085 faciunt.
3266 3039 3388 3093 quae

1811 3091 1938 3146 libr.
1974 3091 2035 3147 iu
2084 3091 2317 3159 VariarL,
2357 3110 2443 3162 ep.
2484 3095 2574 3155 51.
2611 3095 2680 3150 de
2714 3095 2857 3148 circo
2901 3094 3120 3148 Amasti
3159 3105 3213 3149 et
3257 3091 3388 3149 ludo

1809 3163 2191 3232 quadrigarum
2242 3164 2402 3219 verba
2447 3165 2645 3220 faciens
2684 3164 2842 3219 habet
2888 3180 2905 3235 ς
2940 3164 3149 3219 Bissena
3201 3166 3387 3235 quippe

1808 3235 1947 3305 ostia
1979 3236 2045 3287 ad
2080 3235 2345 3289 duodecim
2374 3237 2521 3305 signa
2552 3246 2846 3305 posuerunt.
2884 3234 3008 3288 Htrc
3046 3235 3109 3287 ab
3143 3234 3387 3289 hermulis

1812 3304 2023 3376 [sinibus
2041 3306 2284 3376 demissis
2322 3304 2489 3359 subita
2516 3304 2805 3376 mortalitate
2824 3306 3142 3376 panduntur.
3167 3306 3243 3359 Ex
3272 3306 3390 3376 qui-

1812 3374 1913 3427 bus
1944 3374 2119 3428 verbis
2148 3376 2387 3444 Scaliger
2413 3374 2801 3431 Lect.'Anson.
2825 3374 2874 3430 Vl.
2914 3391 2951 3435 ι,
2996 3390 3115 3445 cap.
3161 3376 3253 3440 ‘25,
3291 3374 3389 3432 ex-

1812 3446 1965 3517 ponit
1994 3460 2177 3517 versus
2208 3447 2426 3517 ausonii
2448 3465 2460 3499 :
2484 3446 2628 3501 Ostia
2647 3457 2769 3516 quot
2794 3464 2885 3517 pro
2917 3457 3060 3514 parte
3085 3449 3249 3509 aperit
3270 3447 3389 3500 stri-

1810 3515 1984 3588 dentia
2005 3516 2189 3588 circus,
2213 3514 2441 3588 Excepto
2467 3514 2684 3570 medium
2715 3514 2849 3578 quod
2882 3526 3015 3588 patet
3044 3520 3113 3570 ad
3141 3518 3387 3571 s‘adium.

1809 3583 2005 3638 Omnia
2044 3586 2130 3639 illa
2165 3583 2447 3641 duodecim
2486 3589 2622 3641 ostia
2652 3583 3031 3654 aperiebantur
3065 3589 3223 3643 simul
3253 3589 3391 3643 miro

1810 3654 2061 3719 artiﬁcio,
2099 3664 2368 3713 automata
2410 3658 2810 3712 machinatione
2855 3657 3240 3723 hertnularum,
3274 3659 3391 3713 sive

1812 3724 2212 3797 sigillariorurn,
2252 3737 2309 3781 ut
2338 3728 2568 3795 explicat
2596 3727 2856 3796 Scaliger.
2888 3728 3096 3797 Lipsius
3124 3744 3241 3797 cap.
3266 3729 3299 3782 8
3321 3729 3390 3783 de

1810 3794 2222 3862 Aniphitlieatro
2298 3794 2481 3851 censet
2541 3794 2763 3866 partim'
2794 3794 3203 3852 subterraneos
3228 3813 3390 3853 cavos

1813 3866 1979 3920 fuisse
2008 3869 2059 3919 in
2089 3868 2282 3935 quibus
2314 3868 2441 3921 fera:
2474 3870 2915 3933 reconderentur,
2950 3870 3139 3935 partim
3171 3868 3386 3936 deposi-

1813 3945 1894 3989 tas
1924 3951 2016 3990 eas
2051 3939 2215 3993 luisse
2245 3937 2298 3991 in
2329 3938 2504 3992 caveis
2548 3941 2647 3992 sub
2679 3939 2930 3993 interiore
2972 3939 3197 4007 porticu,
3230 3954 3261 3993 e
3285 3953 3390 4008 qua

1812 4009 2038 4073 portulae
2076 4017 2131 4063 et
2162 4008 2341 4062 aditus
2370 4009 2549 4075 plures
2589 4009 2853 4076 pertinent
2897 4010 2949 4062 in
2996 4024 3237 4077 arenam,
3270 4023 3392 4077 qua

1812 4078 1866 4130 in
1898 4078 2135 4133 llomann
2167 4079 2271 4133 'l‘iti
2301 4079 2691 4147 amphitheatro
2718 4095 2823 4133 non
2852 4088 2957 4132 tam
2989 4080 3134 4133 clare
3162 4090 3345 4146 patent
3372 4096 3393 4135 :

1809 4148 1990 4218 omnia
2014 4149 2157 4207 enim
2190 4150 2358 4202 ruinis
2388 4158 2601 4218 aggesta
2632 4159 2687 4203 et
2721 4151 2931 4212 obruta,
2971 4150 3063 4205 sed
3095 4149 3397 4205 clarissimo

1814 4216 2045 4273 Verona:
2072 4230 2384 4274 cernuntur.
2421 4216 2498 4274 Eit
2541 4220 2622 4273 bis
2651 4220 2829 4274 caveis
2860 4220 2987 4274 fera:
3022 4233 3143 4274 cum
3191 4220 3395 4289 impetu

1813 4289 1865 4340 in
1906 4304 2123 4345 arenam
2154 4290 2559 4357 emittebantur,
2604 4300 2657 4345 et
2689 4299 2810 4359 post
2855 4306 3081 4359 pugnam
3116 4296 3307 4344 iterum
3340 4292 3399 4347 in

1810 4372 1905 4411 eas
1944 4360 2393 4417 immittebantur.
2447 4362 2653 4416 Seneca
2694 4362 2759 4415 de
2806 4363 2880 4415 ira
2910 4379 2924 4415 :
2954 4361 3208 4414 Curriculi
3252 4371 3394 4413 rota-

1811 4445 2023 4499 rumque
2039 4443 2235 4483 versata
2252 4431 2409 4499 facies
2428 4433 2619 4485 leonem
2641 4433 2826 4501 redigit
2846 4433 2898 4484 in
2922 4446 3142 4483 caveam.
3167 4431 3391 4485 Easdem

1812 4512 1994 4565 portas
2021 4502 2263 4570 intelligit
2288 4502 2492 4556 Statius
2515 4503 2635 4554 libr.
2663 4518 2718 4568 ιι,
2742 4502 2862 4557 ειΙν.
2892 4502 2944 4564 5,
2968 4501 3035 4554 de
3063 4501 3219 4555 leone
3240 4516 3396 4554 man-o

148 4576 655 4650 scriptoresveteres
685 4577 971 4650 Christiani
1006 4578 1141 4650 hanc
1184 4576 1555 4650 crudelitatem
1590 4576 1701 4628 lto-
1731 4589 1787 4650 D
1812 4582 1966 4629 sueto
1990 4587 2003 4622 :
2026 4573 2141 4650 Stat
2163 4574 2367 4650 cardine
2388 4584 2564 4650 aperto
2586 4570 2780 4650 infelix
2808 4587 2977 4650 cavea,
3002 4579 3046 4624 et
3075 4573 3263 4650 clausis
3290 4572 3392 4623 cir-

150 4644 298 4718 nianis
346 4649 691 4718 objiciebant,
749 4649 887 4715 quod
936 4664 999 4701 ex
1054 4646 1358 4718 miserabili
1391 4656 1443 4699 et
1480 4655 1703 4718 cruenta

152 4705 427 4770 hominum'
446 4730 621 4773 morte
651 4705 971 4787 voluptatem
992 4726 1267 4785 caperent.
1306 4716 1434 4770 Vide
1464 4732 1582 4785 qum
1605 4717 1704 4771 ob-

149 4787 330 4856 fcrvavi
372 4789 438 4842 ad
479 4790 828 4844 Prudentium
889 4788 924 4841 l.
963 4803 1023 4852 ιι,
1072 4798 1258 4841 contra
1304 4788 1510 4856 Symm.
1556 4803 1701 4842 vers.

152 4850 286 4928 11198.
325 4856 749 4915 Christianorum
786 4850 1167 4926 imperatorum
1206 4850 1387 4923 aetate,
1424 4873 1545 4911 cum
1592 4858 1702 4925 gla-

152 4919 378 4998 diatorios
409 4930 569 4985 ludus
606 4919 980 4998 sublatus'jam
1012 4938 1147 4995 erat,
1191 4930 1285 4983 sed
1318 4919 1701 4998 perseverabat

149 4991 299 5067 adhuc
327 5001 539 5055 venatio
568 5002 795 5065 ludicra,
820 4991 1189 5053 Cissiodorius
1215 4998 1250 5053 l.
1287 4991 1572 5063 v'Variar.,
1609 5014 1698 5067 ep.

150 5060 227 5126 42,
260 5068 390 5123 hunc
415 5074 597 5125 ludum
636 5060 912 5127 crudelem
940 5080 992 5124 et
1018 5069 1408 5137 sanguinariam
1453 5060 1696 5137 volupta-

153 5139 241 5185 tein
272 5151 437 5204 vocat,
469 5154 527 5196 et
556 5142 623 5196 de
659 5152 914 5195 venatore
953 5155 1045 5194 seu
1089 5141 1341 5193 besaiario
1384 5140 1497 5196 ait:
1533 5140 1694 5194 Volu-

152 5212 314 5281 P’alem
340 5222 545 5277 prastat
574 5214 819 5281 sanguine
854 5229 971 5277 suo,
1013 5221 1060 5263 et
1100 5210 1293 5277 infelici
1325 5220 1457 5263 sorte
1488 5213 1700 5265 constri-

152 5282 251 5353 ctus
266 5280 461 5353 festinat
482 5280 681 5353 populo,
694 5281 909 5353 placere,
933 5284 1018 5351 qui
1036 5296 1270 5353 eumnon
1295 5290 1445 5353 aptat!
1460 5284 1696 5353 evadere.

213 5344 322 5425 191.
351 5344 523 5407 Locus
554 5344 704 5408 'sane'
733 5344 963 5407 difﬁcilis
991 5353 1085 5425 _ctii
1125 5351 1299 5425 aliqua
1328 5344 1611 5425 medicina,
1650 5354 1695 5406 si

153 5410 251 5467 ﬁeri
280 5424 460 5488 possit,
504 5425 948 5479 succurrendum.
990 5410 1304 5476 Dracontius
1334 5438 1397 5475 eo
1428 5410 1609 5476 tendit,
1637 5434 1697 5477 ut

153 5490 372 5564 ostendat
419 5494 471 5548 in
510 5495 906 5564 amphitheatro
936 5503 1119 5548 contra
1160 5492 1293 5546 duos
1327 5494 1508 5546 leones
1534 5509 1693 5547 vena-

154 5560 299 5632 torem
331 5577 491 5617 unum
530 5560 773 5632 quamvis
801 5574 1064 5619 armatum
1092 5574 1234 5617 stare
1257 5578 1359 5617 non
1386 5577 1562 5629 posse,
1590 5565 1692 5617 nisi

153 5622 272 5702 alios
299 5644 515 5687 venator
540 5622 794 5689 auxilium
837 5635 990 5689 ferat.
1027 5636 1157 5688 lliuc
1184 5634 1326 5687 enim
1357 5622 1561 5699 colligit
1593 5633 1693 5686 Da-

156 5696 327 5753 nieletn
360 5706 614 5759 inermem
635 5707 745 5762 sola
778 5706 1006 5760 mirabili
1038 5705 1130 5759 Dei
1163 5708 1356 5758 virtute
1377 5704 1446 5757 ab
1474 5696 1567 5758 ore
1589 5704 1696 5757 leo-

155 5777 261 5819 num
313 5771 470 5829 i‘uisse
518 5778 814 5831 liberatum.
867 5776 1159 5829 Difficultas
1205 5778 1375 5828 solum
1424 5775 1535 5827 haec
1590 5785 1691 5840 ρει,

155 5847 371 5904 quaenam
414 5850 741 5902 consuetudo
776 5856 1010 5902 veterum
1054 5847 1104 5899 in
1150 5845 1577 5915 ﬂlllpili‘lleail‘ill
1607 5862 1694 5898 vc.

1812 4657 1928 4694 cum
1962 4642 2182 4710 undique
2216 4643 2394 4709 portis,
2423 4640 2545 4695 Hoc
2583 4643 2785 4695 licuisse
2819 4641 2962 4707 nefas
2988 4640 3157 4709 pavidi
3185 4641 3396 4695 timuere

1813 4712 2001 4769 leones.
2050 4713 2227 4780 Itaque
2268 4713 2603 4778 Dracontius,
2650 4712 2787 4765 hunc
2836 4726 3039 4765 morem
3072 4711 3391 4778 resliiciens,

1809 4784 1947 4835 ostia
1994 4782 2273 4837 duodecim
2304 4784 2502 4835 bisseno
2544 4781 2751 4835 cardine
2781 4796 3033 4849 expressa
3065 4796 3395 4834 commemo-

1810 4862 1911 4915 rat,
1942 4868 2061 4920 quae
2105 4852 2241 4905 miro
2280 4853 2508 4906 artiﬁcio
2537 4852 2693 4906 simul
2718 4854 2893 4905 omnia
2929 4860 3194 4916 paterent,
3229 4860 3285 4904 ut
3315 4851 3392 4905 ie-

1810 4936 1886 4975 raa
1909 4937 1940 4977 e
1969 4922 2147 4975 caveis
2175 4922 2579 4991 egrederentur,
2607 4938 2670 4977 ac
2696 4922 2839 4976 illico
2859 4922 3051 4976 clausa:
3086 4931 3386 4987 manerent,

1810 5007 1880 5046 ne
1910 4993 1961 5045 in
1991 5008 2182 5047 caveas
2209 5008 2327 5047 sese
2355 4994 2678 5061 reciperent.

1887 5063 2007 5117 199.
2051 5064 2105 5117 ln
2138 5067 2249 5132 fera
2274 5064 2584 5131 producitur
2610 5081 2641 5116 a
2665 5064 2734 5117 ob
2755 5074 2799 5115 st
2822 5064 3071 5117 dictionis
3093 5063 3387 5131 sequentis.

1810 5132 2176 5202 Conjiciebam
2208 5142 2345 5187 stant
2396 5150 2530 5188 unus
2568 5135 2635 5187 ad
2687 5151 2866 5197 unum,
2920 5134 3123 5188 telstut
3165 5150 3296 5186 unus
3324 5133 3391 5185 ad

1808 5219 2050 5327 unum9,4
2072 5204 2329 5273 producto
2368 5213 2466 5260 stat
2518 5206 2589 5260 ob
2635 5205 2869 5259 rationes
2943 5219 3074 5273 quas
3122 5203 3272 5257 attuli
3322 5204 3401 5256 ad'

1808 5287 1946 5327 vers.
2057 5313 2071 5326 .

1806 5287 1946 5329 vers.
1981 5287 2071 5327 34.

1875 5353 2002 5407 200.
2046 5351 2233 5421 Ferro,
2260 5355 2378 5407 hinc
2408 5370 2528 5407 cum
2577 5354 2742 5417 hiatu,
2773 5354 3066 5423 praesertim
3096 5354 3215 5422 quia
3249 5356 3391 5420 aspio

1804 5424 1945 5478 ratio
1973 5424 2078 5476 viui
2106 5426 2453 5478 consonantis
2482 5426 2620 5493 apud
2651 5434 2857 5479 veteres
2906 5425 3189 5492 aliquando
3228 5424 3393 5478 habeo

1802 5495 1913 5549 bat.
1943 5495 2207 5549 Venustus
2233 5505 2313 5548 est
2338 5495 2639 5549 istiusmodi
2670 5496 2849 5549 hiatus
2872 5494 2924 5547 in
2949 5495 3384 5562 penthemimeri.

1804 5565 2057 5619 Martialis
2110 5565 2175 5620 de
2233 5566 2480 5633 Spectac.
2539 5566 2708 5633 epigr.
2768 5566 2879 5629 27,
2930 5564 2996 5618 de
3036 5563 3389 5635 CarpOpboru

1804 5646 2074 5704 pugnante
2120 5650 2239 5689 cum
2290 5636 2474 5691 beStiis
2505 5653 2517 5687 :
2554 5635 2682 5689 Hice
2711 5645 2914 5690 armata
2970 5652 3148 5689 manus
3197 5635 3392 5706 Hydra

1801 5722 1938 5759 mors
1968 5722 2065 5758 una
2097 5707 2299 5775 fuisset.

1874 5776 1998 5829 201.
2046 5777 2231 5830 Plures
2260 5778 2307 5829 in
2356 5791 2580 5829 arenam
2637 5789 2919 5830 venatores
2968 5777 3392 5839 descemb-baut,

1806 5856 1863 5902 ut
1912 5856 2151 5905 mutuam
2192 5863 2349 5922 opem
2405 5849 2507 5906 sibi
2550 5848 2772 5906 ferrent.
2831 5848 3090 5903 Martialis
3144 5850 3245 5905 loc.
3295 5849 3389 5907 cit.
