3902 6330
551 371 657 430 855

727 486 991 542 Morsihus
1012 486 1167 542 illisis
1200 502 1266 543 ne
1288 488 1455 544 bestia
1488 488 1727 545 membra
1754 488 1982 558 jacentis

726 580 910 642 Vexet,
940 589 993 634 et
1022 578 1297 635 horrorem
1345 581 1505 636 faciat
1542 580 1740 637 dilecta
1791 581 2054 650 voluptas.

792 670 944 739 Quis,
995 686 1147 743 rogo,
1198 681 1304 727 tam
1348 688 1521 730 sazvas
1566 674 1740 731 rabies
1782 686 2129 740 compescere

1842 763 2057 836 [vindex

545 854 650 910 205
723 852 887 927 314
913 854 1167 910 Armatus
1198 856 1540 926 przcsumpsit
1566 854 1765 912 homo?
1797 854 2126 910 clarissimus

1936 947 2052 1020 [ille

724 1036 955 1105 Alcides,
1004 1052 1164 1108 quem
1215 1045 1449 1093 monstra
1479 1038 1655 1095 ferunt
1700 1037 1977 1094 domuisse
2026 1052 2121 1094 ne-

1842 1129 2018 1201 [landa
2031 1172 2047 1196 ,

723 1225 821 1291 Qui
851 1226 1047 1280 virtute
1078 1223 1229 1294 polos
1259 1224 1519 1279 meruisse
1542 1230 1627 1277 est
1651 1222 1853 1291 dictus,
1877 1230 1931 1277 et
1953 1231 2117 1290 astra,

726 1317 819 1372 Vix
874 1332 1039 1373 unum
1092 1316 1349 1372 exstinxit
1403 1325 1616 1385 captum
1673 1331 1767 1385 per
1817 1314 1957 1370 colla
2010 1314 2122 1369 leo-

1864 1404 2008 1475 [nem
2034 1444 2048 1468 ,

1836 368 2202 427 DRACONTII
2242 366 2569 425 CARMINA.

2148 490 2203 548 Α

3660 356 3739 414 856

2408 483 2465 537 Si
2498 492 2675 537 tamen
2726 478 2848 535 huic
2875 491 3037 532 verax
3088 488 3180 546 per
3227 472 3415 528 saecula
3446 472 3572 528 fama
3606 472 3743 527 locuta

3587 566 3686 638 [εει.

2232 668 2339 725 210
2415 668 2518 725 Sed
2587 666 2674 723 hic
2738 666 2893 737 plena
2953 662 3089 720 ﬁdes
3143 660 3373 716 hominis
3440 659 3614 729 pietate
3664 658 3743 712 Το-

3526 751 3692 823 [nantis

2408 854 2601 925 Exegit
2629 852 2840 907 virtutis
2882 862 3044 919 opus,
3086 844 3341 902 miracula
3368 858 3579 898 summa.

2406 946 2501 1000 Ille
2531 944 2621 999 Dei
2652 942 2882 998 famulus
2912 939 3089 995 fuerat
3108 979 3124 1003 ,
3152 951 3257 992 non
3286 947 3426 991 sorte
3448 935 3638 1000 Dianae,

2407 1034 2567 1107 315
2618 1034 2750 1102 Quae
2826 1031 2965 1087 solet
3036 1030 3305 1085 insontum
3380 1026 3493 1082 fuso
3562 1026 3746 1095 gaudere

3479 1119 3662 1191 [cruore
3681 1160 3693 1184 ,

2408 1219 2692 1290 Sanguinis
2724 1216 2943 1275 humani
2990 1229 3261 1285 nunquam
3306 1215 3521 1278 satiata,
3559 1214 3749 1267 catervis

2408 1310 2718 1380 Hospitibus
2743 1310 2921 1376 cmsis,
2948 1307 3178 1361 humana
3211 1306 3334 1360 tabe
3355 1306 3639 1360 madescens

2407 1403 2633 1461 Taurica
2661 1422 2756 1477 per
2782 1406 3012 1462 Colchos
3036 1404 3273 1461 crudelis
3304 1404 3516 1473 virginis
3540 1417 3639 1459 ara.

2228 1309 2338 1370 215

1791 1534 2178 1593 SCRIPTURA
2216 1534 2368 1593 COD.
2415 1535 2572 1593 VAT.

613 1663 737 1716 205.
784 1658 847 1712 Et
869 1657 1111 1711 honorem
1135 1654 1317 1725 faciat.

613 1733 739 1787 2115.
782 1729 837 1782 (ἶ.
864 1729 973 1783 illo.

2303 1647 2425 1703 212.
2472 1648 2589 1703 Non
2612 1653 2741 1718 forte
2772 1650 2972 1706 Diania.

2101 1839 2328 1900 NOTE.

544 1964 716 2032 epigr.
738 1962 830 2032 25,
862 1958 911 2012 11
919 1974 1015 2011 unc
1036 1958 1113 2011 leo
1135 1972 1260 2032 _cum
1289 1958 1515 2032 fuger_et,_
1548 1954 1856 2032 princepsjn
1906 1953 2006 2032 tela
2037 1970 2125 2007 ειιο

545 2024 724 2087 currit.
748 2024 878 2085 Tam
935 2038 1083 2083 certo
1134 2028 1242 2081 ictu
1290 2024 1549 2080 venabula
1610 2025 1874 2092 dirigebat
1926 2024 2128 2093 Carpo-

544 2105 756 2174 phorus
779 2102 875 2171 (ait
899 2097 1195 2174 Martialis),
1229 2105 1289 2151 ut
1316 2097 1440 2150 lene
1469 2095 1616 2149 illum
1658 2096 1919 2174 lugerent,
1977 2105 2031 2149 et
2060 2097 2129 2149 ita

540 2166 871 2244 prmcipites,
898 2170 1043 2244 utin
1093 2169 1321 2244 aliorum
1372 2175 1683 2244 venatorum
1731 2166 1852 2244 tela
1889 2166 2132 2220 incurre-

542 2234 686 2307 rent,
715 2234 869 2313 'quasi
893 2241 1067 2295 minus
1096 2239 1344 2293 timerent
1364 2237 1433 2290 ab
1456 2237 1576 2291 aliis
1622 2234 1855 2292 interﬁci
1906 2251 2065 2305 quam
2099 2250 2126 2289 a

542 2312 911 2380 Carpophoro.

614 2375 740 2438 202.
786 2379 969 2445 lllisis,
998 2388 1049 2432 nt
1083 2378 1337 2432 Horatius
1366 2375 1404 2434 l.
1447 2394 1504 2441 ll,
1538 2385 1639 2431 sat.
1698 2378 1751 2438 1,
1805 2391 1947 2430 vers.
2010 2376 2079 2430 77
2112 2394 2126 2431 :

544 2452 747 2522 Fragili
790 2463 1021 2522 quarens
1058 2448 1257 2502 illidere
1279 2448 1544 2522 _dentem._
1570 2446 1817 2522 Offendet
1845 2446 2042 2522 solido,
2074 2458 2130 2501 et

541 2515 829 2580 Lucretius
884 2520 921 2575 l.
969 2534 1040 2585 tv,
1085 2532 1226 2573 vers.
1270 2518 1455 2573 1073:
1500 2515 1688 2571 Dentes
1737 2516 1945 2571 illidunt
1995 2532 2129 2589 stepe

544 2594 761 2649 labellis.

614 2664 738 2718 205.
782 2661 1035 2730 Voluptas
1106 2657 1365 2730 peculiari
1435 2659 1661 2727 quadam
1739 2657 2127 2730 signiﬁcatione

542 2732 844 2805 spectacula
876 2728 1156 2805 signiﬁcat.
1191 2729 1690 2805 Adisi_s_c_otnment.
1734 2728 1800 2781 ad
1833 2729 1967 2805 |._IL
1998 2728 2129 2805 Pru-

544 2798 711 2860 dctitii
732 2813 913 2858 contra
931 2803 1138 2872 Symm.
1167 2814 1309 2872 vers.
1339 2799 1523 2872 H25,_
1548 2798 1811 2872 ethymn.
1860 2798 1893 2872 ti
1933 2798 2125 2872 Perist.

543 2892 603 2930 ν.
632 2877 720 2939 66,
750 2882 805 2928 et
830 2868 988 2927 notas:
1016 2872 1155 2925 l’etri
1210 2870 1421 2924 llrossei
1459 2869 1526 2923 ad
1576 2868 1974 2924 Cassiodorium
2025 2869 2063 2925 l.
2095 2885 2128 2924 v

543 2943 777 3009 Variar...
804 2959 892 3007 ep.
928 2941 1016 2995 42.

613 3010 739 3069 204.
785 3015 1040 3081 Suspicor
1060 3010 1368 3081 compescier
1391 3009 1623 3081 unusald
1662 3010 1856 3081 saltem
1904 3010 2125 3081 intelligi

545 3085 730 3141 debet:
762 3080 1066 3139 Revertitur
1093 3080 1407 3135 Dracontius
1428 3080 1492 3133 ad
1540 3080 1833 3145 Danielem,
1866 3081 1956 3149 qui
1982 3080 2129 3136 solus

544 3156 689 3210 inter
737 3163 942 3223 septem
982 3153 1166 3205 leones
1218 3151 1402 3223 rabida
1443 3152 1579 3203 fame
1614 3150 1908 3223 exagitatos
1953 3151 2127 3223 victor

546 3227 736 3292 evasit,
769 3220 1010 3294 quamvis
1054 3221 1299 3294 inermis.
1344 3221 1519 3294 Scaeas
1544 3220 1835 3294 rabiespro
1882 3220 2126 3276 leonibus

546 3298 704 3351 saevis
724 3290 859 3365 quos
889 3296 1054 3349 fames
1109 3291 1384 3365 fatigabat.
1418 3290 1839 3365 Virgiliuslihr.
1873 3305 2121 3365 tx_,ivers.

544 3366 635 3428 65.
664 3360 887 3420 Collecta
910 3366 1094 3434 fatigat
1115 3362 1298 3434 edendi
1325 3361 1405 3415 Ea:
1443 3363 1595 3434 longo
1618 3360 1803 3434 rabies,
1837 3360 2038 3434 et_libr.
2088 3378 2123 3416 ιι

544 3435 672 3492 Ain.
699 3477 715 3502 ,
766 3429 1058 3499 vers.'356,
1095 3433 1233 3500 Quos
1263 3431 1495 3500 improba
1524 3429 1931 3502 ventris_Ea;egit
1965 3448 2124 3487 crecos

544 3499 732 3561 rabies.
768 3506 971 3560 Daniel.
1012 3499 1133 3572 cap.
1188 3517 1304 3563 xuv,
1342 3499 1498 3556 vers.
1541 3501 1601 3556 51
1642 3518 1654 3552 :
1704 3499 1873 3553 Porro
1926 3507 1979 3555 in
2009 3505 2125 3557 lacu

545 3585 691 3630 erant
715 3577 880 3630 leones
901 3571 1111 3642 septem,
1139 3582 1184 3625 et
1213 3572 1470 3625 dabantur
1493 3573 1564 3642 eis
1590 3571 1692 3625 duo
1738 3587 1955 3639 corpora
1994 3589 2125 3640 quo-

547 3648 689 3708 tidie,
725 3656 773 3699 et
795 3646 909 3700 dure
939 3641 1053 3699 ores
1078 3661 1097 3699 :
1118 3651 1166 3696 et
1196 3652 1319 3695 tunc
1342 3659 1441 3696 non
1468 3641 1593 3695 data
1616 3654 1732 3695 sunt
1753 3644 1846 3707 eis,
1891 3650 1945 3694 ut
1975 3643 2125 3697 devo-

543 3728 721 3771 rarent
743 3715 1030 3783 Danielem.
1059 3714 1193 3769 llinc
1221 3708 1415 3768 ten-lari
1455 3714 1622 3782 possit
1664 3712 1813 3777 Quis,
1838 3728 1984 3783 rego,
2020 3723 2125 3767 tam

543 3804 705 3843 stevas
734 3780 897 3842 rabies
933 3800 1247 3855 compescere
1272 3780 1483 3851 septem.

614 3859 741 3916 208.
782 3856 983 3914 Auctor
1009 3853 1077 3910 de
1111 3855 1353 3909 laudibus
1381 3853 1621 3908 Herculis
1661 3853 1801 3907 inter
1848 3853 2121 3909 Claudiani

543 3943 708 3996 opera
738 3928 805 3983 de
834 3930 935 3982 hoc
954 3927 1170 3983 Nemaro
1188 3927 1338 3979 leone
1367 3942 1382 3979 :
1416 3923 1651 3996 solisque
1672 3925 1873 3977 lacertis
1894 3920 2124 3977 Grandia

542 3993 824 4064 corripiens
849 3999 974 4052 eliso
991 4006 1197 4067 guttura
1226 4012 1418 4067 morsu,
1453 3993 1722 4067 Imbellem
1744 3995 1954 4067 “fractis
2007 4012 2127 4064 pro.

543 4071 725 4123 sternis
754 4064 1007 4136 faucibas'
1039 4070 1253 4121 hostem.
1288 4066 1495 4132 Quippe
1552 4064 1986 4136 vulneribus__leo
2035 4067 2125 4120 ille

542 4139 734 4193 conﬁri
755 4134 870 4191 'nou
902 4146 1134 4206 pcterat,
1162 4146 1218 4190 ut
1258 4135 1832 4206 mythologinlradunt.
1870 4134 1984 4188 Hoc
2011 4137 2123 4204 pri-

541 4221 687 4329 :inum
718 4204 960 4331 l(l)erculis
1010 4206 1211 4260 facinus
1241 4204 1391 4274 ponit
1437 4204 1790 4274 Apollodorus
1831 4205 1951 4257 libr.
1989 4220 2025 4257 ll
2055 4206 2125 4261 do

580 4291 695 4331 eor.
777 4293 875 4331 rm.

580 4291 695 4331 COI'.
727 4291 875 4332 UI‘IE.

611 4293 943 4403 gibi’iigim
978 4344 1106 4409 haec,
1138 4344 1219 4398 vel
1250 4344 1346 4398 hoc
1375 4359 1469 4413 pro
1494 4344 1633 4397 huic.

612 4420 739 4474 210.
784 4417 890 4473 Sed
920 4414 1245 4485 producitur
1280 4416 1349 4469 oh
1404 4414 1782 4483 aspirationem
1841 4414 1995 4485 vocis
2035 4430 2124 4470 se—

542 4490 776 4559 quentis.
811 4484 943 4559 Yide
970 4484 1258 4559 vers._2l_lO
1305 4496 1357 4537 et
1387 4494 1564 4538 notam
1613 4486 1678 4536 ad
1736 4500 1877 4559 vers.
1935 4484 2006 4539 94
2056 4486 2123 4540 de

542 4556 853 4627 liujusmodi
904 4556 1307 4627 monosyllabis,
1360 4570 1488 4627 qua;
1523 4556 1793 4627 communi
1826 4559 2123 4624 quantitate

541 4626 664 4684 esse
694 4630 912 4698 prmdita
935 4628 1205 4682 videntur.
1235 4626 1657 4698 Fidei_trihuitur
1681 4626 1782 4680 hoc
1804 4626 2119 4698 miraculum

543 4695 752 4753 Daniel.
784 4715 900 4767 cap.
926 4714 997 4761 Vl,
1028 4712 1168 4751 vers.
1209 4697 1282 4751 25
1312 4715 1328 4752 :
1364 4695 1689 4765 Eductusque
1716 4704 1791 4750 est
1842 4695 2029 4751 Daniel
2059 4698 2124 4751 de

541 4770 681 4894 gica,
713 4779 761 4824 et
786 4770 929 4824 nulla
974 4769 1114 4822 la’sio
1162 4768 1359 4822 inventa
1405 4776 1478 4821 est
1525 4767 1577 4819 in
1604 4782 1684 4835 eo,
1735 4767 1854 4837 quia
1903 4767 2123 4821 credidit

595 4856 653 4893 eo
676 4857 791 4894 suo.

595 4856 653 4893 εο
676 4857 791 4894 suo.

612 4909 737 4964 211.
789 4910 965 4963 Virtus
986 4910 1052 4963 de
1083 4909 1352 4963 miraculis
1383 4909 1433 4961 in
1463 4907 1628 4960 sacris
1660 4905 1875 4961 Litteris
1900 4908 2119 4973 dicitur,

541 4990 599 5034 ut
629 4980 806 5034 notavi
833 4980 897 5033 ad
952 4981 1074 5033 libr.
1110 4994 1165 5046 ιι,
1202 4995 1252 5032 v.
1282 4980 1402 5043 114,
1430 4976 1514 5032 .Ut
1536 4978 1723 5047 faceret
1752 4978 1949 5048 virtutis
1970 4995 2120 5047 opus.

543 5050 657 5104 lloc
679 5064 853 5105 autem
897 5052 1012 5106 loco
1048 5050 1258 5104 virtutis
1286 5063 1477 5102 nomen
1509 5062 1653 5103 recte
1693 5048 1853 5102 etiam
1883 5051 2114 5116 ponitur,

542 5122 663 5187 quia
717 5121 927 5190 pr0pria
976 5120 1201 5190 quadam
1250 5119 1639 5190 signiﬁcatione
1680 5119 1851 5171 virtus
1905 5119 2122 5175 athletis

541 5188 893 5246 tribuebatur.
942 5188 1255 5244 Prudentius
1305 5193 1488 5259 hymn.
1532 5190 1565 5242 4
1619 5188 1740 5242 Per.
1795 5204 1936 5243 vers.
1995 5190 2121 5255 101,

543 5261 755 5327 Noster,
786 5274 831 5316 et
857 5272 1029 5315 nostra
1061 5278 1185 5331 puer
1217 5263 1268 5313 in
1298 5257 1541 5329 palaestra
1571 5261 1691 5311 Arte
1719 5259 1939 5331 virtutis,
1976 5262 2125 5325 ﬁdei-

541 5348 639 5402 que
665 5334 818 5399 olivo,
842 5341 946 5387 etc.
980 5328 1091 5385 Etsi
1133 5328 1308 5385 autem
1335 5331 1532 5383 diversi
1562 5338 1717 5402 erant
1744 5328 1855 5402 ludi
1883 5330 2117 5386 athleta-

543 5399 684 5465 rum,
713 5402 1062 5472 gladiatorum
1092 5411 1148 5457 et
1182 5410 1532 5472 venatorum.
1567 5399 1916 5472 nihilominus
1959 5403 2121 5456 etiam

542 5470 924 5539 gladiatoribus
978 5482 1032 5528 et
1103 5470 1445 5527 venatoribus
1486 5470 1656 5523 virtus
1708 5470 1899 5525 eodem
1955 5485 2120 5527 sensu

542 5544 847 5598 ascriliitur.

613 5613 739 5667 2l2.
783 5614 934 5668 Sorte
986 5613 1166 5668 Diana:
1198 5655 1213 5677 ,
1270 5611 1508 5682 intelligo
1558 5610 1837 5666 ministerio
1890 5608 2112 5678 Diania,

540 5682 724 5749 phrasi
752 5699 817 5738 ex
844 5685 1011 5740 sacris
1040 5684 1272 5748 Litteris,
1296 5693 1351 5737 et
1373 5698 1466 5737 usu
1494 5682 1848 5736 lsraelitarum
1908 5682 2067 5750 petita
2103 5699 2116 5735 :

542 5764 671 5819 nam
713 5754 1018 5809 sacerdotes
1061 5765 1115 5810 et
1156 5755 1329 5808 levita:
1359 5767 1549 5805 munus
1596 5751 1863 5807 serviendi
1920 5752 2118 5819 templo

543 5818 901 5879 sortiebantur
956 5840 1050 5892 per
1080 5826 1242 5880 vices.
1276 5824 1545 5881 Iuvencus
1567 5822 1601 5876 Ι.
1634 5838 1670 5888 t,
1720 5837 1860 5876 vers.
1887 5822 1980 5892 45,
2015 5818 2118 5878 Sed

2158 1956 2206 2016 B
2232 1972 2349 2028 cum
2377 1965 2513 2012 sorte
2538 1957 2707 2028 adytis
2729 1999 2745 2024 ,
2796 1958 2999 2027 arisque
3036 1958 3245 2028 inferret
3293 1957 3468 2011 odores
3502 1955 3752 2028 Zacharias.

2233 2026 2486 2083 Nonnulli
2535 2026 2822 2084 ediderunt
2850 2026 2999 2099 forte,
3045 2026 3137 2083 sed
3181 2037 3465 2099 sorteivera
3511 2036 3585 2099 est
3609 2026 3753 2099 lectio,

2234 2114 2354 2168 qua:
2377 2099 2582 2153 duobus
2611 2096 3000 2168 antiquissimis
3021 2099 3298 2154 codicibus
3322 2098 3573 2168 Vaticanis
3596 2096 3756 2168 conﬁr-

2232 2166 2432 2223 matur.
2462 2169 2626 2224 Paulo
2650 2166 2775 2223 ante
2805 2170 2879 2223 ait
2908 2169 3177 2224 iuvencus
3200 2184 3345 2223 vers.
3380 2169 3467 2231 58,
3498 2166 3755 2229 Zacharias,

2230 2239 2420 2293 vicibus
2449 2237 2531 2293 cui
2559 2241 2799 2307 telnplum
2820 2255 2943 2293 cura
2964 2241 3118 2305 tueri,
3144 2238 3289 2309 quod
3336 2239 3523 2309 eodem
3546 2238 3754 2309 pertinet.

2232 2308 2430 2363 Confer
2470 2309 2739 2364 Barthium
2773 2311 2812 2364 l.
2850 2325 2901 2364 xt
2929 2307 3179 2371 Δῶρι-8.,
3209 2324 3333 2377 cap.
3368 2309 3448 2363 12.
3492 2308 3608 2363 Erat
3630 2307 3757 2375 igitur

2234 2378 2420 2434 Daniel
2453 2380 2679 2434 famulus
2721 2380 2815 2435 Dei
2845 2382 3087 2446 viventis,
3114 2389 3172 2433 ut
3200 2395 3325 2435 eum
3356 2381 3555 2434 vocavit
3580 2378 3755 2438 Darius,

2234 2464 2340 2504 non
2375 2451 2692 2515 ministerio,
2723 2459 2815 2505 aut
2871 2450 3051 2506 tutelas
3105 2451 3292 2505 Diana:
3330 2449 3577 2504 addictus.
3609 2447 3759 2515 Neque

2232 2520 2349 2575 sine
2375 2531 2517 2574 certa
2549 2522 2757 2575 ratione
2781 2520 2983 2577 mentio
3006 2521 3185 2575 Diana:
3212 2520 3305 2574 ﬁt:
3335 2535 3438 2574 non
3459 2522 3588 2575 enim
3613 2520 3754 2572 solum

2229 2591 2444 2645 venatio
2467 2592 2685 2657 rustica,
2708 2592 2802 2647 sed
2843 2601 2897 2647 et
2928 2589 3132 2646 ludicra
3161 2591 3215 2646 in
3271 2592 3433 2645 tutela
3462 2590 3628 2643 Diana:
3648 2597 3756 2641 erat.

2232 2660 2491 2715 Martialis
2512 2661 2849 2732 deispectac.
2867 2663 3035 2732 epigr.
3068 2661 3157 2728 12,
3190 2660 3219 2715 Ι
3224 2670 3338 2715 nter
3359 2660 3594 2732 Casarea
3607 2658 3757 2732 discri-

2231 2732 2373 2785 mina
2400 2747 2533 2785 sorva
2579 2731 2761 2787 Diana:
2781 2748 2800 2787 :
2832 2730 2917 2786 ita'
2947 2730 3107 2787 vocat
3148 2733 3484 2787 venationem
3517 2730 3756 2784 ludicram.

2229 2800 2558 2857 Claudianus
2579 2802 2647 2858 de
2676 2803 2896 2858 Consul.
2932 2803 3095 2859 Mallii
3123 2809 3270 2858 vers.
3316 2800 3443 2865 291,
3474 2799 3758 2868 Amphithea-

2233 2874 2353 2926 trali
2402 2873 2569 2938 faveat
2625 2871 2844 2927 Latonia
2885 2889 3100 2943 pompa.
3139 2872 3508 2943 Cassiodorius
3555 2872 3659 2943 libr.
3704 2883 3760 2932 v,

2231 2957 2319 3009 ep.
2347 2943 2438 3005 42,
2470 2943 2836 3010 Spectaculum
2859 2939 3053 2997 tantum
3082 2942 3293 3013 fabricis
3333 2942 3545 3013 clarum,
3577 2939 3656 2993 sed
3690 2954 3759 2990 ec-

2233 3015 2369 3067 tione
2397 3014 2740 3076 deterrintum.
2788 3014 2842 3068 in
2896 3010 3090 3068 honore
3127 3014 3391 3083 Scythica:
3428 3010 3598 3083 Diana!
3623 3024 3761 3083 τςρπ-

2234 3092 2365 3147 tum,
2387 3099 2502 3153 qua:
2538 3085 2803 3153 sanguinis
2838 3084 3084 3152 effusione
3124 3079 3399 3153 gaudebat.
3449 3081 3574 3153 Vide
3613 3079 3762 3153 Maso-

2235 3150 2415 3207 chinm
2440 3150 2740 3209 Comment.
2766 3154 2819 3209 in
2865 3150 3143 3221 Campani'
3176 3152 3549 3223 amphitheatri
3591 3150 3758 3223 titulum

2232 3238 2349 3292 cap.
2384 3224 2436 3289 5,
2462 3233 2515 3279 et
2534 3223 2750 3279 Petrum
2774 3217 3035 3279 Talﬁnum
3071 3224 3139 3280 de
3170 3217 3329 3280 Anno
3356 3223 3554 3289 saecul.,
3580 3229 3628 3276 et
3651 3217 3757 3274 Lud.

2152 3319 2201 3384 C
2231 3294 2415 3384 “Et”:
2446 3296 2814 3384 “3332,1229?
2844 3296 2902 3384 .8:

2301 3363 2423 3419 214.
2448 3359 2557 3419 εἰς
2585 3359 2919 3439 interponam
2954 3363 3182 3439 Satiata
3207 3380 3332 3420 cum
3356 3362 3606 3439 genitivo.
3632 3359 3760 3439 Silius

2230 3434 2268 3488 1.
2302 3448 2379 3500 tv,
2411 3449 2552 3491 vers.
2612 3432 2738 3501 457,
2790 3434 3029 3490 Titanum
3084 3436 3213 3489 bello
3261 3432 3498 3491 satiatam
3547 3432 3761 3503 sanguinis

2228 3505 2451 3559 hastam.
2504 3500 2731 3559 Ovidius
2769 3506 2891 3561 libr.
2921 3520 2993 3559 vtt
3041 3505 3284 3570 Metam,
3327 3520 3472 3561 vers.
3501 3506 3612 3570 808,
3632 3500 3761 3570 Tum

2178 3587 2203 3609 λ’
2229 3591 2367 3628 eram
2389 3574 2569 3646 jacqu
2595 3592 2613 3629 :
2650 3575 2737 3629 sed
2782 3591 2897 3629 cum
2945 3577 3133 3630 satiata
3159 3569 3345 3646 ferina:
3391 3569 3761 3646 Dexterara‘dit

2227 3656 2357 3708 erat,
2382 3640 2667 3709 repetebam
2691 3646 2851 3715 frigus
2874 3656 2922 3699 et
2955 3640 3206 3702 umbram.
3232 3646 3426 3703 Postea
3450 3644 3645 3715 catervis
3683 3640 3755 3715 hq—

2231 3716 2453 3784 spitibus
2478 3717 2641 3781 caesis,
2668 3709 2725 3770 ut
2746 3709 2993 3771 Lucanus
3020 3716 3140 3770 libr.
3167 3734 3219 3781 v,
3248 3733 3396 3773 vers.
3426 3717 3505 3778 11,
3531 3709 3760 3784 Hospesin

2229 3780 2450 3840 cisternis
2476 3780 2669 3839 audivit
2699 3787 2841 3839 curia
2869 3788 3031 3841 tectis.
3055 3780 3318 3841 Multialii
3344 3787 3518 3849 hospes
3548 3780 3763 3849 adjective

2230 3866 2455 3923 ponunt.
2478 3855 2662 3925 Neque
2687 3858 2882 3911 invitus
2906 3858 3134 3925 legerem
3157 3859 3373 3911 catervis
3394 3855 3760 3925 Hospitiolum:-

2229 3921 2648 4008 sisingeniti'v‘o
2677 3921 3296 4008 plurali_pro_hospitum,
3334 3921 3761 4008 uth‘azreditalittu,

2230 3991 2533 4051 civitatium.
2590 3991 2823 4052 Severus
2876 3991 2927 4052 in
2982 3991 3142 4052 nam
3195 3991 3341 4055 vers.
3396 3997 3530 4056 127.
3572 3991 3761 4059 Quodsi

2229 4066 2453 4139 diuersas
2481 4068 2686 4120 emittat
2737 4078 2875 4139 terra
2916 4069 3120 4121 canales
3151 4066 3454 4139 Hospitium
3495 4065 3760 4139 ﬂuviorum:

2229 4136 2319 4190 ubi
2344 4145 2518 4191 tamen
2552 4137 2790 4191 nonnulli
2813 4138 2964 4192 aiunt
2984 4131 3407 4207 hospitium'esse
3429 4131 3759 4193 accusativum.

2230 4214 2289 4259 ut
2310 4207 2534 4276 canales
2560 4209 2663 4261 sint
2696 4206 2985 4276 hospitium
3015 4206 3322 4263 ﬂuviorum.

2299 4274 2426 4331 216.
2468 4276 2712 4347 Taurica,
2748 4274 2870 4346 quia
2906 4278 3070 4332 Diana
3104 4280 3153 4333 iu
3205 4279 3431 4334 Taurica
3474 4276 3758 4347 Chersonesg

2229 4346 2413 4471 Quae
2465 4347 2518 4400 la
2569 4337 2809 4417 Crimea')
2865 4349 3178 4415 colebatur,
3231 4351 3320 4403 cui
3371 4347 3567 4410 Tauri,
3616 4337 3757 4420 popli,“

2306 4416 2467 4471 vthiaa
2495 4417 2790 4471 Euronzete.
2822 4419 3061 4471 hosoites
3091 4433 3215 4471 suos
3266 4417 3616 4471 immolabant.
3659 4413 3757 4463 Ovi-

2305 4416 2467 4486 ythiaa
2495 4413 2798 4487 Europaaaa,
2822 4419 3061 4485 hospites
3091 4413 3215 4473 suos
3266 4417 3622 4487 immolabant.
3659 4413 3759 4463 Ovi-

2226 4484 2348 4540 dius
2381 4487 2417 4541 l.
2452 4503 2506 4541 Iv
2535 4484 2721 4551 Trist.,
2756 4490 2893 4556 eleg.
2927 4484 2981 4553 4,
3014 4505 3154 4543 vers.
3185 4489 3278 4554 65,
3329 4489 3440 4544 Nec
3460 4484 3666 4555 procula
3688 4493 3759 4556 tut-

2229 4556 2303 4609 bis
2327 4556 2469 4628 locus
2505 4568 2598 4621 est,
2622 4549 2949 4611 ubi—Taurica
2971 4549 3087 4612 dira
3131 4549 3281 4614 Cede
3320 4549 3613 4628 pharetratis
3630 4549 3759 4628 ραιρξ·

2226 4618 2860 4698 turaradeteJuvenalis
2913 4640 3014 4684 sat.
3068 4631 3155 4684 15.
3205 4618 3347 4683 vers.
3403 4629 3523 4693 114,
3565 4618 3759 4698 great?!

2151 4693 2202 4753 D
2228 4695 2427 4769 Swuior
2475 4714 2567 4751 ara
2619 4697 2882 4769 /Eggptus
2920 4714 2939 4753 :
2975 4701 3161 4769 quippe
3203 4700 3297 4753 illa
3336 4698 3541 4768 nefandi
3580 4693 3757 4769 Taurica

2226 4769 2362 4840 s_acri
2390 4767 2656 4821 Inuentria:
2682 4762 2924 4840 homines
2944 4762 3024 4837 (ut
3052 4762 3163 4838 iam
3190 4786 3306 4840 quit
3343 4762 3569 4840 carmina
3590 4762 3758 4838 tradita!

2227 4838 2401 4907 Digna
2433 4839 2534 4906 ﬁde
2571 4839 2772 4907 credas)
2808 4848 3008 4892 tantum
3049 4837 3305 4894 immolat.
3330 4840 3470 4897 Scite
3504 4837 3647 4890 etiam
3678 4841 3760 4882 ﬂl-

2264 4909 2585 4979 inisimentio
2615 4908 2772 4962 facta.
2818 4910 3142 4979 Athanasius
3171 4910 3369 4965 Contra
3418 4916 3592 4979 gentes
3640 4912 3755 4979 nuut-

2270 4980 2320 5046 :‘i,
2350 4978 2559 5049 Scytha!
2575 4980 2729 5043 enim,
2756 4980 2844 5049 qui
2870 4978 3077 5033 Taurici
3106 4981 3368 5043 dicuntur,
3399 4977 3573 5049 uirgini
3594 4987 3683 5049 sine
3706 4977 3762 5048 tif

2227 5042 2503 5118 appellata:
2534 5042 3091 5120 (Dianteinanfragos,
3119 5060 3166 5104 et
3184 5042 3505 5119 quoscunque
3526 5061 3583 5100 ex
3604 5042 3760 5096 Gravis

2227 5129 2469 5187 ceperunt
2514 5136 2605 5187 pro
2633 5120 2812 5173 hostiis
2851 5121 3123 5189 jugulunt.
3155 5121 3266 5175 Pen
3303 5123 3557 5179 Coccnos,
3584 5124 3763 5189 quate-

2226 5182 2315 5262 διὸ
2336 5182 2879 5262 (Ζοιοιιὸτιιιιιηινειθῖ.
2912 5182 3128 5262 Colchis
3170 5190 3454 5262 Mengrelia
3495 5201 3623 5262 nunc
3647 5182 3759 5259 dicta

2228 5254 2369 5316 inter
2399 5263 2624 5314 Pontum
2668 5260 2933 5315 Euxinum
2959 5261 3026 5314 ad
3083 5254 3437 5322 occidentem.
3479 5254 3760 5329 etlheriaut

2226 5329 2294 5383 ad
2348 5332 2631 5386 orientem.
2675 5331 2812 5385 Olim
2844 5346 3031 5385 omnes
3075 5333 3162 5397 qui
3206 5333 3377 5387 littora
3410 5323 3758 5397 PontiEuxiai

2227 5399 2535 5471 incolebant
2581 5401 2820 5470 hospites
2872 5387 3240 5470 immolabant,
3292 5412 3449 5471 atque
3486 5387 3761 5471 ΔἰιΙιιίτιτηηξιμι

2228 5470 2461 5540 antiquis
2516 5459 2721 5525 Pontu's
2776 5471 3016 5535 Axenus,
3068 5459 3418 5535 inhospitalis,
3466 5469 3624 5521 dictus
3668 5459 3743 5512 luit

2230 5539 2415 5603 postea
2452 5540 2687 5595 Euxinus
2733 5540 2845 5611 sive
2877 5542 3175 5611 hospitalis.
3206 5541 3653 5611 Crudelitas_vero
3677 5539 3758 5611 at?

2232 5611 2414 5685 Diana
2443 5614 2494 5666 in
2520 5612 2747 5685 Iaurica
2772 5608 3113 5685 Chersoneso
3135 5608 3608 5685 comprehendebat
3630 5608 3755 5685 eligat“

2228 5681 2480 5736 Colchos.
2520 5681 2700 5736 Thoas
2728 5684 2868 5736 enim
2925 5698 3017 5737 rex
3049 5682 3146 5736 fuit
3189 5680 3427 5737 Taurica:
3456 5680 3754 5733 (iliersonest.

2225 5753 2307 5816 cui
2366 5753 2546 5806 Colchi
2603 5752 2826 5817 subjecti
2871 5764 3044 5806 erant.
3076 5755 3293 5809 Ovidius
3335 5753 3369 5805 1.
3406 5766 3457 5804 ιιι
3503 5749 3583 5817 Ει
3621 5742 3758 5817 Ροιξιο

2227 5810 2364 5895 εῙθΒ·
2400 5824 2455 5887 ἓν
2484 5837 2627 5876 νετδ.
2664 5810 2754 5890 59,
2815 5824 2988 5897 Itegna
3020 5824 3190 5879 Thoas
3228 5824 3398 5877 habuit
3423 5816 3640 5873 Maeotide
3673 5810 3757 5861 clm
