3964 6296
141 350 239 407 155

1348 288 1703 391 urtsrouu
1744 330 1832 387 ετ
1875 330 2217 391 DECRETA.

3311 330 3409 387 154

141 468 315 524 planus
339 458 604 525 adnectit,
641 456 741 511 nisi
773 464 833 511 ut
873 456 1077 511 futuras
1100 452 1372 506 hominum
1401 436 1723 519 hujusmotlt-
1745 445 1798 507 Λ
1825 448 2089 503 seminum
2130 448 2410 504 diversitas
2436 447 2715 513 indicaret,
2746 448 3215 517 suppeditaretquc
3244 450 3411 519 plena:

141 552 486 605 dubitationes
514 548 842 619 expelleret.
877 546 1032 611 Audi,
1058 544 1292 614 inquam,
1325 540 1469 612 quod
1498 538 1716 609 sapien-

138 656 221 701 ter
238 644 446 715 adjecit,
470 652 533 697 et
556 656 627 697 ex
665 640 1017 695 similitudine
1042 653 1155 692 rem
1182 639 1355 705 ipsam
1388 632 1472 689 cui
1501 634 1727 702 compa:-

138 751 283 794 ratur
327 748 555 808 agnosce
586 754 599 788 :
639 744 693 787 ἐι
721 734 1027 804 unicuique,
1077 730 1264 800 inquit,
1310 724 1562 783 seminum
1594 736 1717 796 pro-

150 832 305 901 prium
341 840 567 896 corpus;
616 827 662 881 si
708 828 761 879 in
803 823 1153 879 similitudine
1195 820 1467 892 preprium
1492 828 1721 887 corpus,

149 939 269 992 ergo
294 932 348 978 et
376 923 432 976 in
462 935 551 987 re,
585 919 740 989 cuius
760 917 1057 974 similitudo
1082 924 1195 983 est,
1224 917 1497 984 preprium
1524 922 1724 980 corpus

147 1026 345 1070 certum
376 1022 467 1070 est
494 1026 616 1067 esse
650 1009 1024 1075 reddendum;
1060 1009 1269 1063 semina
1298 1006 1440 1061 enim
1472 1006 1578 1060 ista
1609 1005 1727 1058 s'rne

146 1107 504 1161 controversia
545 1104 850 1159 hominibus
889 1100 1243 1172 comparavit,
1267 1100 1333 1154 de
1365 1106 1589 1170 quorum
1610 1097 1721 1151 uti-

142 1216 245 1269 que
296 1208 465 1253 morte
496 1202 565 1252 ct
590 1196 989 1251 resurrectione
1016 1193 1345 1263 loquebatur
1372 1209 1384 1244 :
1417 1200 1579 1261 atque
1602 1188 1728 1243 ideo

128 1290 351 1397 \singula
380 1289 605 1358 singulis
638 1285 935 1341 ‘ctml‘ereus
959 1326 973 1349 ,
996 1290 1264 1353 quantum
1313 1282 1380 1336 a'd
1412 1279 1730 1362 viﬁﬂcanda

243 1393 254 1397 -
408 1389 424 1397 ρ
480 1395 507 1397 μ
558 1387 766 1397 --ξμμᾉΑ
808 1377 1095 1397 --ι-Αξαεκ-..ι
1176 1375 1236 1397 Δ-
1269 1374 1412 1397 ..ι-λάε
1448 1384 1549 1397 ..-η
1584 1371 1726 1397 μιαν,

140 1372 259 1449 post
286 1389 518 1435 mortem
544 1387 774 1447 camera
808 1377 1101 1445 pertineret
1129 1420 1142 1441 ,
1172 1375 1239 1429 de
1265 1374 1415 1443 grani
1448 1384 1551 1426 non
1584 1371 1728 1441 prius

136 1476 389 1529 viviﬁcati
419 1488 577 1544 quam
609 1472 805 1526 mortui
830 1470 1238 1539 comparatione
1266 1465 1531 1535 singulari
1552 1466 1726 1519 miras-

124 1568 321 1623 biliter
365 1567 675 1636 explicavit.
709 1564 912 1619 Dehinc
941 1562 1082 1632 quali
1114 1570 1237 1630 post
1273 1562 1727 1615 resurrectionem

122 1672 366 1728 cerpore
394 1666 711 1713 censeretur
739 1663 862 1710 esse
905 1655 1134 1724 quisque
1170 1661 1433 1706 venturus
1462 1692 1477 1715 ,
1512 1650 1573 1703 'id
1605 1657 1687 1703 est
1704 1678 1726 1715 ~,

134 1762 319 1805 utrum
349 1753 451 1805 hac
476 1750 815 1811 conditione,
870 1761 1027 1814 quam
1062 1746 1343 1800 moriendo
1385 1751 1724 1813 gestaverat,

1832 542 2217 609 comparationi
2276 539 2497 594 facultas
2546 548 2644 608 per
2701 548 2859 605 quam
2911 534 2975 593 ad
3026 538 3411 609 specialitatem

1830 648 2116 703 corporum
2154 635 2537 704 designandam
2582 634 3096 689 convenientissime
3122 624 3410 703 diceretur,

1832 736 1879 780 et
1900 728 2172 795 unicuique
2192 726 2444 780 seminum
2476 726 2739 796 proprium
2763 741 2947 798 corpus
3006 724 3028 779 1
3050 724 3179 783 ‘Cor.
3206 728 3295 799 xv)
3320 772 3331 793 ,
3360 741 3416 783 ut

1831 816 1973 887 quod
2034 834 2134 872 una
2166 817 2379 888 species
2428 812 2717 887 cujuslibet
2758 820 2928 888 grani,
2977 818 3209 874 discreto
3240 806 3413 889 rse‘x‘u,

1832 913 1920 980 qui
1953 911 2001 965 ei
2032 906 2209 965 nullus
2251 911 2520 965 aestimare
2562 926 2667 965 non
2696 918 2880 980 posset
2910 914 3272 982 exprimendae
3298 932 3418 971 cort-

1831 1008 2021 1074 poru‘m
2050 1003 2361 1071 proprietati
2390 1043 2401 1063 ,
2434 1001 2574 1058 sicut
2604 1018 2747 1072 stupe
2766 1002 2875 1073 jam
2900 1004 3101 1061 dictttm
3128 1010 3229 1074 est,
3254 1007 3418 1065 semi-

1829 1100 1957 1148 num
1984 1095 2283 1149 diversitas
2306 1094 2717 1164 intelligentiam
2743 1098 3096 1154 minisrraret.

1902 1182 2117 1258 Triplex
2164 1187 2325 1257 igitur
2384 1189 2434 1242 in
2484 1184 2589 1242 bac
2639 1192 3043 1261 comparatione
3096 1186 3417 1262 protto'sitio,

1831 1282 2141 1349 dtSputatio,
2172 1279 2415 1336 deﬁnitio
2432 1291 2548 1345 est;
2576 1292 2627 1337 et
2650 1292 2904 1351 quantum
2926 1284 2990 1337 ad
3011 1285 3415 1355 intelligendam

1833 1373 2283 1429 resurrectionem
2313 1374 2544 1443 pertinet
2575 1376 2909 1443 corporalem
2954 1392 3017 1431 ex
3067 1376 3418 1437 similitudine

1832 1467 1981 1535 grani
2015 1476 2119 1519 non
2152 1466 2297 1535 prius
2343 1465 2593 1520 viviﬁcati
2643 1478 2801 1536 quam
2866 1467 3063 1523 mortui
3112 1480 3420 1539 c0mp'eteus

1833 1556 2125 1610 similitudo
2180 1555 2562 1626 sufficiensque
2619 1556 2935 1628 deprompta
2993 1568 3094 1614 est.
3156 1560 3419 1627 Quantum

1832 1660 1961 1701 vero
1988 1648 2051 1701 ad
2084 1648 2132 1701 id
2164 1649 2376 1711 attinet,
2402 1650 2525 1717 quia
2552 1664 2652 1702 non
2676 1650 2731 1702 id
2757 1662 2944 1719 corpus
2978 1652 3255 1706 seminatur
3289 1656 3423 1724 quod

1835 1742 2064 1805 futurum
2114 1748 2225 1803 est,
2277 1740 2365 1793 sed
2421 1738 2558 1794 Deus
2609 1741 2699 1793 dat
2745 1740 2833 1794 illi
2885 1756 3068 1812 corpus
3122 1750 3271 1811 prout
3318 1746 3424 1799 vult

130 1859 197 1898 an
227 1844 394 1912 longe
425 1842 671 1907 meliore,
702 1839 1050 1894 nihilominus
1078 1841 1165 1892 illa
1186 1838 1547 1891 similitudine
1579 1846 1725 1905 paten
1757 1832 1803 1891 B
1830 1831 1995 1901 l'bid.)
2016 1875 2028 1897 ,
2071 1833 2123 1887 in
2172 1832 2411 1901 ejusdem
2462 1833 2788 1887 continentia
2831 1834 3077 1889 lectionis
3112 1837 3423 1891 necessario

130 1936 292 1999 fecit,
322 1946 484 2005 quam
512 1945 733 1989 secutus
766 1933 1013 2001 exposuit
1043 1948 1057 1985 :
1085 1930 1153 1984 Et
1180 1942 1233 1984 tu
1258 1932 1343 2001 qui
1364 1932 1607 1997 seminus,
1633 1946 1732 1981 nu-

135 2032 259 2082 dum
291 2042 515 2098 granum
542 2028 761 2081 seminus
786 2068 798 2089 ,
846 2037 901 2079 ut
928 2033 1051 2094 puta
1078 2026 1235 2077 tritici
1263 2033 1353 2077 aut
1381 2024 1603 2094 alicujus
1639 2038 1737 2075 ma-

132 2132 413 2185 ter-orum;
465 2128 512 2173 et
544 2119 694 2172 ﬂens
724 2117 815 2170 dat
858 2116 938 2170 illi
985 2132 1172 2185 corpus
1200 2124 1350 2186 prout
1390 2115 1501 2168 uult
1522 2113 1585 2183 ‘(1
1614 2113 1735 2167 Cor.

136 2215 257 2281 xv).
308 2212 371 2265 in
402 2212 504 2265 hac
532 2218 665 2280 ergo
698 2210 873 2264 forma
900 2220 1093 2277 corpus
1130 2208 1302 2262 Deum
1322 2208 1485 2271 “dare,
1541 2207 1740 2261 decen-

134 2302 244 2355 tius
278 2316 441 2371 quam
472 2300 703 2366 obierat,
730 2299 1010 2354 evidenter
1030 2299 1331 2367 expressit;
1356 2300 1505 2352 sicut
1534 2298 1583 2351 in
1608 2298 1735 2351 sob-

133 2396 495 2464 sequentibus
523 2394 721 2448 dicitur
748 2410 761 2445 :
798 2391 1091 2447 Seminatnr
1118 2394 1172 2446 in
1194 2394 1551 2462 corruptione,
1576 2394 1740 2463 surgit

130 2490 186 2540 in
222 2489 703 2557 incorruptionem;
732 2486 1011 2538 seminatur
1039 2486 1088 2538 in
1114 2485 1456 2555 ignobilitate,
1485 2486 1651 2554 surgit
1683 2486 1737 2537 in

134 2583 365 2650 gloriam
378 2598 404 2646 -;
436 2582 719 2636 seminatur
744 2582 798 2633 in
832 2580 1159 2650 inﬁrmitate,
1188 2582 1350 2651 surgit
1376 2582 1428 2633 in
1456 2581 1696 2633 uirtutem
1720 2592 1741 2645 ;

134 2678 425 2728 seminatur
485 2690 672 2745 corpus
712 2673 968 2736 animule,
1025 2674 1185 2745 surgit
1238 2686 1424 2743 corpus
1470 2672 1742 2741 spirituale

134 2768 368 2838 (tetih).
397 2769 535 2823 Ecce
564 2767 1015 2837 quemadmodum
1055 2765 1285 2819 hominis
1320 2765 1599 2820 morientis
1634 2780 1740 2819 non

140 2862 243 2915 hoc
270 2862 579 2914 seminatur
620 2860 765 2929 quod
796 2872 993 2928 corpus
1019 2868 1103 2913 est
1133 2868 1253 2928 post
1298 2857 1554 2912 futurum.
1592 2856 1743 2913 Ecce

140 2964 314 3021 prout
334 2953 451 3006 vult
472 2953 621 3007 Deus
668 2953 987 3022 intelligitur
1016 2952 1410 3007 resurrecturis
1436 2964 1635 3022 corpus
1659 2962 1743 3006 rea-

142 3046 394 3102 formarc
429 3055 554 3117 post
586 3055 826 3101 intortum
855 3052 975 3100 cum
1007 3046 1365 3100 intestimaltili
1395 3046 1744 3102 summiserit-

140 3140 348 3193 cordis
372 3140 656 3195 voluntate
687 3156 703 3192 :
734 3139 877 3208 quod
922 3139 1095 3213 fitet'at
1125 3139 1177 3192 in
1209 3140 1552 3208 corruptione
1582 3138 1741 3193 semi-

1841 1940 1995 1983 cattsa
2030 1939 2321 1997 reseratur,
2351 1944 2469 1982 cum
2500 1929 2850 1997 corruptibile
2877 1943 3069 1998 corpus
3104 1932 3422 1985 seminatttm

1843 2021 2151 2090 perhibetur
2174 2021 2577 2091 incorruptibile
2607 2020 2962 2089 redditurum,
2991 2030 3045 2077 et
3069 2032 3282 2090 caetera,
3306 2032 3424 2093 qua:

1842 2114 1964 2168 huic
1992 2116 2171 2169 sensui
2200 2114 2496 2183 probantur
2522 2115 2819 2167 adhaerere.

1904 2206 2178 2273 ‘Quztntum
2208 2214 2387 2260 autem
2415 2205 2481 2259 ad
2514 2206 2895 2275 proprietatem
2941 2216 3224 2276 corportIm
3254 2209 3425 2277 respi-

1843 2297 1913 2351 cit
1951 2296 2303 2362 edocettdam,
2346 2296 2658 2366 plenissime
2704 2298 3005 2353 declaratur
3051 2301 3193 2369 quod
3238 2301 3428 2357 beatus

1843 2394 2133 2461 Apostolus
2184 2410 2515 2466 nequaquam
2568 2396 2787 2451 seminis
2833 2398 2990 2452 unius
3030 2402 3427 2470 comparatione

1843 2494 2159 2553 contentus,
2224 2500 2320 2557 per
2365 2487 2509 2557 quod
2560 2491 2940 2557 proprietatem
2991 2506 3275 2561 corporum
3324 2510 3428 2552 non

1846 2588 2027 2650 posset
2058 2581 2364 2646 ostendere,
2417 2594 2535 2635 cum
2574 2581 2623 2635 id
2659 2596 2759 2635 una
2788 2583 3016 2652 species,
3049 2594 3102 2638 ut
3129 2601 3289 2655 supra
3321 2603 3429 2641 mc-

1847 2680 2106 2730 ntoratum
2139 2685 2241 2743 est,
2273 2677 2493 2730 seminis
2524 2691 2628 2730 non
2660 2671 2901 2744 haberet,
2932 2677 3135 2733 studuit
3163 2694 3229 2735 ex
3266 2682 3428 2734 semi-

1847 2778 1971 2823 num
2021 2770 2330 2827 diversitate
2379 2780 2683 2825 monstrare
2728 2772 3013 2842 unicuique
3077 2779 3427 2843 surgentium,

1846 2864 1937 2934 qui
1966 2874 2090 2917 sunt
2118 2866 2302 2934 utique
2335 2864 2627 2919 seminibus
2657 2868 2972 2934 comparati,
3005 2868 3278 2936 proprium
3305 2884 3430 2921 cor-

1851 2971 1945 3025 pus
1970 2970 2086 3011 esse
2114 2957 2462 3012 reddendum.
2498 2958 2561 3011 Et
2591 2966 2872 3026 resurgunt
2902 2973 3029 3026 ergo
3078 2958 3321 3012 homines
3355 2961 3429 3011 vi-

1847 3051 2041 3111 vilicati
2076 3060 2196 3120 post
2236 3061 2482 3116 mortem,
2530 3052 2618 3121 qui
2665 3052 2848 3120 utique
2880 3052 3026 3120 prius
3080 3051 3429 3107 morientibus

1847 3142 1901 3198 et
1920 3143 2261 3213 p0stmodum
2287 3142 2462 3198 vivific
2482 3143 2617 3199 indis
2645 3144 2938 3199 seminibus
2961 3145 3253 3212 comparati
3275 3154 3426 3210 sunt;

142 3241 333 3286 nasum
359 3271 377 3297 ,
406 3232 798 3302 incorruptibili
829 3230 1103 3285 nobilitate
1130 3240 1423 3297 reataurat;
1446 3231 1598 3301 quod
1620 3231 1743 3286 τωο·
1766 3218 1814 3283 C
1846 3246 1899 3291 et
1923 3252 2025 3291 non
2046 3235 2157 3291 boc
2186 3237 2326 3306 quod
2375 3238 2675 3291 moriuntur
2698 3278 2712 3303 ,
2766 3236 2816 3291 id
2863 3246 2940 3291 est
2974 3247 3219 3307 tauquam
3270 3238 3431 3292 senti-

148 3334 229 3376 rat
260 3331 499 3377 terrena:
545 3322 878 3377 conditionis
914 3323 971 3376 in
1016 3321 1350 3392 ignobilitate
1374 3322 1619 3389 sopitum
1647 3361 1662 3387 ,
1688 3321 1743 3378 in

147 3417 321 3483 gloria
375 3417 588 3471 cretesti
636 3418 955 3480 resuscitat;
1005 3415 1150 3484 quod
1194 3415 1370 3470 fuerat
1401 3414 1746 3469 monaliratis

150 3507 465 3564 inﬁrmitate
497 3511 792 3563 resolutum
816 3548 830 3575 ,
856 3509 1190 3578 'rediutograt
1232 3510 1283 3561 in
1333 3506 1745 3562 immortalitatis

150 3600 353 3656 decore
381 3604 665 3666 vestitum;
703 3613 976 3669 postremo
1000 3602 1141 3669 quod
1186 3601 1355 3655 fuerat
1398 3602 1630 3656 animale
1653 3602 1747 3655 de«

153 3696 420 3760 functum,
468 3710 666 3766 corpus
708 3696 986 3763 Spirituule
1037 3696 1312 3765 restituit,
1357 3706 1414 3751 et
1446 3697 1744 3752 reformat:

151 3805 281 3858 qm:
309 3799 491 3843 cuncta
513 3790 577 3843 ad
602 3798 803 3843 statum
834 3789 1223 3844 meliorationis
1246 3791 1747 3860 sublimationisque

153 3882 469 3951 reSpiciunt.
500 3884 593 3937 Illa
630 3897 759 3937 vero
806 3897 924 3952 quae
972 3893 1135 3938 restat
1167 3898 1291 3953 pars
1329 3885 1748 3953 comparationis

151 3976 379 4032 adnexa
391 3978 694 4045 Specialiter
718 3978 781 4031 ad
808 3981 1189 4047 proprietatem
1205 3978 1448 4049 corporis
1464 3979 1748 4049 unicuique

152 4071 544 4127 redhibendaru
596 4076 865 4138 pertinere
908 4072 1175 4139 tinuatur,
1221 4087 1325 4142 qua
1348 4081 1748 4142 consequenter

150 4165 346 4219 dicitur
377 4182 393 4219 :
430 4165 495 4218 Et
535 4166 809 4236 unicuique
834 4167 1084 4219 seminum
1118 4167 1381 4236 praprium
1407 4181 1633 4237 corpus;
1657 4165 1747 4220 ubi

152 4259 281 4312 satis
322 4270 558 4328 apparet
588 4259 643 4313 in
686 4260 873 4329 quavis
904 4258 1299 4327 resurgentium
1344 4258 1588 4312 claritate
1620 4270 1747 4326 pro-

152 4354 439 4419 prietatem
499 4353 746 4421 corporis
798 4367 918 4408 esse
969 4364 1308 4417 mansuram;
1360 4362 1460 4406 nec
1514 4351 1745 4406 otiosum

151 4448 290 4515 quod
322 4448 521 4516 beatus
545 4448 833 4515 Apostolus
870 4462 987 4502 cum
1020 4449 1088 4502 de
1125 4448 1500 4502 solo’humano
1519 4461 1746 4517 genere,

149 4540 288 4607 quod
316 4542 498 4595 solum
526 4548 610 4593 est
635 4543 815 4609 utique
836 4539 1224 4605 suscitandum,
1249 4555 1346 4594 nec
1364 4540 1465 4593 alia
1492 4554 1745 4610 quaecun-

151 4645 252 4698 que
296 4633 607 4687 substantia
660 4634 760 4687 hoc
796 4640 887 4687 est
936 4646 1158 4687 munere
1202 4632 1526 4700 decoranda,
1581 4642 1743 4704 atque

154 4722 580 4781 ideosutﬁceret
631 4724 696 4779 ad
735 4742 895 4779 unum
939 4739 1107 4796 genus
1136 4726 1593 4783 hominumunam
1622 4740 1743 4799 spe-

148 4817 288 4873 ciem
308 4820 534 4874 seminis
558 4821 729 4889 gratia
746 4821 1156 4890 comparationis
1174 4819 1450 4885 adhibere,
1473 4836 1566 4890 per
1585 4824 1743 4892 quam

149 4920 205 4965 et
222 4926 330 4967 non
353 4916 507 4983 prius
526 4912 781 4968 vivillcari
801 4928 956 4984 quam
982 4914 1139 4981 mori,
1161 4923 1216 4969 et
1238 4914 1606 4970 honorabilius
1622 4930 1744 4971 cor-

62 5050 69 5055 .
146 5018 252 5074 pus
281 5018 443 5075 quam
481 5007 841 5061 seminaretur
880 5022 1169 5078 exsurgere
1194 5008 1545 5078 perduceret:
1571 5008 1663 5064 sed
1687 5017 1746 5064 ut

139 5097 350 5152 diversi
385 5108 544 5154 serus
577 5099 848 5169 proprium
880 5115 1074 5171 corpus
1099 5113 1303 5157 asseret
1331 5101 1423 5174 [F.
1448 5104 1739 5177 assereret]

136 5192 517 5251 iunovandum
543 5237 557 5261 ,
594 5194 736 5264 quod
776 5196 827 5250 in
860 5208 963 5250 una
1004 5198 1184 5267 specie
1223 5198 1441 5253 seminis
1482 5200 1741 5268 quantum

88 5274 99 5299 ³
130 5291 203 5344 ad
230 5273 644 5345 sim-ititudinem
670 5292 985 5362 respiceret,
1020 5302 1126 5347 non
1150 5286 1401 5361 habebat,
1426 5304 1493 5349 ne
1516 5308 1609 5363 per
1640 5296 1742 5351 hoc

127 5395 184 5439 et
220 5399 390 5439 unam
418 5384 796 5439 tantummodo
833 5385 1065 5454 speciem
1090 5384 1587 5442 resuscitandorum
1618 5400 1740 5443 cor-

128 5493 333 5547 porum
367 5476 672 5532 futurarum
696 5476 1030 5548 signiﬁcasse
1050 5484 1325 5549 putaretur
1351 5480 1736 5550 proprietatum

127 5569 488 5627 distinctione
514 5571 769 5626 submuta
789 5612 803 5636 ,
834 5570 1065 5626 discreta
1096 5574 1428 5643 quascunque
1471 5573 1736 5629 seminum

126 5672 332 5733 genera
382 5661 819 5734 comparationis
865 5674 979 5717 suae
1037 5668 1194 5719 came
1245 5666 1738 5737 convenienterque

126 5756 283 5811 duxit
315 5754 628 5813 adhibenda
658 5796 674 5819 ,
718 5758 785 5810 ἰιι
816 5755 1193 5825 preprletatem
1236 5760 1521 5829 cbrporitm
1549 5800 1566 5827 ,
1599 5758 1740 5816 sicut

130 5848 328 5906 dictum
354 5856 773 5919 est,auatn'una
802 5850 1008 5918 species
1028 5850 1334 5910 discernere
1358 5866 1464 5909 non
1493 5852 1728 5923 valeba‘t,

1848 3339 2062 3396 nantur,
2096 3340 2411 3398 resurgunt,
2462 3332 2551 3385 sed
2585 3329 2718 3384 Deus
2760 3331 2830 3383 eis
2874 3330 2962 3382 dat
2998 3347 3183 3400 corpus
3226 3340 3280 3384 ut
3329 3333 3431 3386 vult

1848 3421 2098 3495 (lbid.),
2160 3432 2217 3479 ut
2263 3427 2332 3479 sit
2377 3424 2445 3478 de
2489 3423 2823 3493 corruptibili
2872 3424 3311 3493 incorruptibile,
3364 3425 3432 3480 de

1848 3516 2064 3570 mortali
2116 3517 2448 3578 immortale,
2520 3517 2586 3571 de
2646 3516 2967 3584 inspirituali
3012 3518 3323 3584 Spirituale;
3377 3527 3432 3571 ut

1848 3609 1989 3677 quod
2025 3611 2211 3663 mortis
2244 3608 2415 3662 fuerat
2439 3608 2747 3675 conditione
2780 3607 3170 3675 decoloralum,
3206 3608 3430 3662 immor-

1852 3704 1953 3758 tale
1984 3714 2037 3758 et
2082 3704 2332 3758 decorum
2383 3701 2685 3771 integritate
2733 3701 3006 3765 reddatur,
3056 3709 3111 3754 et
3157 3704 3428 3769 prOprium

1850 3810 2046 3863 corpus
2076 3797 2213 3851 sicut
2245 3795 2657 3865 unumquodque
2688 3795 2946 3847 seminum
2986 3793 3101 3849 sine
3127 3794 3289 3849 dubio
3338 3812 3427 3850 re-

1851 3889 2055 3957 cepturi
2085 3898 2209 3942 suut
2233 3905 2244 3940 :
2270 3886 2409 3957 quod
2442 3887 2562 3954 Quia
2587 3884 2799 3938 diverso
2830 3884 2982 3938 sexui
3012 3884 3062 3939 in
3095 3901 3199 3939 uno
3227 3886 3429 3939 semine

1850 3980 2145 4048 comparari
2178 3994 2283 4033 non
2316 3986 2545 4046 poterat,
2593 3991 2659 4030 ex
2690 3976 2955 4030 seminum
2985 3977 3294 4032 diversitate
3321 3978 3432 4033 col-

1850 4074 2013 4128 latum
2042 4081 2145 4139 est,
2180 4078 2234 4126 ut
2266 4087 2329 4126 ex
2363 4070 2673 4126 diversitate
2701 4070 2961 4124 seminum
2991 4085 3271 4140 corporum
3303 4087 3429 4141 pro-

1851 4166 2049 4237 prietas
2079 4166 2399 4234 signaretur.
2433 4162 2489 4219 Si
2520 4178 2646 4219 vero
2677 4164 2948 4232 proprium
2979 4178 3174 4233 corpus
3205 4166 3426 4218 resuscio

1852 4269 1993 4314 tatus
2018 4259 2243 4329 quisque
2271 4258 2547 4326 suscipiet,
2577 4255 2947 4311 indubitanter
2976 4266 3058 4311 est
3096 4270 3431 4326 consequens

1851 4363 1909 4408 ut
1929 4354 2211 4422 unicuique
2230 4353 2381 4407 sexui
2405 4364 2599 4421 corpus
2621 4350 2890 4420 proprium
2908 4350 3253 4416 reformetur;
3285 4350 3429 4421 quia,

1852 4449 1986 4504 sicut
2010 4449 2205 4504 dictum
2229 4456 2329 4514 est,
2354 4455 2407 4502 ct
2430 4444 2715 4515 unicuique
2736 4447 3001 4501 seminum
3028 4446 3296 4516 proprium
3317 4463 3434 4501 cor-

1851 4558 1949 4613 pus
1972 4542 2272 4598 restituitur
2313 4541 2647 4595 attributum.
2682 4540 2747 4593 Et
2776 4538 2825 4594 si
2855 4539 3143 4608 unicuique
3171 4539 3433 4595 seminum

1853 4639 2125 4708 proprium
2150 4650 2341 4705 corpus
2368 4634 2683 4699 restituitur,
2704 4649 2795 4703 per
2816 4649 2932 4703 qua:
2955 4634 3135 4703 utique
3155 4635 3357 4688 semina
3383 4634 3435 4690 itt

1852 4739 2080 4801 utroque
2110 4730 2238 4785 sevu
2266 4742 2426 4783 omne
2460 4741 2626 4798 genus
2667 4726 2939 4781 hominum
2971 4725 3303 4795 designatum
3332 4735 3431 4789 Cri,

1852 4826 2094 4895 sequitur
2126 4834 2180 4878 ut
2209 4836 2368 4877 omne
2390 4836 2557 4891 genus
2578 4816 2899 4886 humanum,
2944 4817 3081 4888 quod
3116 4820 3166 4872 iu
3211 4828 3434 4887 utroque

1853 4933 1983 4972 sexu
2004 4915 2120 4970 istis
2138 4925 2219 4969 est
2242 4912 2534 4968 seminibus
2557 4912 2916 4981 designatum,
2935 4912 3205 4980 proprium
3230 4911 3294 4962 sit
3318 4924 3437 4962 cor-

1854 5016 1951 5080 ptts
1975 5018 2394 5077 resumpturum.
2424 5005 2533 5059 Hoc
2558 5018 2654 5058 nos
2677 5019 2740 5058 ex
2762 5003 2943 5057 verbis
2965 5001 3205 5069 Apustoli
3232 4990 3310 5053 lis
3354 5007 3436 5054 ρει

1852 5104 2029 5157 sobria
2063 5100 2493 5155 consideratione
2540 5098 2734 5163 metiri,
2788 5097 2923 5151 ttlt'ra
2973 5102 3089 5165 qua:
3136 5098 3432 5150 cavendum

1854 5207 1934 5252 est
1976 5194 2254 5250 lemeraria
2285 5192 2594 5247 curiositate
2627 5198 3003 5259 prorumpere;
3049 5202 3265 5259 propter
3294 5191 3437 5259 quod

1853 5288 2015 5343 etiam
2041 5298 2446 5342 commonemur
2493 5301 2505 5338 :
2538 5281 2737 5335 Altiora
2768 5291 2812 5336 te
2842 5298 2902 5336 ne
2940 5282 3224 5351 'qur’vsieris,
3254 5294 3297 5336 et
3328 5284 3435 5350 [or-

1855 5383 1989 5435 tiora
2020 5390 2064 5435 te
2092 5379 2340 5449 ne’fueris
2366 5386 2618 5432 scrutatus
2660 5374 2855 5447 (Eccle.
2888 5376 2987 5447 ttt).
3048 5376 3137 5443 Et,
3181 5366 3301 5429 Non
3322 5378 3437 5429 ἀίω

1852 5476 2128 5543 sapientes,
2148 5472 2247 5527 sed
2275 5471 2547 5525 humilibus
2570 5471 2935 5523 consentientes
2958 5464 3130 5540 (Rom.
3151 5469 3263 5534 xu).
3282 5456 3438 5521 ‘Pnst-

1843 5564 2353 5624 remO'attendentes
2388 5563 2539 5632 illud,
2565 5560 2706 5634 quod
2738 5563 3027 5631 apostolica
3060 5564 3271 5629 quoque
3297 5576 3436 5630 prcc-

1843 5662 2111 5719 dicalioma
2142 5660 2407 5715 ﬁrmatum
2443 5667 2542 5723 est,
2594 5656 2733 5726 quod
2786 5654 2965 5705 oculus
3006 5670 3107 5707 non
3152 5652 3297 5723 vidit,
3348 5673 3437 5710 nec

1843 5758 1983 5813 auris
2022 5754 2234 5822 audivit,
2266 5768 2357 5807 nec
2383 5753 2439 5806 in
2469 5765 2557 5804 cor
2594 5747 2810 5802 hominis
2830 5740 3063 5800 ascendit
3091 5754 3203 5820 qua:
3232 5756 3435 5819 ρνιερα-

1844 5852 1973 5908 ravit
2004 5847 2143 5903 Deus
2171 5843 2465 5901 timentibus
2492 5859 2546 5897 se
2569 5842 2617 5899 (1
2632 5840 2764 5898 “Cor.
2792 5838 2873 5911 tt),
2914 5841 3164 5917 quisquis
3193 5845 3439 5914 Superius
