3902 6330
100 372 187 427 865
1214 352 1496 409 CARMEN
1542 352 1628 408 DE
1673 350 1828 408 DEO.
1873 350 1999 405 LlB.
2044 352 2129 406 Ill.

249 478 376 533 Dum
423 475 590 532 nescit
633 485 788 542 quem
832 468 1256 542 quisqueferit,
1287 470 1371 525 cui
1422 468 1652 537 quisque
1684 478 1729 531 Α

1263 560 1545 631 [repugnat
1561 599 1575 623 ,

249 658 532 713 Obtruncat
556 653 760 707 socium
779 693 794 717 ,
822 666 1004 706 carum
1034 649 1323 719 prosternit
1349 651 1601 712 amicum,

250 755 495 818 Amputat
535 747 750 816 ignarus
777 743 1034 809 fratrem,
1061 742 1373 812 jugulatque
1420 740 1642 811 propin-

1369 830 1573 904 [quum.

253 936 377 989 Dum
409 942 557 1002 pater
584 930 809 985 obscura
838 928 1087 983 defensus
1119 935 1272 981 nocte
1303 934 1539 995 putatur,

98 1027 181 1083 285
252 1026 338 1081 Sic
368 1024 435 1078 ibi
468 1020 750 1091 procubuit
777 1019 884 1073 nati
914 1018 1108 1088 pietate
1139 1025 1468 1087 peremptus.

253 1118 483 1183 Viverct,
512 1124 566 1170 et
597 1114 757 1167 vitam
790 1113 946 1181 longo
977 1110 1294 1179 produceret
1320 1124 1455 1175 :evo,

250 1212 307 1266 Ni
334 1210 567 1265 sobolem
597 1206 804 1276 genitor
836 1202 1015 1260 nimia:
1045 1204 1256 1273 pietatis
1288 1202 1545 1256 haberet:

254 1304 406 1376 325
456 1300 683 1359 Fmdere
728 1312 957 1366 namque
998 1311 1118 1352 reus
1166 1295 1382 1366 punitur
1425 1295 1648 1350 crimine

1346 1384 1573 1457 [sancto.

3235 349 3341 408 866

1934 464 2051 519 "Nec
2081 476 2224 526 reor,
2256 475 2375 516 esse
2408 460 2556 515 nefas
2588 459 2762 514 Persis
2792 460 3037 515 occidere
3065 458 3264 531 patres,

1755 557 1863 615 290
1937 558 2083 625 Quos
2113 571 2205 610 sua
2239 554 2355 625 jura
2401 555 2623 622 probant
2652 552 2899 607 thalamis
2929 555 3193 609 asciscere
3230 570 3341 610 ma-

3110 645 3263 717 [tres.

2012 741 2116 794 Ara
2150 738 2489 793 Philenorum
2522 734 2746 805 Libycas
2776 735 3011 805 possedit
3037 751 3249 793 arenas.

1934 832 2097 902 326
2126 830 2305 884 Portio
2338 828 2541 883 telluris
2571 830 2787 898 fratrum
2818 844 3052 882 concessa
3080 828 3267 899 furori,

1934 922 2077 977 Solis
2109 921 2293 975 adusta
2316 920 2468 984 rotis,
2502 919 2669 988 nigris
2698 917 2892 972 infecta
2922 922 3167 988 venenis,

1937 1018 2151 1089 Ignibus
2181 1016 2452 1083 mtbereis,
2482 1014 2672 1085 gelidis
2700 1014 2918 1069 obsessa
2946 1017 3189 1082 cerastis,

1936 1112 2079 1167 Inter
2107 1119 2414 1179 serpentum
2444 1109 2660 1179 glacies,
2682 1116 2843 1177 atque
2866 1108 3005 1163 aeris
3030 1117 3192 1165 aestus

1936 1202 2142 1273 Ignorat
2167 1210 2373 1255 mutare
2396 1201 2539 1255 vices
2572 1215 2664 1269 per
2685 1207 2925 1269 tempora
2958 1200 3135 1265 tellus,

1935 1296 2224 1352 Puniceum
2256 1296 2494 1350 retinens
2521 1294 2719 1363 ingenti
2744 1293 2856 1349 sole
2886 1293 3152 1349 ruborem.

1758 1112 1864 1170 295

1304 1476 1693 1535 SCRIPTURA
1728 1480 1884 1537 COD.
1930 1479 2089 1535 VAT.

67 1575 75 1581 -
158 1556 272 1611 281.
302 1555 433 1609 Dum
463 1552 617 1607 nescit
656 1565 963 1620 quotcunque
1006 1549 1123 1619 ferit
1164 1548 1449 1618 quicunque
1493 1565 1648 1617 repu-

104 1636 205 1697 gnat
228 1644 242 1680 :
272 1626 490 1697 obscure
519 1624 823 1697 quicunque.

160 1699 268 1751 285.
302 1695 535 1748 Fratrem
554 1694 843 1765 jugilatque
865 1707 917 1759 p.

160 1767 270 1820 28L
305 1765 369 1819 0.
390 1765 587 1830 defensi
614 1780 666 1815 η.
694 1780 747 1831 p.

160 1836 269 1890 285.
304 1837 392 1891 Sic
416 1837 505 1889 ubi
533 1832 819 1904 procubuit.

1830 1553 1955 1606 287.
1987 1551 2061 1603 Hi
2088 1549 2331 1615 sobolem,
2356 1548 2407 1603 in
2440 1564 2576 1603 nexu
2609 1549 2900 1605 litterarum
2928 1551 3151 1609 haberet.

1827 1623 1956 1677 288.
1986 1620 2204 1675 Foedera
2236 1636 2254 1674 :
2282 1637 2398 1673 nam
2425 1635 2594 1672 rerum
2626 1621 2838 1688 punitur
2868 1623 3076 1677 crimine
3095 1636 3291 1681 sancto.

1827 1692 1952 1746 292.
1986 1690 2166 1745 Portio
2191 1691 2388 1746 telluris
2417 1707 2653 1746 concessa
2679 1733 2692 1746 .
2720 1730 2734 1744 .
2757 1730 2772 1747 .
2795 1731 2809 1746 .
2841 1693 3209 1752 desiderantur
3238 1714 3332 1753 ex-

1685 1770 1735 1830 B
1762 1771 1931 1819 trema
1960 1764 2141 1817 Verba.

1568 1899 1800 1959 NOTAE.

104 2007 247 2051 centas
276 1995 415 2049 Mille
454 2003 639 2063 quater
682 1991 891 2061 Pel0pis
938 1991 1001 2044 de
1045 1990 1250 2063 regione
1292 1990 1407 2043 uiri.
1450 1990 1650 2046 Omnes

104 2070 287 2122 demum
314 2060 503 2120 eodem
536 2066 651 2119 loco
682 2072 799 2132 post
828 2063 1144 2116 immensam
1188 2060 1334 2114 illam
1363 2063 1650 2132 Persarum

105 2151 306 2209 stragem
350 2136 645 2209 cecidisse,
684 2130 746 2209 'i_n
796 2134 903 2209 alio
951 2132 1128 2209 elogio
1155 2130 1461 2209 sepulcrali
1508 2133 1648 2200 apud

105 2201 318 2261 eumdem
364 2206 653 2260 Diodorum
703 2204 938 2258 innuitur
988 2203 1078 2256 lib.
1120 2202 1211 2255 cit.
1264 2201 1395 2273 Dic,
1439 2203 1647 2273 hospes,

109 2278 304 2347 Sparte,
340 2278 475 2347 quod
518 2284 692 2347 nostra
720 2276 800 2326 hic
838 2289 952 2327 ossa
975 2272 1262 2342 quiescunt,
1293 2270 1431 2324 Dum
1472 2270 1652 2343 patria:

108 2346 215 2418 leges
239 2346 426 2418 fortiter
448 2346 793 2418 exsequimur.

162 2411 272 2472 28L
313 2420 387 2472 Ex
427 2411 646 2471 DiodOri
679 2415 855 2470 verbis
884 2414 950 2469 ad
982 2424 1123 2471 vers;
1151 2411 1257 2466 274
1294 2413 1537 2483 ascriptis
1570 2414 1648 2468 fa-

106 2488 190 2543 cile
212 2490 316 2543 haic
344 2487 729 2556 intelliguntur.

162 2560 273 2613 284.
300 2558 409 2612 Non
439 2552 655 2611 inv'enio
681 2554 822 2624 apud
860 2553 1017 2623 hujus
1061 2552 1192 2608 belli
1221 2552 1506 2607 historicos
1553 2568 1646 2622 pe-

106 2628 278 2683 culiare
302 2627 516 2697 aliquod
558 2626 780 2691 factum,
823 2639 928 2693 quo
962 2632 1112 2692 pater
1139 2640 1168 2677 a
1207 2625 1315 2697 tilio
1355 2625 1649 2697 esstinctus

106 2698 299 2754 dicatur.
340 2693 677 2757 Dracontius.
708 2703 765 2750 ut
793 2697 1001 2764 Opinor,
1033 2709 1101 2748 ex
1146 2693 1423 2748 verisimili
1468 2706 1650 2748 narrat

104 2769 147 2822 in
166 2784 219 2823 ea
242 2784 406 2824 rerum
438 2768 864 2838 perturbatione,
889 2764 1115 2838 qualern
1130 2764 1343 2818 Diodori
1375 2765 1560 2838 verbis
1579 2765 1643 2819 ad

104 2840 339 2895 remi“
365 2834 768 2905 descripsimus,
816 2834 1019 2904 patrem
1050 2834 1279 2903 aliquem
1316 2849 1345 2888 a
1388 2835 1497 2887 lilio
1534 2834 1645 2905 for-

105 2909 210 2965 titer
234 2921 280 2963 et
309 2913 407 2979 pie,
436 2904 641 2977 quippe
668 2922 763 2975 pro
795 2906 979 2979 patria,
1009 2915 1293 2973 pugnante,
1322 2904 1646 2979 impruden-

104 2990 170 3032 ter
191 2976 435 3044 occisum;
458 2976 566 3034 Sed
592 2980 815 3032 obscura
858 2976 984 3030 mihi
1007 2979 1182 3029 adhuc
1207 2984 1291 3044 est
1321 2976 1434 3029 haec
1463 2990 1645 3029 narra-

104 3049 181 3117 tio,
209 3043 491 3116 praesertim
520 3064 639 3103 cum
666 3056 946 3115 corruptus
971 3047 1041 3100 sit
1067 3061 1248 3117 versus
1270 3043 1396 3099 288.

160 3116 266 3175 286.
293 3122 500 3176 Similia
522 3120 680 3173 verba
709 3118 803 3171 lib.
831 3133 896 3185 ιι,
922 3132 1064 3170 vers.
1086 3116 1212 3171 759.

158 3190 265 3247 287.
296 3193 459 3260 Supra
519 3205 658 3243 vers.
688 3190 755 3243 99
798 3188 863 3260 de
892 3187 1156 3241 Abraham
1200 3185 1363 3239 [ilium
1404 3186 1648 3241 immola-

104 3267 232 3314 luro:
259 3258 560 3333 Aptavitque
591 3260 696 3312 neci
722 3258 879 3333 nimia
905 3260 1086 3326 pietate
1112 3266 1376 3333 cruentus.

102 3365 107 3375 ι
160 3333 272 3386 288.
299 3328 429 3400 Quid
463 3328 740 3385 Dracontii
778 3344 935 3400 manu
964 3339 1217 3395 scriptum
1248 3328 1401 3379 fuerit
1430 3341 1532 3380 non
1563 3342 1651 3400 as-

102 3414 267 3471 sequar
291 3421 301 3454 :
323 3398 384 3457 ἐι
416 3416 602 3455 tamen
632 3400 807 3453 scribo
834 3398 1045 3451 lt‘wdere
1076 3414 1293 3466 namque
1322 3413 1476 3471 reus,
1506 3399 1651 3471 scili-

100 3469 520 3542 cetpaier,quiio
550 3472 736 3525 eadem
768 3484 922 3523 causa
958 3478 1070 3521 erat
1102 3472 1150 3520 in
1176 3483 1277 3535 qua
1304 3469 1462 3542 illius,
1490 3470 1649 3521 adeo-

80 3537 204 3607 Aque'
227 3537 415 3597 foedere
462 3543 572 3596 hoc
614 3557 757 3603 reus,
804 3549 858 3593 ut
889 3541 1025 3591 filius
1066 3549 1148 3591 est
1192 3537 1475 3603 parricidio
1504 3554 1648 3603 reus,

103 3616 282 3677 punitur
309 3616 514 3667 crimine
543 3620 741 3676 sancto,
777 3625 965 3676 nempe
993 3612 1220 3662 crimine
1250 3609 1389 3676 quod
1415 3622 1534 3660 cum
1568 3611 1651 3662 ni-

104 3685 187 3750 nia
229 3686 409 3750 pietate
452 3694 575 3739 erat
611 3684 977 3750 conjuncmm.
1024 3679 1153 3733 Vide
1199 3679 1234 3731 l.
1282 3693 1314 3731 ll
1347 3694 1487 3750 vers.
1522 3680 1646 3744 4b9,

102 3748 299 3808 Facinus
324 3772 445 3822 quos
493 3748 746 3821 inquinat,
772 3760 931 3820 urget.
966 3749 1283 3822 Prudentius
1312 3750 1359 3800 in
1392 3748 1651 3802 Hamarii-

101 3826 231 3887 genia
258 3828 319 3879 de
338 3821 525 3893 ’vipera
553 3840 670 3891 qua:
692 3839 719 3873 a
752 3823 964 3893 catulis,
996 3821 1129 3871 intra
1165 3831 1390 3893 uigili":
1408 3834 1648 3893 pvrrutit-

102 3899 317 3957 pentibus
342 3887 506 3949 Iniera
527 3936 541 3955 ,
571 3887 846 3950 occiditur,
882 3891 956 3943 uit
987 3904 1125 3942 vers.
1160 3890 1285 3950 .597,
1319 3887 1529 3940 rEstuat
1568 3891 1648 3941 in-

103 3971 218 4015 terno
238 3968 425 4032 pietatis
451 3966 664 4017 crimine
700 3974 876 4022 mater,
921 3962 1038 4029 quia
1072 3960 1237 4027 pietas
1267 3970 1370 4023 est,
1396 3962 1533 4032 quod
1570 3960 1649 4013 fe-

100 4041 169 4084 tus
196 4030 403 4100 patrem,
439 4052 489 4088 in
523 4038 665 4086 coitu
695 4048 723 4085 a
752 4042 921 4085 matre
959 4041 1314 4100 peremptum,
1352 4030 1642 4095 ulciscitur,

101 4098 269 4172 crimen
309 4098 452 4171 vero,
507 4106 650 4172 quod
703 4114 924 4155 matrem
973 4102 1187 4153 occidit.
1236 4098 1437 4154 Eodem
1487 4114 1647 4154 setisu

103 4168 399 4240 Dracontius,
433 4168 657 4228 Punitur
677 4175 886 4225 crimine
907 4182 1102 4224 sancto.

159 4242 267 4299 289.
299 4238 627 4299 Exiliistoria
664 4247 941 4296 Persarum
977 4243 1025 4293 id
1060 4240 1307 4309 petitum.
1351 4238 1647 4295 Herodotus

103 4310 203 4366 libr.
237 4331 270 4378 ι,
310 4332 424 4383 cap.
468 4318 571 4370 157
604 4332 615 4365 :
650 4315 813 4367 Suum
855 4324 1024 4364 autem
1050 4322 1280 4376 patrem,
1312 4320 1398 4362 aut
1438 4323 1647 4365 matrem

100 4383 215 4435 aiunt
239 4392 478 4439 neminem
510 4401 734 4451 unquam
761 4384 1045 4435 occidisse:
1076 4398 1245 4434 verum
1287 4393 1528 4451 quotquot
1554 4387 1643 4435 lio-

101 4466 193 4504 Tum
229 4456 349 4525 forte
386 4458 706 4519 acciderunt,
746 4455 882 4506 omni
930 4455 1225 4505 necessitate
1274 4470 1503 4510 emcussa,
1555 4454 1645 4505 hos

104 4526 271 4594 tandem
299 4531 631 4594 deprehensos
661 4527 869 4577 tradunt
911 4535 997 4576 aut
1037 4525 1323 4575 subdititios
1344 4562 1357 4583 ,
1390 4534 1475 4574 aut
1522 4539 1637 4583 spu-

101 4593 201 4645 rios.
230 4596 420 4666 Quippe
467 4596 739 4650 verisimile
785 4611 1097 4666 nequaquam
1126 4595 1284 4645 videri
1309 4595 1469 4657 aiunt,
1503 4604 1553 4666 ut
1596 4596 1642 4666 is

102 4676 169 4738 qui
192 4680 318 4738 verus
345 4664 529 4738 parens
559 4668 621 4719 sit
665 4683 697 4718 α
742 4682 947 4738 proprio
984 4664 1093 4731 filio
1115 4666 1463 4738 interimatur.
1512 4664 1642 4719 Vide

103 4729 361 4791 Barnabnui
412 4729 748 4791 Brtssouium
787 4735 907 4788 libr.
942 4729 991 4788 tt
1018 4738 1084 4787 de
1112 4734 1297 4803 Reguo
1337 4735 1640 4801 Persarum,

103 4815 201 4876 Pas.
234 4806 344 4871 197,
370 4811 458 4876 qui
493 4819 741 4859 neutrale
764 4806 829 4858 de
864 4809 945 4859 his
975 4806 1100 4871 agit.

157 4872 268 4928 199.
315 4872 617 4932 Brissiinitts
666 4878 769 4931 loc.
818 4878 935 4938 cit.,
989 4891 1106 4943 pag.
1156 4876 1282 4939 215,
1336 4874 1517 4941 probat
1557 4876 1644 4942 jus

100 4937 235 4997 fuiSSe
258 4952 388 5015 apud
426 4950 615 5002 l’ersas
646 4957 841 4999 matres
879 4937 929 4999 in
956 4937 1349 4998 matrimonium
1380 4945 1475 4997 sibi
1503 4937 1642 4999 asci-

100 5024 224 5083 sciue
249 5030 306 5069 ex
352 5018 577 5071 Philone
622 5019 673 5070 in
707 5018 828 5069 libr.
862 5017 929 5070 de
976 5018 1202 5081 Special.
1241 5016 1393 5083 ιρις..
1427 5015 1641 5070 Tertul-

102 5080 218 5156 linito
246 5090 541 5155 Apologet.,
583 5088 834 5147 Minucio,
868 5080 1098 5153 Catullo,
1136 5080 1367 5154 Diogene
1411 5088 1638 5156 Laertio,

100 5148 345 5211 Strabone.
379 5148 536 5212 Puura
569 5161 768 5210 addunt
806 5148 1094 5210 WoWerus
1117 5166 1171 5210 et
1217 5148 1641 5213 Elmenhorstius

101 5222 153 5297 ad
178 5224 441 5297 Minucium
475 5247 487 5279 ξ
516 5228 611 5280 Jus
639 5242 710 5281 est
736 5229 870 5297 apud
900 5227 1079 5280 Persas
1105 5229 1299 5279 misceri
1326 5244 1441 5279 cum
1468 5230 1642 5281 mutii-

102 5288 191 5345 δια.
233 5295 452 5352 Incestas
486 5288 785 5367 hujusmodi
820 5300 1029 5365 nupaias
1062 5299 1446 5360 Alexandrum,
1482 5299 1643 5352 Dario

101 5373 251 5439 Vtcto,_
274 5369 585 5430 iuhibuisse,
630 5378 749 5423 aurl
773 5386 813 5421 ir
849 5383 929 5421 est
962 5369 1275 5421 Plutarchus
1322 5372 1370 5420 in
1422 5371 1542 5423 libr.
1573 5371 1641 5424 de

102 5437 197 5500 {31118
223 5437 465 5493 Fortuna.
497 5440 601 5493 Sed
631 5440 1019 5500 'l‘heodoretus,
1043 5440 1237 5491 Contra
1267 5440 1481 5493 Gra-cos
1500 5452 1634 5493 mat.

102 5498 206 5581 alio
242 5507 457 5573 legibus,
502 5510 732 5581 affirmat
769 5498 1031 5581 Connubiii
1080 5519 1329 5573 matsum,
1372 5526 1635 5575 sororum,

104 5572 319 5647 liliarum,
364 5572 481 5647 qua:
512 5583 648 5647 apud
684 5580 871 5634 Persas
901 5596 964 5633 ex
998 5580 1215 5632 Zarada:
1246 5581 1487 5632 instituto
1519 5572 1638 5645 per-1

105 5643 430 5721 mittebantur,
462 5643 659 5710 audita.
691 5661 744 5705 et
781 5660 999 5716 accepta
1033 5651 1287 5719 religione
1316 5643 1637 5713 Chiisuaim,

104 5710 270 5790 abolita
301 5710 477 5790 fuisse.
520 5740 538 5770 ι
586 5721 831 5785 Pet-siem,
865 5710 1053 5790 inquit,
1088 5710 1349 5785 nationes,
1386 5735 1503 5790 quae
1531 5710 1637 5789 jam

108 5784 279 5839 Pridcin
299 5788 511 5845 lzoradte
538 5792 733 5859 legibus
757 5784 1057 5855 utebantur,
1086 5808 1335 5855 mairum,
1370 5784 1636 5858 sororum,

1673 4496 1727 4556 D

1755 1995 1985 2075 filiarum
2012 1995 2293 2075 connubiis
2321 1996 2715 2075 susquedeqne
2758 2000 3079 2075 commixtae,
3100 2018 3333 2075 remque

1750 2066 2099 2143 justissimam
2110 2068 2453 2143 arbitrantes
2483 2065 2535 2119 id
2559 2067 2697 2143 quod
2722 2078 2835 2122 erat
2863 2065 3070 2125 facinus
3094 2065 3332 2143 injusiis-

1753 2138 1967 2211 simum,
2001 2138 2177 2190 audita
2213 2139 2531 2211 piscatorum
2564 2137 2699 2205 lege,
2724 2147 2906 2211 atque
2947 2137 3183 2211 accepta,
3232 2145 3331 2201 Za-

1754 2206 1896 2260 rada:
1943 2207 2088 2282 leges
2128 2216 2184 2261 ut
2223 2207 2552 2274 iniquitatem
2596 2206 2900 2282 maximam,
2928 2206 3329 2282 conculcarunt,

1754 2278 2227 2352 evangelicamque
2292 2276 2698 2352 temperantiam
2724 2281 3009 2352 __pr01inus
3075 2276 3332 2352 amplexa:

1755 2357 1899 2400 sunt.
1941 2365 1959 2398 ι
1994 2347 2245 2419 Fortasse
2290 2346 2589 2419 Alexander
2627 2346 2857 2419 inhibuit
2883 2351 3145 2419 ejusmodi
3167 2346 3332 2411 'ince-

1754 2428 1835 2470 sta
1865 2417 2225 2481 matrimonia,
2258 2426 2312 2471 et
2347 2426 2466 2483 post
2507 2417 2865 2471 Alexandrum
2894 2417 3070 2477 Persa:
3101 2436 3333 2481 veterem

1755 2502 1959 2541 morem
1986 2498 2335 2563 renovarunt.
2364 2486 2624 2563 Eusebius
2654 2486 2773 2563 l_ibr.
2796 2503 2887 2563 _v_t,
2919 2505 2968 2545 c.
2994 2492 3066 2563 A8,
3102 2494 3331 2563 Ριεέιξρειι,

1752 2572 1968 2627 evang.,
2010 2557 2158 2631 addit
2185 2572 2308 2631 eos,
2341 2558 2549 2611 etiamsi
2588 2571 2619 2611 e
2660 2556 2877 2631 Perside
2920 2556 3166 2631 exierint,
3200 2556 3334 2622 lianc

1754 2627 2193 2681 consuetudinem
2228 2629 2552 2682 ineesubrmn
2577 2629 2963 2683 connubiorum
2999 2627 3250 2690 retinere.

1823 2696 1950 2752 291.
1973 2698 2087 2768 Alii
2118 2697 2342 2768 Phyleni
2367 2698 2625 2761 scribunt,
2656 2698 2744 2750 alii
2765 2696 3021 2768 Philaeni,-
3048 2705 3161 2767 alii,
3192 2717 3248 2759 ut
3277 2706 3329 2761 in

1754 2768 1940 2823 codice
1969 2767 2111 2834 Vat.,
2146 2766 2370 2821 Phiteni.
2407 2768 2636 2820 Historia
2669 2766 2956 2822 multorum
2988 2766 3178 2828 litteris
3204 2790 3333 2831 cou-

1752 2839 1958 2908 signat_a
1990 2850 2093 2908 est.
2127 2836 2365 2892 Valerius
2381 2837 2662 2908 _Maximus
2703 2836 2823 2891 libr.
2854 2854 2905 2901 v,
2935 2853 3054 2908 cap.
3093 2844 3126 2897 6
3157 2861 3171 2897 :
3202 2844 3330 2900 Cum

1752 2905 1882 2983 inter
1902 2906 2261 2983 Carthaginem
2290 2919 2335 2960 et
2367 2905 2589 2983 Cyrenas
2619 2907 2682 2983 de
2702 2908 2930 2983 margine
2957 2905 3071 2981 agri
3107 2918 3332 2983 pertina-

1753 2980 1955 3055 cissima
1995 2976 2247 3055 contentio
2288 2988 2438 3043 esset,
2466 2978 2558 3055 a_d_
2578 2976 2823 3055 ultimum
2854 2976 3042 3055 placuit
3074 2976 3329 3055 utrinque,

1754 3049 1930 3101 eodem
1952 3058 2173 3118 tempore
2193 3051 2413 3119 juvenes
2431 3049 2659 3119 mitti,_et
2697 3049 2861 3101 locum
2908 3053 2958 3103 in
2982 3068 3128 3119 quem
3149 3057 3186 3107 ii
3208 3049 3330 3110 con-'-

1678 3118 1724 3183 C
1754 3121 2023 3184 venissent,
2052 3116 2205 3187 ﬁnem
2247 3118 2488 3171 ambobus
2516 3116 2690 3172 haberi
2702 3188 2705 3189 ν
2740 3120 2962 3189 pepulis.
2994 3116 3198 3177 ‘Verum
3236 3127 3332 3182 hoc

1755 3198 1961 3257 pactum
2007 3190 2503 3258 Carthaginiensium
2540 3191 2643 3241 duo
2682 3188 2866 3257 fratres
2897 3194 3098 3247 nomine
3124 3194 3331 3252 Phileni

1754 3261 1973 3327 perfidia
2004 3276 2329 3327 praacurrere,
2360 3260 2485 3311 citra
2512 3261 2837 3311 constitutam
2865 3261 3044 3315 harant
3071 3277 3329 3323 maturato

1753 3346 1927 3398 gressu
1957 3337 2008 3382 in
2039 3332 2235 3401 longius
2278 3331 2519 3396 promotis
2546 3330 2789 3382 terminis.
2819 3332 2963 3393 Quod
2989 3350 3101 3386 cum
3128 3338 3330 3393 intelle-

1752 3401 1944 3452 xissent
1995 3402 2353 3469 Cyrenensium
2411 3402 2635 3464 iuvenes,
2684 3401 2775 3452 diu
2822 3405 2881 3454 de
2907 3402 3116 3469 fallacia
3157 3423 3331 3462 eorum

1732 3472 1933 3534 questi,
1963 3483 2216 3537 postremo
2243 3470 2516 3542 acerbitate
2540 3472 2843 3523 conditionis
2882 3473 3124 3542 injuriam
3153 3480 3327 3532 discu-

1753 3548 1857 3591 tere
1885 3542 2050 3614 c_ouati
2082 3541 2499 3614 supervixerant
2543 3557 2777 3614 namque,
2810 3544 2881 3614 sic
2922 3541 3035 3596 eum
3064 3546 3215 3614 finem
3247 3568 3331 3602 ra-

1754 3618 1861 3661 tum
1893 3612 2021 3677 fore,
2052 3613 2095 3662 si
2122 3609 2321 3663 Pliileni
2350 3614 2483 3664 vivos
2507 3627 2559 3663 se
2589 3612 2656 3662 ibi
2684 3610 2829 3681 obrui
2856 3615 2991 3680 passi
3025 3609 3219 3681 essent;
3242 3622 3331 3675 sed

1755 3682 1965 3732 consilio
1995 3694 2197 3734 eventus
2226 3697 2325 3733 non
2356 3682 2614 3746 respondit
2642 3696 2661 3733 :
2690 3680 2766 3731 illi
2794 3685 2948 3746 enim,
2987 3686 3129 3738 nulla
3171 3680 3329 3743 inter-

1755 3752 1923 3817 posita
1953 3768 2114 3809 mora,
2142 3768 2356 3820 corpora
2385 3767 2476 3804 sua
2514 3754 2591 3803 liis
2618 3761 2750 3803 terra
2780 3758 3054 3818 aperienda
3096 3762 3326 3813 tradide-

1753 3831 1890 3873 runt.
1922 3822 2048 3895 _ll_:_ec
2080 3823 2188 3895 fere
2226 3827 2409 3895 eadem
2453 3823 2730 3895 Sallustius
2765 3823 3009 3895 de‘fiello
3052 3828 3327 3895 Jugurth.,

1752 3896 1841 3958 qui
1870 3891 2013 3943 addit
2048 3910 2058 3944 :
2092 3891 2511 3962 (.‘artlmginenses
2541 3892 2589 3942 in
2620 3908 2674 3943 eo
2702 3892 2811 3944 loco
2833 3890 3063 3947 Philenis
3086 3890 3332 3961 fratribus

1751 3977 1868 4013 aras
1912 3976 2280 4017 consecravere.
2326 3964 2525 4015 Nomen
2559 3963 2674 4013 loco
2723 3963 2874 4015 haesit
2918 3966 3031 4019 Arte
3076 3967 3321 4023 l’ltileuo-

1751 4047 1864 4082 ruin
1895 4047 1913 4083 .'
1941 4035 2007 4084 de
2037 4049 2143 4101 quo
2170 4034 2430 4086 videndus
2463 4032 2594 4085 Mela
2620 4032 2738 4085 libr.
2773 4047 2787 4084 t
2836 4048 2953 4097 cap.
2987 4039 3037 4099 5,
3063 4038 3129 4091 tle
3154 4043 3328 4097 Africa

1752 4101 1959 4153 Minori.
2009 4103 2320 4171 lotelligitnr
2365 4118 2493 4171 ergo
2535 4104 2657 4171 quid
2690 4104 2815 4155 velit
2845 4103 3177 4162 Dracontius.
3207 4110 3333 4166 Phi-

1752 4172 1855 4224 leui
1897 4172 2110 4236 fratres,
2137 4188 2202 4227 eo
2244 4178 2381 4230 facto
2412 4188 2517 4242 quo
2547 4188 2670 4226 aras
2695 4176 2762 4227 de
2793 4188 2890 4226 suo
2922 4180 3135 4231 nomine
3162 4180 3332 4238 dictas

1754 4256 2184 4320 promeruerunt,
2204 4244 2431 4320 Libycas
2453 4259 2645 4297 arenas
2663 4244 3189 4313 Carthaginiensibus
3213 4266 3334 4320 pos-

1752 4312 2002 4365 srdeudas
2034 4312 2316 4368 consecuti
2336 4326 2481 4368 sunt.

1820 4384 1944 4436 295.
1994 4384 2282 4439 Sallustius
2324 4387 2425 4440 loc.
2472 4386 2597 4451 cit.,
2634 4387 2765 4453 Ager
2802 4386 2855 4438 in
2890 4389 3055 4441 medio
3090 4407 3332 4448 arenosus

1751 4463 1877 4529 erat,
1913 4471 2013 4506 una
2042 4460 2210 4519 specie
2235 4473 2251 4513 :
2284 4473 2442 4525 neque
2481 4458 2673 4529 [lumen
2694 4495 2708 4513 ,
2746 4472 2901 4522 neque
2943 4475 3083 4512 mons
3109 4472 3214 4512 erat
3243 4465 3333 4529 qui

1758 4524 1876 4591 ﬁnes
1907 4541 2080 4576 eorum
2125 4528 2445 4581 discurreret.
2480 4526 2581 4578 Pro
2620 4526 2717 4576 hoc
2748 4541 2875 4585 agro
2906 4539 3188 4593 pUgnatutn
3221 4524 3322 4588 est.

1821 4593 1947 4647 294,
1974 4600 2207 4663 opponit
2240 4600 2383 4665 igne.-
2404 4598 2664 4649 zL-tliereus
2688 4596 2874 4666 gelidis
2895 4612 3117 4651 errastis
3145 4619 3156 4649 :
3186 4604 3325 4666 σμιοὰ

1752 4668 1947 4731 repetit
1970 4682 2111 4720 vers.
2140 4681 2253 4733 seq.
2287 4667 2517 4718 Isidorus
2544 4666 2579 4717 l.
2605 4680 2674 4716 xu
2710 4665 2875 4730 Urig.,
2905 4682 3021 4732 rap.
3053 4669 3086 4720 4
3119 4687 3129 4720 :
3166 4665 3329 4726 Omne

1751 4746 1915 4787 autem
1947 4753 2186 4788 venenum
2227 4737 2468 4807 frigidum
2511 4746 2679 4807 esito:
2709 4736 2819 4807 ideo
2842 4752 3014 4788 anima
3044 4756 3156 4804 quae
3182 4742 3330 4807 ignea

1751 4814 1845 4877 est,
1874 4806 2002 4874 fugit
2032 4804 2272 4858 venenum
2298 4804 2568 4875 frigidum.
2605 4804 2733 4857 Ilitic
2762 4806 2980 4877 frigidus
3008 4804 3216 4877 anguis,
3239 4828 3329 4877 ge-

1752 4874 1911 4926 lidum
1937 4892 2202 4939 venenum,
2236 4886 2288 4929 et
2327 4879 2537 4929 simila.
2568 4878 2809 4928 Lucanus
2847 4876 2964 4930 l.br.
3002 4874 3157 4940 tx,'v.
3203 4874 3325 4943 716,

1751 4945 1818 4999 de
1845 4952 2027 5011 aspide
2053 4965 2064 4998 :
2103 4945 2227 5015 Ipsa
2266 4949 2452 4999 caloris
2482 4962 2629 5016 egens
2658 4946 2879 5015 gelidum
2921 4964 3020 4999 non
3060 4955 3241 5002 transit
3269 4956 3323 5005 in

1754 5017 1955 5077 orbem;
1982 5029 2035 5071 et
2065 5036 2115 5070 v.
2150 5017 2273 5078 865,
2305 5019 2371 5070 de
2402 5018 2736 5082 serpentibus
2771 5022 2821 5070 in
2850 5033 3047 5085 genere
3077 5036 3088 5071 :
3125 5022 3330 5075 Calido-

1750 5102 1845 5159 que
1868 5104 2059 5159 uapore
2082 5089 2325 5141 Alliciunt
2350 5086 2541 5159 gelidas
2569 5098 2813 5159 nocturno
2836 5088 3026 5155 frigore
3058 5100 3238 5153 pestes.

1820 5157 1944 5210 296.
1975 5159 2214 5213 1.ιιρπιιιιδ
2240 5157 2364 5211 libr;
2393 5174 2439 5210 Ix
2474 5159 2539 5211 de
2585 5158 2771 5227 Libya,
2800 5172 2851 5209 v.
2886 5160 3009 5211 455.
3044 5159 3165 5213 Tem
3205 5164 3329 5215 eries

1751 5226 1916 5278 vita'is
1944 5230 2081 5281 abest
2107 5269 2119 5281 .
2149 5270 2159 5280 .
2190 5269 2203 5283 .
2232 5269 2244 5282 .
2272 5239 2318 5281 et
2346 5229 2564 5281 immotis
2595 5226 2785 5281 annum
2810 5244 2909 5280 non
2949 5234 3095 5281 sentit
3136 5234 3325 5286 arenis.

1754 5297 1892 5350 Inter
1937 5300 2180 5352 humana:
2212 5302 2331 5353 vita:
2372 5301 2650 5352 Commoda
2699 5300 2910 5366 ponitur
2949 5310 3138 5353 vnuture
3180 5319 3327 5356 vicet.

1751 5369 1986 5422 Alcimus
2018 5372 2168 5423 initio
2198 5372 2232 5424 l.
2267 5386 2304 5434 ι,
2351 5369 2677 5440 Temporibus
2719 5373 2899 5421 sortita
2935 5369 3084 5422 vices.
3132 5376 3331 5427 Auctor

1749 5441 2004 5492 carminis
2048 5444 2113 5495 de
2170 5441 2440 5495 Laudibus
2474 5441 2679 5494 Domini
2709 5442 2809 5492 sub
2840 5442 3186 5495 Constantino
3219 5462 3232 5496 :
3267 5444 3332 5496 Et

1745 5511 1847 5563 vice
1865 5511 2100 5579 jucunda
2130 5510 2425 5565 mortalibus
2469 5514 2653 5564 addere
2693 5512 2930 5580 fructum.
2964 5510 3157 5566 Confer
3188 5516 3325 5583 eleg.

1744 5595 1889 5633 vers.
1920 5584 2041 5644 2H7,
2068 5586 2334 5635 Atternant
2355 5585 2595 5634 elementa
2618 5583 2766 5644 vices,
2793 5591 2841 5634 et
2865 5591 3089 5648 tempora
3113 5595 3328 5638 mutant.

1747 5651 1894 5705 Libr.
1930 5667 1984 5714 ll,
2020 5668 2157 5705 vers.
2188 5654 2275 5715 iis,
2308 5656 2409 5706 alia
2438 5653 2823 5722 significatione
2848 5651 3073 5718 dictum,
3114 5656 3188 5707 Ac
3218 5672 3333 5708 mu-

1749 5730 1850 5775 tent
1880 5726 2121 5777 elementa
2148 5726 2297 5788 vices,
2327 5738 2517 5792 nempe
2545 5724 2816 5776 invertant.

1818 5792 1940 5845 297.
1990 5793 2239 5850 For.asse
2267 5796 2456 5849 alludit
2486 5795 2551 5848 ad
2594 5808 2789 5850 nomen
2832 5793 3083 5861 Punicus,
3119 5793 3333 5852 Phani-
