3902 6330
587 340 686 396 871

1818 335 2178 393 DRACONTII
2218 338 2543 398 CARMINA.

3681 349 3756 405 872

585 450 689 508 355
758 448 979 517 Quando
999 448 1184 503 dolens
1198 446 1405 518 genitor
1426 449 1664 519 planctus
1681 449 1745 504 de
1762 452 1980 520 pignore
1998 451 2146 507 fecit.
2177 454 2227 515 Α
2257 454 2360 509 550
2435 453 2693 507 Mirantur
2718 450 2927 521 populi;
2964 451 3088 523 quia
3111 459 3301 523 captus
3331 466 3508 510 amore
3536 458 3710 524 pudoris

761 541 1023 597 Prmvenit
1047 540 1289 605 allectus,
1319 556 1385 595 ne
1405 544 1568 596 corde
1601 543 1889 611 premenda
1922 542 2084 597 libido

762 634 990 687 Tolleret
1014 632 1216 700 ingenti
1246 647 1365 685 cum
1391 632 1636 688 libertate
1666 632 1941 703 pudorem.

756 726 929 779 Causa
954 724 1218 794 pudicitiae
1248 733 1449 779 natura:
1476 724 1595 794 jura
1624 725 1873 793 diremit,

759 819 1040 874 Libertatis
1067 833 1218 873 amor
1251 818 1377 871 vicit
1407 818 1620 887 pietatis
1648 833 1906 873 amorem.

759 911 1043 967 immemor
1074 911 1198 966 hinc
1226 911 1438 981 generis
1481 910 1681 977 factus,
1728 926 1833 968 non
1881 911 2160 965 immemor

1881 1003 2085 1076 [Urbis,

756 1092 1043 1162 Sanguinis
1072 1093 1269 1149 oblitus
1302 1093 1425 1148 fecit
1452 1092 1518 1147 de
1545 1101 1694 1162 patre
1726 1107 2029 1148 novercam.

758 1184 991 1255 Virginis
1018 1183 1231 1238 eximite
1259 1193 1408 1253 pater
1438 1184 1634 1254 impius
1674 1198 1795 1239 esse
1822 1190 2050 1247 recusat,

758 1274 835 1329 Ne
858 1277 926 1329 sit
953 1291 1081 1329 avus
1111 1275 1316 1339 famuli,
1352 1275 1559 1344 pondus
1583 1276 1802 1330 ditionis
1834 1275 2088 1331 honestas

758 1370 916 1440 332
951 1368 1235 1434 Extimuit;
1270 1368 1497 1422 formido
1532 1369 1628 1422 fuit
1656 1368 1855 1423 lasciva
1882 1369 2158 1437 voluptas,

756 1462 1076 1530 Illicitosque
1104 1465 1288 1515 thoros
1314 1461 1547 1514 obsceno
1576 1461 1800 1517 crimine
1828 1469 2013 1530 captos

759 1555 977 1609 llorruit
1000 1554 1167 1608 iratus
1194 1570 1207 1607 :
1239 1554 1489 1621 gemitus,
1521 1555 1766 1608 vincente
1793 1554 1996 1619 dolore,

763 1645 921 1700 Fudit
947 1644 1169 1714 virginei
1211 1644 1541 1699 truculentus
1577 1643 1779 1699 funeris
1807 1643 1996 1698 haeres.

758 1740 1045 1795 Libertatis
1071 1754 1207 1809 opus
1236 1738 1424 1793 solatia
1453 1737 1750 1807 planctibus
1777 1737 1906 1806 egit.

758 1834 937 1889 Militis
968 1831 1157 1887 armati
1184 1839 1385 1886 tantum
1420 1830 1655 1900 potuisse
1679 1828 1940 1893 dolorem,

582 911 686 969 510

581 1461 686 1519 545

2442 543 2619 599 ltosus
2642 550 2756 598 erat
2782 542 3015 613 generis,
3040 544 3203 613 prolis
3228 557 3395 612 mors,
3420 549 3655 618 sanguinis
3673 551 3758 609 hau-

2502 725 2638 794 Quid
2670 724 2937 797 Torquata
2977 726 3201 782 manus?
3229 736 3355 784 nato
3385 743 3478 801 pro
3503 641 3760 805 laurigeri-

3602 824 3709 879 clum

2437 910 2619 966 intulit
2647 909 2956 977 ostendens,
2989 927 3107 982 qua:
3133 913 3204 968 sit
3231 927 3458 970 censura
3484 824 3702 987 parelntis.

2437 1003 2565 1058 Nam
2590 1018 2762 1073 neque
2790 1003 2943 1072 culpa
2975 1003 3093 1059 fuit.
3125 1004 3320 1061 Patriae
3348 1008 3610 1077 pugnando
3624 1009 3764 1064 trium-

2442 1185 2760 1240 Vulneribus
2771 1184 2917 1240 dedit
2928 1185 3016 1243 ille
3028 1188 3160 1253 suis,
3174 1187 3370 1256 quibus
3392 1188 3537 1245 hoste
3553 1099 3766 1261 [isititate

2446 1277 2604 1348 333
2631 1277 2867 1348 Contigit
2889 1278 3179 1349 exstingui,
3209 1289 3459 1351 tanquam
3484 1292 3689 1352 superata
3708 1284 3767 1353 ju-

3606 1384 3767 1431 ventus.

2438 1459 2694 1528 Quamvis
2725 1475 2884 1517 nemo
2911 1476 3006 1518 sua
3036 1462 3231 1518 stravit
3256 1472 3379 1531 post
3406 1464 3539 1521 bella
3556 1374 3767 1534 ciihortes,

2441 1552 2738 1622 Relliquias
2767 1552 2935 1608 cladis
2963 1553 3141 1624 gladio
3172 1555 3402 1612 feriente
3433 1559 3637 1614 necavit.

2438 1641 2611 1707 Addo,
2665 1641 2810 1711 quod
2867 1642 3141 1711 invictum,
3193 1644 3514 1716 dantemque
3554 1662 3613 1703 ex
3658 1647 3769 1703 hoste

2187 1818 2231 1877 Β
2260 1824 2365 1881 560
2437 1824 2699 1880 Moenibus
2727 1822 2925 1894 eripuit
2952 1824 3138 1895 patriae
3165 1824 3237 1882 dc
3262 1825 3413 1883 clade
3437 1738 3767 1884 duelliilmpm

2260 1185 2365 1241 555

1820 1915 2206 1976 δοιιιιιτυιὶΑ
2244 1915 2397 1972 COD.
2445 1915 2602 1970 VAT.

650 2016 774 2073 556.
806 2015 1019 2069 Perimit
1047 2013 1259 2081 affectus
1290 2028 1352 2067 ne
1381 2013 1570 2067 corde:
1600 2012 1818 2069 dubium
1846 2010 2165 2081 premenda,’

578 2104 647 2144 an
674 2086 954 2155 probanda,
979 2100 1045 2139 an
1068 2084 1239 2139 aliud.

649 2162 772 2223 559.
801 2166 959 2219 Antor
986 2172 1135 2217 vtncit
1164 2182 1217 2234 p.

651 2247 777 2301 540.
814 2245 931 2298 Νοη
960 2244 1225 2296 immemor
1253 2242 1409 2295 orbis.

652 2326 750 2381 3M
765 2364 779 2378 .
818 2324 975 2377 Patre
994 2322 1260 2390 ambigue.

650 2406 773 2459 545.
807 2403 942 2457 Aous
970 2401 1193 2471 famulus
1227 2417 1278 2469 p.

648 2482 774 2540 515.
800 2481 850 2535 1.
874 2480 1054 2534 choros
1083 2495 1140 2531 o.

2337 2006 2473 2090 Silii.
2510 2007 2730 2062 Horruit
2776 2009 2934 2063 iratos
2961 2007 3174 2080 gemitus
3201 2009 3385 2064 virtute
3408 2009 3589 2065 dolores
3624 2008 3772 2063 Fundit

2263 2090 2752 2231 ωτὲἵὲἷῑθξςγίβίῑω·
2781 2149 3052 2231 plantibus.
3118 2220 3130 2231 .

2335 2218 2459 2289 550.
2491 2218 2715 2272 Miratur
2746 2236 2765 2273 :
2791 2219 3018 2289 obscure
3042 2220 3180 2289 quia.

2334 2288 2460 2361 551.
2488 2290 2764 2361 §anguinis
2793 2284 2973 2361 hostis.

2336 2360 2462 2429 558.
2486 2360 2554 2414 R.
2581 2359 2765 2427 gladiis
2793 2360 2963 2429 gladio
2994 2359 3217 2427 fervente
3244 2362 3457 2415 necabit.

2341 2428 2465 2485 559.
2499 2429 2721 2501 Videtur
2742 2428 2997 2497 scriptum
3029 2430 3166 2485 addo
3196 2432 3335 2501 quod
3363 2432 3603 2486 invictum.

2340 2501 2464 2556 560.
2498 2499 2747 2554 Moenibus
2767 2500 2950 2564 ereptis
2979 2517 3032 2571 p.

2086 2588 2305 2645 NOTIE.
2326 2582 2335 2597 ⁴

579 2685 900 2745 Aventinum
932 2689 1163 2736 montem
1194 2679 1494 2749 occupavit,
1518 2685 1573 2732 et
1596 2677 1821 2747 Appium
1850 2677 2150 2744 Claudium,

579 2759 817 2825 aliosque
858 2752 1190 2825 decemviros
1218 2752 1465 2825 abdicare
1506 2764 1563 2802 se
1602 2750 1919 2825 magistratu
1952 2754 2150 2825 coegit.

647 2819 772 2883 555.
817 2825 1064 2879 Planctus
1095 2822 1314 2891 Virginii
1360 2819 1689 2891 etquerclas
1731 2820 1951 2874 sceleris
1993 2819 2150 2889 Appii

576 2898 780 2953 Claudii
809 2895 875 2949 ad
902 2894 1099 2949 milites
1123 2890 1342 2961 exponit
1378 2890 1577 2961 Livius
1602 2891 1705 2961 loc.
1734 2896 1850 2950 cit.,
1893 2904 2012 2960 cap.
2057 2892 2145 2947 50.

648 2970 773 3023 556.
804 2966 961 3019 Forte
984 2959 1447 3084 Aﬂ‘ectus‘perimit.
1479 2960 1583 3015 Sed
1609 2959 1858 3014 Prwvenit
1878 2959 2091 3027 afﬁcias
2118 2978 2149 3016 e

659 3038 864 3084 videtur
893 3050 1032 3084 esse.
1057 3033 1185 3084 Nam
1259 3033 1645 3084 irainius.lcum
1669 3033 1873 3084 videret
1901 3032 2059 3084 tiliam
2094 3034 2146 3084 in

575 3054 636 3095 re
659 3038 864 3092 videtur
893 3050 1032 3089 esse.
1057 3033 1185 3087 Nam

577 3179 679 3233 viri
710 3180 844 3245 rapi,
878 3177 1101 3245 veniam,
1124 3171 1191 3225 ab
1223 3173 1323 3227 hoc
1352 3171 1636 3245 postulavit
1666 3172 2010 3237 percontandi
2048 3190 2149 3226 nu-

575 3242 980 3305 triccm'coratn
1036 3244 1170 3305 lilia,
1221 3257 1447 3296 verusne
1479 3242 1592 3308 ipse
1623 3250 1771 3305 pater
1800 3252 1941 3295 esset
1983 3259 1995 3294 :
2048 3259 2149 3310 qua

576 3332 728 3375 venia
747 3320 938 3380 data,a
963 3315 1105 3368 lanio
1126 3315 1297 3366 t'ttllrn
1316 3325 1549 3380 arrepto,
1579 3310 1689 3362 Hoc
1709 3321 1755 3363 te
1783 3328 1885 3364 uno
1915 3328 2014 3381 quo
2037 3330 2152 3378 pos-

582 3407 716 3452 sum,
744 3390 846 3447 ait,
869 3386 1020 3438 modo
1042 3428 1056 3451 ,
1086 3385 1215 3450 ﬁlia,
1240 3384 1291 3435 in
1323 3382 1600 3436 libertatem
1631 3382 1846 3435 vindico.
1894 3382 2153 3437 Prarvtenit

575 3475 703 3529 ergo
732 3457 942 3529 allectiu
976 3455 1420 3529 pitertii___auitni,
1466 3454 1711 3529 tie_Appii
1744 3452 1949 3507 Claudii
1989 3455 2151 3508 libido

575 3522 835 3601 pu'iloreiu
862 3522 986 3579 lilia!
1008 3540 1127 3579 cum
1159 3524 1425 3601 libertate
1457 3522 1690 3601 tolleret.

655 3601 779 3655 558.
805 3597 972 3667 Supra
994 3610 1135 3651 vers.
1159 3594 1261 3667 525
1289 3612 1301 3648 :
1336 3593 1547 3646 Natura:
1569 3592 1699 3644 bella
1723 3593 1940 3667 peregit.
1965 3593 2153 3650 Posset

575 3669 740 3738 accipi
769 3663 1091 3738 diremitpro
1112 3666 1249 3731 rupit
1276 3667 1416 3738 {ﬁed
1452 3666 1642 3738 melius
1673 3678 1767 3730 pro
1794 3663 1993 3725 divisit,
2029 3681 2149 3718 nam

575 3734 893 3796 Dracontius
934 3737 1230 3791 libertatein
1277 3734 1565 3796 Virginiae,
1615 3743 1668 3785 ct
1702 3738 1865 3799 patris
1914 3748 2150 3788 amorem

578 3822 825 3880 tanquam
847 3817 1051 3863 natura:
1065 3809 1179 3873 jura
1198 3806 1520 3880 considerat,
1542 3814 1671 3880 utex
1693 3818 1833 3880 vers.
1848 3819 1962 3871 seq.
1986 3816 2148 3873 patet.

644 3874 767 3934 510.
799 3881 937 3947 Lego
956 3880 1212 3930 immemor
1238 3874 1407 3928 Urbts.
1428 3876 1516 3947 Sic
1548 3874 1723 3947 Livius
1746 3874 1869 3926 libr.
1892 3890 2149 3947 vni,_cap.

577 3952 630 4015 7,
650 3951 715 4005 de
740 3943 931 4005 Manlio
954 3948 1243 4016 Torquato,
1264 3948 1462 3999 caulem
1485 3944 1576 3996 ﬁlii
1592 3943 1944 4016 decernente:
1973 3943 2154 4015 Meque

575 4022 629 4075 in
658 4038 769 4074 eam
800 4015 1140 4071 necessitatem
1169 4016 1456 4077 adduxisti,
1497 4022 1551 4067 ut
1572 4024 1661 4066 aut
1687 4015 1977 4084 riipublicw
1998 4016 2148 4082 mihi,

576 4103 663 4143 aut
693 4092 806 4157 mei,
832 4104 1155 4155 meorumque
1179 4086 1573 4157 obliviscendum
1600 4089 1687 4138 sit.

647 4162 773 4214 541.
794 4156 877 4211 De
908 4157 1121 4209 infamia
1148 4172 1249 4223 qua
1280 4170 1527 4208 noverca:
1557 4156 1824 4221 laborant,
1853 4156 2053 4211 dictum
2084 4157 2151 4211 ad

584 4242 727 4282 vers.
761 4227 857 4281 3-H
893 4226 982 4279 lib.
1008 4240 1063 4278 11.

644 4298 767 4354 545.
792 4297 923 4352 Cum
954 4295 1152 4363 Appius
1172 4292 1421 4348 Claudius
1448 4293 1627 4360 inique
1657 4293 2005 4360 decrevisset,
2033 4296 2149 4350 Vir-

576 4374 771 4439 giniam
800 4368 852 4421 in
876 4371 1191 4439 servitiueui
1213 4366 1290 4415 sui
1312 4364 1525 4439 eluentis
1558 4366 1626 4416 Μ.
1649 4363 1706 4439 Cl
1724 4365 1851 4439 tudii
1874 4367 2151 4439 vindican-

576 4434 697 4494 dam
723 4455 862 4505 esse,
886 4437 975 4490 lilii
995 4435 1241 4503 Virginiae
1254 4436 1412 4487 etiam
1427 4450 1523 4500 pro
1536 4434 1703 4505 servis
1723 4434 1885 4489 liabiti
1902 4436 2147 4493 fuissent.

578 4504 997 4576 Horiostasergo
1028 4505 1249 4574 Virginii
1274 4506 1517 4576 extimuit
1549 4504 1752 4571 pondus
1783 4509 2075 4561 servitutis.

649 4582 770 4636 546.
805 4581 918 4632 Alia
946 4574 1251 4644 conjectuia
1299 4576 1410 4628 lucc
1436 4574 1715 4627 reformari
1756 4589 1975 4640 possunt
2011 4578 2151 4632 llor-

576 4655 677 4703 ruit
708 4667 727 4705 .'
755 4652 913 4703 iratus
944 4650 1151 4718 gemuit,
1199 4655 1429 4719 nataque
1462 4661 1693 4719 cruorem
1718 4644 1875 4699 Fudit
1910 4646 2152 4719 Virginia:

580 4724 894 4774 truculentus
946 4715 1145 4785 '[uneris
1188 4716 1347 4770 hwres
1380 4757 1394 4781 ,
1450 4715 1720 4769 Libertatis
1766 4719 1926 4771 honor
1968 4715 2152 4774 solatia

580 4791 864 4860 planctibus
893 4792 1009 4861 egit.

577 4858 594 4927 ί
649 4863 773 4916 517.
805 4858 1055 4932 Suspicor
1090 4858 1360 4927 Virginiae;
1381 4860 1477 4932 sed
1509 4874 1612 4913 non
1640 4860 1778 4914 male
1809 4869 1891 4914 est
1919 4861 2148 4932 virginei,

624 4933 704 4986 oia
731 4933 865 4999 patri
888 4931 1079 4983 solatio
1101 4940 1217 4983 erat
1253 4930 1394 4999 quod
1420 4930 1522 4999 tilia
1544 4940 1792 4997 corrupta
1816 4945 1918 4982 non
1938 4929 2146 4987 luisset.

624 4949 704 4986 Illa
731 4949 865 4999 pitll‘l
888 4949 1079 4983 SOIilllO
1101 4949 1217 4983 erat
1253 4949 1394 4997 qunu
1420 4949 1522 4981 llllil
1544 4949 1792 4997 corrupta
1816 4949 2146 4987 1101111118881..

578 4949 697 5058 3M.
730 5003 987 5055 Maximus
1016 5002 1051 5053 1.
1087 5015 1159 5062 vr,
1188 5015 1307 5067 cap.
1342 4998 1389 5059 l,
1425 4998 1774 5067 Virginius....
1808 5002 2076 5053 deductam
2098 5002 2151 5055 in

579 5076 746 5142 [orum
788 5071 1008 5133 puellam
1040 5071 1264 5142 occidit,
1286 5070 1581 5142 pudicaque
1607 5072 1956 5140 interemptor,
1998 5089 2149 5140 quam

578 5140 833 5209 corrupta:
864 5152 1005 5210 pater
1036 5156 1141 5193 esse
1162 5140 1363 5210 maluit.

648 5216 772 5268 5i8.
798 5209 996 5268 Sensus
1019 5220 1117 5276 est,
1152 5209 1415 5278 Virginius
1436 5210 1680 5264 solatium
1714 5212 1824 5267 suis
1846 5212 2146 5280 planctibus

578 5299 644 5339 ex
673 5286 938 5345 libertate,
972 5297 1089 5346 quae
1113 5289 1397 5335 Consecuta
1424 5293 1508 5335 est
1537 5283 1895 5336 decemviratu
1925 5286 2143 5347 abolito,

578 5368 717 5424 Cepit
752 5373 761 5407 :
793 5356 872 5408 vel
903 5352 1191 5424 Virginiam
1242 5351 1712 5424 soliibaturyquod
1756 5354 2002 5422 injuriam
2034 5370 2147 5408 ser-

579 5421 761 5480 vitutis
783 5440 811 5477 a
843 5425 942 5477 lilii
972 5423 1268 5493 repulisset.
1298 5421 1499 5493 Poterit
1526 5422 1632 5475 alio
1661 5421 1818 5477 modo
1842 5424 2145 5493 interpuugi

582 5495 762 5558 Fudit,
779 5495 990 5563 virginei
1007 5491 1316 5546 truculentus
1336 5492 1527 5565 funeris
1540 5493 1699 5547 Itwres
1720 5491 2144 5565 Libertatisopus,

579 5568 759 5622 solatia
784 5566 1085 5633 planctibus,
1104 5566 1225 5632 egit,
1252 5574 1310 5615 ut
1334 5563 1517 5616 solatia
1539 5566 1609 5617 sit
1635 5567 1965 5619 accusativus
1977 5563 2143 5633 appo—

580 5639 732 5705 situs.
771 5636 897 5690 Vide
927 5649 1064 5689 vers.
1099 5633 1319 5705 ‘Il4_llll.
1356 5649 1412 5698 ll,
1437 5648 1487 5687 et
1518 5651 1659 5688 vers.
1688 5635 1785 5687 211
1822 5637 1940 5690 libr.
1968 5636 2145 5705 liujus.

580 5704 760 5773 Exegit
789 5706 988 5758 uirtutis
1013 5720 1161 5773 Opus,
1195 5702 1332 5759 Infra
1363 5720 1505 5759 vers.
1527 5706 1632 5760 415
1655 5710 1886 5760 occurrit
1916 5702 2149 5761 Liberta-

581 5773 642 5824 tis
672 5788 845 5838 opem;
874 5776 966 5829 sed
990 5774 1091 5827 hoc
1132 5777 1247 5829 loco
1276 5790 1405 5843 opus
1433 5779 1783 5846 opportunius
1813 5785 1913 5831 est.

2325 2681 2455 2738 550.
2485 2680 2647 2737 Forte
2669 2682 2755 2752 qui
2775 2690 2977 2752 captus.

2322 2753 2449 2808 551.
2514 2752 2600 2806 Bis
2635 2752 2793 2806 hostis
2824 2751 2929 2806 non
2959 2752 3157 2820 placet.
3218 2754 3363 2821 Lego
3390 2753 3537 2823 igitur
3564 2751 3774 2824 sanguinis

2258 2827 2489 2884 haustor,
2526 2838 2717 2893 nempe
2745 2824 3022 2892 sanguinis
3052 2825 3132 2877 sui
3168 2825 3221 2877 in
3257 2825 3384 2879 lilia.
3421 2824 3641 2893 Virgilius
3663 2824 3693 2875 Ι.
3717 2836 3772 2885 vi,

2261 2908 2405 2966 vers.
2426 2894 2552 2966 855,
2577 2892 2784 2966 Proiice
2814 2893 2914 2945 tela
2944 2911 3115 2966 manu,
3140 2897 3357 2966 sanguis
3381 2892 3530 2949 meus.
3553 2895 3622 2948 Ab
3636 2893 3773 2966 Itaurio

2256 2964 2467 3017 haustor
2493 2963 2629 3017 dixit
2654 2964 2922 3018 Lucanus.
2956 2963 3182 3019 Haurire
3212 2963 3466 3030 cruorem,
3506 2963 3768 3035 sanguinem,

1259 3033 1645 3100 irginius,ACum
1669 3033 1873 3100 videret
1901 3032 2059 3084 tiliam
2094 3034 2146 3087 in
2177 3033 2225 3098 ϐ
2257 3035 2505 3088 usitatum
2537 3045 2639 3088 est.

575 3110 890 3165 servitutem
922 3105 988 3163 111.
1014 3102 1215 3157 Claudii
1240 3098 1565 3168 et'stuprum
1590 3105 1655 3153 Α.
1696 3098 1901 3154 Claudii
1930 3102 2149 3156 decem-
2187 3117 2202 3133 ο

2324 3104 2449 3160 552.
2484 3105 2546 3157 Τ.
2577 3103 2800 3158 Manlius
2824 3103 3128 3172 Torquatus
3149 3107 3372 3169 consul,
3400 3120 3513 3161 cum
3545 3104 3644 3173 eius
3667 3101 3769 3155 illius

2253 3187 2440 3229 contra
2462 3175 2716 3239 edictum,
2745 3177 2988 3241 quamvis
3018 3190 3301 3245 prospere,
3334 3176 3576 3230 adversus
3604 3173 3766 3245 Metium

2254 3256 2632 3313 provocantem
2659 3253 2966 3311 pugnasset,
3003 3241 3160 3298 illum'
3179 3241 3357 3300 securi
3381 3247 3522 3300 feriri
3540 3244 3687 3314 jussit.
3708 3241 3770 3314 Li-

2254 3312 2370 3369 vius
2403 3318 2437 3367 l.
2462 3330 2713 3387 v_1n.c.ip.
2740 3316 2793 3379 7;
2821 3317 3049 3387 Orosius
3068 3318 3105 3387 l.
3132 3331 3212 3387 tu,
3235 3333 3354 3387 cap.
3372 3318 3425 3382 9,
3446 3312 3619 3387 aliique
3637 3312 3765 3387 multi.

2324 3387 2449 3440 555.
2484 3380 2796 3453 Ρειιιιὰροδι
2824 3401 2961 3438 vers.
2995 3384 3117 3444 451,
3151 3380 3261 3441 Pro
3293 3380 3444 3443 laude
3468 3380 3768 3455 periclitatis-

2254 3457 2392 3509 tulit.
2421 3456 2709 3523 Utrobique
2738 3456 3019 3524 periculum
3047 3471 3140 3523 pro
3170 3459 3411 3512 interitu.
3439 3453 3667 3510 Arnobius
3690 3453 3764 3524 l.t,

2258 3528 2411 3593 patilo
2458 3539 2574 3593 post
2612 3523 2819 3579 initium
2870 3526 3195 3579 :Ternrum
3244 3528 3565 3581 validissimis
3608 3523 3768 3575 motibus

2254 3597 2562 3670 tremefacta:
2589 3606 2771 3670 nutant
2800 3613 2954 3670 usque
2974 3599 3041 3647 ad
3069 3600 3362 3670 piriculum
3383 3598 3627 3670 cit-iratas._

2328 3668 2450 3721 555.
2496 3666 2800 3720 Vulneribus
2826 3661 2953 3729 suis,
2986 3661 3102 3734 quae
3127 3667 3159 3723 i.
3183 3683 3246 3723 se
3271 3670 3545 3723 inﬂixerat.
3580 3661 3768 3732 Virgilius

2255 3736 2294 3790 l.
2326 3752 2358 3789 11
2392 3737 2544 3808 {Enn
2574 3752 2713 3791 vers.
2742 3739 2870 3801 456,
2907 3736 3119 3790 Vulnere
3141 3742 3325 3793 tardus
3357 3738 3537 3808 Ulyssi.

2326 3809 2393 3878 55
2421 3832 2450 3860 ι.
2483 3807 2665 3876 Tauqu
2684 3823 2752 3859 am
2779 3820 3018 3871 superata
3040 3810 3308 3877 juentus,
3341 3802 3548 3878 perinde
3571 3818 3624 3878 ac
3647 3804 3682 3856 si
3704 3802 3766 3869 ju-

2256 3877 2411 3949 venis
2440 3878 2523 3930 hic
2564 3873 2703 3931 titius
2733 3878 2999 3949 Torquati
3027 3873 3313 3949 superatus
3342 3873 3549 3933 luisset.
3570 3873 3765 3949 Juretth

2253 3947 2416 4000 simili
2452 3949 2635 4015 ligtira,
2672 3963 2733 4000 ac
2771 3943 2913 4002 ver—s.
2945 3948 3069 4010 528,
3096 3943 3446 4004 ήΕπδείταηάα
3473 3956 3680 4000 senectus.
3702 3943 3764 4015 Li-

2254 4019 2369 4070 vius
2402 4014 2507 4072 loc.
2534 4020 2626 4071 cit.
2661 4016 2895 4087 Pra'ceps
2921 4020 2986 4070 ad
3007 4020 3060 4070 id
3092 4028 3350 4074 certamen
3375 4022 3554 4091 agitur,
3583 4031 3664 4085 quo
3681 4014 3763 4064 rin-

2253 4097 2404 4147 ceret.
2427 4104 2493 4140 an
2516 4093 2818 4151 vinceretur,
2851 4105 2951 4141 non
2974 4091 3188 4141 multum
3218 4092 3495 4145 interesset.

2324 4158 2448 4212 557.
2476 4158 2651 4224 Forte,
2669 4175 2815 4211 nemo
2836 4176 2977 4213 suas.

2322 4228 2453 4284 538.
2476 4220 2707 4282 Necuvit.
2730 4230 2981 4294 Quisnam
2999 4228 3344 4301 tToiquatus
3368 4242 3526 4301 pater,
3543 4245 3598 4301 an
3624 4220 3763 4279 nemo?

2256 4298 2367 4353 lloc
2393 4302 2681 4353 secundum
2716 4304 2882 4368 magis
2918 4299 3104 4364 probo.
3142 4302 3277 4354 Cum
3322 4298 3384 4355 Τ.
3415 4300 3634 4358 Modius,
3669 4307 3761 4348 con-

2179 4406 2232 4465 D
2257 4372 2387 4465 stilis
2416 4370 2579 4436 ﬁlius,
2609 4370 2911 4465 Geminum:
2945 4369 3182 4465 Mctiuiu,
3216 4374 3305 4453 qui
3335 4371 3586 4465 equitibus

2262 4441 2398 4494 lattis
2443 4451 2685 4509 priverat,
2737 4441 2989 4509 singulari
3038 4444 3337 4495 cet-tamine
3389 4443 3605 4502 vicisset,
3647 4444 3759 4488 nemo

2260 4522 2432 4565 tamen
2467 4522 2581 4579 post
2615 4510 2769 4579 liiijus
2805 4512 3039 4564 duellum
3084 4514 3337 4567 cohortes
3366 4512 3641 4579 Latinorum
3663 4514 3761 4558 stra-

2261 4585 2358 4647 vit,
2406 4578 2495 4633 an’t
2537 4578 2791 4648 reliquias
2822 4583 2988 4635 (uadis
3039 4591 3268 4643 necavit,
3315 4585 3544 4648 adeoque
3583 4578 3758 4653 edictum

2259 4646 2536 4706 consulum
2566 4646 2793 4705 maxima
2823 4668 2890 4706 ex
2940 4663 3089 4716 parte
3113 4655 3448 4707 observatum
3468 4646 3571 4705 est.
3605 4646 3759 4700 Nihilo-

2264 4725 2438 4777 minus
2470 4722 2693 4775 Maulius
2727 4732 2878 4791 pater
2908 4720 3073 4774 lilium
3119 4727 3275 4777 morti
3307 4723 3520 4778 addixit.
3567 4719 3760 4791 Fortasse

2262 4804 2436 4847 autem
2471 4788 2793 4863 [li'acuutius
2829 4793 3071 4863 intelligit
3103 4792 3353 4848 Manlium
3407 4794 3555 4846 lilium
3587 4788 3760 4863 vilium

2261 4864 2436 4930 aliquo
2470 4863 2635 4917 fuisse
2683 4879 2712 4917 a
2756 4862 2913 4917 Metto
2952 4862 3230 4925 allectum;
3278 4881 3395 4918 nam
3429 4876 3557 4916 vers.
3586 4854 3673 4930 555
3691 4856 3758 4930 all.

2266 4926 2569 4987 Vulneribus
2594 4934 2733 4986 dedit
2762 4933 2849 4986 ille
2878 4934 3006 4986 suis.
3042 4936 3152 4987 Hoc
3185 4938 3374 5001 posito,
3402 4932 3620 5000 reliquias
3640 4926 3760 4977 cladis

2257 5005 2525 5070 explicare
2552 5018 2834 5068 possumus
2864 5004 3112 5057 Manlium
3149 5005 3335 5068 lilium,
3363 5008 3759 5074 quetnpaternutj-

2256 5062 2417 5130 cavit.
2451 5062 2629 5128 Livius
2659 5074 2908 5128 Manlium
2950 5076 3289 5130 vulneratum
3320 5062 3421 5130 non
3450 5062 3639 5127 indicat.
3663 5062 3760 5117 Viile

2258 5157 2438 5199 notam
2466 5146 2531 5198 ad
2562 5161 2704 5199 vers.
2736 5147 2858 5200 560.

2326 5216 2452 5271 559.
2482 5217 2662 5269 Livius
2708 5216 2813 5269 loc.
2845 5215 3295 5287 cit.,Spoliisque
3327 5216 3461 5269 lectis
3500 5211 3560 5265 ad
3585 5223 3683 5285 suos
3705 5216 3760 5287 re:

2254 5295 2449 5346 vectus,
2485 5302 2599 5338 cunt
2626 5296 2806 5339 ovante
2831 5271 3019 5354 gaudio
3045 5271 3223 5339 ἰω-11111
3242 5288 3291 5339 in
3321 5296 3497 5347 castra,
3524 5271 3759 5354 atqu¢_l"d‘

2254 5357 2322 5427 ad
2353 5359 2642 5421 praetorium
2665 5361 2731 5408 ad
2762 5352 2957 5426 patrem
2987 5358 3177 5420 tendit;
3204 5357 3408 5427 ignarus
3430 5355 3516 5424 fati
3536 5352 3757 5427 futurique.

2256 5425 2371 5478 laus
2395 5443 2461 5478 an
2488 5444 2634 5497 pretia
2664 5423 2842 5479 merita
2871 5438 3020 5491 esset,
3055 5427 3119 5481 Ut
3147 5423 3435 5487 mevoumes,
3454 5423 3757 5497 inquit,pu:er,

2256 5506 2343 5568 tuo
2373 5494 2614 5568 sanguine
2646 5508 2815 5551 ortum
2850 5513 2960 5550 vere
2998 5499 3209 5564 ferrent,
3253 5504 3536 5566 provocatus
3567 5494 3757 5557 equestri“

2256 5566 2364 5621 [nec
2395 5566 2562 5634 spolia
2582 5580 2733 5630 capta
2756 5585 2821 5622 ea:
2841 5567 2981 5621 hoste
3002 5585 3131 5623 cwso
3158 5578 3320 5631 poito.

2329 5620 2450 5710 566·
2493 5620 2889 5709 Neoterium.
2922 5620 3310 5710 Sensus'est:
3355 5637 3507 5710 lilium
3549 5620 3757 5710 decimis

2257 5708 2421 5762 duelli
2455 5695 2732 5763 reversum
2760 5695 2978 5767 occidit.
2998 5710 3324 5778 patriamque
3354 5723 3414 5779 eo
3432 5695 3755 5779 privavit..ll-rnf

2258 5780 2635 5849 comprobatur
2666 5774 3058 5849 interpretatio,
3076 5774 3317 5850 reliquias
3340 5776 3490 5832 cladis
3505 5785 3610 5829 esse
3632 5774 3755 5836 ipim"
