3902 6330
142 349 238 405 881

384 463 482 517 Sed
515 477 579 517 ne
614 462 748 516 forte
779 462 904 515 viris
950 469 1151 514 tantum
1177 460 1295 514 data
1330 464 1487 516 verba
1520 472 1707 529 puteu-
1737 468 1790 525 Α

1499 553 1638 624 [tur,

316 647 383 701 Et
413 648 557 716 quasi
588 662 752 701 sexus
780 648 923 701 iners
955 646 1122 715 fragili
1154 647 1252 700 sub
1268 660 1505 716 corpore
1536 646 1712 701 mollis

316 739 508 793 Laudis
540 754 672 805 Opus
701 746 962 801 metuens,
998 754 1063 792 ne
1103 738 1173 791 sit
1207 737 1305 792 sibi
1350 738 1484 792 fama
1526 753 1713 806 super-
1765 738 1774 747 '

1502 830 1643 901 [stes

316 922 651 985 anmC‘OliS,
684 922 927 990 sequitur
976 934 1095 989 quae
1141 921 1246 974 vita
1293 929 1526 987 aeterna,
1560 935 1714 975 recu-

1528 1009 1643 1081 [set

315 1101 548 1155 Plurima
581 1102 716 1155 dona
749 1102 863 1164 Dei,
887 1102 1055 1155 laudis
1088 1100 1222 1154 mala
1266 1100 1459 1154 femina
1490 1116 1713 1157 summae

316 1193 583 1246 Materiem
617 1193 849 1247 retinere
879 1199 1082 1261 potest;
1116 1191 1366 1246 audacius
1395 1191 1501 1246 illis

318 1284 601 1350 Deprensis
654 1284 785 1338 nihil
833 1294 945 1347 est,
994 1284 1199 1338 animos
1240 1282 1308 1338 de
1354 1282 1579 1337 crimine
1625 1296 1713 1337 su-

1434 1375 1453 1447 [
1469 1384 1638 1445 munt,

315 1465 475 1536 3M
522 1466 727 1534 Datque
775 1466 935 1521 nimis
981 1466 1232 1535 grandem
1278 1464 1588 1520 mulieribus
1632 1465 1710 1519 ira

1350 1554 1366 1628 [
1386 1556 1636 1611 furorem.

316 1648 463 1704 Unde
493 1649 653 1719 igitur
673 1648 860 1703 furiale
882 1647 1032 1703 nefas
1061 1663 1332 1702 assumere
1358 1658 1597 1717 possunt,

314 1741 436 1795 Inde
474 1742 594 1810 pios
623 1740 785 1796 animi
816 1742 1023 1810 rapiant
1062 1740 1161 1794 sub
1191 1747 1405 1809 pectore
1444 1750 1637 1806 motus,

148 1104 242 1158 466

150 1742 242 1796 465

1296 345 1571 403 omnes
1616 347 1700 403 DE
1740 312 1894 403 nso.
1938 313 2064 402 LIB.
2110 345 2192 400 ιιι.

1996 462 2062 514 Ει
2088 459 2300 525 iaciant,
2333 458 2472 528 quod
2502 457 2721 514 honesta
2753 458 2925 525 decet,
2957 461 3101 526 quod
3132 462 3267 518 fama
3295 478 3389 533 pu-

3136 554 3315 625 [doris

1994 642 2191 711 Exigit,
2220 650 2276 697 et
2301 641 2424 697 vita:
2452 641 2668 711 prodest
2695 643 2794 698 sub
2822 643 2977 699 laude
3002 643 3212 701 futurae.

2056 736 2235 791 Juditb
2263 734 2599 791 Holofernem
2627 736 2926 791 castissima
2953 736 3106 791 ﬁnxit
3133 753 3333 804 amare,
3416 728 3434 742 ’

1988 825 2175 881 Castra
2207 826 2357 881 ducis
2389 826 2667 881 metuenda
2692 825 2819 882 viris
2846 826 3084 897 ingressa
3114 827 3314 898 virago.

1814 915 1919 971 470
1992 915 2135 970 Inter
2164 916 2444 985 belligeros
2482 916 2741 981 fremitus,
2776 925 2827 970 et
2857 917 2962 972 tela
2982 926 3225 987 cruenta,

1992 1007 2131 1061 Inter
2153 1015 2206 1061 et
2234 1007 2491 1062 ensiferas
2516 1021 2657 1061 saevo
2680 1008 2782 1063 sub
2810 1017 2978 1063 marte
3004 1019 3247 1064 catervas

1992 1096 2287 1167 Ingreditur
2313 1098 2499 1153 vestita
2530 1098 2656 1164 tide,
2688 1099 2878 1154 vestita
2905 1098 3128 1169 pudore,

1994 1188 2057 1242 Et
2094 1188 2235 1258 quod
2287 1197 2429 1244 tanta
2461 1202 2651 1246 manus
2698 1204 2801 1245 non
2846 1198 2929 1246 est
2968 1205 3213 1263 aggressa
3249 1192 3388 1250 viro-v

3146 1283 3315 1357 [νοω.

1988 1369 2154 1425 Nocte
2179 1369 2279 1425 sub
2313 1371 2537 1426 obscura
2569 1371 2790 1441 perfecit
2812 1372 3006 1429 femina
3035 1374 3169 1439 sola,

1814 1459 1917 1514 475
1993 1459 2057 1513 Et
2086 1461 2219 1516 duce
2249 1470 2493 1516 truncato
2517 1461 2752 1517 viduavit
2780 1475 2951 1520 castra
2985 1466 3215 1536 tyranni.

1991 1553 2150 1625 345
2197 1553 2327 1619 Qua:
2353 1562 2513 1625 caput
2537 1568 2857 1626 apprensum
2889 1555 3129 1624 proceris
3157 1554 3383 1624 portavit

2960 1646 3053 1717 [ad
3087 1647 3311 1701 urbem:

1987 1736 2204 1793 Civibus
2228 1751 2330 1792 una
2356 1735 2503 1794 dedit
2529 1752 2649 1793 cum
2679 1737 2919 1794 libertite
2960 1739 3307 1808 triumphum.

1373 1849 1760 1908 SCRIPTURA
1801 1848 1954 1905 COD.
1998 1847 2156 1905 VAT.

210 1945 328 2000 456.
370 1943 434 1995 V.
460 1951 723 2012 putantur.

210 2015 328 2070 458.
362 2014 554 2068 Laudis
582 2013 741 2067 honos
774 2029 842 2065 m.
873 2030 925 2066 η.
956 2013 1020 2065 sit
1052 2012 1141 2065 tibi
1177 2016 1314 2072 fama
1341 2029 1385 2066 s.

210 2086 325 2139 459.
356 2084 648 2138 Tormentis
688 2084 954 2153 quaesitam
994 2084 1093 2137 vita
1131 2092 1319 2137 (eterna
1350 2080 1705 2137 recusel:du-

151 2155 279 2210 bium
308 2170 371 2209 an
400 2154 664 2224 quiesitas,
695 2168 761 2207 an
791 2156 1074 2221 quazsitam.

212 2225 325 2280 460.
355 2225 576 2278 Femina
595 2240 755 2286 sume,
772 2239 928 2290 supra
956 2238 1166 2276 summe.

214 2296 327 2349 462.
359 2292 623 2349 Scribitur
647 2295 991 2355 deprehensis.
1072 2328 1077 2333 ο

211 2366 322 2421 465.
353 2364 611 2418 Grandem
640 2363 924 2418 vulneribus
960 2366 1057 2418 ira.

1742 1948 1786 2007 Β
1882 1940 2008 1995 464.
2041 1937 2091 1992 ι.

2127 1939 2260 2009 furie
2282 1958 2337 1993 η.

1881 2009 2008 2065 466.
2043 2008 2111 2063 Et
2130 2008 2338 2079 faciunt
2370 2026 2420 2078 ιι.

1881 2080 2005 2134 468.
2039 2079 2193 2133 Ludit
2227 2080 2538 2149 Olofernem.

1881 2151 2007 2206 471.
2043 2149 2289 2219 Ensiferre
2314 2167 2357 2202 s.
2386 2166 2430 2203 s.
2465 2167 2533 2205 m.
2566 2161 2789 2207 ratervte.

1881 2219 2005 2295 476.
2041 2220 2261 2276 Videtur
2284 2219 2538 2289 scriptum
2560 2221 2804 2295 caput‘ad
2828 2232 3040 2291 patrem,
3066 2225 3158 2281 sed
3187 2236 3379 2295 patrem

1814 2305 1919 2346 non
1950 2291 2094 2346 clare
2118 2307 2132 2342 :
2157 2305 2386 2359 proceres
2413 2304 2511 2359 pro
2534 2292 2769 2359 proceris.

1695 2454 1902 2513 NOTE

211 2548 324 2604 456.
359 2546 495 2601 Dare
518 2546 666 2600 uerba
690 2545 951 2601 interdum
975 2546 1236 2616 signiﬁcat
1256 2547 1524 2615 decipere,
1547 2548 1696 2616 quasi

154 2618 357 2671 inaniter
401 2616 737 2683 promittere;
769 2616 861 2671 sed
900 2617 1185 2685 aliquando
1228 2629 1402 2672 tamen
1451 2618 1587 2672 idem
1619 2627 1701 2671 est

155 2702 204 2740 ac
229 2689 372 2740 verba
412 2687 614 2742 facere.
650 2690 839 2741 Arator
886 2687 923 2741 l.
966 2702 1022 2753 ιι,
1054 2703 1191 2742 vers.
1238 2688 1330 2755 40,
1361 2688 1597 2741 Antiochi
1623 2689 1701 2740 di-

155 2768 264 2809 rtam
302 2759 360 2810 de
405 2758 612 2811 nomine
656 2758 822 2811 visitat
865 2760 1036 2810 urbem
1082 2758 1308 2822 P-aulus,
1361 2768 1406 2811 et
1448 2760 1700 2826 extemplo

156 2837 361 2895 properat
386 2829 515 2880 dare
536 2828 682 2880 verba
717 2828 949 2880 catervis.
976 2826 1088 2881 Val.
1120 2827 1338 2883 Flaccus
1365 2829 1400 2882 Ι.
1431 2844 1521 2893 vn,
1557 2842 1695 2883 vers.

155 2897 267 2959 251,
306 2899 449 2950 ’I‘alia
494 2897 643 2951 verba
680 2897 851 2950 dabat.
907 2899 1214 2952 Dracontius
1248 2900 1435 2951 iterum
1468 2900 1517 2951 in
1550 2898 1695 2965 Eleg.

156 2981 274 3037 vers.
304 2968 387 3029 48,
424 2967 510 3021 Ne
558 2968 821 3020 ntutilante
859 2983 984 3019 sono
1022 2969 1171 3021 verba
1214 2970 1374 3037 ligata
1420 2969 1584 3021 daret.
1618 2968 1707 3023 Sic

154 3034 379 3104 Virgidus
410 3038 559 3090 dicta
598 3037 737 3100 dare,
764 3037 981 3091 Ovidius
1028 3049 1212 3091 sortem
1247 3034 1385 3090 dare.
1420 3037 1551 3093 Vide
1581 3038 1708 3093 Bar-

157 3106 299 3179 thium
340 3109 374 3161 l.
406 3124 455 3161 ιι
478 3107 744 3173 Advers.,
773 3121 891 3176 cap.
924 3108 979 3173 9,
1012 3117 1066 3162 et
1097 3108 1421 3163 \Vithovium
1466 3109 1698 3179 Specim.

156 3174 352 3241 Gunth.,
377 3194 502 3247 pag.
536 3179 623 3232 96.

213 3248 324 3301 457.
359 3246 508 3311 Eleg.
540 3262 683 3301 vers.
708 3247 831 3311 218,
866 3246 1083 3302 Femina
1110 3265 1260 3303 sexus
1303 3250 1459 3304 iners.

217 3264 324 3301 sat.
359 3264 508 3372 eleg.
540 3264 683 3301 vers.
708 3264 831 3311 2w,
866 3264 1083 3302 nemina
1110 3265 1260 3303 sexus
1303 3265 1459 3304 mers.

217 3318 327 3372 458.
356 3318 426 3389 lta
479 3332 639 3371 ocum
682 3318 958 3389 insigniter
998 3319 1339 3388 depravatum
1381 3319 1613 3389 corrigo,
1647 3328 1705 3375 ut

159 3401 320 3441 sensus
363 3388 446 3443 hic
483 3389 593 3442 sit:
620 3404 685 3443 ne
732 3388 940 3442 feminm
988 3400 1311 3457 metuentes,
1338 3404 1403 3443 ne
1431 3388 1705 3455 superstes

160 3459 217 3511 sit
270 3472 439 3513 earum
499 3458 639 3513 fama
701 3460 1014 3525 tormentis,
1066 3460 1256 3528 quibus
1316 3460 1554 3514 succedit
1596 3461 1702 3515 vita

162 3538 351 3593 (eterna,
371 3539 617 3583 recusent
635 3528 857 3596 plurima
878 3529 1014 3583 dona
1040 3529 1154 3595 Dei,
1172 3540 1259 3585 aut
1283 3531 1479 3584 nullum
1504 3530 1703 3586 bonum

159 3612 272 3665 apus
297 3599 685 3667 aggrediantur,
717 3600 989 3653 sciendum
1020 3608 1104 3654 est
1145 3602 1369 3656 feminas
1396 3601 1575 3655 multis
1607 3601 1703 3657 Dei

160 3670 434 3737 muneribus
482 3669 732 3736 praeditas
769 3683 907 3731 esse,
938 3670 1129 3737 quibus
1170 3671 1236 3725 ad
1281 3686 1542 3725 summam
1588 3671 1702 3725 lau-

159 3736 261 3809 dem
289 3739 406 3792 eniti
451 3738 678 3807 possint.
735 3738 801 3793 Ut
828 3736 969 3794 enim
1009 3740 1262 3795 audacius
1293 3742 1395 3795 illis
1425 3742 1704 3809 deprensis

162 3807 271 3879 nihil
308 3818 401 3872 est,
435 3810 529 3873 ita,
564 3810 607 3862 si
639 3809 822 3874 velint,
856 3812 970 3878 pios
999 3812 1159 3866 animi
1200 3822 1375 3865 motus
1408 3812 1473 3866 ad
1499 3807 1702 3879 quaevis

160 3876 301 3951 ardua
327 3880 580 3951 virtutum
608 3894 769 3951 opera
798 3876 1045 3935 tentanda
1081 3893 1299 3951 possunt
1324 3876 1628 3950 concipere.

162 4016 171 4025 θ
219 3947 326 4025 466.
362 3946 413 4001 In
442 3950 585 4025 mala
627 3948 819 4025 femina
849 3946 1091 4007 cernere'
1114 3953 1238 4007 licet
1271 3953 1406 4007 dona
1438 3946 1561 4021 Dei,
1590 3954 1702 4025 sive

162 4018 392 4091 ingenitas
419 4019 675 4091 quasdam
703 4022 928 4091 virtutes
959 4025 1247 4088 naturales,
1278 4038 1394 4091 qua:
1426 4018 1700 4078 materiem

161 4097 350 4164 summa:
380 4088 548 4164 laudis
594 4090 832 4157 praebere
871 4102 1111 4164 possunt.
1162 4088 1422 4164 Praeterea
1463 4092 1702 4164 atl‘ectiog

164 4157 294 4232 nibus
337 4159 492 4232 animi
542 4173 635 4212 seu
681 4157 1018 4232 passi‘onibus
1067 4163 1415 4229 naturalibus,
1464 4178 1583 4232 qua:
1634 4163 1700 4217 ad

166 4227 333 4301 malum
362 4228 636 4301 inclinant,
670 4239 774 4283 tam
806 4229 1017 4286 feminae
1043 4249 1201 4301 quam
1243 4233 1341 4286 viri
1373 4227 1504 4287 bene
1540 4242 1593 4285 et
1634 4233 1700 4288 ad

165 4292 329 4370 bonum
358 4299 425 4351 uti
454 4292 694 4365 possunt.
732 4292 1166 4370 Augustinus'lib.
1194 4318 1281 4356 ιιν
1306 4303 1372 4357 de
1396 4302 1555 4356 Civit.
1582 4303 1699 4364 Dei.

166 4376 261 4439 cap.
289 4368 318 4439 9
345 4385 356 4417 :
383 4370 524 4439 Apud
555 4386 643 4422 nos
663 4368 833 4439 juxta'
861 4372 1157 4439 Scripturas
1185 4389 1354 4426 sacras
1380 4382 1702 4438 sanctamque

167 4434 433 4511 doctrinam:
462 4440 591 4492 cives
637 4434 828 4494 sanctae
873 4434 1088 4495 civitatis
1145 4442 1236 4495 Dei
1287 4443 1340 4496 in
1387 4442 1539 4511 hujus
1587 4434 1703 4496 vita:

168 4509 528 4573 peregrinatione
561 4512 835 4563 secundum
888 4512 1052 4565 Deum
1090 4514 1320 4575 viventes,
1354 4509 1578 4566 metuunt
1613 4529 1701 4567 cu-

168 4576 394 4651 Piuntque,
424 4579 593 4633 dolent
632 4583 965 4650 gaudentque.
998 4582 1062 4634 Et
1090 4584 1210 4651 quia
1253 4592 1416 4635 rectus
1444 4593 1515 4651 est
1556 4600 1699 4635 amor

1807 2548 1969 2618 magis
2009 2561 2242 2602 exarsere
2286 2547 2499 2617 furores.
2540 2556 2670 2601 Ante
2704 2549 2864 2616 diem,
2900 2549 3143 2618 Salmon,
3169 2555 3386 2609 tenebris

1807 2634 1910 2671 nox
1956 2619 2163 2693 humida
2205 2620 2414 2693 condet,
2448 2633 2601 2693 quam
2644 2620 2831 2693 possint
2876 2637 3034 2674 meres
3078 2622 3233 2693 hnjns
3268 2642 3384 2693 per-

1806 2704 2008 2761 currere
2050 2688 2224 2761 turbae:
2267 2687 2407 2761 Lego
2454 2688 2768 2761 mulieribus,
2813 2694 2963 2744 tertia
3012 2687 3287 2761 producta.
3325 2700 3381 2749 ut

1796 2754 1844 2811 ’1.
1875 2773 1932 2820 ιι,
1958 2773 2099 2812 vers.
2131 2756 2230 2811 155
2258 2754 2482 2827 aliisque
2511 2757 2562 2810 in
2592 2757 2739 2811 locis.

1875 2827 2002 2903 464.
2034 2827 2175 2898 Lego
2217 2828 2399 2881 furiale
2429 2828 2601 2896 nefas,
2626 2836 2683 2881 ut
2712 2841 2853 2883 vers.
2879 2828 3005 2896 261,
3053 2830 3147 2885 Est
3192 2834 3380 2903 furiale

2039 2966 2287 3043 Fortasse
2331 2966 2489 3043 animi
2534 2967 2761 3043 capiunt.
2809 2967 2914 3043 _Sed
2942 2971 3163 3043 _rapiunt
3207 2973 3380 3043 majus

1809 3036 2005 3107 aliquid
2054 3038 2246 3103 innuit,
2273 3038 2421 3107 quasi
2467 3051 2562 3103 per
2610 3037 2737 3102 vim,
2776 3038 2903 3106 cito,
2935 3036 3249 3096 festinanter
3282 3036 3375 3097 su-

1810 3106 1980 3171 munt,
2023 3109 2300 3176 arripiunt.
2352 3106 2542 3176 Cicero
2588 3107 2626 3162 l.
2666 3122 2723 3160 ιιι
2770 3107 2838 3163 de
2893 3109 3061 3175 0rat.,
3109 3126 3158 3165 c.
3202 3112 3291 3176 40,
3325 3114 3378 3169 in

1808 3178 1991 3252 verbis
2006 3175 2195 3233 Ennii:
2240 3178 2377 3252 Vive,
2410 3175 2636 3247 Ulysses,
2663 3177 2782 3252 dum
2810 3178 2923 3232 licet
2937 3195 2967 3252 _:_
2991 3180 3162 3252 Oculis
3180 3193 3377 3252 postre-

1729 3267 1776 3331 ε
1808 3264 1946 3302 mum
1974 3249 2142 3304 lumen
2180 3249 2438 3331 radiatum
2480 3263 2645 3331 rape,_
2665 3247 2718 3301 id
2745 3249 2994 3317 expendit
3019 3269 3029 3303 :
3059 3247 3375 3331 Nonldigit,

1808 3335 1953 3391 cape,
1983 3336 2104 3382 non,
2146 3328 2295 3391 pete:
2322 3318 2522 3370 haberet
2562 3319 2697 3372 enim
2746 3334 2939 3374 moram
2980 3322 3233 3391 sperantis
3261 3318 3376 3378 diué

1807 3390 1904 3442 tius
1925 3406 2030 3444 esse
2058 3406 2161 3442 sese
2185 3390 2455 3441 victurum.

1874 3461 2001 3516 466.
2033 3459 2173 3529 Lego
2197 3460 2408 3530 faciant,
2432 3466 2490 3512 ut
2519 3471 2657 3530 vers.
2693 3459 2918 3527 przeced.
2948 3463 3171 3530 rapiant.
3205 3463 3370 3518 Femi‘

1806 3543 1901 3601 nas
1947 3527 2450 3601 enim'Dt‘aeontius
2487 3527 2551 3581 ad
2599 3529 2843 3583 virtutem
2896 3527 3155 3586 hortatur.
3200 3535 3375 3601 Conji-

1804 3600 2009 3655 ciebam
2038 3600 2177 3669 quod
2216 3601 2373 3654 honos
2418 3599 2622 3670 doceat,
2651 3601 2805 3670 quod.
2851 3604 2920 3655 At
2960 3602 3172 3657 delendi
3206 3599 3376 3670 potest

1839 3674 1937 3724 uod
1979 3670 2188 3725 honesta
2236 3671 2393 3733 decet,
2420 3669 2619 3723 scilicet
2659 3669 2796 3737 quod
2835 3671 2991 3726 decet
3020 3672 3372 3728 honestatem.

1864 3749 2090 3795 oncstum
2131 3741 2358 3794 sumitur
2389 3754 2484 3807 pro
2531 3738 2827 3792 honestate.
2859 3742 3050 3795 Cicero
3081 3744 3112 3795 Ι.
3148 3759 3161 3795 ι
3192 3743 3373 3805 οηιρη

1803 3825 1919 3878 cap.
1954 3813 2008 3873 5,
2059 3809 2241 3864 Facies
2276 3808 2471 3862 honesti
2512 3809 2556 3862 si
2592 3808 2751 3861 oculis
2781 3820 3086 3876 cerneretur,
3116 3813 3373 3867 mirabiles

1803 3897 1998 3935 amores
2028 3883 2265 3935 excitaret
2304 3878 2583 3947 sapientiae.
2629 3878 2874 3934 Lucanus
2905 3882 2939 3935 l.
2971 3897 3005 3935 ll
3026 3922 3041 3949 ,
3071 3898 3210 3937 vers.
3244 3884 3372 3947 589,

1802 3950 2024 4005 Justitite
2052 3953 2240 4015 cultor,
2271 3950 2426 4017 rigidi
2454 3958 2675 4001 servator
2704 3950 2917 4004 honesti.

1871 4021 1996 4075 467.
2035 4020 2152 4073 Vita
2172 4010 2264 4073 sub
2290 4010 2443 4073 laude
2480 4021 2652 4089 futura
2677 4022 2890 4089 estivita
2919 4010 3088 4075 bea'ta.

1871 4092 1995 4164 471.
2028 4090 2291 4164 Statius].
2321 4106 2393 4157 tv,
2425 4104 2566 4144 vers.
2596 4089 2721 4155 521,
2755 4088 2820 4143 Et
2846 4092 3093 4162 ensiferas
3122 4095 3253 4147 inter
3278 4112 3373 4164 po-

1803 4170 1875 4214 tes
1898 4163 1972 4215 ire
1997 4161 2254 4215 catervas?

1871 4233 1997 4286 472.
2030 4230 2158 4285 Vide
2190 4230 2459 4302 Alcimum
2487 4230 2553 4284 de
2577 4229 2825 4299 Virginit.
2852 4247 2904 4284 v.
2934 4233 3035 4287 407
3062 4251 3075 4287 :
3106 4233 3240 4287 Hinc
3280 4252 3377 4302 pu-

1802 4303 1916 4369 dor,
1948 4302 2066 4355 inde
2107 4302 2253 4369 ﬁdes,
2282 4301 2490 4355 internis
2526 4302 2703 4371 fortior
2745 4303 2922 4368 armis,
2947 4313 3074 4369 etc.,
3102 4314 3155 4357 et
3204 4301 3375 4359 Pauli-

1805 4388 1927 4427 num
1960 4387 2135 4439 poem.
2167 4372 2257 4435 25,
2302 4372 2462 4424 nalal.
2495 4369 2548 4434 8‘,
2582 4369 2759 4424 Induit
2786 4373 2922 4423 alma
2952 4374 3095 4440 fides,
3126 4385 3229 4429 etc.

1880 4442 1997 4497 174.
2030 4443 2161 4507 Cap.
2186 4458 2271 4494 XIV
2294 4441 2495 4506 Judith,
2522 4456 2658 4498 vers.
2696 4441 2779 4500 l6.
2809 4440 2926 4494 lina
2956 4444 3131 4494 mulier
3154 4441 3374 4498 Hebrara

1803 4513 1920 4583 fecit
1954 4513 2301 4583 confusionem
2329 4512 2382 4583 in
2408 4512 2558 4563 domo
2585 4512 2715 4575 regis
2747 4509 3239 4583 Nabuchodonosor.

1873 4584 1997 4637 475.
2028 4579 2281 4646 Virgilius
2329 4582 2362 4632 l.
2407 4595 2517 4641 vm,
2562 4594 2704 4634 vers.
2754 4581 2885 4643 57l,
2916 4579 3040 4632 Tam
3089 4582 3261 4634 multis
3300 4583 3372 4634 vi-

144 4657 329 4715 .t'orum,
357 4648 471 4699 istas
500 4642 670 4702 omnes
694 4642 982 4715 a/fectiones
1004 4642 1163 4706 rect-as
1200 4654 1396 4706 habent.
1422 4650 1551 4705 Vide
1581 4652 1697 4707 Nic.
1727 4642 1782 4694 υ
1806 4653 2003 4706 duasset
2034 4642 2219 4704 civibus
2248 4651 2439 4702 urbem.
2464 4651 2607 4703 Duce
2639 4642 2910 4703 rnuucn’o
2938 4667 3004 4703 ex
3037 4651 3170 4704 lihro
3190 4651 3371 4706 Judith

466 4720 531 4772 de
562 4710 806 4775 lndicfet
835 4722 1041 4792 gradib.
1080 4721 1308 4778 Profect.
1340 4725 1391 4776 in
1427 4724 1547 4776 virt.
1577 4738 1696 4791 cap.

227 4849 333 4931 461.
468 4857 711 4931 Jttvenali
743 4872 843 4918 sat.
881 4865 932 4927 6,
963 4876 1103 4917 vers.
1144 4861 1249 4916 284
1283 4880 1295 4915 :
1331 4862 1479 4914 Nihil
1506 4872 1575 4916 est
1605 4879 1699 4915 au-

173 4919 320 4973 dacius
362 4925 456 4977 illis
502 4926 776 5001 Deprensis
815 4919 963 4995 iram,
1004 4944 1152 5001 atque
1192 4933 1386 4985 animos
1424 4950 1453 4984 a
1491 4933 1700 4987 crimine

174 5002 441 5047 sumimuet
466 5011 605 5051 vers.
636 4998 700 5052 97
736 5003 802 5055 de
842 5001 1041 5056 eisdem
1068 4998 1283 5057 leminis
1312 5021 1325 5055 :
1352 5001 1560 5055 Fortem
1589 5004 1699 5055 ani-

176 5071 286 5143 ’ξίν-1η
325 5075 555 5143 armatam
600 5068 745 5122 rebus
793 5088 916 5143 quas
965 5074 1175 5141 turpiter
1220 5074 1441 5137 audent;
1473 5082 1527 5126 et
1554 5088 1696 5126 vers.

176 5127 290 5213 157:
318 5130 400 5213 Nil
419 5152 541 5213 _non
589 5127 826 5205 permittit
848 5212 851 5213 ν
875 5127 1056 5194 mulier
1096 5142 1219 5213 sibi,
1250 5152 1392 5210 turpe
1424 5127 1571 5212 putat
1606 5144 1697 5206 nil,

175 5192 279 5279 Cum
312 5203 481 5279 virides
506 5192 728 5275 gemmas
754 5212 881 5263 collo
922 5192 1245 5276 cirumdedil,
1272 5222 1316 5264 et
1332 5192 1457 5263 Γετιιῆ
1488 5192 1703 5265 Auribus

179 5274 358 5322 extentis
380 5288 581 5342 magnos
609 5282 852 5333 commisit
878 5280 1130 5335 elenchos.
1166 5274 1546 5334 Intolerabilius
1577 5282 1705 5334 nihil

178 5345 236 5418 est
259 5354 397 5418 ﬂuam
431 5347 614 5418 femina
654 5350 807 5403 dives.
848 5352 905 5405 P.
940 5352 1106 5418 Syrus
1138 5352 1190 5405 in
1224 5352 1367 5404 Mim.
1398 5366 1536 5406 vels.
1575 5350 1701 5418 436,

182 5400 589 5486 Mallojnconsilio
613 5400 812 5486 feminae

371 5482 501 5535 idem
540 5475 809 5557 iuvenalis
845 5500 946 5545 sat.
993 5491 1076 5557 10,
1126 5507 1176 5547 v.
1208 5491 1333 5553 528,
1376 5488 1565 5542 Mulier
1608 5506 1705 5544 stt!-

181 5556 490 5630 ξξξιπηςηιιιιιε
518 5565 623 5630 est,
656 5556 781 5610 Cum
822 5560 1055 5615 stimulos
1097 5562 1213 5614 odio
1250 5560 1411 5630 pudor
1447 5560 1703 5615 admei-et.

182 5610 286 5701 gill-
325 5617 487 5701 Vif'ltn'
518 5625 567 5675 in
595 5610 748 5695 epist.
788 5630 851 5682 ad
898 5630 1200 5685 Salmonem
1245 5610 1484 5683 abbatem
1533 5647 1546 5683 :
1593 5630 1703 5701 lita

183 5686 347 5745 quidem
377 5690 597 5751 Salmon.
625 5686 740 5749 sunt
787 5703 947 5753 nostri
990 5703 1203 5753 crimina
1246 5717 1411 5753 sexus.
1447 5701 1550 5752 Sed
1583 5699 1702 5754 levis

184 5760 239 5802 est
275 5765 413 5809 vestra
460 5763 682 5820 viticrum
727 5771 925 5824 morbus
974 5773 1024 5825 in
1056 5772 1195 5839 urbe,
1246 5759 1307 5825 Si
1352 5786 1454 5825 non
1501 5769 1703 5839 [animi

1805 4736 1922 4788 cap.
1954 4736 2065 4782 χιιι,
2094 4735 2229 4774 vers.
2264 4720 2365 4792 10A:
2394 4720 2673 4792 la‘t_evoluit
2720 4735 2902 4788 corpus
2946 4724 3058 4792 ejus
3109 4732 3369 4787 truncum;

1806 4801 1856 4846 et
1876 4787 1998 4856 cap.
2030 4805 2136 4853 xtv,
2160 4804 2302 4842 vers.
2332 4790 2364 4842 4
2391 4803 2407 4842 ‘.
2432 4787 2497 4839 Et
2540 4787 2817 4841 invenerint
2846 4787 3238 4851 eum'truncum,
3263 4801 3369 4845 etc.

1807 4861 2059 4913 Paulinus
2084 4875 2251 4912 carm.
2273 4858 2366 4922 25,
2400 4859 2561 4912 natal.
2586 4862 2617 4913 8
2646 4878 2656 4910 :
2684 4858 2913 4911 Barbara
2934 4869 3165 4913 truncato
3194 4863 3373 4914 victria:

1805 4932 1928 4983 duce
1950 4940 2119 4982 castra
2145 4929 2356 4997 fugavit.
2385 4930 2699 4995 Apollinaris
2719 4929 2968 4984 Sidonius
2993 4929 3044 4983 in
3071 4931 3366 4985 I'Iucharist.

1804 5001 1870 5055 ad
1902 5000 2153 5054 Faustum
2196 5013 2335 5051 vers.
2366 5000 2471 5069 {l_:
2505 4998 2699 5066 Quique
2735 5015 2939 5052 manum
2976 5000 3156 5053 Juditlt
3190 5001 3371 5069 ferien-

1806 5080 1902 5123 tem
1928 5071 2060 5123 collu
2094 5069 2385 5138 "Olofernis
2412 5066 2625 5135 Juvisti,
2656 5071 2820 5123 exciso
2838 5071 3005 5141 jatnit
3036 5087 3147 5123 tum
3174 5066 3371 5141 gutture
3458 5082 3465 5109 τ

1809 5152 2038 5192 truncus.

1877 5209 1999 5263 476.
2035 5208 2124 5264 Sic
2150 5208 2358 5272 melius,
2399 5212 2902 5279 quampapprendens
2926 5212 3003 5263 vel
3035 5212 3371 5279 adprendrns.

1810 5279 1865 5332 In
1893 5280 2145 5346 singulari
2175 5281 2415 5348 proceris,
2459 5288 2516 5331 ut
2560 5278 2829 5348 Juvcnalis
2873 5292 2974 5334 sat.
3005 5283 3060 5346 8,
3091 5278 3230 5336 vers.
3262 5281 3332 5334 26
3358 5300 3369 5333 :

1812 5349 2039 5417 Agnosco
2070 5347 2324 5417 procerem
2353 5365 2371 5402 :
2393 5351 2546 5412 salve,
2578 5347 2823 5410 Getnlice,
2855 5366 2943 5403 seu
2976 5362 3029 5404 tu
3056 5351 3285 5406 Silanus.
3320 5352 3374 5405 In

1809 5418 2106 5490 Capitolino
2144 5433 2261 5487 cap.
2293 5417 2328 5470 2
2373 5419 2640 5472 Maxitnin.
2685 5418 3028 5490 Casaubonus
3056 5431 3111 5476 et
3138 5423 3375 5490 plerique

1814 5488 1989 5556 legunt
2015 5504 2208 5561 procer.
2235 5490 2581 5561 dissentiente
2604 5498 2778 5561 tamen
2808 5488 3088 5545 Salmasio.
3112 5488 3374 5561 Ni-garitnl

1814 5558 2140 5631 grammatici
2170 5558 2367 5625 antiqui
2402 5558 2449 5609 in
2482 5558 2729 5631 singulari
2778 5564 3017 5631 usui-pari
3061 5558 3255 5631 procer,
3283 5564 3376 5631 sed

1816 5632 1984 5751 Botior
2023 5629 2148 5708 inihi
2190 5637 2269 5682 est
2318 5642 2346 5679 a
2371 5628 2603 5682 :ctoiitas
2647 5628 2953 5696 Juvenalis,
2986 5628 3178 5687 itttb'et
3215 5630 3375 5689 soliut

1863 5708 2101 5751 racoutn.

1863 5699 2101 5752 raconlii.
