3964 6296
622 407 729 464 155

1976 392 2209 451 GELASI

2313 391 2485 450 ἈΡᾹΞ
2525 395 2546 448 1
3283 449 3287 452 ,
3795 395 3876 452 BC

624 509 911 573 rnoremati
943 521 1135 568 sensus
1178 506 1419 578 Apostoli
1463 520 1571 562 non
1618 513 1701 561 est
1743 504 2097 575 intelligentia
2131 506 2218 561 vel
2248 510 2303 569 Α
2328 507 2444 577 ejus
2471 505 2709 563 conditio
2740 505 2794 561 in
2824 504 2930 561 illis
2958 518 3168 576 quoque
3196 504 3459 561 claritatis
3486 505 3682 562 decore
3701 521 3881 578 penua-

624 607 1023 679 comparatione
1066 608 1371 662 contentus,
1421 598 1489 654 ad
1533 598 1636 653 hoc
1668 607 1841 663 certe,
1900 599 2026 652 velit
2058 599 2212 665 nolit,

624 703 740 758 sine
770 698 1105 756 dubitatione
1142 693 1547 763 constringitur,
1602 698 1661 746 ut
1707 704 1826 760 quac
1872 690 2060 744 oculus
2104 704 2212 744 non

626 794 778 861 vidit,
802 808 906 849 nec
935 793 1081 847 auris
1109 786 1335 855 audivit,
1363 800 1462 841 nec
1492 786 1545 839 in
1565 800 1661 840 cor
1691 782 1926 839 hominis
1952 782 2213 846 ascendit,

625 886 862 956 qualibet
898 883 1092 938 audeat
1138 878 1237 934 sibi
1286 876 1614 933 mediatione
1660 889 2006 946 componere,
2063 873 2217 943 quasi

624 977 791 1033 verbo
819 974 1035 1031 humani
1064 971 1305 1043 corporis
1327 971 1504 1040 aliqua
1529 969 1768 1024 membra
1794 966 2105 1037 culpabilia,
2128 965 2215 1021 vel

624 1071 841 1137 decora,
897 1067 983 1123 vel
1028 1062 1469 1136 reprehensibilia
1520 1062 1631 1115 sint
1673 1068 1874 1125 creata,
1923 1058 2218 1137 cum_Deus

624 1162 812 1218 fecerit
832 1160 1008 1215 omnia
1033 1160 1169 1213 bona
1190 1156 1346 1211 valde
1385 1154 1594 1225 (Cenes.
1622 1154 1685 1223 ι),
1711 1162 1766 1208 et
1786 1164 2217 1221 unamquamque

622 1253 858 1322 speciem
885 1252 939 1306 in
970 1266 1067 1306 suo
1094 1263 1295 1321 genere
1320 1247 1642 1315 competenti
1674 1246 1869 1300 decore
1900 1244 2211 1308 subnixam,

620 1346 725 1401 nisi
747 1346 889 1417 quod
922 1345 1058 1409 haec,
1090 1359 1211 1413 quae
1234 1342 1517 1396 inhonesta
1551 1348 1735 1395 nostra
1760 1347 1884 1393 sunt
1908 1338 2067 1406 dicta,
2093 1351 2215 1392 con-

622 1440 968 1511 cupisccntim
991 1435 1351 1508 primordialis
1372 1434 1744 1491 decolorasset
1774 1446 2033 1488 excessus
2060 1449 2070 1485 :
2097 1445 2215 1500 quae

623 1533 809 1602 utique
838 1531 918 1585 sic
943 1529 1152 1584 fuerant
1192 1528 1453 1593 instituta,
1487 1536 1547 1582 ut
1578 1526 1644 1581 ad
1675 1535 1863 1580 nutum
1892 1523 2088 1579 mentis
2118 1523 2217 1577 hu-

622 1640 797 1681 mana:
823 1624 1155 1689 famulantia,
1205 1620 1571 1676 tantummodo
1603 1635 1668 1675 ex
1714 1620 1908 1674 anima:
1938 1617 2216 1673 rationalis

623 1719 849 1774 arbitrio
878 1718 945 1772 ad
992 1715 1337 1787 procreanda:
1367 1714 1571 1770 sobolis
1616 1708 1835 1769 causam
1883 1712 1995 1766 suis
2025 1711 2216 1766 ofﬁciis

622 1813 998 1883 fungerentur.
1054 1812 1258 1866 Praeter
1288 1810 1425 1864 hanc
1450 1823 1579 1863 vero
1624 1822 1838 1862 causam
1862 1805 2001 1860 'nihil
2027 1814 2216 1860 contra

2321 610 2467 665 neat,
2505 601 2609 656 nisi
2640 600 2781 655 forte
2819 599 2910 655 isti
2939 601 3098 655 etiam
3130 600 3239 655 illic
3263 600 3441 656 adhuc
3468 601 3763 657 existiment
3788 618 3882 659 ino-

2322 703 2404 750 tus
2430 707 2727 764 corporeos
2757 692 3012 758 orituros,
3064 693 3151 746 ubi
3180 693 3346 763 (sicut
3387 694 3503 765 ipse
3531 694 3777 750 Dominus
3802 696 3880 768 ait)

2319 803 2481 856 neque
2523 788 2710 843 nubent
2755 804 2915 858 neque
2942 788 3225 857 nubentur,
3267 788 3358 843 sed
3402 797 3520 842 sunt
3569 790 3698 843 sicut
3741 792 3885 859 angeli

2322 883 2520 952 (Marc.
2553 884 2671 954 xu).
2704 882 2859 950 Quod
2888 884 3070 953 utique
3099 883 3144 937 si
3172 883 3224 936 in
3253 898 3416 937 unam
3462 882 3695 953 speciem
3721 899 3883 953 corpo-

2318 975 2394 1028 ris
2437 991 2708 1045 unumque
2748 990 2937 1032 sexum
2981 989 3170 1031 omnes
3211 975 3428 1031 fuerant
3456 976 3765 1041 suscitandi,
3807 992 3884 1030 cur

2318 1066 2588 1122 diceretur
2612 1082 2774 1122 causa
2800 1067 3015 1138 penitus
3042 1082 3152 1122 non
3181 1067 3389 1123 fuisset.
3412 1067 3554 1136 Quin
3581 1068 3752 1139 potius
3776 1082 3875 1123 cum

2318 1160 2550 1217 femineo
2602 1176 2733 1218 sexu
2785 1162 2956 1233 magis
3019 1170 3289 1231 competat
3346 1162 3591 1229 nubere,
3644 1178 3746 1216 non
3794 1161 3881 1215 illic

2316 1252 2648 1323 defuturum,
2696 1253 2794 1310 sed
2841 1264 3173 1310 cessaturum
3224 1267 3441 1323 prorsus
3471 1270 3503 1307 a
3534 1253 3730 1323 nuptiis
3760 1253 3879 1307 indi-

2316 1344 2492 1401 catur.’
2538 1346 2671 1402 Cum
2702 1354 2881 1402 autem
2910 1345 3262 1401 nihilominus
3305 1345 3561 1414 scriptum
3602 1348 3692 1412 sit,
3740 1354 3788 1398 ut
3816 1360 3884 1397 ca-

2316 1439 2425 1509 piat
2472 1440 2824 1510 unusquisque
2879 1439 3093 1509 propria
3146 1454 3363 1508 corpora
3403 1453 3519 1509 qua:
3569 1437 3720 1508 gessit
3744 1479 3758 1503 ,
3802 1438 3885 1489 sire

2318 1530 2467 1596 bona,
2518 1532 2625 1585 sive
2672 1530 2811 1585 mala
2859 1530 2943 1599 (II
2973 1530 3091 1585 Cor.
3125 1530 3205 1601 v),
3251 1530 3523 1600 quomodo
3566 1529 3618 1584 id
3665 1533 3769 1597 ﬁet,
3802 1530 3886 1583 nisi

2316 1631 2544 1692 uterque
2568 1636 2729 1677 sexus
2750 1622 2805 1676 in
2826 1622 2909 1676 sui
2935 1622 3177 1692 corporis
3197 1622 3527 1693 proprietate
3546 1620 3628 1676 vel
3650 1620 3883 1689 judicium

2317 1716 2525 1784 subeat,
2561 1716 2647 1772 vel
2678 1714 2962 1787 praemium
2995 1716 3167 1771 beata:
3195 1715 3607 1771 resurrectionis
3637 1714 3887 1782 accipiat?

2319 1808 2590 1872 Falluntur
2623 1819 2798 1867 autem
2817 1809 2908 1881 qui
2924 1818 3114 1880 putant
3136 1810 3267 1864 illud
3286 1811 3325 1865 A
3337 1809 3528 1879 postoli
3549 1808 3887 1865 testimonium

623 1906 819 1960 mentis
849 1902 1158 1971 imperium,
1211 1916 1331 1973 quae
1365 1900 1745 1970 prarveniendo
1776 1898 2093 1953 insolentius
2120 1913 2217 1952 V0-
2242 1887 2295 1950 Β
2319 1903 2538 1959 sibimet
2561 1903 2870 1975 suffragari,
2897 1918 3005 1974 quo
3035 1903 3282 1958 videntur
3310 1917 3557 1958 asserere
3605 1901 3661 1956 in
3706 1900 3889 1955 virilem

620 1996 900 2059 luntatem,
932 1995 1012 2050 vel
1042 2008 1165 2049 cum
1194 1995 1243 2047 id
1275 1993 1523 2047 voluntas
1566 1986 1881 2061 expeteret,
1922 1991 2209 2061 quidquam

619 2086 929 2165 rebellionis
978 2084 1223 2140 afferent.
1274 2084 1379 2139 Sed
1431 2091 1712 2153 postquam
1759 2080 1937 2135 anima
1985 2081 2211 2137 summis

619 2182 731 2235 suis
760 2180 998 2248 subjecta
1049 2192 1153 2233 non
1198 2175 1459 2241 constitit,
1514 2176 1627 2244 pari
1676 2176 1730 2228 in
1779 2174 1959 2241 seipsa
2007 2181 2213 2228 natura:

620 2272 951 2327 contumacis
976 2272 1093 2340 lege
1124 2272 1310 2338 punita
1339 2268 1588 2337 superbia
1610 2276 1714 2334 est,
1749 2276 1807 2321 ut
1834 2267 1957 2321 huic
1977 2280 2210 2335 quoque,

620 2364 676 2419 id
705 2372 789 2418 est
826 2363 1019 2417 animae
1067 2360 1303 2416 dominio
1332 2361 1575 2428 subjecta
1605 2367 2002 2429 consequenter
2050 2358 2213 2413 obse—

621 2456 744 2526 quia
772 2461 1156 2524 repugnarent,
1199 2461 1253 2508 et
1288 2452 1429 2522 quod
1458 2452 1606 2506 vetiti
1639 2451 2055 2521 prtesumptione
2083 2465 2215 2505 con-

622 2546 919 2603 tradixerat
967 2545 1215 2599 humanae
1248 2543 1442 2598 mentis
1475 2543 1792 2598 inobediens
1820 2544 2109 2614 appetitus,
2157 2544 2213 2598 in

620 2655 683 2697 ea
710 2647 860 2709 parte
888 2637 1131 2707 corporis
1158 2637 1437 2701 indicaret,
1490 2650 1596 2704 qua
1625 2635 1928 2705 degeneris,
1964 2650 2025 2690 ac
2052 2635 2212 2690 deco-

620 2730 806 2786 loratae
834 2730 1187 2800 superbosque
1210 2729 1405 2783 radicis
1430 2728 1616 2797 procul
1640 2728 1802 2783 dubio
1823 2727 2013 2783 vitiosa
2037 2728 2213 2783 fuerat

619 2821 896 2893 generatio
924 2819 1265 2890 propaganda
1310 2838 1321 2873 :
1354 2834 1473 2887 qua:
1500 2819 1682 2888 utique
1709 2820 1753 2873 si
1784 2819 1870 2873 hic
1900 2820 2002 2874 nisi
2030 2826 2214 2875 essent

619 2918 720 2972 hac
764 2916 1156 2971 cxorbilatione
1202 2914 1397 2969 foedata
1444 2922 1731 2982 potuerant
1761 2911 1953 2968 decore
2004 2920 2210 2967 tantum

619 3011 853 3065 humano
881 3010 1067 3080 generi
1101 3006 1443 3079 propagando
1481 3020 1589 3061 tam
1620 3005 1845 3061 honesta
1891 3008 2057 3076 quam
2096 3021 2213 3061 mo-

618 3106 803 3162 derata
839 3105 1127 3175 persistere
1164 3102 1322 3156 etiam
1359 3101 1412 3155 in
1443 3116 1673 3169 corpore
1705 3102 1820 3154 sine
1867 3099 2212 3155 dubitatione

2317 1999 2546 2054 formam
2580 2013 2771 2054 omnes
2798 1997 3044 2053 homines
3070 1996 3495 2063 resuscitandas,
3535 1995 3625 2049 ubi
3659 1995 3733 2049 ait
3768 1993 3890 2046 τοο-

2315 2106 2405 2142 nec
2434 2105 2764 2143 occurramus
2791 2089 2847 2142 in
2876 2104 3038 2142 unum
3060 2088 3225 2141 virum
3256 2088 3533 2158 perfectum
3566 2085 3780 2157 (Ephes.
3808 2084 3890 2153 tv).

2315 2180 2452 2249 Quid
2483 2195 2610 2250 ergo
2641 2180 2839 2237 facient
2864 2194 2983 2235 cum
3025 2194 3212 2234 rursus
3255 2179 3397 2234 idem
3423 2178 3568 2234 dicat
3595 2191 3613 2232 :
3639 2175 3887 2245 Despondi

2316 2289 2403 2328 vos
2431 2275 2524 2327 uni
2552 2275 2659 2328 viro
2681 2273 2930 2343 virginem
2960 2282 3149 2327 castam
3178 2273 3412 2327 exhibere
3443 2270 3648 2327 Christo
3672 2270 3725 2343 (1
3732 2270 3759 2324 Ι
3788 2271 3889 2323 Cor.

2316 2366 2437 2435 XI)?
2470 2367 2613 2433 quod
2642 2366 2765 2422 huic
2788 2367 2971 2437 utique
3000 2366 3238 2437 opinioni
3267 2379 3454 2421 eorum
3482 2364 3585 2420 erit
3614 2365 3733 2420 sine
3754 2362 3890 2418 dubi-

2316 2458 2517 2514 tatione
2557 2460 2907 2526 contrarium,
2960 2458 3063 2513 nisi
3109 2458 3366 2529 mysterio
3412 2465 3781 2527 competenter
3824 2456 3890 2509 in-

2315 2559 2500 2620 specto
2554 2550 2803 2608 modesta
2856 2560 3040 2607 mente
3086 2559 3415 2621 cognoscant
3457 2552 3691 2622 qualiter
3734 2559 3890 2605 utrum

2316 2644 2620 2709 conveniat,
2670 2643 2796 2712 quid
2848 2644 3029 2713 itaque
3074 2641 3203 2698 velit
3244 2642 3369 2708 sibi,
3415 2641 3559 2712 quod
3600 2643 3654 2701 in
3682 2652 3890 2709 utroque

2315 2755 2444 2795 sexu
2472 2739 2745 2795 describat
2773 2738 3039 2804 Ecclesia,
3088 2746 3347 2808 quantum
3378 2738 3607 2792 Domino
3637 2741 3890 2792 reserante

2314 2832 2598 2909 sentimus,
2647 2832 2983 2902 exponimus.
3031 2832 3113 2885 Ab
3159 2830 3312 2884 initio
3340 2830 3614 2885 Christum
3644 2839 3703 2885 et
3728 2828 3890 2885 Eccle-

2312 2925 2447 2981 siam
2481 2924 2714 2979 humana
2741 2939 2904 2979 carne
2929 2918 3282 2977 similitudine
3311 2922 3545 2991 conjugii
3576 2922 3890 2993 designatam

2314 3029 2496 3075 sancta
2525 3018 2807 3088 Scriptura
2836 3027 3081 3073 testatur.
3113 3016 3348 3072 Proinde
3376 3031 3497 3072 cum
3527 3016 3762 3073 femineo
3781 3029 3890 3070 sexu

2314 3122 2571 3169 censetur
2602 3112 2868 3178 Ecclesia,
2905 3111 3190 3166 inﬁrmitas
3232 3110 3450 3182 quidem
3491 3111 3743 3166 humana:
3782 3123 3890 3164 cons

618 3208 857 3263 terreno,
911 3204 1111 3266 quanto
1154 3194 1321 3264 magis
1364 3192 1690 3247 credendum
1734 3200 1817 3247 est
1844 3192 1896 3245 in
1947 3191 2208 3262 spirituali

2315 3206 2534 3261 ditionis
2563 3205 2888 3273 ostenditur,
2913 3220 3035 3276 quae
3058 3192 3308 3276 tanquam
3332 3205 3386 3259 in
3412 3204 3653 3260 Ecclesia
3681 3204 3890 3274 conjuge

620 3306 850 3363 corpore
883 3288 1225 3345 ineﬂ'abilitcr
1269 3286 1547 3341 decentius
1581 3286 1693 3338 hmo
1741 3299 1897 3353 posse
1925 3294 2205 3351 constare;
2234 3268 2281 3333 C
2317 3296 2517 3352 Christi
2542 3268 3294 3367 conveniemgr'exprimjmr;
3323 3296 3418 3351 sed
3445 3296 3662 3352 nomine
3692 3268 3890 3366 νίτέίιξί.

620 3386 888 3457 praecipue
908 3398 1031 3439 cum
1062 3380 1193 3436 nihil
1222 3380 1332 3448 jam
1364 3378 1611 3447 genitalis
1628 3377 1790 3431 ofﬁcii
1822 3376 1874 3430 in
1905 3376 1994 3431 illa
2024 3393 2207 3446 perpe~

621 3490 709 3533 tua
738 3469 1000 3532 claritate'
1030 3484 1245 3545 gestura
1291 3472 1400 3525 sint
1427 3490 1438 3522 :
1473 3470 1568 3524 sed
1619 3469 1685 3525 ad
1716 3469 1819 3524 hoc
1866 3480 2071 3525 tantum
2099 3488 2211 3528 suae

617 3573 815 3643 speciei
848 3571 1144 3637 formaeque
1194 3581 1301 3622 non
1332 3565 1581 3630 deerunt,
1635 3576 1695 3620 ut
1744 3580 1849 3619 non
1882 3566 2058 3634 aliqua
2105 3565 2209 3620 alia

518 3692 523 3696 -
617 3666 785 3722 forma
818 3680 977 3736 quam
1008 3663 1261 3726 humana,
1313 3661 1399 3716 cui
1450 3658 1718 3729 promissa
1751 3658 2075 3714 resurrectio
2104 3668 2207 3727 est,

616 3760 931 3817 resuscitata
964 3753 1254 3826 judicetnr,
1286 3768 1387 3809 nec
1413 3752 1613 3822 aliquid
1655 3753 1724 3806 sit
1753 3753 1894 3821 quod
1950 3754 2001 3806 in
2032 3752 2209 3807 carnis

616 3860 896 3922 perspecta
930 3847 1324 3903 resurrectione
1354 3859 1460 3901 non
1495 3854 1727 3910 maneat,
1754 3854 1808 3900 et
1833 3843 2078 3898 videatur
2103 3844 2205 3898 alia

618 3942 827 4012 species
865 3940 1117 3995 suscitata
1166 3955 1323 4021 quam
1370 3940 1593 4007 integrae
1637 3938 1817 3992 carnis
1849 3937 2093 3992 humana:
2146 3939 2210 3993 li-

621 4043 904 4090 neamenta
935 4031 1215 4099 designant
1244 4049 1258 4083 :
1284 4046 1404 4100 qua:
1434 4032 1661 4101 quisque
1701 4046 1804 4086 non
1837 4032 1951 4085 vult
1980 4030 2209 4087 fortasse
2240 4048 2243 4051 ‘

616 4131 891 4187 modetata
939 4131 1147 4186 ratione
1178 4130 1399 4195 librare,
1446 4132 1577 4185 velit
1600 4132 1754 4198 nolit,
1782 4140 1839 4185 nt
1867 4131 2066 4186 dictum
2102 4140 2205 4199 est,

614 4235 708 4278 aut
731 4225 796 4279 ad
828 4224 958 4279 illud
991 4225 1236 4293 superius
1265 4231 1587 4290 revertetur,
1633 4233 1685 4277 ut
1725 4224 1860 4292 quod
1895 4225 2070 4278 oculus
2102 4241 2204 4278 non

615 4316 763 4379 vidit,
816 4332 904 4368 nec
933 4317 1075 4368 auris
1116 4314 1328 4380 audivit,
1380 4331 1470 4369 nec
1514 4316 1566 4367 in
1612 4331 1699 4367 cor
1735 4314 1951 4370 hominis
1979 4317 2206 4369 ascendit

616 4402 670 4477 (I
702 4403 818 4458 Cor.
857 4406 940 4477 ιι),
970 4421 1079 4461 non
1110 4408 1339 4461 aestimet
1366 4407 1833 4475 perscrutandum,
1860 4416 1953 4461 ant
1980 4409 2022 4461 si
2067 4408 2204 4461 ultra

615 4508 839 4554 conatur
886 4513 1192 4570 erumpere,
1237 4499 1353 4570 ipse
1397 4499 1578 4554 videat
1623 4515 1731 4555 sua:
1765 4501 2082 4555 temeritatis
2112 4500 2205 4554 ab-

616 4602 853 4663 ruptum.
885 4595 1055 4660 Quam
1082 4600 1259 4647 autem
1289 4592 1503 4648 condita
1534 4602 1658 4647 sunt
1688 4593 1915 4648 honesta
1954 4592 2203 4647 humanae

2323 3390 2467 3456 tatis,
2502 3389 2587 3445 vel
2616 3390 2962 3445 continentiae
2992 3390 3110 3460 ejus
3141 3389 3473 3459 propositum
3502 3390 3588 3445 vel
3631 3391 3890 3458 integritas

2317 3484 2463 3551 ﬁdei,
2497 3483 2565 3539 de
2591 3500 2693 3554 qua
2717 3492 2773 3539 et
2800 3483 2917 3554 ipse
2940 3484 3002 3537 Β.
3027 3482 3317 3552 Apostolus
3344 3482 3581 3548 disserit,
3606 3482 3890 3538 intimatur.

2316 3574 2448 3632 Cum
2478 3592 2610 3632 vero
2638 3576 2854 3639 dicitur,
2900 3574 3077 3629 Donec
3104 3581 3432 3629 occurramus
3461 3590 3634 3629 omnes
3662 3575 3718 3628 in
3744 3574 3890 3628 virum

2313 3668 2610 3737 perfectum,
2626 3682 2725 3722 nec
2741 3667 3011 3723 diversum
3028 3677 3131 3737 est,
3150 3681 3248 3722 nec
3265 3666 3504 3721 divinum
3518 3662 3609 3738 [Ρ.
3627 3664 3890 3733 divisum];

2314 3761 2567 3831 quoniam
2583 3759 2839 3830 quidquid
2860 3760 2911 3813 in
2930 3759 3186 3815 Ecclesia:
3204 3774 3431 3829 corpore
3450 3759 3777 3827 continetur,
3792 3770 3890 3828 qua

2312 3868 2434 3911 cum
2466 3853 2683 3908 Christo
2708 3868 2812 3908 una
2842 3867 2968 3909 caro
3011 3862 3095 3907 est
3133 3852 3271 3908 sacri
3314 3852 3430 3922 lege
3457 3851 3713 3921 conjugii,
3747 3852 3890 3904 etiam

2312 3947 2479 4015 ipsius
2503 3960 2630 4001 caro
2653 3946 2827 4001 modis
2855 3945 3104 4001 omnibus
3128 3944 3183 3998 in
3210 3960 3339 3999 sexu
3367 3945 3484 3999 ﬁeri
3514 3953 3744 4014 utroque
3765 3938 3890 4012 quod

2312 4039 2513 4094 dictum
2544 4048 2628 4094 est
2653 4040 2767 4093 sive
2797 4038 2903 4092 illic
2919 4038 3179 4108 virginem
3205 4038 3559 4105 castam,sive
3583 4035 3708 4092 huic
3735 4034 3890 4091 virun

2310 4134 2627 4203 perfectum,
2674 4142 2732 4186 ut
2762 4133 2833 4203 ita
2865 4133 2974 4187 sint
3006 4132 3059 4185 in
3094 4131 3336 4186 Ecclesia
3377 4130 3635 4186 catholica
3679 4130 3890 4185 inteme.

2312 4236 2425 4281 rata
2458 4226 2563 4282 ﬁde
2592 4227 2855 4292 viventes,
2903 4235 2960 4282 et
3002 4233 3189 4280 sancto
3219 4225 3497 4296 proposito
3541 4226 3889 4280 continentes.

2312 4318 2460 4373 Licet
2478 4317 2654 4372 adhuc
2678 4318 2848 4387 possit
2870 4317 2922 4372 in
2947 4316 3259 4372 inﬁrmitate
3286 4317 3609 4372 conditionis
3630 4316 3889 4380 humauze1

2310 4421 2367 4464 ut
2395 4420 2574 4464 tanten
2629 4426 2723 4479 per
2764 4426 2923 4465 unam
2964 4424 3182 4465 carnem
3217 4410 3471 4465 Ecclesiae
3500 4419 3569 4479 et
3595 4407 3824 4473 Christi,
3856 4409 3890 4462 it

2309 4511 2391 4557 est
2426 4502 2670 4573 conjugis
2697 4513 2751 4559 et
2780 4502 2899 4569 viri,
2953 4502 3005 4557 in
3036 4503 3155 4572 ipso
3186 4517 3400 4572 quoque
3436 4478 3644 4558 virilem
3676 4500 3889 4569 accipis

2312 4599 2614 4654 ﬁrmitatem
2647 4600 2992 4669 vigoremque
3025 4598 3340 4669 perlectum,
3391 4597 3545 4667 cujus
3595 4612 3690 4667 per
3718 4595 3890 4651 Eccle

618 4685 858 4740 membra
908 4685 1216 4742 substantiae
1236 4727 1250 4751 ,
1301 4685 1462 4740 etiam
1511 4700 1597 4740 res
1646 4685 1735 4737 illa
1787 4699 1884 4739 nos
1928 4684 2200 4752 admonet,
2229 4665 2286 4728 Ῐ)
2308 4691 2401 4745 sia:
2432 4692 2723 4759 virgineam
2750 4687 2872 4745 ﬁdei
2898 4690 3223 4755 castitatem,
3254 4704 3415 4759 quam
3438 4703 3558 4743 cum
3586 4688 3779 4744 eodem
3804 4698 3890 4741 unt

616 4780 901 4849 quodcum
932 4780 985 4834 in
1027 4779 1274 4849 paradiso
1320 4780 1449 4834 nudi
1492 4786 1675 4833 essent
1718 4778 1878 4848 primi
1928 4787 2200 4848 parentes,

615 4872 748 4930 nihil
779 4874 833 4929 in
878 4873 960 4929 his
988 4873 1316 4941 confusionis
1359 4871 1680 4927 habuerunt.
1718 4871 1868 4925 Unde
1914 4882 2033 4940 p05t
2078 4887 2202 4941 pec-

614 4977 790 5022 catum
816 4975 873 5023 et
896 4965 1346 5036 concupiscentiae
1371 4965 1518 5019 virus
1549 4963 1873 5033 ingressum,
1915 4979 2202 5034 corporum

613 5076 835 5115 suorum
869 5061 1171 5116 inordinata
1204 5057 1606 5129 perturbatione
1627 5056 1833 5111 confusi
1857 5067 2001 5112 sunt.
2026 5059 2203 5127 Atque

613 5156 734 5210 ideo
761 5155 893 5209 satis
921 5163 1165 5223 apparet,
1214 5150 1356 5222 quod
1406 5153 1449 5207 si
1481 5152 1533 5205 in
1580 5150 1669 5206 illa
1718 5150 1905 5221 quavis
1950 5150 2201 5207 felicitate

614 5241 849 5315 paradisi
894 5245 1076 5311 positi,
1129 5253 1348 5298 terreno
1396 5251 1575 5300 tamen
1624 5258 1852 5314 corpore
1900 5245 2199 5311 constituti,

613 5335 851 5408 conspici
862 5339 982 5390 sine
992 5333 1308 5390 confusione
1324 5346 1628 5406 potuerunt,
1646 5340 1815 5393 multo
1840 5338 2008 5408 magis
2031 5338 2089 5392 in
2110 5338 2201 5392 illo

612 5428 878 5499 spirituali
904 5440 1151 5494 corpore,
1204 5433 1364 5492 atque
1396 5428 1449 5481 in
1480 5428 1570 5482 illa
1601 5431 1816 5486 sublimi
1849 5430 2200 5499 beatitudine,

612 5536 732 5591 quae
758 5519 1160 5574 similitudinem
1191 5526 1406 5588 gestura
1435 5527 1519 5573 est
1560 5523 1893 5591 angelorum,
1942 5533 1998 5579 et
2026 5530 2086 5578 ut
2107 5524 2201 5578 ho-

613 5611 744 5665 mini
774 5612 824 5664 in
853 5611 1034 5666 carnis
1061 5612 1455 5668 resurrectione
1486 5612 1615 5666 nihil
1666 5614 1825 5684 desit,
1876 5617 2085 5689 integer
2115 5633 2203 5674 re-

612 5704 895 5762 formetur.
928 5707 996 5762 Et
1042 5722 1111 5764 ne
1150 5706 1349 5779 aliquid
1394 5705 1640 5763 deforme
1680 5708 1939 5766 Conditor
1986 5727 2202 5768 creasse

613 5800 877 5867 videatur,
907 5801 955 5857 si
979 5802 1108 5874 quid
1136 5802 1205 5860 de
1232 5803 1554 5859 resuscitato
1582 5816 1811 5872 corpore
1853 5808 2201 5864 subtrahatur

613 5896 837 5967 bonum,
865 5895 1042 5969 potius
1061 5896 1179 5966 ejus
1207 5909 1343 5966 opus
1369 5893 1496 5952 inde
1513 5895 1674 5951 etiam
1698 5898 2100 5969 comprobetur,
2133 5908 2194 5957 ut
2216 5965 2221 5969 ,

2308 4798 2433 4838 caro
2465 4784 2618 4849 ﬁunt,
2650 4793 2705 4839 et
2733 4783 2834 4836 viri
2866 4783 3105 4838 membra
3141 4782 3407 4850 perlecta;
3451 4781 3540 4835 ubi
3570 4781 3659 4835 illa
3690 4794 3890 4851 quoqnt

2307 4876 2450 4930 beati
2478 4877 2704 4944 apostoli
2729 4874 2878 4928 Pauli
2910 4876 3069 4929 verba
3102 4873 3380 4928 tractanda
3405 4882 3553 4939 sunt,
3577 4873 3772 4941 quibus
3799 4872 3873 4923 ait

2312 4969 2500 5024 Omnes
2524 4962 2613 5023 nas
2640 4969 2693 5021 in
2724 4983 2882 5021 unum
2908 4982 3092 5037 corpus
3122 4966 3367 5037 baptizati
3397 4980 3577 5020 sumus
3616 4965 3672 5017 in
3699 4962 3890 5017 Christi

2310 5061 2363 5133 (ι
2389 5063 2507 5117 Cor.
2537 5064 2659 5133 xu).
2707 5061 2974 5128 Quantum
3022 5059 3090 5114 ad
3137 5060 3396 5115 unitatem
3440 5059 3623 5129 utique
3673 5058 3889 5126 pertine

2309 5155 2633 5210 sacramenti
2665 5170 2828 5209 unum
2872 5167 3068 5221 corpus
3110 5166 3296 5207 sumus
3340 5152 3394 5206 in
3433 5150 3677 5213 Christo;
3739 5165 3889 5217 quan

2310 5258 2419 5303 tum
2455 5234 2525 5303 ad
2563 5263 2793 5304 sexuum
2840 5246 3206 5301 diversitatem
3254 5246 3369 5315 ipse
3420 5243 3547 5298 alibi
3591 5243 3761 5297 dicit“:
3791 5243 3886 5297 Sir

2307 5340 2402 5408 vir,
2430 5341 2533 5394 sive
2580 5338 2786 5405 mulier,
2836 5354 3009 5392 omnes
3040 5354 3201 5391 unum
3254 5354 3431 5392 sumus
3457 5337 3510 5391 in
3541 5334 3747 5390 Christo
3787 5334 3890 5406 (Ca

2309 5420 2515 5502 lat.'ut)
2553 5450 2567 5486 :
2608 5446 2734 5486 cum
2779 5445 2879 5485 suo
2930 5430 3070 5484 enim
3123 5440 3235 5485 toto
3280 5444 3538 5502 corpore,
3597 5427 3744 5499 quod
3799 5430 3889 5495 ejn

2308 5534 2391 5580 est
2417 5500 2714 5595 plenitudo,
2762 5522 3029 5592 perfectus
3055 5530 3140 5577 est
3183 5500 3462 5589 Christus;
3513 5531 3567 5577 et
3618 5520 3743 5575 ideo
3789 5520 3883 5589 qui

2308 5633 2405 5689 per
2434 5632 2599 5672 unum
2645 5616 2894 5685 idemque
2935 5616 3277 5687 mysterium,
3325 5616 3452 5671 licet
3494 5614 3693 5670 diversi
3720 5628 3890 5668 sexus

2306 5729 2469 5768 unum
2513 5722 2694 5768 tamen
2730 5726 2928 5783 corpus
2973 5712 3279 5787 accipitur,
3315 5725 3413 5780 per
3456 5708 3609 5779 cujus
3661 5706 3890 5777 corpori

2308 5803 2696 5878 plenitudinem
2744 5804 3020 5874 perfectus
3048 5812 3133 5859 est
3161 5801 3431 5858 Christus.
3481 5799 3617 5856 Cum
3662 5813 3807 5880 ergo
3837 5800 3887 5852 vi

2309 5899 2555 5957 Christus
2584 5898 2838 5956 Ecclesiae
2890 5907 3143 5968 tanquam
3197 5893 3442 5966 conjugis
3482 5908 3593 5950 suae
3640 5899 3697 5949 et
3746 5905 3890 5960 capu
