3902 6330
124 324 226 381 889

129 805 230 861 555
308 805 569 869 Pectinat,
588 804 822 873 explebo
841 820 1122 862 numerum
1135 807 1252 863 sine
1269 718 1701 863 fratlifllpllildgfem.

305 900 414 955 Sed
442 900 572 954 satis
600 908 684 954 est
712 899 915 955 dixisse
940 903 1216 959 reum.sub
1242 902 1466 957 crimine
1491 913 1701 956 cuncto.

301 992 457 1059 Quod
484 1000 569 1046 tua
599 992 746 1061 jussa
776 1003 981 1059 vetant,
1008 993 1153 1048 solus
1186 1010 1434 1062 peccasse
1469 994 1698 1061 fatebor,

302 1083 496 1150 Omne,
522 1084 665 1153 quod
690 1085 978 1147 horrescis,
1011 1099 1118 1139 non
1144 1100 1227 1139 me
1256 1084 1445 1139 fecisse
1476 1086 1702 1154 negabo.

302 1179 442 1243 Quid
477 1179 693 1247 prodest
723 1180 1020 1250 cuicunque
1042 1180 1190 1234 nefas
1213 1181 1389 1235 celare
1408 1190 1703 1248 peractum,

133 1269 229 1323 560
298 1269 432 1323 Cum
453 1270 639 1337 iudex,
664 1282 717 1324 et
749 1271 901 1325 testis
930 1271 1058 1325 ades
1090 1271 1231 1327 Deus
1260 1286 1416 1337 unus,
1455 1280 1508 1325 et
1529 1271 1703 1325 idem?

305 1359 577 1430 Sacrilege
602 1362 751 1431 quasi
772 1370 951 1415 mente
978 1371 1180 1430 putem,
1197 1377 1301 1416 non
1325 1362 1500 1416 omnia
1522 1376 1699 1428 nosse,

305 1450 467 1521 353
501 1454 606 1505 Aut
640 1452 843 1520 aliquid
886 1452 1096 1508 nescire
1134 1452 1322 1506 Deum.
1376 1453 1486 1506 Sibi
1518 1451 1703 1506 fraude

1362 1542 1597 1615 [nocebit

303 1632 453 1689 Mens
511 1648 629 1690 mea
684 1633 825 1703 quod
882 1633 1097 1700 reticet,
1152 1647 1295 1698 cum,
1344 1634 1389 1687 si
1438 1633 1703 1689 confessio

1349 1721 1595 1795 [simplex

301 1818 508 1872 lndicet
532 1816 847 1883 admissum,
898 1817 1050 1870 venia
1080 1824 1290 1884 sperata
1320 1827 1592 1886 sequetur.

142 1910 234 1966 565
303 1910 402 1977 Qui
432 1918 613 1979 negat,
638 1909 751 1979 ipse
771 1909 1096 1964 ‘sibiveniam
1121 1913 1228 1978 jam
1253 1920 1443 1978 sponte
1465 1910 1695 1980 negavit.

374 2003 518 2073 Ergo
542 2018 640 2073 ego
668 2002 926 2057 confiteor
954 2002 1255 2057 miseranda
1288 2012 1467 2058 mente
1494 2013 1698 2059 reatum

308 2094 530 2151 Plenum
559 2138 574 2163 ,
630 2095 829 2163 grande
882 2095 1075 2149 malum
1111 2137 1125 2162 ,
1187 2110 1294 2149 non
1332 2110 1438 2149 uno
1479 2097 1702 2153 crimine

1340 2187 1592 2259 [partum

305 2278 431 2332 Nam
478 2278 655 2333 scelus
702 2293 860 2333 omne
896 2293 1070 2335 meum
1130 2294 1383 2334 numeros
1431 2281 1701 2349 superabit

1397 2371 1595 2443 [arente

1295 328 1576 383 CARMEN
1620 326 1705 382 DE
1744 326 1899 383 ΠΕΟ.
1943 328 2071 384 LIB.
2113 327 2200 383 ΙΙΙ.

307 439 566 504 Pectoris,
597 449 649 492 el
676 440 892 495 carnis?
924 454 1029 493 non
1057 439 1100 493 si
1134 438 1261 492 mihi
1292 439 1459 494 ferrea
1482 456 1582 495 vox
1610 442 1699 505 sit,
1730 446 1783 501 Α

304 530 415 584 Ora
442 540 514 583 tot
542 539 852 600 exsurgant,
894 539 1023 599 quot
1046 530 1235 586 dentes
1265 533 1474 586 ossibus
1504 535 1704 598 albent,

304 626 418 678 Aut
459 623 584 678 mihi
631 624 735 678 sint
786 624 1017 694 linguae,
1067 634 1293 694 quantos
1339 636 1497 694 caput
1549 641 1708 680 omne

3278 332 3383 388 890

1985 443 2219 506 Littoris,
2250 450 2301 495 et
2343 442 2508 511 pelagi
2552 443 2763 497 vincent
2809 441 2943 495 mala
2985 452 3162 497 nostra
3212 444 3382 510 liquo-

3184 535 3311 605 [τες.

1810 627 1912 683 570
1990 627 2105 682 Νοη
2139 638 2265 696 puto
2295 628 2551 682 diluvium
2582 636 2758 683 tantos
2789 642 3008 695 punisse
3036 635 3237 694 reatus,
3262 671 3285 694 ,

1985 718 2223 784 Quantos
2253 720 2366 786 ipse
2395 735 2525 787 gero
2553 721 2826 787 culparum
2862 718 3099 786 pondere
3143 734 3380 788 pressus.

1988 808 2228 862 Flumina
2290 824 2374 863 me
2423 810 2687 863 scelerum
2742 810 2985 878 rapiunt,
3034 809 3384 879 quatiuntque

2254 968 2259 971 μ
2980 899 3271 971 (procellae,

1990 994 2051 1047 Et
2079 1004 2417 1063 peccatorum
2450 1005 2657 1050 torrens
2684 995 2839 1051 simul
2866 996 3047 1050 obruit
3065 997 3240 1060 unda;

1986 1087 2146 1158 354
2164 1089 2244 1142 Me
2261 1088 2575 1143 delictorum
2592 1098 2893 1144 merserunt
2914 1088 3157 1143 fluctibus
3173 1104 3378 1157 amnes,

1986 1179 2167 1247 Usque
2203 1182 2434 1234 animam
2461 1180 2605 1235 venit
2627 1179 2763 1234 unda
2788 1194 2984 1245 meam,
3008 1179 3379 1249 gravishorror

3005 1270 3305 1341 [aquarum

1988 1363 2083 1416 Hei
2103 1362 2231 1416 mihi
2253 1364 2267 1417 !
2284 1362 2427 1430 quod
2446 1363 2647 1416 facinus
2658 1377 2761 1416 non
2778 1377 2883 1418 uno
2897 1371 3134 1431 tempore
3150 1371 3369 1431 gestum,

1988 1455 2056 1509 Ut
2086 1471 2201 1508 mea
2233 1455 2366 1509 facta
2398 1456 2563 1521 luam,
2596 1463 2807 1523 tempus
2833 1458 3083 1511 convenit
3111 1457 3161 1509 in
3193 1470 3369 1513 unum.

1995 1547 2141 1601 Nunc
2165 1547 2251 1600 ubi
2282 1549 2351 1600 sit
2371 1547 2575 1616 pictas,
2610 1547 2696 1601 ubi
2722 1547 2792 1600 sit
2818 1548 3087 1601 miseratio
3114 1548 3309 1616 prisca,

1988 1641 2091 1693 Aut
2116 1647 2203 1693 tua
2227 1654 2351 1708 quo,
2379 1639 2621 1704 Domine,
2650 1639 2937 1695 clementia
2970 1649 3093 1693 nota
3127 1642 3380 1695 recessit?

1810 1732 1914 1787 580
1986 1730 2266 1787 Oblitusne
2295 1732 2396 1785 mei
2428 1732 2524 1786 es?
2548 1747 2758 1801 precor,
2791 1732 3110 1787 obliviscere
3142 1748 3208 1787 ne
3238 1748 3343 1799 me,

1980 1825 2350 1894 Omnipotens,
2397 1824 2490 1880 sed
2538 1826 2674 1879 faeta
2718 1839 2832 1879 mea
2878 1839 2891 1877 :
2928 1838 3120 1893 gravor
3145 1824 3381 1894 undique

2642 1913 2652 1929 ⁵
3017 1916 3274 1985 lpressus,

1990 2013 2174 2068 Vincla
2224 2013 2392 2083 ligant
2422 2054 2438 2079 ,
2506 2022 2770 2069 tormenta
2806 2013 3027 2068 domant
3059 2058 3072 2079 ,
3118 2012 3380 2069 consumit

2674 2150 2677 2153 ,
3002 2102 3239 2175 [egestas
3260 2121 3274 2167 ;

1989 2194 2301 2250 Ludibrium
2333 2197 2568 2265 generis,
2609 2195 2762 2250 dolor
2792 2195 3057 2259 omnibus,
3092 2204 3249 2263 atque
3279 2194 3379 2247 int-

3088 2284 3277 2354 [unicus

1994 2376 2203 2442 Factus,
2232 2387 2288 2431 et
2318 2386 2506 2433 exutus
2534 2392 2723 2449 magna
2749 2379 2815 2434 de
2852 2389 2999 2448 parte
3028 2378 3307 2444 bonorum,

1807 1179 1909 1234 575

1372 2484 1757 2542 SCRIPTURA
1797 2486 1948 2543 COD.
1996 2489 2145 2543 VAT.

210 2582 321 2638 554.
355 2584 418 2650 ρ.
443 2584 583 2650 capit
612 2598 660 2635 ο.

209 2655 321 2708 562.
358 2655 522 2708 Deum
545 2654 626 2704 cui
655 2652 857 2713 fraude.

207 2724 319 2779 569.
350 2725 615 2780 Scribitur
646 2721 861 2775 lictoris.

1889 2582 2010 2637 579.
2049 2582 2112 2635 Ι).
2146 2584 2390 2637 elementa
2420 2600 2469 2636 n.

1888 2652 2010 2705 585.
2041 2653 2279 2708 Obscnre
2307 2654 2559 2706 inimicus.

1673 2790 1894 2846 ΝΟΤΑΞ.

219 2888 333 2943 552.
383 2887 589 2941 Auctor
626 2884 862 2937 incertus
914 2882 981 2936 de
1021 2882 1291 2936 Laudibus
1341 2883 1546 2938 Domini
1598 2886 1697 2940 sub

149 2956 470 3012 Constantino
499 2975 511 3007 :
556 2953 674 3007 Non
695 2971 787 3023 ego
812 2956 1002 3021 [errato
1023 2964 1212 3023 tegerer
1232 2954 1274 3005 si
1298 2955 1484 3007 viscera
1528 2971 1694 3020 muro,

152 3026 320 3081 Ferrea
349 3043 464 3091 vox,
505 3021 798 3094 [iugumque
820 3026 995 3094 forent
1037 3021 1158 3094 milii
1187 3023 1322 3075 mille
1348 3026 1565 3091 canenti,
1594 3034 1697 3078 etc.

1878 2883 2001 2937 565.
2036 2883 2194 2936 Forte
2215 2884 2350 2950 quod
2377 2884 2440 2935 si.
2476 2885 2532 2937 In
2558 2884 2739 2937 codice
2769 2884 3022 2951 scriptum
3058 2895 3138 2938 est
3167 2901 3280 2937 cum
3313 2887 3375 2937 si.

1809 2954 1988 3007 Potest
2017 2954 2186 3019 accipi
2230 2969 2343 3005 cum
2374 2968 2468 3018 pro
2505 2953 2710 3021 quando
2743 2954 3095 3009 adversative.
3129 2955 3378 3008 Martialis

1808 3023 1844 3076 l.
1872 3039 1963 3088 vn,
2004 3039 2088 3091 ep.
2123 3024 2211 3087 85,
2252 3022 2447 3076 Certior
2486 3024 2540 3076 in
2586 3034 2757 3076 nostra
2800 3026 3018 3077 carmine
3054 3027 3222 3078 vultus
3265 3029 3375 3079 erit.

153 3098 370 3165 Virgilius
400 3098 491 3149 lib.
523 3091 755 3160 vu,vers.
776 3092 901 3159 625,
927 3091 1042 3145 Non
1069 3092 1190 3145 mihi
1220 3094 1263 3145 si
1285 3094 1472 3216 litigare
1498 3104 1697 3147 centum
1724 3093 1771 3156 C
1804 3092 2013 3147 Casibus
2041 3094 2120 3147 hic
2146 3094 2324 3155 nullis,
2372 3095 2526 3146 nullis
2564 3094 2790 3147 delebilis
2831 3096 2976 3147 annis
3014 3093 3179 3159 Vivet,
3222 3094 3376 3160 Apel-

153 3169 252 3216 sint.
292 3184 473 3216 ornaue
516 3174 742 3216 rentum-
790 3162 978 3216 Ferrea
1026 3179 1142 3216 vox.
1192 3172 1297 3216 etc.
1394 3164 1440 3215 ic
1497 3166 1693 3216 passim
1810 3166 1944 3216 leum
1988 3180 2103 3216 cum
2146 3165 2392 3216 morietur
2431 3181 2581 3216 onus.
2632 3164 2883 3216 Videlicet
2913 3165 3168 3216 morietur
3205 3164 3376 3216 imago

151 3162 252 3234 sint,
292 3184 473 3232 oraque
516 3174 743 3231 centum,
790 3162 978 3216 Ferrea
1016 3179 1142 3234 vox,
1192 3172 1297 3216 etc.
1353 3162 1440 3216 Sic
1497 3166 1693 3230 passim

151 3232 301 3304 poeta:
328 3238 523 3293 ethnici
571 3243 627 3290 et
669 3234 965 3297 ,(lhristiaui
996 3232 1361 3286 difﬁcultatem
1389 3233 1693 3301 singillatim

151 3308 423 3375 explicandi
445 3323 565 3361 rem
599 3306 828 3373 aliquam
859 3305 1033 3357 solent
1072 3304 1392 3373 exprimere.
1420 3305 1570 3368 Quod
1604 3319 1698 3357 au-

152 3374 238 3431 tem
261 3378 573 3432 Dracontius
600 3375 739 3429 hunc
766 3390 1000 3438 versum,
1028 3386 1081 3427 et
1105 3388 1206 3425 non
1232 3389 1353 3427 raro
1380 3374 1512 3427 alios
1535 3374 1697 3431 verbo

152 3447 492 3517 monosyllabo
518 3446 812 3517 concludit,
842 3455 1059 3517 rectene
1070 3444 1127 3517 id
1154 3443 1694 3517 fiat,controversum

153 3526 219 3570 est
244 3513 371 3572 inter
398 3519 631 3586 aliquos.
665 3515 909 3570 Labbeus
958 3513 1173 3586 iniblor.
1220 3515 1355 3586 Bibl.
1390 3530 1543 3581 mss.,
1577 3531 1695 3583 pag.

154 3587 229 3654 68,
249 3604 307 3643 ex
345 3583 669 3644 bibliotheca
699 3586 964 3641 Gabrielis
1014 3583 1227 3637 Naudtei
1276 3585 1402 3638 citst
1446 3587 1697 3655 anonymi

154 3656 409 3726 dialogum,
447 3662 521 3712 An
559 3669 691 3711 recte
715 3673 885 3709 versus
916 3655 1277 3726 monosyllabis
1305 3656 1464 3709 verbis
1486 3655 1699 3708 clauda-

154 3738 243 3799 tur,
281 3725 325 3783 et
358 3729 685 3799 quibusnam,
722 3727 969 3799 adversus
1017 3725 1263 3799 Tlioniam
1303 3726 1563 3799 Corrcam,
1608 3727 1697 3794 qui

156 3796 379 3853 Bononia!
402 3800 571 3853 libros
599 3798 665 3852 de
686 3798 1007 3864 eloquentia,
1039 3796 1203 3861 elegia
1237 3805 1288 3848 et
1311 3797 1699 3865 epigrammate

157 3870 431 3938 scripserat.
491 3868 1064 3923 Praestantissimorum
1118 3877 1391 3933 poetarum
1454 3866 1695 3935 exempla

160 3949 315 4005 patent
343 3942 607 3994 omnibus.

214 4008 323 4065 555.
352 4009 601 4078 Virgilius
630 4008 721 4063 lib.
755 4024 846 4072 xu,
873 4022 1012 4061 vers.
1037 4006 1127 4073 56,
1170 4005 1445 4075 Campique
1472 4006 1700 4077 ingentes

160 4081 326 4133 ossibus
351 4082 537 4134 albent.

221 4150 327 4203 554.
359 4153 587 4216 Quantos
628 4163 722 4215 pro
764 4158 885 4218 quot
916 4150 1166 4202 usitatum
1212 4147 1362 4200 l;onis
1396 4144 1699 4218 Latinitatis

164 4222 457 4340 aiictoribus,
504 4215 786 4284 Senecaﬁ
814 4220 1110 4286 Propertio,
1156 4218 1344 4280 Statio,
1383 4215 1697 4281 Claudiano,

165 4302 279 4340 aus.

165 4302 279 4342 atus.

220 4360 329 4413 555.
376 4361 643 4415 Pectinare
687 4361 904 4415 verbum
956 4357 1110 4412 Plinii
1169 4368 1217 4412 et
1258 4356 1486 4425 Apuleii.
1535 4356 1699 4411 David

166 4432 339 4484 scc‘era
375 4447 463 4485 sua
509 4431 718 4517 capillis
755 4430 1056 4517 capitis‘sui
1098 4429 1438 4510 comparabat
1493 4428 1696 4494 psalmo
1726 4456 1781 4517 Ι)

166 4512 318 4557 χχιιι.
348 4518 482 4556 vers.
518 4499 601 4565 l5,
620 4500 1113 4571 Comprehendernnt
1139 4515 1215 4550 me
1239 4499 1530 4564 iniquitates
1553 4514 1698 4563 mete,

172 4577 205 4618 et
232 4587 317 4623 non
348 4574 502 4638 potui,
540 4584 592 4625 ut
616 4568 852 4624 viderem.
900 4568 1253 4637 Multiplicattc
1280 4578 1397 4619 sunt
1436 4584 1588 4629 super
1618 4585 1705 4621 ca-

171 4639 293 4703 pillos
326 4643 506 4761 ‘capitis
558 4643 669 4695 mei.
747 4641 1059 4694 Dracontius
1103 4640 1443 4709 hyperbolem
1494 4638 1701 4707 longius

172 4720 415 4761 vrotrant.

172 4712 415 4772 protrahit.

228 4780 334 4832 556.
362 4783 534 4844 Reum,
566 4782 771 4835 scilicet
794 4795 898 4834 me.
932 4778 1157 4832 (Iunctus
1193 4779 1243 4831 iu
1276 4777 1531 4846 singulari
1561 4776 1701 4845 apud

177 4845 435 4913 Virgilium,
480 4850 790 4905 Ciceronem
827 4865 888 4904 ac
939 4850 1114 4915 plures
1160 4849 1293 4903 alios
1337 4845 1592 4912 occurrit,
1645 4856 1703 4901 ut

172 4929 349 4988 cunctus
370 4920 516 4985 orbis,
545 4938 575 4973 (ι
600 4932 778 4974 cuncto
809 4919 1016 4988 papula.

229 4987 335 5059 55s.
383 4989 624 5045 Horresco
669 5007 788 5045 cum
809 4986 1127 5045 accusativo
1159 4989 1428 5059 Virgilius,
1476 4986 1704 5055 Statius,

177 5052 267 5109 Val.
299 5057 521 5114 Flaccus.

234 5126 338 5180 560.
367 5128 553 5184 Jerem.
586 5149 633 5186 c.
667 5147 811 5194 χχιχ,
836 5147 977 5186 vers.
1013 5130 1103 5184 23.

234 5196 340 5270 filii.
371 5199 490 5254 Vide
518 5204 553 5254 Ι.
589 5218 621 5268 t,
657 5218 796 5255 vers.
829 5202 929 5257 497
953 5215 1127 5270 seqq.,
1158 5196 1469 5269 Sacrilegos,
1496 5208 1628 5266 etc.,
1651 5207 1706 5254 et

180 5276 219 5312 ν.
356 5282 494 5338 seqq.
517 5262 752 5339 ejusdem
785 5273 820 5325 l.
851 5289 886 5325 ι.

200 5402 207 5410 1
238 5335 342 5391 562.
366 5335 497 5404 Lego
524 5335 617 5394 sibi
649 5358 742 5411 pro
767 5344 850 5395 cui
874 5359 891 5394 :
924 5356 1043 5394 nam
1074 5341 1231 5393 etiam
1261 5353 1381 5393 cum
1409 5341 1701 5411 interroga-

182 5409 298 5482 tione
330 5411 400 5459 cui
434 5414 609 5477 fraude
635 5409 829 5465 nocebit
858 5411 1005 5482 Mens
1032 5426 1142 5463 mea
1170 5410 1305 5482 quod
1339 5410 1509 5463 reticet
1538 5411 1561 5461 Ρ
1600 5424 1706 5482 non

182 5480 290 5528 satis
317 5482 583 5546 expeditus
607 5491 686 5535 est
715 5496 920 5536 sensus.
972 5481 1125 5535 Joan.
1157 5496 1242 5548 ep.
1278 5480 1318 5544 l,
1358 5494 1406 5532 c.
1432 5495 1469 5544 t,
1502 5494 1643 5533 vers.
1673 5481 1707 5531 8

184 5552 298 5622 ξείιν
336 5547 388 5601 Si
416 5550 700 5622 dixerimus,
744 5554 980 5622 quoniam
1012 5547 1271 5622 peccatum
1309 5566 1410 5604 non
1442 5550 1703 5611 habemus,

186 5620 266 5685 ipsi
290 5631 369 5668 nos
392 5620 759 5675 seducimus....
801 5620 859 5675 Si
899 5620 1229 5685 conﬁteantur
1271 5631 1474 5685 peccata
1510 5628 1706 5681 nostra,

190 5679 481 5761 liti-elisfstet
519 5692 701 5754 iustus,
757 5701 807 5743 ut
837 5679 1056 5743 remittat
1088 5692 1231 5744 nobis
1261 5679 1468 5761 peccata
1508 5679 1701 5741 nostra.

191 5751 284 5804 Lib.
316 5754 370 5808 lll
397 5751 539 5822 ung,
569 5777 614 5816 c.
646 5751 753 5828 vni,
784 5776 834 5815 ν.
861 5761 931 5817 48
958 5775 1105 5830 seq‘I-

1810 3166 1944 3216 leum
1988 3180 2103 3216 cum
2146 3165 2392 3217 morietur
2431 3181 2581 3232 opus.
2632 3164 2883 3217 Videlicet
2913 3165 3168 3218 morietur
3205 3164 3377 3231 imago

1799 3234 1938 3301 picta
1965 3232 2432 3301 CaeciliiSecundi,
2461 3234 2556 3289 sed
2588 3249 2690 3288 non
2714 3236 2884 3288 vultus
2916 3234 3032 3302 ejus
3051 3235 3111 3295 ju
3142 3237 3377 3289 carmine

1803 3318 1926 3357 meo
1958 3319 2263 3371 expressus.

1870 3373 1992 3428 564.
2038 3374 2323 3427 Admissum
2369 3390 2464 3441 pro
2490 3376 2691 3430 scelere
2733 3374 2933 3438 Livius,
2975 3375 3216 3436 Tacitus,
3261 3375 3374 3427 alii.

1800 3442 1914 3498 Non
1948 3444 2087 3497 male
2117 3454 2261 3497 esset
2305 3446 2449 3497 venia
2487 3455 2694 3515 sperata
2721 3455 2982 3513 sequatur.
3031 3445 3134 3499 Sed
3166 3443 3376 3501 defendi

1803 3522 1975 3585 potest
2003 3524 2239 3585 sequetur
2266 3530 2383 3567 cum
2414 3532 2590 3585 quum,
2626 3523 2684 3569 ut
2714 3530 2851 3569 nunc
2874 3515 3137 3571 dicebam.

1872 3583 1994 3638 565.
2036 3582 2137 3647 Qui
2158 3594 2325 3653 negat,
2353 3582 2541 3652 nempe
2563 3586 2807 3646 crimina,
2844 3586 3133 3638 a‘dmiSsutn
3176 3584 3370 3638 scelus.

1870 3653 1997 3735 568:
2029 3653 2085 3707 In
2118 3653 2399 3736 codiceest
2428 3657 2704 3736 superabit,
2727 3670 2832 3709 non
2858 3657 3131 3736 superavit,
3157 3665 3211 3707 ut
3234 3669 3374 3709 vers.

1800 3739 1912 3791 seq.
1944 3724 2161 3787 vincent,
2182 3724 2429 3778 videlicet
2456 3724 2499 3778 si
2526 3740 2811 3779 numerare
2832 3725 2987 3779 velim
3009 3725 3210 3778 scelera
3234 3738 3371 3789 mea,

1800 3794 2132 3862 superabunt
2152 3809 2368 3849 arenam
2401 3795 2615 3858 littoris,
2649 3796 2865 3849 vincent
2892 3795 3059 3849 undas
3092 3795 3281 3863 pelagi.
3320 3795 3372 3847 lu

1800 3865 1968 3917 sacris
1996 3863 2207 3917 Litteris
2256 3879 2398 3932 stupe
2438 3880 2623 3933 magna
2671 3865 2841 3933 aliqua
2886 3864 3168 3918 multitudo
3198 3878 3374 3917 arenas

1804 3935 1964 3987 maris
1992 3944 2351 4002 comparatur.
2392 3935 2715 3989 Theodnlfus
2747 3935 3145 3989 Aurelianensis
3173 3934 3264 3987 lib.
3297 3948 3373 3997 tv,

1801 4018 1966 4076 carm.
1986 4006 2213 4076 4,_vers.
2240 4005 2379 4059 296:
2415 4003 2533 4075 Ipse
2550 4003 2679 4067 Deo,
2700 4010 2879 4076 fateor,
2898 4005 3187 4074 peccamina
3211 4004 3371 4076 multa

1802 4075 1990 4146 peregi,
2033 4074 2159 4138 Qute
2188 4082 2426 4146 superant
2448 4072 2661 4146 numero
2689 4072 2852 4146 temet,
2895 4072 3049 4146 arena
3085 4076 3269 4146 utaris,
3310 4072 3375 4126 Et

1800 4143 1987 4211 pluvia
2016 4152 2205 4215 guttas,
2242 4143 2398 4198 maris
2423 4145 2636 4207 undam,
2692 4144 2860 4198 sidera
2903 4145 3032 4209 caeli,
3093 4143 3376 4196 Herbarum

1804 4216 2034 4285 frutices,
2058 4216 2287 4286 germina
2317 4226 2501 4268 cuncta
2525 4216 2641 4286 soli.
2679 4215 2807 4268 Haec
2834 4225 2971 4286 sunt,
3001 4230 3252 4268 (erumnas
3288 4229 3376 4286 ego

1805 4282 1894 4337 cur
1924 4287 2019 4338 sim
2043 4282 2223 4339 missus
2252 4286 2305 4340 in
2325 4288 2472 4351 istas,
2512 4284 2634 4339 Esse
2659 4302 2749 4338 nec
2780 4294 2834 4337 ut
2880 4285 3055 4338 debent
3098 4293 3215 4337 sunt
3241 4282 3378 4336 mala

1803 4364 1945 4407 tanta
1972 4356 2116 4408 mihi.

1875 4426 1999 4479 570.
2042 4425 2231 4481 Verbis
2277 4442 2342 4481 ex
2377 4440 2524 4481 sacra
2555 4425 2826 4493 Scriptura
2856 4423 3034 4491 petitis
3062 4430 3375 4493 exaggerate

1805 4510 1899 4549 sua
1927 4496 2149 4550 crimina
2186 4497 2500 4551 Dracontius
2530 4496 2744 4549 fatetur.
2772 4493 3102 4546 llermannus
3132 4492 3282 4556 Hugo
3319 4493 3373 4545 in

1805 4566 1914 4620 Piis
1938 4566 2220 4620 desideriis
2249 4567 2339 4619 lib.
2377 4582 2415 4629 ι,
2459 4581 2624 4618 carm.
2657 4563 2739 4628 Η,
2793 4563 2844 4615 in
2878 4562 3014 4615 hanc
3053 4561 3373 4616 sententiam

1806 4639 2025 4704 exponit
2058 4636 2215 4690 verba
2244 4636 2429 4702 psalmi
2451 4650 2633 4695 vant,
2656 4649 2708 4686 v.
2738 4632 2823 4697 16,
2864 4631 2982 4685 Non
3014 4649 3090 4686 me
3116 4634 3375 4704 demet-gat

1806 4703 2069 4771 tempestas
2101 4722 2265 4767 alium,
2309 4722 2467 4772 neque
2492 4703 2749 4773 absorbent
2792 4719 2869 4755 me
2898 4703 3231 4773 profundum,
3267 4711 3372 4756 etc.

1883 4776 2007 4830 575.
2035 4775 2177 4828 Psal.
2208 4791 2335 4839 xvtt,
2365 4790 2507 4829 vers.
2539 4773 2571 4825 5
2596 4792 2607 4825 :
2636 4772 2903 4825 Torrentes
2934 4773 3213 4838 iniquitatis
3248 4786 3375 4825 con-

1808 4845 2132 4899 turbauerunt
2164 4861 2284 4911 me;
2327 4855 2381 4899 et
2411 4844 2545 4913 psal.
2571 4858 2772 4906 xxxvn,
2823 4858 2965 4897 vers.
2998 4844 3030 4897 5
3062 4860 3072 4893 ;
3122 4842 3375 4908 Quoniam

1804 4916 2096 4983 iniquitates
2124 4932 2244 4968 mete
2264 4929 2601 4985 supergressa:
2626 4921 2741 4964 sunt
2774 4923 2923 4981 caput
2953 4928 3137 4985 meum.

1879 4987 2002 5041 575.
2036 4987 2111 5039 Ex
2140 4986 2299 5039 citato
2326 4982 2529 5053 psalmo
2560 4996 2743 5037 va'ut:
2779 4998 2920 5053 vers.
2952 4983 3029 5053 2,
3050 4982 3368 5053 Intraverunt

1807 5072 1956 5125 aqua:
1987 5072 2152 5125 usque
2181 5056 2244 5125 ad
2276 5056 2504 5109 animam
2535 5068 2726 5125 meam.
2752 5052 2969 5125 Ovidius
2991 5052 3154 5125 r'l'rist.
3188 5052 3277 5105 lib.
3312 5066 3369 5125 tt,

1807 5121 1950 5181 vers.
1977 5121 2113 5180 101':
2150 5124 2259 5178 Nec
2282 5126 2404 5176 mihi
2427 5141 2546 5194 pars
2574 5123 2746 5175 nocuit
2767 5124 2828 5176 de
2850 5124 3048 5193 gurgite
3081 5137 3254 5190 parva,
3286 5121 3374 5173 sed

1809 5212 1978 5249 omnes
2012 5196 2249 5248 Pressere
2268 5196 2360 5248 hoc
2388 5197 2593 5265 ﬂuctus,
2622 5208 2934 5265 oceanusque
2959 5201 3128 5265 caput:

1881 5265 2004 5319 581.
2042 5267 2183 5319 Inter
2205 5257 2497 5319 sententias
2529 5257 2590 5318 Ρ.
2614 5266 2730 5334 Syri
2763 5257 2902 5316 Militi
2925 5276 3074 5331 ‘vers.
3097 5260 3200 5334 $25
3230 5257 3373 5334 :_lles

1814 5338 2003 5402 Optima
2024 5346 2115 5397 est,
2142 5352 2243 5387 non
2267 5339 2548 5402 exstirpare
2568 5329 2851 5396 sceleratos,
2890 5329 2980 5385 sed
3009 5331 3219 5402 scelera.
3243 5329 3373 5402 Pro-

1811 5398 1933 5474 sper
1961 5406 2130 5474 epigr.
2167 5407 2200 5459 8
2224 5422 2237 5457 :
2278 5398 2505 5474 Denique
2524 5404 2838 5456 committunt
2866 5402 3092 5453 homines
3118 5398 3254 5474 mala
3282 5398 3375 5449 cri-

1813 5470 1947 5528 mina
1976 5470 2191 5543 semper,
2236 5475 2336 5528 Dat
2381 5470 2619 5544 spatium,
2661 5481 2713 5523 ut
2760 5482 2961 5538 pereant
3002 5470 3232 5544 crimina,
3264 5484 3375 5544 non

1811 5546 2055 5599 homines.
2083 5538 2155 5599 Et
2173 5546 2340 5613 epigr.
2366 5538 2462 5597 ωε
2492 5542 2672 5612 Legem
2692 5550 2979 5613 spernentes
3002 5538 3376 5613 odittumlegis

1811 5626 2028 5686 amator,
2064 5615 2182 5667 Non
2207 5608 2431 5686 liqmines
2454 5608 2580 5674 odit,
2612 5612 2698 5663 sed
2728 5608 3352 5686 reprobatitiod‘agunt.‘

1885 5678 2019 5740 584.
2044 5686 2201 5739 Forte
2236 5683 2448 5737 Fructus
2476 5693 2521 5737 et
2549 5691 2750 5735 exutus.
2778 5678 2930 5733 Vers.
2970 5678 3093 5743 595,
3126 5678 3287 5744 Quem
3309 5678 3379 5731 sis

1816 5756 2009 5826 {regere
2038 5756 2254 5809 dolores.
