3902 6330
124 355 222 413 895

1307 558 1493 630 [trahis
1524 559 1615 613 lob
1694 616 1695 619 η

289 653 512 722 Aspera,
538 650 825 707 restituens
853 649 1109 721 quidquid
1159 651 1331 706 malus
1363 651 1532 707 hostis
1560 650 1684 705 ade-

1465 740 1613 813 [mit;

124 837 219 895 610
291 835 449 891 Arida
480 834 572 906 qui
601 849 821 904 reparas
847 833 1080 903 antiquis
1107 835 1369 891 mortibus
1395 848 1541 901 ossa,

288 930 415 998 Quae
446 927 702 983 membris
728 926 938 983 rediere
957 928 1092 994 suis,
1120 926 1384 981 clamante
1404 924 1685 997 propheta,

286 1024 458 1091 Atque
489 1019 734 1076 homines
764 1018 967 1075 factura
989 1017 1145 1086 jubes
1167 1028 1397 1086 reptare,
1428 1018 1632 1072 cruoris

295 1114 493 1168 [Iunior
522 1119 580 1165 ut
600 1111 910 1179 absumptas
939 1111 1223 1166 intraverit
1248 1118 1374 1164 ante
1403 1108 1685 1171 medullas.

287 1204 585 1260 Nascuntur
615 1217 786 1266 vente,
808 1201 920 1270 jam
952 1201 1131 1255 nervis
1164 1200 1406 1255 membra
1436 1200 1685 1269 ligantur,

125 1297 218 1355 615
286 1296 401 1351 Jam
426 1295 557 1367 tegit
580 1307 703 1349 ossa
727 1292 886 1357 cutis,
908 1291 1106 1347 multos
1128 1291 1360 1347 distenta
1391 1306 1487 1361 per
1507 1304 1685 1355 artus;

290 1387 545 1454 Quaerunt
581 1384 721 1440 colla
748 1391 939 1454 caput,
968 1383 1288 1453 constringit
1322 1391 1535 1454 guttura
1566 1398 1687 1437 cer-

1478 1472 1616 1545 [νὶι.

294 1566 521 1625 Verticis
541 1565 723 1625 eximii
750 1563 1029 1637 replentur
1056 1573 1112 1621 et
1138 1578 1258 1623 ossa
1284 1563 1549 1629 cerebro;

1295 353 1575 411 CARMEN
1620 354 1705 410 DE
1748 352 1901 410 DEO.
1945 352 2073 409 LIB.
2115 352 2201 410 lll.

362 470 518 542 357
544 470 740 525 Lucem
758 468 942 534 redde,
966 481 1176 538 precor,
1193 468 1279 535 qui
1305 477 1543 536 tempora
1567 468 1690 522 sub-
1718 467 1770 529 Α

3266 351 3371 411 ϐω

1973 466 2099 522 Inde
2126 467 2288 520 duces
2314 465 2453 519 oculi
2479 472 2746 535 gemmato
2775 462 2977 519 lumine
3006 461 3239 528 vibrant,

1968 558 2133 629 358
2172 558 2238 612 Et
2275 556 2526 626 palpebra
2566 564 2751 626 tegunt
2791 554 2974 621 luces,
3012 552 3373 623 mundantque

2970 646 3253 715 [fenestras
3280 661 3295 699 :

1790 743 1894 798 620
1964 740 2134 797 Scena
2164 739 2502 810 capillorum,
2549 739 2778 794 lundens
2823 753 2855 793 a
2897 738 3071 793 fronte
3097 751 3370 802 coronam,

1971 831 2243 900 Tempus,
2282 840 2334 885 et
2364 844 2523 886 omne
2547 838 2707 890 caput
2732 830 2895 885 vestit
2927 830 2994 885 de
3032 830 3179 884 crine
3209 828 3369 883 deco-

3132 920 3298 990 iram,

1972 1017 2149 1083 Atque
2177 1015 2516 1084 supercilium
2537 1014 2751 1084 gemino
2773 1004 3128 1081 supereminet
3162 1011 3300 1065 orbi.

1973 1106 2204 1160 Naribus
2234 1105 2475 1160 abductis
2508 1103 2705 1171 duplex
2737 1104 2858 1157 data
2890 1102 3076 1155 semita
3105 1112 3286 1165 vento,

1974 1198 2042 1253 Et
2067 1198 2293 1267 geminae
2322 1198 2552 1251 rubuere
2573 1210 2745 1265 gente,
2782 1196 3027 1265 lamigine
3051 1195 3205 1281 malm

1974 1290 2139 1361 359
2157 1286 2472 1357 Crispantur
2499 1285 2785 1342 revirentis
2805 1286 2980 1341 adhuc
3002 1292 3122 1355 post
3141 1299 3262 1338 ossa
3290 1300 3373 1339 se-

3118 1377 3305 1449 [necne

1972 1473 2178 1527 Mortua
2203 1471 2531 1540 temporibus
2558 1470 2763 1531 multis,
2790 1469 3027 1538 olimque
3052 1470 3279 1534 sepulta.

1974 1563 2173 1619 Ordine
2196 1573 2455 1619 muratum
2478 1561 2669 1617 dentes
2690 1561 2906 1615 cinxere
2936 1561 3191 1635 palatum,

1793 1288 1901 1345 625

1346 1697 1734 1754 SCRIPTURA
1775 1697 1928 1755 COD.
1972 1698 2129 1753 VAT.

190 1840 300 1894 608.
345 1836 524 1889 Lucito
554 1833 710 1887 redde
738 1832 917 1901 procul
943 1830 1031 1900 qui
1058 1838 1286 1901 tempora
1314 1831 1487 1886 subtra
1521 1829 1657 1885 Hiob
1675 1847 1694 1897 ;
1724 1838 1772 1898 Β

130 1909 187 1964 ad
214 1922 382 1979 marg;
406 1920 584 1979 precor
610 1918 705 1972 pro
736 1902 934 1967 procul.

191 1979 306 2035 612.
332 1975 416 2028 Ἐξ
429 1976 610 2044 jubent
637 1982 866 2041 reptante
894 1989 1089 2027 cruore.

189 2050 303 2103 615.
334 2046 541 2099 Humor
568 2046 636 2095 ad
658 2061 707 2095 ο.

191 2120 303 2174 615.
337 2115 397 2169 C.
429 2118 617 2168 multas
645 2112 863 2167 distenta
887 2128 976 2183 per
1002 2122 1157 2167 artes.

192 2189 303 2243 616.
336 2184 400 2239 G.
430 2185 607 2238 cerris.

191 2256 304 2312 618.
337 2256 379 2309 ο
404 2256 664 2327 geminato
685 2253 719 2307 l.

1876 1833 1998 1887 619.
2033 1832 2098 1885 Et
2130 1833 2371 1903 palpebra
2403 1841 2580 1903 tegunt
2603 1830 2731 1903 lucis
2753 1828 3092 1903 mandantque
3111 1828 3375 1896 fenestras.

1873 1903 1997 1959 620.
2031 1900 2190 1957 Sceca
2216 1900 2523 1968 capillorum
2557 1901 2712 1971 funde
2740 1917 2769 1952 a
2801 1900 2969 1969 fronte
2989 1915 3246 1954 coronam.

1870 1976 1995 2028 623.
2134 1974 2361 2026 obductis
2385 1970 2610 2043 duppler
2640 1970 2694 2023 d.

1869 2044 1993 2098 621.
2024 2042 2090 2096 G.
2126 2044 2304 2096 rubere
2330 2061 2381 2110 (ι.

1870 2115 1996 2168 6'25.
2031 2114 2333 2178 Crispantur
2361 2112 2516 2165 ventis
2546 2111 2713 2163 adhuc
2740 2124 2793 2178 p.
2823 2122 2871 2160 ο.
2895 2123 2940 2160 s.

1874 2184 1997 2237 627.
2036 2183 2100 2237 0.
2133 2192 2384 2236 moratum
2410 2182 2460 2234 d.

1677 2367 1905 2426 NOTE.

193 2491 306 2547 608.
332 2491 396 2547 lli
429 2506 620 2546 versus
653 2492 706 2546 in
731 2490 915 2546 codice
947 2490 1141 2546 turbati
1183 2500 1239 2546 et
1273 2492 1584 2561 transpositi
1611 2496 1697 2547 vi-

127 2562 318 2616 dentur.
367 2561 480 2615 Eos
516 2562 585 2615 ita
617 2562 910 2628 collocavi,
947 2570 1006 2615 ut
1050 2562 1276 2616 orationi
1322 2572 1373 2615 ct
1415 2565 1698 2618 sententiae

130 2646 403 2702 congruere
433 2632 645 2685 censui.
677 2633 835 2687 Forte
856 2632 1139 2699 legendum
1166 2633 1361 2686 Lucida
1382 2635 1558 2697 redde,
1587 2650 1701 2699 pre-

127 2718 221 2755 cor.
249 2702 507 2771 Exemplo
530 2702 669 2767 Jobi,
693 2717 800 2772 quo
822 2702 1007 2767 utitur,
1033 2703 1198 2756 multa
1226 2717 1286 2759 se
1305 2703 1550 2759 amisisse
1577 2706 1703 2759 Dra-

126 2774 319 2826 contius
340 2773 540 2827 innuit.

186 2842 300 2897 610.
343 2843 502 2897 Visio
544 2843 839 2897 Ezechielis
880 2857 1001 2912 cap.
1034 2858 1214 2896 xxxvu
1253 2862 1264 2895 :
1302 2841 1369 2896 Et
1398 2843 1590 2896 dimisit
1622 2860 1697 2896 me

127 2914 172 2964 in
198 2915 351 2966 medio
371 2914 570 2982 campi,
589 2915 672 2980 qui
700 2922 807 2966 erat
828 2913 1007 2983 plenus
1036 2912 1327 2967 ossibus....
1349 2912 1508 2966 Erant
1532 2924 1694 2966 autem

131 2982 269 3054 multa
286 2985 428 3035 ralde
453 3000 611 3054 super
637 2982 1031 3054 faciemcampi,
1059 2984 1289 3051 siccaque
1316 2984 1643 3054 relrementer.
1677 3023 1690 3037 .

138 3049 405 3107 Vaticinare
445 3049 736 3106 tle-ossibus
768 3054 897 3115 istis,
940 3049 986 3106 et
1027 3054 1164 3106 dices
1199 3049 1313 3108 eis:
1354 3052 1485 3107 Ossa
1522 3056 1692 3117 arida,

132 3124 285 3175 audite
304 3125 505 3175 verbum
536 3123 764 3178 Domini.

1805 2492 2120 2564 Palpebrum
2144 2509 2324 2564 genere
2358 2505 2537 2549 neutro
2566 2498 2876 2564 consuetudo
2903 2496 3003 2548 dici
3040 2496 3166 2561 vult,
3209 2494 3382 2563 palpe-

1805 2563 1917 2636 om
1941 2564 2116 2631 fcmin.
2145 2563 2221 2619 Ex
2250 2580 2355 2632 quo
2390 2565 2607 2621 retineri
2638 2574 2814 2631 potest
2853 2563 2923 2619 Et
2945 2565 3188 2636 palpebra
3212 2573 3383 2636 tegunt

1804 2634 1943 2689 luces
1984 2653 1995 2685 :
2040 2643 2148 2689 tum
2204 2649 2301 2702 pro
2349 2636 2693 2705 mandumque
2740 2634 3042 2704 legendum
3071 2646 3153 2691 est
3212 2635 3382 2705 potius

1806 2704 2153 2776 mandaratque
2181 2706 2447 2776 fenestras.
2477 2705 2580 2759 Pro
2607 2704 2780 2759 oculis
2810 2708 2952 2773 ponit
2986 2706 3141 2770 luces,
3172 2714 3226 2759 ut
3260 2704 3384 2776 Ovi-

1806 2774 1946 2839 dius,
1980 2774 2209 2839 Statius,
2243 2775 2467 2828 Rntilius
2504 2785 2555 2827 et
2584 2776 2693 2829 alii.
2736 2776 2919 2844 Neque
2944 2776 3011 2829 ab
3042 2778 3141 2829 hac
3180 2774 3383 2844 signiti-

1801 2846 2010 2899 catione
2042 2846 2198 2911 longe
2230 2845 2383 2898 abest
2418 2845 2607 2898 Cicero
2647 2849 2696 2898 in
2743 2841 2911 2899 Arato
2951 2861 3093 2898 vers.
3132 2841 3383 2907 96,'lllre

1798 2930 1909 2982 qure
1937 2915 2131 2984 fulgent
2158 2916 2392 2984 lucescat:
2428 2930 2515 2966 ore
2544 2931 2775 2976 corusco,
2805 2915 3047 2981 quamvis
3078 2916 3289 2982 proprie
3316 2914 3383 2969 de

1800 2985 1974 3038 stellis
1997 2985 2266 3049 loquatur.
2298 2983 2569 3039 Fenestras
2600 3001 2694 3052 pro
2722 2988 2890 3039 oculis
2920 2987 3119 3053 pariter
3156 2996 3383 3051 usurpa-

1798 3055 1867 3107 vit
1895 3053 2214 3108 Prudentius
2232 3053 2479 3109 llatnart.
2495 3071 2633 3115 vers.
2653 3056 2755 3111 870
2783 3053 3209 3121 :Impediuntque
3230 3069 3382 3124 vagas

1797 3124 2013 3177 obducto
2042 3124 2253 3177 hutnore
2275 3126 2539 3192 fenestras.
2560 3125 2689 3180 Vide
2707 3135 2996 3180 comment.
3017 3125 3081 3178 ad
3105 3140 3225 3178 eum
3254 3126 3383 3177 l'ru-

193 3194 305 3247 612.
337 3193 499 3270 Forte
531 3194 695 3270 Atque
722 3194 947 3270 homines
976 3193 1179 3270 factura
1202 3195 1380 3270 juvant
1400 3234 1413 3257 ,
1462 3203 1693 3260 reptante
1721 3203 1769 3270 ς
1799 3195 1965 3270 den_tii
1997 3195 2207 3270 _locum.
2262 3195 2332 3247 De
2372 3195 2544 3250 oculis
2578 3199 2799 3270 mystice
2825 3202 3106 3270 exponunt
3141 3194 3381 3247 nonnulli

132 3278 306 3327 cruore,
323 3265 401 3317 vel
415 3265 581 3332 Atque
603 3264 830 3316 homines
848 3267 1045 3331 factura
1055 3266 1205 3333 jubes
1223 3262 1417 3332 replere
1435 3279 1574 3316 cruat
1589 3281 1687 3319 cm.

56 3397 62 3405 _
142 3333 304 3405 __6l5.
333 3335 623 3388 Humorem
654 3334 901 3405 medullis
934 3333 1134 3405 tribuit,
1170 3345 1223 3386 ut
1252 3336 1285 3405 Ι.
1317 3348 1365 3405 ι,
1387 3348 1529 3387 vers.
1565 3334 1689 3397 652,

142 3400 379 3473 Yenasque
424 3403 902 3473 ciensyudansque
948 3402 1221 3459 medullas.
1267 3403 1501 3458 lsidorus
1554 3405 1588 3459 l.
1640 3421 1690 3458 ιιι

132 3470 440 3542 Οιίε.,ὀιιι).
485 3476 544 3537 1,
580 3472 826 3527 Μεάιιιιω
849 3474 1140 3542 appellatae,
1182 3475 1318 3540 quod
1348 3474 1693 3541 madefaciant

136 3557 251 3607 ossa,
282 3544 492 3612 irrigant
524 3544 680 3610 enim,
713 3552 756 3597 et
788 3547 1101 3613 confertam.
1144 3542 1276 3599 Ossa
1320 3542 1480 3611 igitur
1508 3545 1652 3598 arida
1673 3584 1690 3611 ,

137 3628 238 3680 quae
274 3613 468 3671 factura
502 3615 750 3667 homines
785 3623 959 3680 erant,
992 3613 1138 3681 prius
1170 3615 1312 3667 intus
1338 3614 1581 3669 medullis
1610 3616 1691 3668 ἱιιο

135 3693 403 3738 struuntur.

194 3752 305 3808 6H.
338 3754 638 3809 Ezechielis
659 3768 777 3823 cap.
806 3757 897 3808 cit.
927 3770 941 3805 :
978 3752 1045 3807 Et
1074 3769 1187 3807 ecce
1213 3770 1362 3818 super
1384 3770 1443 3807 ea
1465 3754 1624 3818 nervi,
1648 3763 1693 3807 et

136 3837 289 3877 carnes
319 3826 676 3888 ascenderunt,
706 3837 752 3879 et
782 3828 983 3879 extenta
1008 3836 1080 3878 est
1111 3825 1161 3876 in
1192 3826 1263 3876 eis
1294 3827 1423 3878 cutis
1453 3825 1689 3888 desuper.

136 3891 300 3962 Cicero
324 3895 446 3948 libr.
472 3912 507 3948 ιι
534 3895 603 3948 de
634 3892 818 3948 Natur.
852 3895 1024 3959 deor.,
1057 3909 1173 3962 cap.
1201 3893 1268 3947 53
1296 3912 1307 3944 :
1342 3893 1479 3960 Quid
1523 3895 1691 3947 dicam

136 3960 189 4033 de
206 3965 385 4017 ossibus
408 3968 568 4033 ?qua:
587 3965 813 4033 subjecta
834 3965 1036 4028 corpori
1058 3960 1314 4017 mirabiles
1336 3965 1693 4018 commissuras

137 3983 189 4011 ue
206 3983 385 4017 osswus
408 3983 430 4018 r
484 3983 568 4019 ua:
587 3983 813 4033 ειηηεεια
834 3983 1035 4028 εοηιοτι
1058 3983 1314 4017 mtraottes
1336 3983 1693 4018 commissuras

137 4032 386 4088 habent...
419 3983 540 4088 line
569 4036 700 4087 adde
731 4050 929 4093 nervos.
964 4053 994 4086 a
1040 4036 1220 4103 quibus
1259 4045 1399 4087 artus
1430 4042 1694 4103 continen-

136 4112 286 4174 ἐξιῇ...
314 4108 397 4169 qui
417 4107 553 4159 sicut
574 4120 711 4157 vena:
737 4115 783 4157 et
813 4106 1014 4159 arteria:
1042 4100 1072 4158 ἐι
1102 4105 1252 4174 corde
1274 4114 1470 4171 tractre,
1499 4115 1544 4158 et
1576 4100 1693 4174 pro-

138 4171 261 4243 [cette
298 4178 351 4228 in
377 4192 570 4242 corpus
596 4190 741 4227 omne
779 4175 1050 4228 ducuntur.
1095 4172 1281 4228 Celsus
1320 4175 1357 4231 1.
1400 4191 1455 4243 ιι,
1500 4190 1548 4230 c.
1577 4171 1687 4238 'ltl,

137 4240 299 4295 iuncta
320 4248 448 4298 enim
469 4240 553 4299 est
580 4260 706 4298 oena
733 4246 956 4303 arteriis,
987 4245 1065 4298 his
1092 4248 1250 4299 nervi.

195 4316 303 4368 616.
333 4316 579 4369 Ezechiel
611 4330 730 4379 cap.
762 4315 850 4368 cit.
880 4332 892 4367 :
931 4312 1123 4367 Factus
1163 4325 1235 4368 est
1266 4324 1433 4368 autem
1471 4315 1689 4376 sonitus,

139 4384 441 4452 priapltetante
470 4402 569 4447 me,
597 4394 645 4437 et
675 4401 785 4437 ecce
808 4387 1116 4451 commotio;
1144 4394 1192 4438 et
1230 4395 1545 4438 accesserunt
1581 4401 1692 4438 ossa

140 4451 193 4500 ad
218 4469 340 4518 ossa,
369 4456 763 4522 unumquodque
784 4455 1164 4525 adjunctnrant
1194 4473 1359 4509 suam.
1392 4455 1527 4509 Colli
1571 4469 1692 4522 pars

140 4525 348 4576 anterior
368 4536 449 4593 est
472 4526 621 4593 gula,
648 4525 915 4593 pomeriur
937 4526 1138 4580 cervix.

1800 3265 1959 3319 verba
1987 3264 2236 3319 Jercmite
2266 3280 2316 3319 c.
2346 3281 2420 3329 ts,
2451 3281 2591 3320 vers.
2613 3267 2702 3332 2|,
2735 3267 2869 3333 Quia
2888 3266 3113 3319 ascendit
3136 3280 3270 3317 mors
3293 3279 3381 3329 per

1797 3335 2043 3405 fenestras
2074 3344 2295 3399 nostras,
2321 3345 2373 3389 et
2402 3335 2548 3390 Isaiae
2573 3351 2623 3392 c.
2656 3353 2749 3401 ιι,
2777 3351 2916 3391 vers.
2949 3337 3002 3400 8,
3026 3336 3127 3401 Qui
3153 3342 3267 3388 sunt
3294 3334 3380 3405 isti

1796 3405 1904 3475 qui,
1924 3414 1978 3458 ut
2004 3404 2159 3459 nubes
2178 3406 2344 3459 uolant
2370 3415 2417 3459 et
2432 3408 2579 3473 quasi
2600 3406 2846 3460 columbae
2869 3408 2934 3460 ad
2959 3408 3202 3475 fenestras
3228 3404 3381 3475 suas?

1796 3474 1946 3541 Quod
1975 3476 2019 3528 si
2058 3475 2203 3544 legas
2238 3475 2587 3545 mandaratque
2615 3481 2879 3544 fenestras,
2924 3474 2973 3529 id
3003 3492 3067 3529 ex
3103 3475 3308 3528 Isidoro
3339 3474 3378 3529 Ι.

1796 3560 1850 3597 ιι
1879 3545 2047 3612 0rig.,
2077 3560 2194 3614 cap.
2224 3546 2543 3614 l,explicari
2565 3558 2733 3615 potest
2766 3565 2777 3599 :
2809 3546 2873 3600 In
2896 3546 3185 3600 summitate
3211 3553 3379 3596 autem

1795 3615 2156 3680 palpebrarum
2204 3615 2348 3687 locis.
2389 3618 2571 3685 quibus
2610 3633 2663 3670 se
2701 3627 2931 3687 utraque
2972 3618 3157 3687 clauses
3184 3616 3381 3687 contin-

1794 3695 1942 3752 gunt,
1971 3695 2170 3739 exstant
2198 3686 2376 3738 adnati
2403 3684 2581 3743 ordine
2604 3697 2802 3741 servato
2829 3684 2942 3755 pili,
2971 3686 3180 3739 tutelam
3217 3684 3379 3737 oculis

1796 3756 2169 3826 ministrantes,
2217 3772 2278 3808 ne
2318 3757 2565 3810 irruentes
2607 3757 2701 3826 (al.
2754 3758 2977 3809 irruente
3012 3755 3211 3826 sorde),
3225 3755 3379 3826 facile

1796 3825 2013 3894 injurias
2033 3826 2310 3893 excipiant,
2347 3836 2394 3881 et
2431 3843 2493 3881 ea:
2520 3842 2580 3879 eo
2610 3824 2904 3889 noceantur,
2936 3836 2988 3879 ut
3022 3825 3263 3888 pulveris,
3296 3824 3373 3875 vel

1796 3898 2141 3963 cujuscunque
2177 3896 2439 3950 crassioris
2468 3897 2693 3949 materiae
2720 3905 2926 3949 arceant
2956 3905 3265 3958 contactum,
3290 3901 3377 3944 aut

1796 3966 1961 4032 ipsum
1986 3982 2185 4035 quoque
2212 3982 2378 4020 aerem
2406 3966 2714 4020 concidenda
2741 3967 3020 4033 miti/icent,
3056 3979 3149 4034 qua
3179 3973 3376 4017 tenuem

1797 4044 1946 4103 atque
1973 4052 2206 4105 serenum
2231 4036 2423 4105 faciant
2451 4037 2633 4091 visum.

1870 4105 1991 4157 620.
2028 4104 2195 4159 Scena
2225 4103 2441 4175 prop'rie
2479 4106 2742 4174 signiﬁcat
2779 4106 3093 4170 tentorium,
3131 4103 3379 4175 taberna-

1795 4180 1999 4239 culum,
2050 4176 2420 4231 ttmbraculum
2463 4192 2526 4229 ex
2575 4176 2852 4231 frondibus
2892 4195 2905 4228 :
2952 4177 3075 4229 hinc
3124 4174 3381 4228 translate

1796 4260 1947 4297 scena
1996 4246 2324 4312 capillorum.
2367 4244 2587 4299 Ovidius
2632 4246 2664 4299 l.
2720 4262 2811 4300 xm
2859 4246 3006 4309 Met.,
3044 4259 3186 4297 vers.
3232 4244 3373 4296 7l8:

1798 4314 1955 4387 Coma
1982 4314 2205 4382 plurima
2232 4324 2401 4387 lpruos
2437 4315 2699 4369 Prominet
2723 4317 2777 4370 in
2805 4318 2994 4380 vultus,
3022 4315 3376 4381 humerosque,

1796 4397 1852 4437 ut
1882 4384 2046 4446 lucus,
2079 4384 2363 4438 obumbrat.

1867 4454 1994 4508 621.
2022 4456 2230 4523 Saepius
2253 4457 2303 4510 in
2331 4456 2520 4522 plurali
2545 4455 2741 4509 dicitur
2765 4462 3074 4523 tempora,et
3100 4451 3201 4504 boe
3219 4452 3376 4503 etiam

1798 4525 1918 4579 loco
1945 4524 2048 4579 dici
2082 4522 2260 4593 posset
2287 4525 2562 4590 Tempora,
2595 4534 2640 4577 et
2673 4542 2818 4577 onme
2842 4522 3222 4591 caput.Verum
3254 4529 3378 4571 tem-

198 4575 335 4646 617(
358 4575 742 4649 reiciendis
781 4575 1285 4663 personaeque
1327 4596 1507 4663 capitis
1548 4594 1694 4648 colli-
1720 4575 1771 4636 D
1799 4575 2573 4664 pus’inwsitigtila'ri
2599 4575 2784 4646 etiam,
2820 4575 3105 4658 utrumque
3144 4599 3376 4664 tempus.

142 4672 323 4727 gantur,
345 4675 391 4716 et
418 4667 473 4719 in
499 4681 601 4728 qua
630 4669 860 4718 etesaries
885 4667 1112 4719 vertitur.
1136 4666 1367 4718 lsidorus
1398 4667 1430 4718 Ι.
1454 4682 1501 4719 ιιι
1524 4666 1692 4733 Orig.,

142 4741 240 4797 cap.
270 4739 317 4787 1.

200 4803 311 4857 618.
342 4806 529 4859 Cicero
562 4806 598 4859 l.
636 4819 671 4857 ιι
708 4803 776 4857 de
821 4802 1004 4856 Natur.
1040 4804 1214 4865 deor.,
1260 4804 1411 4856 Oculi
1452 4813 1694 4870 tauquam

144 4874 450 4929 speculatores
477 4875 787 4928 altissimum
824 4873 989 4925 locum
1020 4874 1261 4927 obtinent.
1306 4874 1363 4927 ln
1397 4872 1581 4931 codice
1609 4881 1694 4926 est

143 4942 366 5003 geminato
388 4946 562 4999 minus
592 4956 754 4999 recte.
779 4942 914 4998 Vide
937 4942 973 4995 1.
1000 4958 1035 5011 t,
1068 4959 1206 4997 γενέ.
1231 4944 1336 4998 255
1359 4954 1411 4998 et
1438 4944 1561 4999 545.
1599 4943 1689 4995 γε-

144 5011 267 5082 brant
293 5030 382 5082 pro
410 5016 630 5069 micant.

202 5080 309 5135 619.
338 5084 521 5139 Cicero
544 5101 663 5155 cap.
694 5086 782 5149 57,
813 5086 849 5140 l.
881 5093 915 5138 tt
944 5084 1010 5138 de
1039 5082 1160 5137 Nat.
1192 5083 1367 5144 deor.,
1390 5080 1695 5155 Palpebrae-

145 5164 239 5214 qne,
259 5169 363 5225 qua:
383 5167 498 5207 sunt
525 5152 811 5225 tegumenta
828 5157 1183 5225 oculorum...
1217 5153 1479 5222 aptissime
1498 5224 1503 5225 ί
1522 5152 1692 5225 factm,

145 5231 181 5297 et
211 5223 267 5273 ad
305 5223 610 5279 claudendas
642 5227 865 5294 pupillas
898 5227 989 5297 (al.
1020 5224 1299 5295 pupulas),
1330 5240 1389 5276 ne
1417 5223 1542 5297 quid
1567 5224 1693 5297 inci—

147 5290 173 5336 d
200 5302 278 5355 rel,
314 5304 358 5347 et
398 5298 463 5348 ad
499 5290 915 5365 aperiendae”;
934 5290 1257 5359 Munitwque’
1286 5303 1401 5347 sunt
1429 5290 1695 5360 'palpebrte

149 5365 357 5436 (utiquam
389 5364 879 5436 vallo'pilorum....
912 5365 1096 5418 Latent
1126 5374 1371 5436 praeterea
1400 5364 1614 5436 utiliter,
1648 5372 1696 5417 et

148 5434 325 5507 excelsis
342 5433 802 5507 undique'partibus
819 5433 1337 5507 stepiuntur.Conier
1350 5433 1693 5507 Ambrosium

151 5494 182 5549 l.
203 5513 243 5553 vt
272 5494 536 5571 Meneni,
566 5494 683 5576 cap.
716 5509 771 5572 9,
796 5518 848 5561 et
876 5494 1134 5562 l'sidurum
1158 5507 1201 5576 _l.
1224 5520 1273 5557 ιιι
1301 5504 1473 5571 Orig.,
1492 5518 1612 5576 gap.
1641 5504 1695 5576 1,

152 5579 251 5646 curn
274 5578 400 5630 uotis
430 5572 647 5632 Grialis.
678 5576 1037 5646 Conjicieham
1074 5579 1124 5629 in
1158 5573 1441 5646 Dracontio
1483 5572 1549 5646 Et
1577 5574 1693 5643 pal-

154 5641 281 5717 Pflfra
305 5652 415 5713 tegit
438 5648 599 5710 luces,
628 5641 884 5715 munitque
916 5648 1181 5717 fenestras.
1210 5645 1464 5717 Palpebra
1492 5641 1697 5717 11ιρ16-

150 5709 246 5773 gul.
283 5709 496 5770 numero
532 5709 665 5770 dixit
700 5709 885 5774 Celsus
916 5709 952 5773 l.
986 5733 1039 5781 ν,
1068 5731 1187 5784 cap.
1222 5709 1319 5774 26.⁷
1342 5724 1476 5769 sect.
1514 5714 1602 5766 23.
1638 5714 1693 5767 in

154 5788 319 5838 neutro
340 5800 527 5856 genere
554 5788 850 5859 palpebram
878 5789 982 5847 dici
1014 5795 1240 5846 testatur
1264 5785 1468 5844 Nonius
1493 5799 1610 5859 cap.
1637 5785 1691 5858 5,

1799 4660 1960 4718 Omne
1996 4660 2149 4734 caput
2192 4680 2283 4731 pro
2326 4660 2492 4716 totum
2531 4672 2713 4734 caput,
2751 4671 2811 4734 ut
2849 4675 3008 4734 supra
3050 4673 3196 4734 vers.
3246 4660 3375 4734 561,

1797 4736 2025 4799 Quantos
2058 4729 2223 4801 caput
2270 4750 2417 4786 omne
2453 4732 2692 4799 capillos.
2739 4730 2927 4801 Capilli
2978 4730 3161 4801 vestis_
3187 4729 3378 4795 capitis

1792 4796 1935 4870 sunt,
1969 4811 2028 4857 ut
2055 4796 2263 4857 constat
2301 4818 2367 4856 ex
2396 4796 2525 4855 nota
2551 4800 2616 4853 ad
2655 4816 2796 4855 vers.
2823 4796 2949 4863 544,
2977 4800 3014 4851 1.
3041 4815 3081 4859 ι,
3114 4796 3287 4861 Facti,
3319 4806 3375 4848 ut

1792 4883 1838 4928 et
1872 4874 2104 4927 decorem
2131 4882 2394 4942 praestent,
2427 4880 2473 4924 et
2502 4870 2756 4942 cerebrum
2784 4874 3026 4942 adversus
3046 4940 3054 4942 Α
3070 4872 3231 4942 frigus
3257 4883 3376 4942 _mu-

1796 4945 1973 5068 aiant,
1996 4938 2144 5010 atque
2161 4961 2205 5067 ia
2233 4946 2339 4997 sole
2368 4941 2685 5011 defendant,
2717 4952 2772 4995 ut
2803 4940 2965 4996 tradit
2992 4940 3226 4994 lsidorus
3257 4938 3293 4991 l.
3325 4951 3378 4990 st

1850 5030 1972 5068 ne”
2005 5029 2123 5068 can.
2196 5054 2209 5068 .

1850 5015 1972 5077 rig..
2005 5029 2123 5081 cap.
2161 5015 2209 5068 1.

1869 5076 1996 5138 622.
2032 5076 2181 5138 Libr.
2229 5099 2279 5147 ι,
2326 5097 2466 5136 vers.
2494 5082 2631 5144 545,
2679 5081 2815 5135 Orbe
2856 5081 3041 5134 micant
3079 5078 3276 5146 gemino
3312 5076 3379 5130 de

1800 5155 1989 5221 oculis,
2024 5162 2077 5208 et
2101 5155 2139 5208 l.
2168 5170 2227 5218 ιι,
2250 5167 2394 5207 vers.
2420 5152 2549 5221 652,
2590 5151 2656 5206 Et
2683 5152 2882 5224 gemino
2909 5152 3046 5219 capit
3075 5150 3190 5203 orbe
3217 5149 3371 5200 diem.

1805 5224 1936 5277 Vide
1974 5232 2171 5277 notam.

1873 5295 1998 5348 625.
2032 5293 2175 5363 Lego
2204 5294 2429 5347 Naribus
2455 5294 2710 5357 abductis,
2745 5292 2895 5362 quasi
2919 5290 3179 5361 separatis
3207 5296 3261 5344 et
3291 5302 3379 5341 re-

1801 5363 2139 5429 cedentibus,
2172 5374 2231 5418 ιιι
2256 5364 2449 5431 duplex
2483 5365 2564 5416 via
2597 5373 2793 5433 pateat.
2870 5432 2873 5433 ν
3000 5412 3001 5415 η

1879 5433 2006 5488 624.
2025 5428 2161 5489 Vide
2184 5435 2220 5489 l.
2245 5450 2280 5499 ι,
2297 5428 2438 5488 vers.
2455 5433 2561 5487 542
2581 5428 2634 5487 et
2649 5432 3051 5502 595,quibusin
3069 5428 3382 5502 locis_r_ulu_r

1806 5505 1960 5573 genis
2010 5505 2280 5558 tribuitur.
2332 5504 2529 5558 Plinius
2579 5504 2616 5559 l.
2658 5519 2733 5567 ιι,
2777 5498 2826 5556 ρ.
2876 5504 2969 5567 3'7,
3017 5510 3151 5573 sect.
3196 5498 3383 5573 58,_de

1806 5567 1955 5643 genis
1984 5589 1996 5624 :
2036 5572 2259 5627 Pudoris
2289 5573 2396 5626 lure
2425 5574 2567 5627 sedes
2591 5590 2608 5626 :
2634 5573 2704 5625 ibi
2731 5572 3190 5643 magisostenditur
3210 5567 3383 5621 rubor.

1878 5644 2003 5700 627.
2026 5643 2168 5713 Lego
2191 5654 2461 5703 muratum.
2492 5659 2605 5711 qua:
2630 5657 2730 5696 vox
2759 5638 2843 5697 est
2863 5642 3088 5713 Vegetii.
3121 5638 3381 5713 Moratum

1809 5716 1937 5769 nihil
1991 5707 2249 5768 hoc'loco
2278 5707 2564 5781 signiﬁcat,
2597 5722 2851 5765 mutatum
2883 5707 3120 5781 apposite
3168 5707 3386 5766 exhibet

1808 5788 1994 5845 dentes
2030 5795 2283 5857 tanquam
2328 5779 2513 5841 inuras
2538 5782 2731 5857 quibus
2760 5779 2990 5855 cingitur
3018 5779 3277 5858 palatum.
