3902 6330
115 316 214 373 897

289 432 392 495 Me,
420 444 569 501 rogo,
592 430 700 500 jam
725 441 908 500 repara
937 429 1037 483 suh
1065 428 1310 484 libertate
1335 430 1592 494 solutum,

286 522 470 587 Clade,
503 533 808 578 catenarum
839 523 1036 576 ferrato
1062 505 1296 590 pondere
1323 535 1581 590 pressum.

113 616 213 674 650
284 614 368 670 Sit
391 614 511 668 vita:
541 614 778 682 requies,
800 614 990 666 anima:
1018 613 1126 667 sint
1151 613 1256 666 otia
1289 611 1467 680 fessze,

162 726 164 734 τ
281 705 367 761 Sit
390 717 577 759 secura
607 705 780 772 quies,
804 703 873 757 sit
903 719 1008 757 nox
1039 717 1158 756 cum
1188 716 1409 757 munere
1439 703 1631 767 noctis,

286 796 371 853 Sit
395 795 606 850 fortuna
628 795 818 861 redux,
847 796 916 850 sit
942 796 1110 849 virtus
1136 809 1301 864 usque
1323 807 1618 856 senectam,

281 887 362 942 Sit
385 886 718 942 venerandus
741 889 930 950 honos,
962 895 1014 940 et
1059 885 1312 955 quidquid
1345 887 1449 939 vita
1495 900 1680 954 preca-

426 1033 432 1045 ,
1481 980 1607 1051 itur,

281 1070 390 1124 Aut
418 1071 613 1126 amissa
641 1070 808 1137 dolet,
838 1079 1002 1124 totum
1029 1070 1228 1140 pietate
1251 1071 1503 1126 reforma.

279 1162 441 1234 362
469 1161 664 1227 Nosco,
690 1160 815 1231 quid
856 1161 1040 1226 iratus,
1081 1161 1165 1215 vel
1193 1161 1317 1230 quid
1371 1161 1683 1216 mitissimus

1477 1253 1511 1323 [ἰ
1521 1267 1610 1321 pse

283 1346 406 1411 Des,
437 1355 616 1415 pater:
659 1344 903 1412 adverto,
938 1357 1043 1398 non
1070 1351 1152 1398 est
1177 1343 1405 1398 formido
1435 1345 1639 1410 salutis,

282 1436 384 1489 Sed
419 1439 626 1490 veniam
675 1449 894 1504 sperare
942 1434 1084 1488 licet.
1122 1433 1358 1500 ltesipsa
1403 1433 1665 1502 probavit,

280 1524 430 1592 Quod
452 1526 604 1580 vivus
631 1540 776 1580 sum:
803 1527 990 1580 mortis
1010 1526 1163 1594 inops
1187 1527 1384 1594 pietate
1408 1541 1676 1591 reservur,

287 1615 402 1670 Non
433 1616 534 1682 ira,
566 1633 684 1671 nam
716 1616 759 1670 si
795 1615 1002 1670 Domini
1033 1617 1208 1685 gravis
1239 1619 1316 1668 ira
1351 1616 1555 1680 fuisset,

282 1707 396 1762 Non
425 1721 515 1762 me
540 1707 803 1772 dill‘erres,
834 1707 1008 1762 subita
1033 1706 1125 1761 sed
1156 1716 1327 1762 morte
1365 1722 1606 1772 necares,

117 1163 212 1218 655

124 1707 215 1762 660

279 1799 354 1855 Ne
400 1808 642 1870 peterem
674 1799 904 1861 veniam,
952 1813 1106 1869 quam
1135 1814 1427 1868 nunquam,
1468 1807 1673 1864 sancte,
1709 1805 1757 1866 Β

1353 1889 1602 1959 [negasti,

1287 311 1563 368 CARMEN
1605 309 1691 366 DE
1735 310 1884 367 DEO.
1928 313 2054 369 LIB.
2099 313 2183 368 lll.

3260 318 3360 374 898

1955 431 2058 484 Aut
2083 440 2138 483 ut
2163 443 2264 483 non
2293 443 2465 483 essent
2500 443 2736 497 prorsus,
2765 429 2850 483 cui
2895 443 3121 498 parcere
3144 446 3351 502 posses.

1957 523 2232 576 Servatqu
2258 535 2505 590 reparare
2526 521 2655 590 juhe
2685 502 2880 590 pietate
2902 531 3072 587 sueta,

1961 613 2026 667 Ut
2053 628 2262 667 merear
2291 623 2505 667 cantare
2537 622 2654 666 tuas
2681 627 2779 681 per
2805 615 3042 666 carmina
3073 613 3278 669 laudes.

1783 705 1886 759 665
1960 705 2214 770 Quamvis
2240 719 2396 757 nemo
2427 712 2513 756 tua
2542 703 2806 772 praaconia
2834 717 3068 773 congrua
3093 705 3244 771 dixit,

1961 800 2064 850 Aut
2091 810 2320 864 unquam
2341 795 2577 848 dicturus
2606 794 2708 848 erit
2737 811 2752 850 :
2780 808 2900 848 nam
2923 794 3151 850 formula
3181 797 3352 853 laudis

1958 887 2308 958 Temporibus
2352 885 2523 940 tribus
2563 885 2643 940 ire
2689 887 2847 950 solet,
2882 897 2934 940 tu
2965 890 3220 958 temporis
3262 907 3354 944 ex-

3206 976 3256 1014 I'S

3206 976 3256 1014 rs

1959 1047 2204 1119 Nunquid
2245 1047 2433 1114 habes,
2488 1048 2646 1110 Deus,
2701 1056 2825 1103 ante
2873 1052 3057 1104 tuum?
3236 1004 3354 1121 p’nsl

2909 1142 3074 1214 [cadit
3112 1145 3163 1198 in
3197 1148 3282 1199 te?

1968 1233 2128 1305 363
2153 1232 2208 1288 Si
2256 1232 2498 1286 laudator
2549 1232 2730 1296 abest,
2764 1243 3008 1288 narrator
3072 1235 3260 1304 plenus
3300 1246 3354 1291 at

3085 1326 3247 1397 [esset
3267 1345 3280 1382 :

1971 1417 2078 1473 Sed
2108 1417 2226 1487 quis
2252 1430 2387 1485 opus
2413 1429 2630 1470 narrare
2662 1423 2806 1470 tuum
2847 1431 3092 1473 sermone
3121 1421 3354 1477 valebit?

2027 1509 2341 1580 Suspexisse
2357 1508 2518 1563 Deum
2534 1507 2665 1562 satis
2680 1518 2759 1564 est
2771 1508 2837 1564 de
2858 1511 3022 1566 corde
3043 1521 3351 1578 trementer,

1961 1604 2026 1657 Et
2052 1602 2322 1671 lacrymis,
2340 1599 2686 1668 precibusque
2711 1601 2815 1669 piis
2843 1609 3162 1658 veneranter
3182 1603 3349 1658 adire.

1961 1696 2078 1750 Sint
2101 1693 2322 1748 reduces
2345 1692 2505 1760 vires,
2537 1706 2688 1746 mens
2716 1706 2845 1746 sana
2868 1693 2921 1746 in
2949 1707 3176 1764 corpore
3199 1710 3349 1763 sano,

1960 1787 2039 1842 Sit
2069 1785 2196 1840 mihi
2225 1785 2380 1854 longa
2409 1783 2526 1838 dies
2551 1783 2688 1838 felici
2709 1785 2927 1840 tramite
2958 1787 3103 1852 vitae,

1785 1882 1887 1936 675
1960 1881 2041 1935 Sit
2061 1891 2246 1934 secura
2270 1876 2481 1940 domus,
2507 1875 2629 1931 felix
2661 1891 2941 1932 numerosa
2971 1893 3221 1950 propago,

1791 1418 1895 1473 670

1349 1996 1730 2055 SCRIPTURA
1772 1994 1924 2050 COD.
1967 1990 2124 2046 VAT.

190 2095 302 2148 650.
329 2093 393 2146 Α.
426 2099 546 2145 sunt
576 2090 694 2142 otia.

191 2164 304 2217 654.
329 2165 425 2215 Aut
447 2160 634 2214 antissa
657 2159 829 2211 dolent
870 2169 906 2211 t.

188 2235 301 2287 655.
333 2231 584 2292 Dubium,
612 2229 772 2298 quod,
801 2244 866 2282 an
889 2229 1034 2298 quid.

189 2303 302 2356 657.
329 2301 571 2370 Speraret
597 2299 731 2351 licet.

190 2372 300 2428 659.
329 2371 450 2424 Non
478 2371 608 2422 iram
629 2385 763 2422 nam.

1853 2082 1976 2138 662.
2013 2082 2114 2135 Pro
2139 2082 2221 2134 cui
2253 2081 2455 2134 videtur
2482 2082 2590 2145 qui.

1856 2153 1976 2208 668.
2012 2153 2258 2212 Dubium,
2290 2152 2539 2216 nunquid,
2574 2164 2640 2205 an
2665 2154 2929 2219 nunquod.

1856 2224 1978 2278 669.
2007 2222 2197 2274 Plenus
2221 2222 2438 2274 adesset.

1860 2295 1984 2348 675.
2015 2293 2129 2347 Sint
2157 2291 2364 2344 reduces
2386 2291 2545 2342 tenuis
2573 2308 2636 2342 tit.

1856 2364 1980 2418 675.
2015 2361 2093 2416 Sit
2117 2362 2268 2414 homo
2294 2360 2369 2415 vel
2391 2361 2564 2431 perlex
2591 2361 2735 2430 felix.

1660 2459 1887 2517 NOTAE.

131 2580 295 2646 fuerat.
319 2575 809 2646 Nabuchodonosor
826 2581 944 2640 post
965 2582 1168 2643 septem
1199 2588 1388 2646 annos,
1408 2574 1520 2630 sive
1548 2584 1646 2629 tem
1660 2605 1676 2616 -

133 2645 236 2718 pora
259 2651 402 2703 bona:
425 2646 623 2718 menti_
642 2645 881 2718 redditus
927 2654 1029 2718 est,
1085 2651 1141 2698 et
1164 2645 1483 2718 regnavitjn
1535 2661 1672 2718 ar_cc,

134 2713 218 2772 hoc
244 2729 317 2772 est
364 2720 414 2771 in
443 2714 904 2781 aulaBahylnnis.
937 2714 1080 2768 Libr.
1130 2730 1168 2778 ι,
1200 2729 1340 2769 vers.
1373 2715 1476 2769 759
1504 2731 1516 2770 :
1573 2713 1676 2767 De-

135 2789 416 2860 ficitelatos,
439 2796 491 2860 et
515 2785 693 2860 mergit
716 2784 777 2836 ab
802 2784 1204 2860 arce_su_perbos.
1234 2785 1361 2860 Vide
1381 2796 1672 2860 comment.

135 2853 189 2912 ad
220 2859 574 2920 Prudentium,
629 2855 811 2924 hymn.
834 2855 868 2911 5
900 2853 1054 2909 Cath.
1089 2869 1229 2910 vers.
1259 2855 1328 2910 80
1359 2874 1370 2908 :
1404 2854 1558 2916 Areis,
1583 2857 1678 2925 ju-

136 2929 302 2980 stitiam
329 2928 467 2980 triste
502 2926 795 2994 tyrannicae.

193 2997 301 3055 650.
322 2997 574 3063 SuSpicur
601 2994 696 3048 hos
721 2994 952 3062 quinque
980 3009 1168 3050 versus
1198 2994 1535 3064 trajiciendos
1556 3011 1676 3050 esse

90 3069 95 3084 '
140 3077 241 3135 post
267 3084 397 3122 vers.
434 3065 566 3130 672,
600 3063 665 3115 Et
687 3065 946 3133 lacryntis.

196 3136 304 3191 651.
330 3136 542 3190 Munere
596 3132 1043 3198 noctis,’somno.
1107 3134 1160 3187 ln
1203 3132 1393 3188 fabulis
1448 3149 1554 3188 nox
1597 3143 1680 3190 est

141 3217 285 3260 mater
328 3216 414 3260 aut
461 3205 646 3258 nutrix
686 3205 880 3256 somni.
914 3203 1196 3271 Euripides
1229 3205 1279 3256 in
1317 3205 1503 3258 Oreste
1537 3219 1677 3259 vers.

143 3277 247 3338 17-1,
278 3277 316 3330 O
342 3275 647 3339 veneranda,
696 3273 981 3327 veneranda
1010 3290 1132 3339 nox,
1167 3273 1309 3326 Dans
1338 3290 1547 3328 somnos
1579 3274 1682 3327 La-

145 3347 334 3400 boriosis
361 3345 668 3398 hominibus.

202 3417 313 3471 652.
346 3416 598 3469 Fortuna;
645 3413 852 3467 reducis
911 3411 1163 3480 templum
1219 3413 1401 3468 Romae
1443 3423 1682 3468 erectum

147 3496 273 3539 erat:
317 3486 394 3538 cui
437 3484 593 3538 multi
637 3483 839 3552 lapides
888 3483 1193 3552 nummique
1223 3483 1458 3550 inscripti
1508 3483 1684 3537 adhuc

146 3564 346 3609 exstant.
377 3552 690 3610 Dracontius
720 3552 914 3606 veteris
944 3551 1023 3603 sui
1065 3561 1236 3606 status
1285 3552 1548 3607 fortunam
1601 3569 1686 3608 re-

145 3625 306 3680 ducem
342 3641 370 3678 a
428 3628 537 3679 [)eo
569 3622 781 3692 petebat
830 3621 1208 3692 etrsperabatiz
1236 3623 1433 3676 ethnici
1481 3639 1680 3678 numen

148 3694 365 3749 Fortuna:
402 3691 724 3754 tribuebant,
765 3691 902 3754 quod
954 3691 1114 3745 etiam
1160 3691 1433 3745 Juvenalis
1485 3695 1536 3745 in
1580 3693 1684 3747 line

147 3773 231 3888 3:38
348 3763 709 3834 reprehendit.
743 3762 910 3830 Usque
936 3771 1212 3830 senectam,
1238 3772 1295 3814 ut
1323 3762 1429 3815 dixi
1449 3764 1513 3816 ad
1537 3777 1677 3818 vers.

156 3861 168 3884 ι
276 3853 284 3887 ι
325 3874 338 3888 .
362 3847 415 3888 ιι.

148 3835 231 3888 708
257 3836 338 3888 lib.
362 3847 415 3889 ll.

205 3905 310 3958 655.
356 3905 513 3959 Forte
559 3912 604 3956 et
647 3901 893 3972 quidquid
927 3912 1041 3957 uota
1088 3913 1380 3973 precantur,
1433 3903 1533 3955 Aut
1573 3918 1686 3972 quas

151 3975 307 4027 amissa
329 3977 514 4028 dolent.

207 4044 315 4098 651.
369 4045 546 4098 Possis
593 4044 765 4112 legere
803 4043 1112 4096 Amissumve
1172 4043 1328 4107 dolet,
1374 4051 1429 4095 ut
1495 4042 1686 4098 melius

151 4115 360 4166 amissum
385 4116 653 4168 cohaereat
679 4129 799 4167 cum
839 4113 1106 4182 quidquid.
1155 4116 1223 4166 At
1269 4112 1520 4182 quidquid
1577 4115 1684 4166 vim

153 4183 338 4247 pluralis
379 4183 584 4238 numeri
612 4184 786 4237 habet.
817 4182 1123 4251 Propertius
1155 4183 1245 4236 lib.
1280 4199 1352 4246 tv,
1377 4187 1511 4249 eleg.
1543 4183 1596 4244 5,
1631 4184 1685 4237 in

154 4253 254 4323 ﬁne,
283 4254 513 4323 Quisquis
543 4270 705 4318 amas,
739 4253 1048 4323 scabris/ioc
1077 4257 1276 4305 bustum
1301 4253 1480 4305 credite
1518 4254 1679 4307 saxis.

154 4317 428 4377 DraCoutius
456 4327 506 4378 in
533 4317 848 4392 Eleg.vers.
887 4321 953 4376 15
983 4340 994 4374 :
1033 4323 1294 4392 Quidquid
1320 4331 1478 4393 agunt
1506 4323 1677 4375 homi-

155 4403 244 4452 nes,
270 4393 404 4454 bona,
440 4395 624 4458 tristia,
657 4409 918 4461 prospera,
943 4409 1117 4461 prava.

1853 2573 1975 2628 665.
2006 2573 2118 2626 Non
2151 2571 2288 2646 male
2330 2580 2470 2624 esset
2516 2587 2662 2646 nemo
2690 2571 3077 2646 tibuprwconia
3106 2591 3353 2646 congrua.

1783 2643 1861 2698 De
1901 2646 2002 2698 hoc
2031 2642 2285 2696 vocabulo
2315 2657 2570 2710 congt'ttus
2600 2642 2705 2693 dixi
2737 2640 2800 2692 ad
2832 2640 3174 2698 Prudentium
3201 2640 3354 2704 Cath.

1782 2713 1966 2783 hymn.
2004 2714 2087 2783 lii,
2123 2726 2262 2765 vers.
2299 2711 2418 2766 110.
2453 2711 2690 2783 Latinius
2708 2719 2790 2763 est
2819 2726 3125 2776 congruens.

1854 2782 1978 2837 666.
2013 2782 2134 2835 Tria
2168 2790 2403 2850 tempora
2431 2779 2616 2850 orandi
2651 2780 2814 2832 Deum
2845 2796 3028 2850 tuane,
3056 2798 3276 2850 veSpere
3295 2799 3353 2843 et

1777 2852 1998 2907 meridie
2013 2849 2239 2918 explicui
2264 2851 2328 2903 ad
2352 2849 2699 2904 Prudentium
2728 2849 2911 2918 hymn.
2941 2851 2974 2904 5
2993 2849 3174 2921 Cath.,
3202 2871 3354 2912 vers.

1854 2991 1978 3046 667.
2011 2989 2158 3058 Eleg.
2191 3004 2330 3043 vers.
2368 2988 2421 3053 5,
2456 2986 2520 3041 Et
2547 2990 2787 3055 temporis
2807 3004 3006 3059 expers.

1854 3062 1976 3117 668.
2009 3062 2206 3114 Anteet
2233 3067 2345 3130 post
2370 3073 2518 3130 more
2564 3060 2879 3114 substantivi
2910 3071 3189 3126 ponuntur.
3223 3065 3356 3120 Vide

1789 3135 1858 3189 de
1907 3133 2009 3185 hoc
2050 3128 2364 3200 argumento
2407 3128 2500 3182 lib.
2554 3145 2611 3194 ll,
2651 3145 2790 3184 vers.
2833 3130 2938 3185 752
2981 3147 3097 3199 seq.
3127 3131 3358 3200 Prosiier

1788 3205 1957 3272 epigr.
1991 3200 2079 3267 41,
2113 3199 2221 3272 Nec
2249 3216 2412 3252 serum
2440 3210 2526 3251 aut
2567 3215 2842 3272 properum
2890 3201 2986 3254 sibi
3008 3203 3158 3255 sentit
3188 3205 3240 3256 in
3272 3199 3358 3258 Vor-

1787 3271 1907 3327 dine
1937 3287 2128 3333 rerum,
2145 3271 2239 3325 Cui
2263 3279 2444 3323 cuncta
2471 3271 2716 3323 assistunt
2751 3279 2865 3322 acta
2886 3282 2933 3324 et
2960 3274 3160 3340 agenda
3183 3275 3356 3330 simul.

1788 3343 1938 3410 Quod
1970 3342 2296 3409 epigramma
2329 3349 2410 3394 est
2455 3340 2522 3393 de
2562 3342 2887 3406 providentia
2922 3341 3013 3396 Dei
3060 3351 3114 3396 et
3145 3344 3193 3397 iu
3242 3346 3360 3400 aliis

1787 3413 2108 3468 editionihus
2130 3415 2360 3478 septimo
2386 3411 2503 3463 loco
2535 3413 2762 3476 ponitur.

1859 3484 1984 3537 669.
2016 3480 2203 3534 Plenus
2224 3493 2274 3534 at
2304 3491 2426 3534 esset
2451 3481 2636 3535 melius
2667 3497 2731 3536 ex
2760 3481 3064 3551 conjectura
3109 3484 3238 3538 mihi
3273 3485 3353 3539 vi-

1789 3568 1906 3608 sum
1937 3566 2116 3622 quam,
2144 3553 2319 3618 plenus
2350 3552 2567 3605 adesset.

1862 3625 1927 3678 67
1939 3617 1982 3678 ι’.
2020 3617 2308 3675 Trententer
2333 3632 2507 3690 posset
2526 3623 2716 3676 mutari
2740 3622 2788 3676 in
2822 3625 3095 3690 trementi;
3123 3617 3216 3678 sed
3239 3627 3361 3679 reti-

1790 3694 2020 3747 nendum
2050 3701 2132 3764 est
2159 3693 2317 3758 etiam
2352 3692 2467 3764 sine
2488 3694 2752 3762 exemplo.
2779 3694 2879 3764 Sic
2897 3709 3036 3747 vers.
3063 3710 3176 3764 seq.
3210 3710 3358 3749 uene-

1788 3772 1961 3816 ranter
1994 3762 2157 3815 adire.
2195 3764 2323 3816 Vide
2352 3763 2643 3831 prolegom.
2679 3779 2825 3817 num.
2861 3763 2978 3817 155.

1861 3834 1986 3886 679..
2035 3832 2363 3892 Venerauter.
2403 3831 2599 3885 dictum
2641 3832 2707 3887 de
2749 3832 2848 3886 hoc
2883 3833 3135 3887 adverbio
3184 3835 3277 3889 lib.
3312 3851 3352 3900 ι,

1789 3918 1933 3957 vers.
1965 3902 2017 3954 4.
2067 3901 2216 3956 Adde
2263 3901 2616 3955 'l‘heodull'um
2669 3903 3106 3957 Aurelianensem
3151 3904 3241 3958 lib.
3298 3925 3348 3970 ι,

1699 4023 1702 4026 .
1789 3987 1956 4027 carm.
1988 3973 2050 4026 15
2077 3985 2091 4024 :
2123 3974 2305 4023 Annua
2326 3987 2396 4024 sic
2424 3973 2575 4024 etiam
2599 3982 2890 4025 veneranter
2911 3973 3037 4040 festa
3057 3990 3318 4029 canamus.

1859 4044 1982 4098 675.
2012 4041 2261 4096 Mendum
2308 4042 2360 4094 in
2401 4042 2583 4094 codice
2637 4042 2757 4095 aliis
2811 4043 3134 4109 coniecturis
3169 4059 3355 4100 ausam

1791 4114 2011 4180 praebet,
2060 4122 2116 4165 ut
2145 4110 2262 4164 Sint
2291 4112 2481 4164 reditus
2507 4122 2694 4177 tenues,
2739 4113 2816 4166 vel
2871 4112 2960 4165 Sic
2983 4115 3136 4166 victus
3176 4117 3359 4169 tenuis.

1791 4185 2023 4238 Pradero
2055 4182 2171 4236 Sint
2220 4183 2431 4236 reduces
2471 4183 2616 4246 vires,
2666 4183 2786 4250 quia
2830 4198 2957 4236 vere
2999 4183 3182 4237 fracta:
3210 4197 3364 4239 erant

1797 4252 2058 4307 Dracontii
2106 4252 2273 4322 vires,
2324 4262 2378 4304 ut
2422 4267 2486 4322 es
2517 4267 2668 4322 vers.
2715 4252 2819 4307 595
2868 4252 3055 4322 liquet.
3089 4253 3358 4321 Eugenius

1790 4323 2080 4397 Toletanus
2101 4321 2152 4376 in
2169 4321 2491 4397 orationead
2511 4321 2672 4397 Deum
2704 4337 2872 4397 carm.
2900 4325 2957 4397 _l,
2975 4324 3009 4376 I.
3027 4339 3068 4397 t,
3095 4323 3174 4397 Sit
3190 4340 3373 4397 comes,

1792 4392 1930 4444 alma
1959 4393 2117 4452 salus,
2172 4403 2217 4444 et
2263 4393 2558 4461 suﬁicientia
2581 4395 2758 4453 victus,
2787 4393 2964 4446 Absint
3014 4395 3222 4456 divitiw,
3253 4406 3356 4450 etc.

209 4462 315 4516 656.
346 4461 586 4516 Formido
611 4458 694 4516 est
722 4473 893 4516 metus
927 4458 1309 4523 vehementior,
1361 4461 1556 4530 quique
1585 4463 1676 4518 diu
1703 4458 1760 4520 D
1787 4463 2038 4517 Paulinus
2070 4464 2119 4517 iu
2149 4458 2456 4530 precatione
2483 4463 2547 4514 ad
2593 4463 2753 4515 Deum
2777 4477 2943 4516 carm.
2976 4465 3030 4528 5,
3063 4463 3175 4517 Sim
3223 4470 3358 4516 tenui

157 4541 411 4600 permanet,
430 4546 480 4587 et
511 4534 786 4586 horrorem
817 4532 1152 4600 coniunctum
1177 4534 1367 4585 habet:
1397 4548 1502 4599 quo
1523 4549 1681 4587 sensu

157 4599 347 4654 formido
371 4603 552 4656 salutis
579 4604 881 4655 amittenda:
912 4599 940 4654 ἐι
970 4618 1065 4669 spe
1099 4603 1268 4655 veniae
1303 4612 1624 4656 removetur.

216 4669 325 4724 658.
355 4670 507 4740 Inops
542 4673 623 4725 hic
657 4672 814 4726 rebus
864 4673 1157 4740 applicatur
1193 4673 1382 4740 quibus
1418 4687 1632 4740 egemus
1662 4689 1676 4726 :

160 4735 238 4791 hoc
264 4741 366 4796 loco
392 4735 536 4810 inops
568 4743 741 4794 mortis
762 4751 842 4795 est
859 4735 1081 4796 a'morte
1096 4735 1394 4810 exemptus,
1438 4735 1674 4796 nonduin

160 4819 377 4889 mortuus.
400 4811 504 4866 Nec
546 4827 822 4889 perperam
860 4813 1198 4882 interpunges
1229 4812 1374 4876 Quod
1403 4813 1537 4865 vivus
1565 4827 1678 4865 sum

160 4882 303 4951 mortis
332 4885 486 4951 inaps,
520 4882 701 4948 pietate
729 4897 973 4936 reservor.

180 4946 320 5023 H660.
348 4946 649 5023 Adisis'libr.
670 4969 705 5013 I,
724 4966 862 5006 vers.
883 4952 953 5007 29
979 4966 1127 5021 seqq.
1160 4950 1356 5007 Eodem
1373 4951 1516 5023 enim
1537 4950 1681 5023 iden-

161 5015 294 5070 tidem
357 5021 634 5075 revolvitur
680 5023 1012 5086 Dracontius,
1059 5015 1122 5076 ὐὶ
1198 5023 1286 5076 Dei
1336 5020 1678 5076 clementiam

161 5093 473 5145 commendet.

217 5155 323 5212 661.
351 5160 548 5224 Sancte,
573 5172 630 5216 ut
659 5160 768 5216 dixi
795 5161 861 5215 ad
882 5175 1023 5215 vers.
1059 5160 1182 5216 598.

218 5226 321 5302 662,
347 5229 464 5302 Vide
495 5248 615 5285 num
648 5233 834 5286 melius
861 5248 1086 5300 prorsus,
1110 5232 1196 5302 qui
1222 5247 1425 5298 poscere
1457 5247 1677 5298 possem.

357 5301 510 5372 Sueta
540 5295 885 5372 trisyllabum,
921 5311 976 5356 ut
1005 5295 1142 5372 vers;
1174 5295 1296 5356 446.

221 5366 324 5437 biit.
353 5368 540 5425 Confer
588 5366 675 5424 lit}.
711 5366 904 5434 i,vers.
938 5373 1060 5437 749,
1094 5371 1159 5425 Ut
1178 5373 1372 5425 valeam
1403 5389 1684 5426 memorare

165 5438 254 5512 tuas
278 5435 360 5490 hoc
383 5442 595 5512 carmine
613 5445 810 5496 laudes.
839 5442 988 5508 Quod
1004 5435 1178 5495 autem
1209 5443 1518 5496 Dracontius
1545 5459 1683 5512 nunc

168 5510 288 5566 Pﬁlil.
327 5519 377 5581 ut
423 5510 555 5564 Deus
581 5522 842 5566 servatum
892 5525 1104 5581 reparet
1152 5513 1214 5564 ad
1245 5512 1450 5566 divinas
1499 5511 1682 5566 laudes

167 5578 411 5649 cantandas
434 5597 518 5647 per
547 5584 789 5646 carmina,
815 5597 916 5636 non
956 5578 1058 5636 tam
1084 5583 1183 5635 hoc
1203 5596 1414 5636 carmen
1447 5596 1682 5649 przeseus

168 5638 307 5698 innuit
335 5638 480 5714 quain
509 5651 626 5703 alia.
664 5651 762 5705 Per
777 5638 1007 5707 'denotat
1032 5653 1274 5715 modum;
1305 5661 1393 5704 aut
1427 5638 1564 5705 idem
1598 5661 1681 5717 est

168 5723 216 5762 ac
241 5720 516 5773 carminibus
546 5731 762 5775 cantare.

1791 4537 2038 4586 victu.....
2073 4532 2192 4585 Non
2217 4533 2387 4586 animo
2413 4532 2634 4594 doleam,
2661 4547 2762 4583 non
2792 4547 3020 4600 corpore.
3057 4533 3170 4584 Alia
3196 4533 3356 4587 verba

1791 4602 2060 4657 Dracontii
2085 4603 2361 4669 desumpta
2403 4609 2528 4652 sunt
2570 4615 2637 4654 ex
2669 4600 2912 4654 iuvenali
2953 4610 3055 4655 sat.
3090 4600 3179 4664 10,
3209 4616 3355 4656 vers.

1789 4673 1915 4740 556,
1949 4673 2213 4725 Orandum
2239 4681 2333 4736 est,
2366 4681 2418 4722 ut
2448 4671 2515 4722 sit
2541 4685 2678 4721 mens
2705 4687 2830 4722 sana
2860 4672 2910 4722 in
2940 4686 3150 4740 corpore
3167 4688 3320 4732 sano.

1860 4743 1980 4796 674.
2013 4743 2261 4795 Paulinus
2308 4742 2358 4793 iu
2412 4741 2717 4809 precatione
2760 4741 3014 4794 matutina
3070 4741 3136 4794 ad
3192 4741 3356 4797 Deum

1789 4827 1963 4880 poem.
2005 4814 2037 4868 4
2077 4827 2091 4864 :
2126 4809 2351 4882 Exaudi,
2393 4811 2439 4862 si
2464 4811 2609 4876 justa
2647 4825 2848 4882 precor,
2872 4827 2934 4863 ne
2957 4811 3023 4882 sit
3053 4813 3176 4865 mihi
3200 4812 3356 4866 tristis

1793 4882 1913 4935 Ulla
1943 4883 2069 4946 dies,
2107 4880 2362 4950 placidam
2391 4896 2492 4933 nox
2514 4889 2713 4945 rumpat
2739 4880 2881 4932 nulla
2907 4880 3142 4949 quietem.

1862 4951 1986 5006 675.
2017 4953 2093 5006 Ad
2125 4951 2277 5020 hujus
2300 4965 2499 5020 versus
2549 4950 2936 5004 reStitutionem
2975 4952 3104 5004 alias
3149 4952 3359 5020 conjec-

1792 5029 1940 5078 turas
1964 5019 2250 5077 iudicabo:
2284 5019 2363 5074 Sit
2411 5020 2611 5080 domus,
2643 5029 2794 5084 atque.
2821 5032 2948 5074 u‘xor
2987 5022 3134 5088 felix,
3182 5019 3358 5074 nume-

1789 5107 1910 5145 rosa
1959 5108 2204 5161 prapago.
2236 5090 2316 5145 Sit
2347 5093 2457 5142 sine
2494 5090 2604 5161 labe
2649 5089 2852 5161 domus,
2882 5092 3026 5161 falis.
3057 5091 3202 5143 Adsit
3243 5092 3361 5144 laeta

1794 5161 1997 5227 domus,
2030 5160 2169 5230 quod
2200 5171 2524 5230 postremum
2559 5160 2949 5214 hemistichium
2976 5160 3180 5214 Paulini
3209 5173 3290 5214 est
3311 5163 3359 5213 in

1796 5229 2099 5301 precatione
2163 5229 2443 5294 matutina,
2489 5231 2575 5296 qui
2613 5230 2802 5299 pergit,
2854 5231 3112 5301 epulisque
3161 5229 3362 5283 alludat

1795 5305 2033 5371 inemptis
2076 5300 2242 5354 Verna
2271 5310 2433 5366 satur,
2472 5301 2704 5371 ﬁdusque
2732 5316 2918 5366 comes,
2949 5302 3234 5368 nitidusque
3266 5302 3361 5352 mi-

1793 5367 1967 5436 nister,
1996 5372 2254 5442 illorigera
2294 5380 2340 5424 et
2371 5367 2580 5442 conjux,
2602 5367 2858 5442 citumque
2896 5387 2960 5429 ea:
2987 5367 3356 5442 conjugenati.

1797 5444 1870 5495 Ex
1907 5441 2094 5496 eodem
2137 5439 2361 5494 Paulino
2406 5439 2473 5493 in'
2508 5440 2811 5508 precatione
2846 5441 3076 5495 secunda
3106 5439 3358 5508 conjicias

1793 5513 1844 5565 in
1877 5513 2164 5565 Dracontio
2195 5513 2308 5566 Sim
2336 5512 2532 5580 genitor
2560 5525 2776 5577 semper,
2803 5510 2949 5579 felix.
2993 5511 3243 5564 Paulinus
3267 5511 3362 5562 hu-

1793 5583 1883 5635 bet
1913 5582 1974 5634 Et
2007 5597 2199 5646 semper
2221 5583 2415 5650 genitor
2436 5582 2544 5632 sine
2572 5581 2775 5650 vulnere
2797 5582 3015 5634 nominis
3043 5580 3222 5646 hujus.
3262 5581 3364 5634 Vc-

1795 5661 1932 5706 tcres
1983 5649 2248 5704 felicitatis
2291 5664 2458 5718 genus
2486 5649 2750 5703 ducebant
2798 5653 2976 5718 plures
3001 5652 3199 5705 habere
3231 5651 3360 5703 lihe-

1794 5736 1902 5775 ros.
1923 5722 2136 5775 Ovidius
2162 5721 2281 5774 libr.
2307 5723 2338 5774 6
2361 5720 2595 5784 Metam,
2619 5735 2757 5777 vers.
2797 5721 2996 5786 l55,de
3019 5723 3224 5777 Niobe:
3253 5719 3364 5774 Net
