3902 6330
607 376 711 436 905

1882 586 2074 652 [vene,

860 673 1229 744 Propitiusque
1274 673 1430 743 jubes
1451 714 1464 737 ,
1496 684 1553 729 ut
1582 674 1717 728 bona
1758 684 1947 729 cuncta
1973 687 2181 744 gerant.

613 769 678 825 15
783 764 1046 835 Quidquid
1077 775 1241 835 agunt
1282 765 1525 820 homines
1551 805 1565 829 ,
1600 765 1736 817 bona
1761 804 1776 829 ,
1820 766 1988 819 tristia
2017 811 2030 835 ,
2067 782 2187 837 pro-

1597 858 1797 927 ispera,
1823 873 2003 927 prava,

2584 261 2713 275 ol‘rit"
2736 276 2755 282 ν.

1909 370 2265 430 DRACONTII
2306 374 2628 435 CARMINA.
3686 385 3751 439 illi

785 490 944 562 369
1006 488 1103 556 Qui
1151 488 1280 543 facis
1326 486 1532 552 iratus,
1596 488 1837 543 homines
1878 492 2141 546 contraria
2208 504 2256 559 Α

2539 495 2647 549 floc
2675 493 2784 549 ficti
2808 494 3091 549 admittunt
3120 496 3198 550 ira
3228 496 3468 567 favorque
3492 496 3591 552 Dei.

2464 585 2573 639 liae
2598 592 2685 639 tua
2709 584 2868 639 verba
2899 585 3124 654 probant
3151 586 3327 641 Moseo
3352 587 3484 641 dicta
3514 590 3739 657 propheta.

2528 676 2691 746 37o
2716 675 2868 741 Quod
2898 675 3184 732 duraturus
3214 691 3305 731 cor
3336 678 3596 733 Pharaonis
3612 696 3713 736 eras.

2462 766 2549 821 Sic
2581 782 2696 820 mea
2728 766 2885 821 corda
2920 767 3075 834 Deus,
3113 777 3297 823 nostro
3328 781 3563 836 peccante
3586 783 3698 826 reatu

2289 857 2369 913 2.0.
2538 855 2817 927 Temporis
2839 859 3129 925 immodici,
3162 860 3311 930 pellit
3333 860 3395 914 ad
3417 860 3593 915 illicita.

1930 968 2163 1026 VARIE
2204 970 2598 1029 LECTIONES.

682 1091 765 1145 15.
810 1087 994 1151 Sirm.,
1031 1085 1131 1150 Qui
1160 1084 1283 1154 facis
1328 1084 1485 1137 iratus
1508 1081 1700 1136 homini
1729 1083 1985 1135 contraria
2017 1084 2168 1137 bella.

610 1164 820 1227 Azagr.,
850 1161 1005 1212 iratos
1027 1157 1273 1209 homines.

682 1223 764 1285 11.
797 1232 982 1291 Sirm..
1009 1237 1188 1279 cuncta
1218 1232 1377 1296 gerat.
1404 1224 1615 1291 Azagr.,
1645 1232 1825 1277 cuncta
1854 1232 2080 1294 regnent.
2118 1223 2172 1277 ln

614 1302 1219 1375 Vataestyerett.stwm
1242 1304 1439 1375 9⁸ν⁰1¹¹⁶
1489 1364 1521 1375 ..
1801 1364 1852 1375 -.
2019 1363 2052 1375 Α
2102 1364 2112 1375 .

687 1373 771 1425 15.
804 1363 913 1424 llo'c
941 1363 1223 1423 distichum
1245 1363 1307 1419 in
1338 1364 1445 1418 duo
1473 1363 1726 1419 dividitur
1748 1379 1776 1417 a
1799 1364 1983 1431 Sirm.,
2011 1363 2176 1430 Quid-

610 1442 729 1509 quid
756 1448 909 1509 agunt
933 1438 1177 1497 homines,
1217 1436 1363 1509 bona,
1389 1450 1659 1509 prospera,
1689 1445 1887 1509 sancta,
1923 1435 2169 1509 modesta,

612 1501 679 1565 Te
715 1501 949 1579 faciente,
975 1509 1103 1575 fiunt
1131 1524 1229 1579 quo
1257 1501 1397 1557 bona
1418 1501 1596 1579 cuncta
1625 1508 1775 1579 ﬁunt.
1884 1516 2061 1579 contra
2083 1507 2179 1579 ad—

610 1576 767 1649 versa,
799 1583 1039 1651 probrosa
1061 1621 1073 1645 ,
1109 1578 1363 1646 ntaligna,
1400 1577 1666 1629 inhonesta
1709 1576 1783 1629 Tu
1824 1576 1933 1642 ﬁeri
1967 1576 2179 1642 pateris;

2281 1086 2369 1155 qui
2389 1087 2527 1138 mala
2555 1086 2698 1139 nulla
2721 1089 2865 1156 facis.

2355 1157 2441 1227 16.
2474 1157 2734 1210 Scribitur
2756 1159 2806 1212 in
2838 1158 2955 1211 Vat.
2984 1162 3297 1226 ammittunt,
3330 1171 3381 1215 et
3408 1164 3557 1227 fabor.

2354 1226 2440 1279 17.
2483 1226 2669 1303 Sirm.,
2712 1228 2847 1303 Haec
2872 1236 2959 1281 tua
3001 1229 3084 1283 lea:
3128 1231 3296 1284 docuit
3346 1231 3511 1301 Moyse
3544 1238 3767 1303 prescripts

2288 1305 2514 1349 notante.
2550 1302 2766 1364 Azagr.,
2792 1298 2955 1352 Mosa.

2358 1366 2443 1421 18.
2474 1365 2658 1431 Sirm.,
2693 1366 2817 1420 Cum
2846 1371 3179 1437 perduratum
3208 1388 3295 1424 cor
3325 1371 3585 1427 Pharaonis
3605 1376 3673 1426 (ιιι.

2357 1437 2442 1491 19.
2468 1437 2659 1513 Sirm.,
2688 1437 2777 1513 Sic
2806 1455 2882 1492 nte
2908 1441 3101 1508 lingua,
3122 1440 3270 1513 _Deus
3292 1443 3458 1513 lingua
3483 1455 3671 1512 patrastte
3708 1464 3766 1499 εα-

2286 1514 2419 1563 ιιιηι.
2452 1507 2666 1575 Azagr.,
2698 1511 2772 1561 sic
2793 1526 2902 1562 mea
2924 1507 3078 1563 corda
3111 1510 3269 1565 Deus.

2354 1577 2441 1632 20.
2493 1578 2681 1644 Sirm.,
2712 1578 2882 1633 Noxia
2923 1582 3074 1647 culpa
3105 1583 3273 1652 ligans
3302 1584 3449 1637 traxit
3474 1583 3534 1636 ad
3556 1586 3719 1639 inlicita.

2160 1689 2385 1745 ΝΠΤᾹΞ.

611 1823 730 1866 tur:
772 1808 1015 1861 Dominus
1041 1807 1172 1860 enim
1196 1806 1431 1877 pracepit
1458 1806 1501 1858 ei
1550 1814 1601 1855 ut
1636 1806 1955 1877 malediceret
1993 1803 2174 1858 David.
2208 1808 2255 1867 B
2282 1815 2756 1877 citurmauratum
2795 1818 2868 1860 est
2899 1824 2986 1861 cor
3026 1808 3337 1865 Pharaonis.
3386 1813 3481 1868 Sed
3522 1829 3621 1869 cum
3659 1830 3768 1872 antea

613 1882 925 1934 Dracontius
955 1878 1095 1931 enim
1129 1876 1232 1930 non
1265 1886 1465 1930 tantum
1488 1876 1801 1941 sententias,
1826 1876 1919 1930 sed
1945 1878 2174 1929 etverba

609 1953 721 2019 ipsa
752 1968 780 2003 a
810 1952 977 2003 sacris
1004 1948 1219 2019 Litteris
1242 1961 1485 2019 persaepe
1508 1955 1795 1999 mutuatur.

684 2023 768 2076 15.
812 2019 1080 2075 δίιιιιοιιιιὶ
1118 2017 1403 2086 scriptura,
1446 2017 1559 2071 sive
1612 2017 2007 2083 interpolatoris
2055 2031 2176 2070 cor-

609 2094 779 2148 rectio
809 2092 963 2159 longe
991 2089 1141 2143 abest
1183 2104 1211 2142 a
1262 2086 1531 2159 Dracontii
1578 2087 1842 2159 acumine.
1886 2087 2068 2159 Deus,
2104 2089 2175 2139 ait

611 2157 946 2226 Dracontius,
976 2174 1095 2213 eum
1120 2161 1283 2211 iratus
1307 2158 1505 2211 homini
1538 2166 1617 2209 est
1646 2172 1708 2209 ac
1738 2158 1843 2209 vult
1884 2157 2028 2210 illum
2081 2171 2176 2224 pu-

611 2234 749 2297 nire,
782 2232 904 2285 facit
932 2245 1050 2282 cum
1075 2230 1209 2283 velle
1238 2228 1338 2281 sibi
1367 2230 1630 2280 contraria
1661 2241 1722 2279 ac
1754 2226 2013 2281 nocitura.
2048 2227 2175 2280 Haec

609 2310 784 2354 autem
818 2301 1062 2352 voluntas
1094 2298 1347 2359 hominis,
1374 2301 1460 2365 qui
1486 2311 1595 2349 rem
1626 2298 1723 2349 sibi
1749 2299 2045 2351 nocituram
2076 2313 2169 2365 ap-

610 2372 758 2439 petit,
792 2385 934 2437 saepe
961 2369 1162 2439 nullum
1195 2368 1351 2419 habet
1367 2367 1663 2439 admixtum
1692 2369 1929 2439 crimen,
1953 2366 2101 2432 Quod
2119 2368 2176 2439 si

614 2436 915 2508 huiusmodi
966 2437 1243 2508 uctioAseu
1293 2436 1539 2508 voluntas
1596 2437 1801 2508 scelere
1850 2436 2039 2508 infecta
2086 2437 2173 2500 sit,

614 2505 776 2564 etiam
812 2520 936 2563 tunc
966 2510 1021 2560 lit
1050 2523 1078 2560 a
1117 2506 1226 2559 Deo
1269 2522 1371 2558 non
1419 2505 1653 2568 volente,
1697 2505 1787 2557 sed
1838 2507 2177 2573 permittente

612 2589 913 2649 peceatum;
970 2594 1072 2647 quo
1105 2588 1279 2649 tamen
1311 2585 1366 2629 ut
1391 2576 1710 2649 ejus_etiam
1738 2575 1965 2642 effectis,
2014 2578 2178 2631 utitur

608 2645 672 2704 ad
707 2652 972 2705 hominem
990 2645 1082 2700 cui
1107 2648 1271 2700 iratus
1300 2657 1381 2699 est
1407 2645 1750 2713 puniendum.

685 2722 767 2774 1t.
797 2721 849 2774 In
868 2719 1027 2773 Sirm.
1059 2726 1201 2787 gerat
1220 2717 1443 2770 refertur
1471 2715 1544 2787 ad
1560 2714 1827 2787 hominem
1844 2731 1984 2771 vers.
2014 2732 2175 2786 prave.

609 2792 715 2849 Sed
748 2807 866 2844 cum
894 2791 944 2842 in
970 2785 1085 2841 Vat.
1120 2803 1265 2840 vers.
1301 2801 1458 2854 prtec.
1506 2786 1573 2838 sit
1606 2785 1853 2849 homines,
1897 2785 2175 2843 necessum

610 2870 694 2914 est
722 2870 913 2929 gerant.
948 2858 1086 2911 Deus
1114 2857 1262 2925 jubet
1290 2856 1554 2929 homines,
1580 2857 1770 2929 quibus
1792 2858 2049 2929 propitius
2075 2868 2176 2922 est,

612 2926 772 2999 opera
802 2931 938 2983 bona
980 2930 1215 2999 ipsisque
1259 2928 1530 2995 profutura
1568 2926 1767 2999 facere.
1829 2928 2076 2983 Fortasse
2105 2930 2177 2982 le-

608 2996 836 3070 gendum
863 3010 944 3053 est
973 2998 1332 3070 Propitiusque
1350 3000 1519 3070 juvas‘.
1567 2996 1793 3070 Primam
1812 3000 1886 3070 Ain
1928 3000 2179 3070 prapitius

612 3067 831 3138 produci
868 3083 1046 3138 posse,
1080 3068 1290 3121 ostendi
1325 3070 1375 3120 in
1398 3067 1693 3136 prolegom.
1715 3068 1781 3121 ad
1810 3068 2172 3137 Prudentium,

612 3156 669 3195 ιι.
699 3140 826 3195 205.

684 3212 769 3266 15.
797 3210 1066 3266 Juvenalis
1112 3216 1214 3281 sat.
1262 3208 1323 3281 1,
1362 3222 1513 3281 vers.
1552 3208 1656 3263 86:
1707 3209 1965 3281 Quidquid
2016 3222 2173 3281 agunt

612 3282 855 3347 homines,
892 3292 1080 3345 votum,
1111 3280 1283 3341 timor,
1308 3280 1407 3341 ira,
1433 3279 1687 3346 voluptas.
1731 3278 1786 3332 ln
1814 3280 1913 3333 hoc
1941 3278 2174 3336 disticho

611 3362 756 3423 patet
782 3360 1221 3423 quatnmutatitm
1258 3349 1596 3423 Dracontium
1624 3349 1776 3403 nobis
1803 3350 1917 3423 ejus
1941 3351 2176 3419 interpo-

610 3419 750 3479 lator
779 3419 1086 3477 reddiderit.
1122 3419 1438 3491 Dracontius
1455 3420 1721 3491 affirmat;
1751 3422 1928 3473 omnia
1960 3424 2067 3491 regi
2097 3423 2177 3475 di-

610 3494 729 3546 viua
761 3491 1115 3560 providentia,
1142 3491 1299 3557 bona,
1332 3488 1523 3551 tristia,
1551 3504 1823 3557 prospera,
1854 3488 2039 3559 prava,
2059 3508 2175 3560 quze

610 3564 694 3618 vel
722 3563 899 3617 favore
944 3561 1082 3625 Dei,
1134 3560 1217 3612 vel
1260 3562 1331 3612 ira
1366 3561 1724 3627 proveniunt:
1769 3576 1958 3624 nempe
2009 3563 2167 3627 bona,

609 3649 862 3702 prospera
895 3633 1092 3695 favore,
1131 3630 1319 3702 tristia,
1356 3644 1520 3702 prava
1544 3630 1639 3682 ira.
1675 3630 1787 3683 Sibi
1822 3630 2016 3700 ubique
2046 3648 2176 3685 cou-

608 3700 755 3757 SIans
784 3704 817 3756 Ι.
849 3718 885 3768 ι,
932 3716 1069 3755 vers.
1108 3702 1193 3768 18,
1225 3701 1334 3753 ait:
1371 3700 1556 3752 Omnia
1587 3716 1700 3769 qua:
1733 3702 1966 3765 veniunt,
2007 3705 2135 3756 bona
2158 3744 2173 3767 ,

608 3774 816 3844 gaudig,
857 3775 1038 3839 tristia,
1081 3772 1257 3844 acerba
1283 3809 1298 3835 ,
1333 3769 1655 3823 Descendunt
1698 3787 1760 3823 ea:
1792 3788 1909 3823 arce
1955 3771 2068 3834 Dei,
2115 3776 2177 3826 de

608 3841 724 3897 sede
761 3842 1027 3897 Tonantis.
1060 3841 1221 3913 Quod
1247 3856 1377 3913 vero
1416 3857 1555 3894 nunc
1593 3843 1679 3913 ait,
1707 3857 1897 3913 prava,
1932 3844 2177 3913 intelligit

608 3916 851 3978 adversa,
879 3914 1120 3968 distorta.
1168 3910 1296 3964 Vide
1324 3910 1362 3964 I.
1394 3926 1407 3963 ι
1438 3956 1449 3976 ,
1482 3927 1620 3965 vers.
1650 3910 1777 3965 561.
1803 3912 2054 3977 Quamvis
2082 3910 2177 3966 au-

607 3994 711 4038 tem
739 4000 898 4064 prava
925 3984 1187 4064 explicare
1206 3982 1338 4034 velis
1361 3982 1619 4064 scelerate
1642 3982 1797 4062 facta,
1833 3984 2173 4064 tame-nnDra:

609 4051 819 4107 contius
845 4063 998 4106 caute
1022 4052 1236 4106 adhibet
1264 4051 1481 4122 verbum
1516 4053 1809 4117 admittunt,
1834 4054 1976 4122 quod
2006 4054 2173 4107 favori

607 4124 701 4175 Dei
733 4123 978 4187 volentis,
1023 4130 1078 4174 et
1109 4122 1199 4173 irae
1230 4120 1468 4187 ejusdem
1518 4120 1873 4188 permittentis
1903 4124 2170 4177 convenit.

605 4192 959 4258 lnterpolator
981 4189 1284 4260 distinctius
1314 4191 1480 4243 voluit
1510 4205 1776 4257 exponere
1806 4208 1867 4245 ea
1893 4208 2009 4260 qum
2035 4195 2172 4246 Deus

605 4270 854 4329 tanquam
885 4268 1070 4313 auctor
1104 4258 1258 4322 facit,
1291 4270 1343 4329 et
1369 4276 1429 4311 ea
1454 4274 1573 4327 qua:
1598 4261 1768 4313 solum
1798 4258 2087 4327 permittit,
2121 4273 2175 4317 et

604 4328 828 4384 virtutes
870 4345 932 4383 ac
975 4329 1125 4393 vitia,
1177 4328 1320 4396 quod
1365 4330 1677 4383 Dracontius
1732 4332 1930 4394 omisit,
1973 4334 2174 4387 diserte

605 4400 1062 4456 commemoravit.
1108 4398 1330 4451 Rivinus
1361 4399 1411 4452 in
1457 4398 1725 4470 Sirmondi
1769 4404 2010 4456 versibus
2051 4404 2176 4470 legit

605 4472 684 4526 Tu
707 4473 852 4543 facis,
867 4480 919 4524 ut
937 4472 1080 4543 ﬁant,
1098 4470 1185 4539 qui
1208 4470 1333 4522 bona
1352 4478 1533 4543 cuncta
1554 4469 1699 4543 facis,
1721 4486 1815 4543 pro
1840 4470 1910 4523 Te
1933 4469 2171 4540 faciente,

605 4540 755 4611 fiunt,
808 4560 909 4611 quo
957 4542 1084 4594 bona
1117 4550 1297 4592 cuncta
1342 4542 1488 4606 ﬁunt.
1537 4540 1839 4594 Absurdum
1877 4553 2023 4596 certe
2066 4560 2169 4597 nun

604 4626 747 4668 esset
773 4614 816 4666 si
858 4611 1168 4665 Dracontius
1214 4610 1437 4679 primam
1482 4611 1532 4663 in
1560 4611 1689 4678 fiunt
1720 4626 1840 4664 cum
1885 4612 2172 4666 Prudentio

604 4695 657 4738 et
686 4684 806 4738 aliis
837 4681 1183 4750 corripuisset
1214 4697 1226 4733 :
1264 4682 1369 4734 imo
1405 4681 1686 4749 aliquando
1742 4684 2067 4751 corripuisse
2107 4699 2171 4737 ex

603 4754 753 4808 libris
774 4753 840 4807 de
864 4753 971 4807 Deo
999 4751 1174 4820 colligi
1196 4761 1391 4821 potest.
1418 4751 1551 4804 Vide
1572 4759 1749 4805 notata
1770 4753 1835 4805 ad
1862 4753 1894 4805 Ι.
1924 4769 2002 4815 ιιι,
2028 4769 2167 4808 vers.

603 4824 725 4878 155.
769 4824 959 4877 Verum
1000 4838 1065 4876 ex
1102 4822 1203 4875 hoc
1248 4821 1446 4892 Elegia:
1489 4836 1647 4874 versu
1695 4824 1864 4875 solum
1910 4826 2167 4892 arguitur,

603 4895 1037 4962 interpolatorem
1065 4891 1333 4944 Dracontii
1369 4891 1592 4960 primam
1618 4895 1668 4943 in
1693 4894 1821 4958 ﬁunt
1852 4891 2065 4947 brevem
2100 4895 2173 4948 fe.

602 4969 759 5030 cisse,
784 4964 909 5029 quin
936 4962 1107 5015 Rivini
1129 4963 1390 5015 correCtio
1413 4963 1706 5015 necessaria
1730 4963 1817 5015 sit.

678 5036 759 5088 16.
792 5033 936 5087 Libr.
994 5047 1029 5097 ι,
1079 5046 1219 5085 vers.
1258 5033 1345 5095 10,
1390 5032 1549 5085 etiam
1587 5042 1845 5086 memorat
1890 5034 2040 5086 variis
2083 5036 2172 5086 sub

599 5104 799 5157 casibus
848 5106 971 5167 iras,
1025 5099 1091 5152 Et
1183 5103 1232 5153 ia
1280 5111 1392 5153 vota
1439 5101 1556 5165 Dei,
1604 5102 1797 5170 quibus
1846 5105 2068 5157 adversa
2120 5115 2173 5159 et

601 5188 855 5223 urosuera
887 5172 1086 5223 tribuit.
1119 5118 1345 5223 Διὶὶάηιίιιο
1374 5171 1811 5223 significationem
1846 5173 2002 5223 habet
2038 5189 2169 5223 con-

601 5188 855 5240 prosiiera
887 5172 1086 5226 tribuit.
1119 5170 1345 5223 Admitte
1374 5171 1811 5239 significationem
1846 5173 2002 5227 habet
2038 5189 2169 5228 con-

599 5243 845 5307 cedendi,
904 5241 1349 5311 approbandiiac
1397 5242 1759 5308 permittendi,
1805 5250 1859 5298 et
1906 5244 2007 5298 hoc
2055 5246 2171 5300 loco

598 5310 1166 5381 communem'utrique
1191 5310 1288 5365 rei.

672 5386 757 5439 17.
802 5385 943 5437 Libr.
989 5398 1049 5450 ιι,
1079 5379 1220 5437 vers.
1256 5379 1379 5446 162,
1412 5381 1598 5437 eodem
1633 5384 1789 5438 modo
1822 5383 2000 5438 Moseo
2024 5386 2166 5455 prin-

599 5456 709 5527 cipe
738 5456 942 5527 gentis._
1080 5523 1090 5527 _
1292 5523 1303 5527 _
1578 5524 1585 5527 Α
2114 5498 2117 5501 .

671 5523 755 5581 18ζ
801 5526 909 5579 Hoc
931 5524 1049 5578 loco
1078 5523 1429 5595 interpolator
1451 5524 1717 5595 corrigere
1744 5527 1907 5581 voluit
1933 5527 2168 5581 Dracon—

598 5598 728 5651 tium
751 5638 765 5660 ,
792 5598 879 5665 qui
907 5599 1071 5665 verba
1100 5594 1308 5648 Domini
1330 5594 1394 5647 ad
1422 5594 1658 5665 Moyse’m
1692 5600 1756 5649 ita
1791 5597 1982 5662 refert,
2020 5597 2169 5663 Quod

596 5664 873 5736 duraturus
898 5681 984 5736 cor
1006 5664 1293 5718 Pharaonis
1318 5682 1454 5736 eras.
1481 5664 1596 5719 Non
1627 5667 1821 5733 placuit
1844 5668 1893 5719 id
1926 5666 2162 5736 interpo-

602 5732 793 5801 latori,
827 5735 913 5801 qui
946 5745 1225 5801 propterea
1250 5735 1559 5801 substituit,
1591 5732 1688 5791 Cor
1715 5739 2004 5790 induratum
2050 5732 2167 5790 cum

597 5797 886 5853 Pharaonis
913 5797 1003 5854 ait.
1038 5797 1111 5855 Ac
1140 5814 1281 5857 certe
1324 5805 1492 5859 Exodi
1520 5797 1639 5875 cap.
1669 5824 1737 5861 vit
1765 5849 1776 5873 ,
1806 5823 1945 5861 vers.
1979 5810 2061 5875 15,
2088 5809 2166 5862 di-

2200 4512 2253 4573 Ι)

2280 1875 2543 1957 Dominus
2570 1877 2737 1957 Moysi
2768 1878 2967 1932 dixerit
2992 1894 3114 1957 cap.
3150 1898 3222 1945 tv,
3265 1897 3403 1957 vers.
3429 1885 3483 1938 21
3512 1885 3639 1957 {Ego
3662 1889 3770 1941 indu-

2280 1946 2520 2020 rabocor
2547 1950 2688 2020 ejus,
2735 1958 2780 2000 et
2830 1965 2929 2001 non
2968 1946 3186 2005 dimittet
3226 1954 3486 2020 populum,
3531 1946 3771 2011 Drvacontius

2282 2016 2399 2070 haec
2423 2016 2536 2085 ipsa
2568 2019 2727 2093 verba
2762 2021 3001 2093 respexit
3029 2037 3149 2089 quae
3177 2016 3477 2092 argumento
3516 2026 3613 2093 ejus
3652 2031 3771 2089 magis

2280 2096 2593 2155 congruunt.
2633 2089 2875 2142 Ostendit
2904 2092 3049 2143 enim
3101 2089 3267 2146 Deum
3310 2110 3400 2148 cor
3426 2089 3625 2148 hominis
3661 2099 3769 2149 ἰιιιιιι-

2281 2171 2430 2232 rare,
2455 2156 2604 2232 quod
2626 2160 3018 2232 exemplosuo
3062 2165 3366 2217 confirmat.
3397 2165 3535 2232 Saepe
3570 2168 3610 2218 iu
3649 2169 3771 2220 sacris

2281 2226 2499 2299 Litteris
2551 2226 2850 2297 hujusmodi
2894 2231 3193 2286 locutiones
3227 2226 3515 2289 occurrunt.
3552 2235 3770 2299 Apostolus

2281 2298 2344 2374 ad
2390 2298 2780 2374 ltoman_._eap.
2827 2315 3086 2374 is,_vers.
3134 2303 3201 2357 17
3251 2314 3303 2359 et
3340 2321 3485 2374 seq.:
3528 2298 3641 2358 Dicit
3677 2310 3771 2359 eam

2282 2367 2555 2443 Scriptura
2575 2368 2838 2443 Pharaoni
2857 2386 2877 2423 :
2909 2371 3040 2434 Quia
3065 2374 3119 2425 in
3152 2375 3247 2426 hoc
3275 2367 3431 2443 ipsum
3454 2378 3633 2429 excitavi
3656 2387 3711 2436 te,
3736 2388 3770 2429 ut

2282 2441 2546 2490 ostendam
2568 2440 2619 2491 in
2650 2451 2693 2491 te
2714 2442 2946 2493 virtutem
2975 2459 3159 2505 meam,
3188 2456 3234 2497 et
3258 2440 3309 2496 nt
3337 2448 3621 2499 annuntietur
3639 2464 3769 2499 nomen

2282 2523 2447 2559 meum
2476 2510 2533 2584 in_
2556 2511 2785 2584 universa
2814 2518 2965 2584 terra.
3000 2510 3140 2584 Ergo
3167 2518 3313 2581 cujus
3343 2515 3441 2568 vult
3465 2518 3713 2573 miseretur.
3738 2528 3770 2568 et

2274 2594 2423 2649 quem
2452 2577 2553 2631 vult
2577 2582 2804 2632 indurat.
2834 2582 3000 2652 lsaias
3028 2577 3149 2652 cap.
3185 2577 3329 2649 sit...
3361 2602 3489 2641 vers.
3528 2587 3577 2638 17
3606 2607 3615 2637 :
3641 2587 3769 2651 Quare

2279 2664 2450 2700 errare
2480 2664 2567 2702 nos
2597 2652 2787 2718 fecisti,
2824 2649 3057 2721 Domine,
3088 2649 3157 2708 de
3200 2657 3289 2708 viis
3321 2658 3415 2709 tuis
3434 2672 3451 2718 ,'
3470 2649 3679 2709 indurasti
3704 2672 3768 2707 cor

2280 2729 2508 2771 nostrum
2539 2736 2600 2772 ne
2639 2722 2927 2773 timeremus
2964 2733 3027 2775 te.
3063 2724 3267 2779 Omitto
3299 2727 3550 2779 innumera
3572 2726 3654 2778 alia
3680 2742 3767 2790 qua

2282 2791 2559 2859 tamettita
2588 2789 2807 2859 intelligi
2830 2791 3046 2858 debent,
3075 2806 3131 2847 ut
3160 2797 3305 2850 nullo
3326 2798 3472 2851 modo
3495 2796 3613 2851 Deus
3631 2789 3768 2849 auctor

2283 2858 2484 2932 peccati
2528 2858 2813 2932 credatur,
2857 2864 2997 2930 quod
3045 2864 3300 2925 Calvinus
3348 2867 3497 2932 impie
3535 2866 3765 2919 asserebat.

2285 2929 2636 2998 Hieronymus
2670 2931 2735 2983 ad
2762 2929 2989 2986 loc.’cit.
3026 2934 3177 2989 Isaias
3204 2937 3310 2990 col.
3348 2929 3441 2991 757
3468 2938 3534 2990 sic
3559 2939 3654 2988 ait:
3678 2936 3765 2987 Non

2278 3015 2387 3076 quo
2409 2997 2543 3076 Deus
2570 3004 2758 3054 erroris
2785 3019 2941 3056 causa
2966 3005 3031 3056 sit
3058 3046 3073 3069 ,
3118 3016 3168 3059 et
3200 3009 3425 3073 duritiae,
3466 3008 3542 3060 sed
3563 3022 3645 3076 quo
3666 3006 3765 3057 illius

2283 3071 2527 3142 patientia
2558 3080 2781 3123 nostrum
2813 3078 3145 3141 exspectant’s
3176 3071 3420 3142 salutem,
3447 3079 3553 3130 dum
3573 3071 3659 3129 non
3688 3092 3764 3127 ror-

2208 3149 2254 3211 c
2286 3141 2404 3216 ripit
2431 3142 2772 3216 delinquentes
2796 3182 2811 3205 ,
2838 3159 3006 3216 causa
3048 3151 3236 3202 erroris
3269 3141 3546 3216 duritiaque
3577 3150 3759 3198 videatur.

2287 3213 2611 3281 agtigustinus
2636 3213 2788 3281 epist.
2828 3213 2927 3267 194
2947 3256 2961 3278 ,
2985 3216 3053 3268 al.
3098 3218 3204 3275 105
3225 3261 3238 3281 ,
3264 3235 3405 3273 num.
3439 3213 3525 3281 11,
3551 3217 3636 3271 col.
3661 3216 3759 3269 7l9:

2282 3277 2391 3333 Nec
2418 3282 2635 3354 obdurat
2670 3277 2803 3335 Deus
2833 3277 3169 3352 impertienda
3199 3277 3439 3341 malitiam
3460 3329 3473 3354 ,
3502 3277 3577 3341 sed
3598 3303 3676 3339 non
3699 3287 3763 3337 int-

2281 3353 2545 3417 pertiendo
2584 3355 2982 3408 misericordiam
3002 3397 3017 3421 ,
3047 3367 3099 3411 et
3130 3368 3281 3413 tract.
3314 3360 3380 3413 55
3425 3361 3471 3412 in
3495 3358 3653 3412 Joaun.
3676 3372 3758 3422 cap.

2280 3436 2372 3493 sit,
2406 3438 2552 3476 num.
2592 3424 2644 3489 6,
2670 3424 2775 3477 col.
2809 3424 2911 3479 646
2937 3444 2949 3478 :
2983 3428 3072 3481 Sic
3096 3431 3233 3483 enim
3256 3440 3459 3483 exerceat
3480 3470 3492 3493 ,
3520 3430 3581 3481 sic
3605 3428 3760 3480 obdurat

2280 3490 2438 3568 Deus,
2484 3494 2784 3568 deserendo,
2835 3506 2881 3547 et
2942 3512 3041 3549 non
3081 3500 3391 3568 adjuvaudo.
3426 3490 3489 3553 S.
3508 3498 3696 3551 Thomas
3725 3495 3759 3546 in

2281 3562 2447 3630 Epist.
2473 3564 2543 3634 ad
2572 3564 2839 3620 Romanos
2866 3581 2984 3634 cap.
3018 3583 3093 3631 ιι,
3128 3562 3251 3623 lect.
3279 3572 3329 3634 5,
3353 3570 3575 3624 distincte
3598 3583 3647 3620 ac
3662 3581 3758 3632 pra:-

2278 3637 2424 3686 cise:
2459 3632 2743 3709 Dicendum
2792 3632 3094 3709 quod'Deus
3128 3656 3231 3692 non
3272 3632 3447 3692 dicitur
3481 3640 3676 3709 indurare
3696 3633 3762 3709 ali-

2278 3720 2400 3771 quos
2444 3705 2657 3767 directe,
2710 3706 2853 3772 quasi
2898 3705 2950 3758 in
2980 3708 3050 3760 eis
3085 3720 3258 3764 causet
3288 3711 3534 3771 malitiam,
3564 3708 3637 3759 sed
3666 3705 3761 3757 iudi-

2277 3784 2432 3849 recte,
2464 3776 2519 3849 in
2553 3784 2800 3849 quantum
2832 3777 3024 3830 scilicet
3059 3794 3121 3833 ea;
3148 3780 3227 3833 his
3255 3796 3365 3848 quia
3394 3781 3507 3849 facit
3542 3781 3585 3829 in
3615 3777 3761 3849 homine

2278 3846 2412 3921 intus
2428 3846 2519 3921 _vel
2547 3854 2688 3898 castra
2712 3888 2738 3921 ,_
2759 3845 3087 3921 h_omq_sumit
3110 3844 3419 3903 occasionem
3445 3848 3608 3921 peccati
3639 3854 3674 3898 et
3698 3844 3761 3921 hoc

2278 3915 2386 3978 ipse
2418 3914 2552 3967 Deus
2582 3917 2843 3985 permittit.
2887 3916 3032 3970 Unde
3074 3934 3176 3973 non
3208 3922 3390 3973 dicitur
3426 3914 3633 3971 indurare
3658 3914 3761 3981 quasi

2279 3985 2594 4060 nuntiaando
2622 3986 2900 4054 malitiam,
2928 3988 3016 4040 sed
3045 4004 3149 4042 non
3179 3990 3466 4060 apponendo
3492 3988 3685 4060 gratiam.

2350 4056 2437 4108 19.
2481 4054 2698 4108 fliviuus
2728 4060 3045 4131 scripturam
3088 4054 3356 4114 Sirmondi
3383 4063 3454 4113 sic
3475 4054 3754 4131 emendabat:

2282 4125 2368 4199 Sic
2398 4141 2508 4199 me,
2540 4134 2712 4178 sancte
2752 4124 2940 4199 Deus,
2962 4129 3133 4196 lingua
3166 4139 3394 4195 patrante
3420 4139 3615 4199 reatum,
3632 4124 3758 4199 Nouit

2278 4196 2429 4260 culpa
2456 4196 2630 4271 ligans
2649 4198 2804 4249 traxit
2833 4199 2898 4249 ad
2926 4192 3126 4251 illicita.
3152 4192 3390 4255 Genuina
3417 4200 3557 4254 lectio
3586 4192 3757 4271 Vat..his

2280 4281 2396 4333 quae
2427 4264 2733 4331 praecedunt
2758 4282 2819 4321 ac
2845 4279 3138 4336 sequuntur
3164 4272 3329 4325 multo
3346 4264 3753 4337 estcongruentior.

2280 4350 2435 4403 quam
2471 4337 2816 4404 interpolator
2845 4334 3206 4394 de‘industria
3248 4345 3491 4404 mutavit,
3518 4334 3755 4404 difficultate

2280 4399 2567 4460 deterritus
2612 4399 2752 4460 vers.
2806 4422 2920 4477 seq.
2982 4411 3319 4477 explicanda.
3366 4399 3754 4464 Anitnadvertendl

2281 4490 2418 4529 nunc
2454 4486 2541 4547 est
2587 4480 2808 4531 mutatio
2858 4482 3062 4535 numeri
3102 4498 3213 4534 mea
3248 4482 3416 4547 corda,
3463 4489 3607 4532 nostra
3638 4480 3752 4529 reatu.

2277 4562 2394 4619 qtae
2426 4546 2741 4619 Christianis
2767 4549 3002 4618 antiquis
3030 4552 3375 4619 scriptoribus
3405 4546 3649 4619 familiaris
3681 4548 3750 4619 gsl-

2280 4609 2465 4670 Victor
2496 4617 2729 4671 Viteusis
2761 4620 2797 4671 Ι.
2828 4636 2865 4685 ι,
2889 4609 2956 4673 de
2982 4609 3357 4676 Persecutione
3390 4618 3650 4675 Vandalica,
3675 4609 3753 4663 Νυσ

2276 4687 2373 4753 bis,
2406 4690 2472 4759 ad
2501 4704 2652 4759 quem
2692 4692 2921 4743 custodia
2948 4692 3244 4759 pertinebat.
3272 4692 3417 4746 Plura
3443 4686 3643 4755 exempla
3664 4694 3751 4733 con.

2276 4759 2412 4832 gerit
2440 4757 2686 4832 Barthius
2716 4757 3137 4832 luxurAdvers.
3161 4802 3175 4825 ,
3218 4778 3333 4831 cap.
3366 4764 3444 4823 15,
3490 4760 3565 4826 qui
3590 4760 3751 4832 ιεξιθίιξτ

2277 4826 2492 4894 optimis
2519 4830 2868 4895 scriptoribus
2897 4830 3033 4885 hanc
3059 4826 3397 4887 mutationem
3424 4827 3602 4883 numeri
3630 4826 3744 4875 iuusn-

2277 4907 2438 4951 tatam
2472 4913 2578 4950 non
2608 4899 2788 4955 fuisse.

2344 4968 2434 5021 20.
2476 4969 2641 5022 Suum
2677 4970 2930 5039 temporis
2960 4970 3224 5027 immodici
3256 4980 3447 5027 reatum
3466 4971 3643 5039 accusa}
3660 4959 3749 5039 Dra‘

2275 5039 2504 5091 contius.
2536 5039 2679 5092 Libr.
2713 5034 2799 5103 ut,
2822 5057 2964 5095 vers.
2994 5042 3136 5097 576:
3173 5042 3272 5095 Ilei
3292 5041 3445 5094 mihi!
3468 5037 3584 5108 quod
3605 5034 3748 5102 facinus

2277 5125 2375 5161 non
2408 5124 2504 5182 uno
2532 5118 2759 5182 tempore
2786 5120 2980 5182 gestum
3006 5150 3021 5177 ,
3052 5113 3119 5166 Ut
3153 5130 3259 5166 mea
3281 5113 3407 5181 facta
3430 5112 3551 5163 luam
3570 5146 3590 5182 ,ι
3608 5111 3747 5182 ιξζζιιζξιξ

2276 5181 2497 5231 convenit
2524 5180 2575 5231 in
2607 5172 2806 5234 mm.”
2820 5182 2909 5236 Ait
2928 5197 2988 5237 se
3009 5172 3046 5235 va
3074 5184 3182 5238 Deo
3209 5172 3517 5249 compulsum
3539 5177 3591 5226 ad
3617 5172 3745 5249 illicilft

2275 5250 2326 5302 in
2359 5263 2569 5318 poenam
2594 5251 3009 5306 iuveteratorum
3032 5236 3310 5308 seelerum.
3331 5236 3431 5307 'Sed
3461 5254 3657 5318 potestne
3675 5236 3745 5318 dict

2315 5315 2415 5373 uod
2449 5320 2584 5374 Deus
2614 5321 2754 5389 pellit
2787 5323 2854 5375 ad
2882 5324 3104 5378 illicita?
3133 5323 3309 5377 Potest
3332 5315 3501 5377 eodem
3521 5325 3651 5390 sensu
3673 5315 3744 5372 (1υο

2275 5336 2416 5440 (heus
2447 5405 2736 5440 cxcmcare-
2770 5393 3053 5440 obdurare-
3080 5395 3286 5440 [malum
3310 5394 3356 5440 in
3386 5388 3622 5440 passiones
3638 5386 3744 5440 lﬂno‘

2324 5404 2416 5442 eus
2447 5386 2738 5459 excmcare,
2770 5393 3056 5459 obdurare,
3080 5395 3286 5449 tradere
3309 5394 3356 5447 in
3386 5388 3622 5460 passiones
3638 5386 3746 5460 ign?-

2275 5461 2455 5513 minia:
2475 5444 2706 5532 dicitur.
2725 5444 3064 5531 Ἀὖεῖίέιῖιὶιὶέ
3083 5444 3355 5519 ἲῑὲῐιέειίἷ
3386 5444 3434 5515 et
3465 5457 3615 5532 Libert

2275 5544 2391 5599 cap.
2425 5530 2517 5593 21,
2552 5547 2604 5584 ιι.
2650 5533 2749 5597 45,
2781 5528 2882 5586 col.
2914 5534 3051 5589 742:
3087 5536 3255 5598 Satis,
3292 5541 3518 5600 quantum
3551 5528 3739 5600 existunt)3

2274 5581 2625 5670 mdnifest'atur
2650 5642 2663 5665 ,
2692 5581 2892 5671 operari
2933 5604 3097 5658 Deum
3124 5608 3173 5659 in
3204 5581 3425 5658 cdrdibus
3456 5581 3742 5673 homullle

2274 5666 2594 5745 inclinandus
2624 5666 2796 5727 eorum
2830 5675 3129 5741 voluntates,
3159 5687 3440 5745 quocunque
3456 5666 3739 5745 Δυοιιιιιὶἐιξίξξξ

2274 5743 2341 5792 ad
2372 5744 2498 5794 bona
2521 5759 2612 5811 pro
2639 5760 2729 5796 sua
2756 5734 3127 5809 misericordia,
3159 5734 3255 5798 sive
3281 5748 3343 5795 ad
3362 5734 3491 5794 inata
3507 5734 3738 5812 prquf‘jf

2275 5826 2465 5875 corum,
2489 5790 2689 5881 jitdicio
2712 5819 2881 5885 utique
2907 5831 3020 5882 suo,
3048 5790 3316 5887 aliquando
3333 5790 3736 5887 αρενιονάίίίῖυαηόθ
