3964 6296
176 334 284 387 157

1415 336 1764 393 EPISTOL/E
1806 337 1891 392 ET
1934 340 2275 398 DECRETA.

3376 359 3479 417 153

182 458 259 509 sit
285 462 342 509 et
371 454 541 508 virtus
583 462 746 522 atque
775 454 1058 523 perfectio,
1102 458 1291 511 merito
1322 458 1497 544 omnis
1544 458 1785 514 Ecclesia
1813 457 1863 514 Α
1896 459 2167 525 portiones
2194 478 2206 513 :
2236 475 2461 531 quarum
2491 480 2650 522 unam
2693 469 2793 529 sibi
2822 472 2923 543 ipsi
2958 476 3206 544 retineat,
3252 480 3475 539 alterum

186 552 244 602 in
277 550 421 603 hunc
443 564 602 602 unum
635 548 812 602 virum
844 549 1166 619 perfectum,
1197 532 1459 621 cujus'est
1500 568 1602 607 una
1634 566 1782 620 caro,

189 644 507 712 perhibetur
531 657 847 699 occurrere.

732 734 1051 791 DECRETA
1090 738 1247 793 DUO.
1324 806 1343 825 θ

268 828 374 897 (Ex
403 829 625 896 epistola
652 828 721 883 ad
752 828 1033 883 Dardaniae
1063 830 1344 900 episcopos
1372 831 1699 902 desumpta.)

883 939 1101 978 γειικυιι.

194 1015 387 1087 Repeti
421 1034 520 1072 non
556 1027 770 1087 possunt
815 1034 929 1141 qu:
968 1017 1182 1087 triginta
1218 1022 1365 1073 annis
1408 1020 1576 1088 quiete
1613 1021 1781 1090 posti-

917 1099 1085 1141 entur.

917 1099 1085 1143 entur.

272 1181 399 1237 Post
424 1184 742 1253 quingentos
773 1199 942 1238 annos
968 1185 1253 1240 constituta
1282 1184 1482 1241 Christi
1523 1187 1782 1256 quosdam

196 1272 360 1328 audio
378 1275 513 1329 velle
540 1276 874 1343 subvertere,
896 1292 1016 1331 cum
1045 1277 1257 1347 triginta
1284 1292 1545 1333 annorum
1578 1278 1661 1333 lex
1688 1278 1783 1335 ho-

192 1367 399 1421 minum
429 1382 534 1422 non
569 1368 740 1437 possit
766 1368 1031 1437 abrumpi.

835 1474 1130 1516 SECUNDUI.

194 1550 317 1606 Non
345 1561 538 1621 Oportet
575 1554 637 1609 ab
665 1572 839 1608 eorum
857 1557 1202 1626 'eleemosynt's
1228 1556 1478 1611 abstinere
1504 1568 1617 1626 post
1644 1574 1782 1611 mor-

288 1636 405 1689 tem,
434 1626 701 1693 quibus_in
728 1627 826 1679 vita
852 1628 1226 1682 communicare
1251 1645 1352 1682 non
1378 1629 1686 1684 destitimtts.

262 1713 374 1769 Nec
402 1715 689 1784 quisquam
738 1717 888 1771 vobis
932 1719 1151 1772 omnino
1197 1719 1534 1789 persuadeat,
1583 1722 1781 1775 Acacio

191 1808 663 1877 praevaricationis
685 1824 796 1862 suae
813 1811 1016 1864 crimen
1046 1810 1209 1866 fuisse
1240 1811 1478 1866 laxatum
1506 1830 1517 1864 ε
1542 1813 1662 1882 quia
1687 1812 1779 1883 qui
1810 1841 1858 1903 Β

186 1910 476 1971 postquam
506 1902 561 1955 in
591 1902 880 1972 collegium
904 1902 1147 1959 recidens
1183 1905 1479 1973 pravitatis,
1510 1905 1631 1975 jure
1658 1922 1775 1961 me-

184 1997 293 2048 rnit
326 1995 398 2048 ab
420 1996 716 2065 apostolica
731 1998 1109 2054 communione
1134 1999 1360 2069 secludi,
1385 2001 1437 2055 in
1465 2001 1567 2056 hac
1586 2002 1774 2057 eadem

184 2089 489 2154 persistens
518 2089 865 2145 damnatione
893 2090 1179 2148 defunctus
1214 2104 1317 2161 est,
1363 2094 1773 2160 absolutionem,

183 2194 349 2246 quam
390 2189 666 2249 superstes
714 2199 818 2235 non
860 2184 1105 2253 quaesivit
1151 2186 1370 2242 omnino
1409 2200 1526 2242 nec'
1556 2190 1773 2255 meruit,

182 2283 282 2323 nec
311 2280 561 2325 mortuus
607 2273 718 2340 jam
750 2282 928 2343 potest
976 2277 1279 2345 impetrare.
1332 2279 1606 2349 Siquidem
1647 2281 1777 2351 ipsis

182 2363 446 2429 apostolis
472 2363 671 2418 Christi
698 2381 831 2421 voce
861 2367 1163 2438 delegatum
1209 2380 1288 2426 est
1318 2390 1332 2425 :
1369 2373 1495 2437 Qua:
1539 2374 1774 2445 ligaveri-

182 2454 247 2507 ἠδ
294 2472 452 2523 super
507 2465 696 2511 terram
749 2457 966 2527 (Matth.
1012 2455 1187 2533 XVlll),
1233 2474 1288 2519 et
1334 2465 1560 2536 reliqua.
1586 2465 1778 2545 Caete-

180 2561 303 2601 rum
336 2548 405 2601 de
434 2562 505 2604 eo
529 2549 624 2619 qui
650 2551 704 2604 in
731 2550 920 2607 divino
949 2552 1154 2620 judicio
1183 2566 1266 2612 est
1290 2558 1631 2628 constitutus,
1673 2578 1774 2618 no-

180 2639 263 2694 bis
297 2638 383 2695 fas
408 2657 520 2697 non
551 2652 633 2698 est
679 2644 823 2698 aliud
868 2648 1181 2714 decernere,
1228 2659 1424 2719 praeter
1471 2653 1523 2708 id
1571 2654 1627 2709 in
1668 2671 1777 2726 quo

174 2748 305 2788 eum
356 2735 475 2791 dies
520 2752 807 2809 supremus
861 2742 1059 2797 invenit
1101 2752 1306 2813 :atque
1355 2745 1477 2802 ideo
1526 2748 1627 2804 nisi
1658 2749 1775 2820 ejus

176 2828 405 2882 nomine
433 2829 687 2896 refutato,
718 2834 1037 2905 eteterisque
1065 2838 1404 2894 consortibus
1441 2840 1598 2911 hujus
1625 2858 1776 2899 erro—

174 2918 273 2983 ris,
327 2933 455 2973 cum
502 2922 651 2977 nullo
702 2939 921 2992 prorsus
966 2942 1150 2983 eorum
1202 2932 1520 3003 participare
1569 2935 1775 2992 debetis

173 3024 385 3065 mensze
414 3011 700 3068 dominicae
750 3016 1067 3086 puritatem,
1119 3036 1276 3090 quam
1327 3025 1559 3101 majores
1603 3028 1774 3083 nostri

172 3120 397 3174 semper
426 3107 495 3161 ab
546 3106 796 3164 haeretica
844 3127 1162 3181 magnopere
1202 3128 1553 3175 servaverunt
1601 3122 1773 3189 pollu-

171 3197 331 3255 tione
360 3199 673 3258 discretam.
818 3270 821 3272 ἓ

754 3280 768 3307 ί
810 3278 1238 3337 CONSTITUTA

800 3439 820 3461 '
862 3460 1105 3511 ClPlUNT;

180 3530 432 3600 (‘Quibus
465 3534 720 3613 afrorum
770 3522 1131 3613 ordinationes
1165 3541 1307 3595 inter
1335 3541 1436 3598 alia
1484 3546 1776 3613 prohiben-

253 3611 438 3685 ιρι-,ρει
480 3607 685 3685 Diuruo
719 3612 1048 3676 pontificum,
1082 3612 1307 3681 aliisque
1347 3617 1451 3670 [ide
1478 3607 1653 3685 dignis
1683 3634 1777 3674 co-

259 3673 463 3730 dicibus
488 3679 675 3748 mss.).

267 3785 402 3855 Papa
432 3790 513 3845 ille
538 3792 709 3859 clero,
758 3795 955 3859 ordini,
982 3805 1035 3852 et
1063 3798 1203 3867 plebi
1234 3802 1658 3859 consistentibus
1698 3806 1773 3861 ci-

183 3877 352 3934 vitate
382 3880 495 3949 illa,
531 3884 900 3951 dilectissimis
929 3888 1048 3943 filiis
1078 3892 1098 3920 ⁸
1130 3892 1182 3945 in
1213 3893 1439 3949 Domino
1465 3896 1713 3953 salutem.

255 3972 631 4031 Probabilibus
659 3978 945 4034 desideriis
972 3982 991 4011 ⁸
1012 3982 1145 4037 nihil
1176 3985 1452 4041 attulimus
1480 3987 1769 4044 tarditatis.

185 4065 427 4123 Fratrem
458 4070 479 4100 ’⁵
504 4069 619 4139 jam
650 4080 704 4126 et
745 4073 1121 4144 coepisc0pnm
1152 4088 1392 4133 nostrum
1444 4080 1591 4135 illum
1620 4083 1774 4138 vobis

183 4160 547 4217 erdinavimus
582 4166 943 4221 sacerdotem.
994 4167 1090 4223 Cui
1138 4171 1381 4228 dedimus
1410 4174 1464 4227 in
1504 4175 1773 4232 mandatis

184 4270 248 4309 ne
272 4273 517 4327 unquam
550 4261 915 4319 ordinationes
952 4276 1238 4333 praesumat
1281 4268 1523 4335 illicitas;
1573 4285 1640 4325 ne
1688 4271 1772 4325 bi-

183 4366 413 4421 gamum,
447 4365 542 4410 aut
569 4357 661 4426 qui
686 4358 945 4427 virginem
990 4376 1095 4415 non
1137 4370 1220 4416 est
1265 4363 1485 4418 sortitus
1517 4376 1767 4430 uxorem;

183 4446 263 4510 qui
290 4462 465 4518 neque
494 4446 856 4516 illitteratum,
886 4450 971 4507 vel
1000 4452 1052 4507 in
1086 4453 1320 4523 qualibet
1349 4456 1591 4525 corporis
1621 4465 1772 4524 parte

183 4536 442 4607 vitiatum,
474 4549 572 4595 aut
595 4542 1039 4611 expmuitentem,
1084 4536 1168 4601 vel
1196 4549 1383 4613 enrize,
1429 4557 1521 4603 aut
1548 4549 1769 4604 cuilibet

184 4633 471 4703 conditioni
502 4634 818 4700 obnoxium,
867 4632 1215 4708 notatumque
1243 4639 1307 4693 ad
1336 4654 1521 4696 sacros
1550 4642 1765 4697 ordines
1793 4614 1850 4676 Β

185 4725 451 4790 permittat
482 4726 765 4781 accedere.
812 4727 915 4783 Sed
944 4728 988 4782 si
1016 4744 1151 4798 quos
1182 4730 1482 4800 hujusmodi
1515 4733 1649 4790 forte
1679 4751 1765 4791 re-

184 4817 400 4881 pererit,
444 4832 557 4871 non
608 4817 802 4874 audeat
854 4834 1192 4889 promovere.
1244 4823 1403 4878 Afros
1451 4818 1646 4894 passim
1696 4828 1764 4883 ad

180 4906 572 4962 ecclesiasticos
631 4910 848 4966 ordines
903 4914 1297 4980 praetendentes
1354 4917 1499 4972 nulla
1555 4921 1762 4976 ratione

174 4999 449 5066 suscipiat,
483 5002 608 5069 quia
641 5002 803 5072 aliqui
843 5018 1025 5059 eorum
1070 5007 1366 5077 Manichaei,
1418 5010 1581 5082 aliqui
1608 5015 1765 5070 reba-

174 5091 359 5157 ptizati
386 5092 578 5160 saepius
606 5102 732 5149 sunt
759 5096 987 5163 probati.
1008 5097 1302 5155 Ministeria
1324 5110 1483 5172 atque
1512 5115 1757 5161 ornatum

170 5181 451 5246 Ecclesiae,
488 5185 573 5240 vel
620 5187 877 5256 quidquid
906 5189 1034 5244 illud
1064 5201 1146 5246 est
1176 5193 1228 5246 in
1269 5180 1591 5263 patrimonio
1616 5198 1763 5265 ejus-

170 5272 295 5327 dem
340 5292 451 5330 non
508 5278 753 5335 minuere
798 5281 1025 5348 studeat,
1076 5285 1172 5341 sed
1211 5301 1427 5357 augere.
1464 5287 1541 5345 De
1589 5292 1764 5348 reditu

172 5380 300 5425 vero
327 5370 569 5429 ecclesia:
598 5374 687 5428 vel
732 5372 1006 5433 oblatione
1050 5378 1284 5437 ﬁdelium
1332 5393 1560 5453 quatuor
1607 5388 1768 5448 faciat

244 5552 261 5581 ⁸
286 5551 342 5638 in
370 5551 518 5638 libro
538 5553 747 5637 Diurno
777 5552 932 5638 Bonl.
957 5566 1106 5638 poni.
1126 5561 1438 5638 inscribitur
1463 5583 1476 5619 :
1502 5564 1769 5638 Synodale

203 5625 519 5710 luod‘t'tccipit
551 5627 844 5710 episcopus.
880 5625 974 5683 Est
998 5637 1053 5685 et
1077 5631 1224 5710 inter;
1248 5634 1501 5710 epistolas
1514 5625 1763 5710 Gvregorii

231 5693 419 5769 ordine
443 5693 661 5766 quarta.
688 5693 900 5769 Citatur
930 5711 983 5754 et
1016 5702 1153 5768 apud
1186 5693 1426 5760 Gratiani
1455 5722 1521 5762 ex
1542 5693 1762 5769 Geras—io

172 5760 253 5844 ᾖ,
284 5763 397 5833 Xll,
439 5760 736 5844 quast._2,
759 5768 924 5844 clero,
976 5760 1165 5844 ordini
1188 5786 1239 5827 et
1291 5777 1430 5844 plebi
1458 5760 1755 5838 Breiides'iiv.

173 5831 423 5891 litat-ms.
455 5831 533 5879 ῖ-ι
556 5831 778 5893 Gelasio
800 5831 959 5897 etiam
986 5831 1303 5900 inscribitur:
1325 5847 1379 5902 in
1408 5831 1760 5909 Luc’éii'si'élil

393 5929 687 5991 PATROL.
736 5928 895 5991 LIX.

1799 3223 1848 3288 ϐ

174 3380 389 3422 θειλειι
430 3384 605 3436 PAPJ,
646 3388 764 3434 QUtE
800 3388 1032 3461 EPISCOPI
1074 3391 1122 3429 IN
1163 3390 1255 3430 SUA
1298 3392 1652 3435 OBDINATIONE
1681 3396 1777 3435 ΛΟ·-
1811 3458 1815 3465 .

1892 547 2101 605 clericis
2132 566 2228 621 pro
2266 552 2568 621 ofﬁciorum
2606 574 2833 619 suorum
2853 564 3140 623 sedulitate
3166 570 3470 642 distribuat,
3516 580 3529 608 -'

1894 642 2101 697 tertiam
2152 647 2476 715 pauperibus
2502 659 2558 705 et
2595 655 2913 725 peregrinis,
2946 669 3189 729 quartam
3219 664 3477 719 eeclesia-

1890 733 2038 788 sticis
2065 732 2284 792 fabricis
2310 740 2521 796 noverit
2546 746 2945 804 reServandam.
2974 750 3051 807 De
3079 754 3273 824 quibus
3294 756 3474 813 divino
3516 744 3517 747 η

1889 825 1992 879 erit
2018 827 2327 886 redditurus
2356 832 2558 901 judicio
2601 840 2883 896 rationem.
2931 842 3311 905 Ordinationes
3342 866 3475 907 vero

1890 918 2324 990 presbyterorum
2353 939 2449 981 seu
2475 927 2824 989 diaconorum
2854 951 2962 992 non
3006 939 3110 996 nisi
3136 944 3337 1012 quarti,
3389 960 3476 1000 se-

1888 1010 2062 1079 ptimi,
2095 1021 2149 1067 et
2176 1014 2369 1071 decimi
2398 1020 2661 1076 mensium
2693 1023 2943 1094 jejuniis;
2993 1031 3088 1086 sed
3133 1010 3187 1088 et
3229 1034 3476 1105 ingressu
3559 1076 3567 1092 ι

1888 1105 2334 1178 quadragesimali
2355 1119 2515 1182 atque
2528 1115 2551 1144 ⁸
2572 1114 2771 1185 medio,
2796 1135 3017 1191 vespere
3036 1125 3244 1182 sabbati
3264 1132 3475 1185 noverit

1889 1198 2261 1257 celebrandas.
2291 1204 2631 1263 Sacrosancti
2674 1220 2854 1267 autem
2883 1215 3132 1287 baptismi
3167 1237 3471 1280 sacramen-

1889 1301 1997 1345 tum
2044 1310 2151 1350 non
2196 1296 2298 1352 nisi
2348 1299 2403 1355 in
2442 1300 2689 1359 Paschali
2738 1306 3026 1367 festivitate
3073 1323 3129 1368 et
3157 1314 3474 1383 Pentecoste

1886 1388 2193 1445 meminerit
2218 1406 2337 1448 esse
2369 1395 2737 1466 praebendum,
2768 1404 3008 1471 exceptis
3040 1406 3124 1462 his
3154 1410 3243 1479 qui
3283 1414 3473 1470 mortis

1888 1490 2143 1548 urgentur
2169 1484 2427 1551 periculo,
2479 1502 2548 1543 ne
2594 1489 2647 1544 in
2687 1499 2948 1549 aeternum
2986 1508 3226 1567 pereant,
3280 1503 3473 1561 talibus

1885 1581 2100 1641 oportet
2130 1577 2383 1633 remediis
2409 1578 2705 1636 subveniri.
2758 1584 2894 1641 Huic
2936 1603 3067 1659 ergo
3102 1592 3247 1648 sedis
3272 1581 3494 1652 nostrae.

1887 1677 2154 1737 praecepta
2186 1672 2419 1724 servanti
2451 1671 2660 1729 devotis
2690 1677 2884 1733 animis
2932 1681 3152 1752 obsequi
3186 1700 3278 1741 vos
3307 1702 3471 1758 opor-

1888 1766 1996 1824 tet,
2055 1770 2111 1815 ut
2163 1762 2634 1832 irreprehensihile
2700 1769 3075 1844 placidumque
3130 1776 3224 1831 ﬁat
3276 1796 3473 1851 corpus

1885 1851 2161 1918 Ecclesize,
2196 1869 2293 1923 per
2321 1854 2591 1913 Christum
2624 1860 2912 1919 Dominum
2953 1876 3219 1936 nostrum,
3267 1873 3358 1942 qui
3388 1874 3472 1928 vi-

1885 1946 1959 2001 vit
2013 1956 2069 2003 et
2097 1959 2284 2018 regnat
2313 1965 2433 2006 eum
2463 1952 2575 2008 Deo
2605 1953 2765 2011 Patre
2794 1959 3162 2029 omnipotente
3189 1974 3245 2019 et
3267 1965 3472 2034 Spiritu

1882 2051 2068 2096 sancto
2101 2058 2198 2112 per
2226 2045 2404 2100 omnia
2437 2047 2631 2101 sarcula
2656 2052 2994 2109 saiculorum.
3026 2058 3218 2113 Amen.
3256 2058 3326 2113 Et
3354 2060 3471 2113 sub-

1880 2135 2094 2204 scriptio
2119 2140 2250 2207 ejus.
2296 2139 2435 2195 Deus
2456 2154 2552 2196 vos
2581 2142 2879 2202 incolumes
2899 2148 3190 2227 custodiat,
3234 2149 3471 2209 dilectis-

1880 2226 2001 2282 simi
2033 2226 2148 2283 ﬁlii.

2437 2303 2767 2361 EPISTOLA
2812 2309 2925 2364 XV.

1880 2412 2078 2501 Narrat
2098 2432 2211 2486 qua:
2224 2433 2254 2469 a
2279 2418 2488 2501 Rustico
2504 2420 2840 2501 Lugdunensi
2862 2408 3017 2498 episc.
3033 2432 3285 2501 acceperit
3305 2418 3469 2488 subsi-

1949 2486 2036 2540 dia
2066 2497 2111 2541 et
2140 2499 2355 2558 quantas
2395 2493 2456 2544 ab
2486 2486 2673 2547 Aca'cio
2712 2486 2959 2552 sustineat
3003 2486 3396 2569 persecutiones.

2098 2583 2200 2655 (Ex
2229 2585 2443 2641 schedis
2464 2588 2528 2641 Β.
2557 2588 2629 2642 Ρ.·
2646 2589 2878 2648 Hieron.
2900 2593 3189 2667 Vignerii.)

1950 2696 2310 2754 Dilectissimo
2337 2700 2489 2756 fratri
2520 2702 2740 2760 Rustico
2771 2706 3036 2763 Gelasius.

1951 2790 2093 2846 Inter
2121 2793 2482 2862 ingruentium
2531 2797 2795 2853 malorum
2839 2801 3083 2860 turbines
3120 2813 3175 2860 et
3203 2807 3467 2868 variarum

1881 2883 2230 2937 tentationum
2280 2885 2471 2953 quibus
2521 2902 2658 2956 pene
2706 2890 3001 2960 mergimur
3034 2883 3462 2965 'afﬂictationes,

1877 2984 1963 3029 tua
1996 2976 2148 3030 nobis
2192 2978 2407 3043 caritas,
2439 2980 2805 3037 amanlissime
2855 2984 3053 3052 frater,
3083 2988 3292 3056 grande
3322 2991 3464 3045 sola-

1877 3069 2007 3125 tium
2039 3073 2363 3140 propinavit.
2388 3072 2524 3139 Quid
2565 3076 2709 3130 enim
2742 3078 3069 3135 eonsolatius
3101 3092 3283 3151 posset
3325 3086 3466 3141 acci-

1878 3162 2005 3218 dere
2036 3179 2192 3234 quam
2224 3165 2406 3222 videre
2450 3167 2645 3223 fratres
2688 3170 2997 3226 carissimos
3046 3174 3275 3231 invicem
3321 3193 3466 3257 com-

1882 3258 2165 3328 patientes.
2201 3269 2255 3313 et
2306 3269 2510 3328 partem
2568 3263 2749 3318 oneris
2801 3264 3067 3333 ferentes,
3125 3269 3471 3339 quibusnon.

1881 3353 2100 3407 minima
2149 3353 2537 3410 benedictionis
2566 3358 2742 3425 portio
2772 3358 2965 3413 collata
3008 3371 3109 3417 eSt.
3142 3362 3465 3420 Benedictus

1880 3446 2041 3511 Deus,
2076 3448 2162 3515 qui
2191 3456 2279 3501 tua
2315 3463 2437 3518 erga
2486 3463 2583 3504 nos
2622 3451 2799 3507 taliter
2832 3454 3008 3508 allecit
3049 3456 3339 3523 praecordia
3362 3499 3376 3523 ,
3410 3467 3467 3512 ut

1879 3553 1984 3592 non
2032 3544 2230 3593 tantum
2279 3555 2397 3609 quae
2445 3542 2701 3609 patimur,
2751 3544 2946 3617 animo.
2982 3548 3212 3613 sentias,
3262 3550 3359 3604 sed
3403 3565 3468 3604 ea

1878 3644 2145 3687 monstres
2180 3634 2232 3687 in
2260 3643 2458 3688 sanctae
2488 3636 2788 3692 tributionis
2821 3637 3134 3694 exhibendo
3162 3632 3467 3697 misericor-

1879 3724 2053 3791 diam,
2086 3726 2296 3796 qualem
2343 3726 2542 3781 habeas
2590 3728 2645 3781 in
2693 3730 3029 3797 eompassivo
3071 3730 3235 3783 corde
3264 3733 3467 3785 carita-

1879 3831 2015 3891 tem,
2047 3833 2102 3879 et
2148 3824 2403 3893 adjungas
2439 3824 2504 3877 ad
2558 3823 2880 3877 dulcissimae
2920 3824 3303 3880 consolationis
3350 3841 3462 3881 ser«

1879 3931 2065 3971 mones
2087 3930 2205 3984 quce
2222 3924 2346 3969 sunt
2366 3915 2650 3990 praecipua:
2672 3918 2811 3970 inter
2832 3914 3036 3970 amicos
3057 3918 3459 3986 Opitulationes.

1881 4009 2075 4064 Verum
2107 4009 2451 4065 dilectionem
2484 4019 2627 4062 tuam
2656 4024 2761 4063 non
2796 4009 3135 4079 fatigabimus
3165 4012 3464 4068 scribentes

1877 4120 2035 4174 quam
2067 4103 2119 4156 in
2155 4083 2305 4157 arcto
2346 4102 2626 4158 fuerimus.
2668 4102 2781 4160 Scit
2810 4104 2975 4160 frater
3014 4116 3197 4162 noster
3238 4117 3292 4163 et
3336 4124 3460 4163 eoe-

1880 4197 2129 4267 piscopus
2159 4197 2387 4251 IEonius
2421 4198 2804 4275 (Arelatensis)
2848 4215 3005 4268 quam
3047 4201 3176 4255 utile
3216 4202 3375 4257 fuerit
3407 4216 3464 4257 et

1875 4291 2014 4360 quod
2048 4292 2223 4356 misit,
2250 4300 2301 4344 et
2331 4290 2473 4361 quod
2499 4290 2563 4345 ad
2610 4306 2707 4345 nos
2752 4292 2947 4346 misisti
2993 4294 3311 4350 subsidium.
3343 4296 3461 4350 Cae-

1877 4389 2045 4435 terum
2090 4381 2254 4437 frater
2298 4390 2478 4435 noster
2509 4380 2839 4450 Epiphanius
2873 4382 3240 4455 (Ticinensis),
3273 4385 3363 4455 qui
3394 4387 3463 4440 ad

1874 4472 2046 4540 gentis
2085 4488 2197 4527 suae
2248 4471 2570 4527 relevandos
2618 4482 2672 4525 et
2723 4472 3067 4529 redimendos
3112 4476 3352 4545 captivos
3394 4477 3461 4531 ad

1875 4574 2055 4636 partes
2098 4575 2306 4620 vestras
2344 4564 2664 4629 destinatur,
2714 4564 3299 4649 iraternitatem_tuam
3344 4584 3461 4624 cer-

1874 4659 2063 4714 tiorem
2094 4659 2254 4713 faciet
2283 4667 2535 4728 quantam
2580 4658 2649 4712 ob
2678 4656 2979 4727 impiissimi
3020 4660 3203 4714 Acacii
3244 4675 3462 4716 causam

1872 4750 2303 4818 persecutionem
2354 4749 2702 4804 sustinemus.
2751 4748 2857 4804 Sed
2904 4765 3010 4804 non
3053 4751 3363 4815 deficimus.
3407 4764 3462 4807 et

1872 4843 2012 4897 inter
2044 4851 2120 4897 tot
2149 4857 2429 4912 pressuras
2472 4858 2570 4899 nec
2616 4842 2756 4897 cedit
2784 4844 3017 4912 animus,
3062 4861 3160 4900 nec
3191 4847 3460 4901 relaxatur

1875 4935 2051 5001 zelus,
2095 4952 2195 4991 nec
2237 4936 2502 4990 subvertit
2542 4945 2743 4992 metus.
2779 4937 2884 4992 Sed
2916 4938 3043 4994 licet
3070 4941 3374 5009 aporiantes
3405 4951 3461 4997 et

1856 5018 2158 5107 angusti‘ati
2180 5072 2194 5093 ,
2225 5028 2552 5098 conﬁdimus;
2578 5031 2629 5083 in
2671 5045 2790 5085 eum
2835 5032 2924 5099 qui
2954 5032 3100 5086 dabit
3132 5048 3254 5087 cum
3286 5042 3460 5091 tenta-

1872 5121 2018 5175 tione
2048 5128 2361 5190 proventum
2390 5138 2399 5173 :
2430 5130 2483 5175 et
2512 5122 2555 5175 si
2580 5122 2647 5175 ad
2679 5131 2891 5191 tempus
2918 5123 3043 5178 sinit
3073 5123 3321 5196 deprimi,
3353 5144 3462 5187 non

1874 5210 2105 5281 patietur
2162 5211 2416 5283 opprimi.
2452 5206 2606 5278 'Fac,
2656 5212 2937 5270 carissime
2993 5214 3186 5284 frater,
3233 5227 3290 5273 ut
3340 5228 3460 5273 tuus

1876 5316 2196 5375 tuorumque
2220 5306 2275 5359 in
2307 5320 2428 5370 nos,
2454 5305 2540 5361 vel
2569 5305 2748 5374 potius
2785 5306 2839 5362 in
2884 5308 3069 5364 sedem
3107 5311 3457 5381 apostolicam

1876 5410 1984 5453 non
2026 5406 2207 5479 cesset
2237 5395 2482 5453 affectus.
2513 5396 2615 5465 Qui
2653 5398 2796 5457 enim
2824 5398 2878 5454 in
2908 5411 3061 5471 petra
3086 5399 3459 5456 solidabuntur
3518 5404 3519 5413 ‘

1876 5571 2629 5655 dice.vetustissimo._yausi.
2712 5648 2723 5655 .
2801 5644 2835 5655 ἢ
2935 5644 2945 5655 _

1946 5646 1964 5674 ²
1994 5642 2050 5697 1η
2086 5642 2204 5697 cod.
2237 5642 2367 5699 Luc.
2393 5645 2497 5701 490
2524 5646 2678 5701 deest
2706 5648 2759 5700 in
2789 5644 3013 5700 Domino
3036 5646 3270 5704 salutem.

1945 5714 1965 5744 ³
1993 5713 2071 5768 Id.
2097 5716 2215 5768 cod.
2239 5714 2368 5771 Luc.
2396 5717 2543 5771 addit
2566 5719 2762 5772 vestris.

1940 5783 1961 5813 ι
1990 5784 2066 5854 id.
2097 5786 2243 5854 cod.,
2274 5787 2446 5840 etiam.
2730 5818 2741 5831 ι

1941 5854 1960 5884 ⁸
1994 5853 2068 5909 Id.
2090 5857 2234 5919 cod.,
2269 5859 2535 5913 mediante.
