3902 6330
193 366 288 427 905

348 476 499 548 371
531 473 600 530 Ut
618 473 708 543 qui
737 471 872 527 laeta
902 470 1095 525 ducum
1116 482 1326 539 possem
1352 487 1571 525 narrare
1596 486 1739 526 mco-
1772 474 1822 531 Α

1511 562 1672 633 imm,

412 653 652 709 Nominis
683 651 934 717 Asdingui
960 649 1094 704 bella
1119 650 1529 718 triumphigera,

350 743 496 800 Unde
517 741 645 796 mihi
676 755 880 796 merces
909 748 1091 808 posset
1112 753 1234 794 cum
1262 740 1417 794 laude
1437 739 1625 793 salutis

415 835 633 891 Munere
662 831 938 902 regnantis
969 845 1157 900 magna
1180 831 1367 885 venire
1397 829 1573 894 simul,

198 933 263 992 25
355 928 574 985 Praemia
604 925 956 994 despicerem,
990 922 1164 977 tacitis
1192 932 1267 976 tot
1293 923 1508 991 regibus
1530 924 1713 987 almis,

412 1021 573 1091 372
598 1018 661 1070 Et
688 1024 928 1086 peterem
957 1014 1132 1069 subito
1156 1023 1303 1069 certa
1330 1013 1526 1082 pericla
1566 1014 1751 1068 miser.

356 1109 507 1176 Quis,
539 1106 638 1161 nisi
660 1104 865 1159 caelesti
896 1103 1117 1158 demens
1143 1104 1448 1171 compulsus
1471 1102 1539 1157 ab
1568 1104 1666 1167 ira,

422 1201 624 1267 ASpera
647 1204 840 1250 cuncta
885 1204 1050 1263 petat,
1077 1208 1329 1264 prospera
1350 1204 1541 1248 cuncta
1561 1205 1715 1263 neget
1735 1194 1757 1247 2

1282 357 1735 415 SATISFACTIO
1776 358 1866 411 AD
1908 354 2385 411 GUNTHARIUM.

3330 359 3434 413 ἵ)οῧ

2027 468 2294 523 lrascente
2326 468 2457 532 Deo,
2489 474 2697 521 mentes
2725 477 3016 535 mutantur,
3042 478 3097 523 et
3125 479 3290 533 artus,

1845 563 1913 616 50
2088 559 2379 614 Vertuntur
2405 573 2614 623 sensus,
2647 560 2873 613 vertitur
2900 570 2954 614 et
2983 561 3215 629 species.

2033 651 2314 705 Persarum
2336 665 2518 718 regem
2554 650 2841 720 Babylona:
2872 666 3031 721 regna
3060 662 3330 709 tenentem

2100 740 2226 794 Post
2248 740 2411 794 decus
2433 740 2637 809 imperii
2667 741 2786 808 quis
2808 752 2962 810 neget
2980 757 3104 796 esse
3129 743 3320 798 bovem
3343 746 3365 791 Υ

2037 832 2101 885 Et
2127 831 2480 886 diademalem
2509 840 2787 900 turparunt
2808 848 3010 887 cornua
3042 835 3298 899 frontem,

2108 921 2267 991 373
2300 922 2527 991 Mngitus
2544 922 2763 990 pecudis
2791 923 2947 977 verba
2983 924 3133 979 luere
3155 925 3297 980 duci.

1862 1012 1933 1065 55
2039 1009 2345 1079 Agricolam
2387 1012 2567 1065 timuit
2607 1021 2727 1079 post
2765 1012 3011 1067 Parthica
3050 1030 3214 1082 regna
3246 1015 3438 1070 bibul-

3175 1106 3332 1177 [cum
3351 1149 3367 1171 ,

2116 1198 2484 1269 Submisitque
2523 1214 2720 1269 pavens
2748 1200 2890 1270 regia
2915 1201 3052 1255 colla
3071 1201 3218 1271 jugo.

1484 1324 1716 1379 VARUE
1755 1326 2159 1386 LECTIONES.

253 1446 342 1499 2L
377 1444 563 1507 Sirm.,
588 1461 640 1498 η.
664 1453 885 1497 tuorum.
918 1444 1132 1508 Asagr.,
1162 1455 1410 1491 meorum.

260 1516 344 1568 ‘22.
370 1516 472 1569 Pro
504 1516 604 1568 hoc
632 1529 785 1567 versu
808 1522 862 1566 et
889 1512 1095 1565 duobus
1120 1524 1271 1577 seqq.
1295 1509 1347 1561 in
1370 1508 1528 1561 Sirm.
1560 1508 1647 1560 hic
1674 1517 1757 1561 est

193 1587 367 1641 unicus
390 1601 408 1636 ε
454 1584 603 1638 Unde
630 1583 752 1636 mihi
792 1590 995 1653 possent
1019 1581 1155 1633 dona
1193 1578 1359 1632 venire
1400 1579 1574 1631 simul.
1614 1578 1759 1631 Prce-

193 1657 289 1709 mia
315 1656 637 1721 despicerent,
657 1663 761 1707 etc.

258 1725 340 1779 25.
372 1719 560 1790 Sirm.,
592 1725 780 1776 tacitis.
814 1725 1029 1789 Magia,
1060 1719 1226 1790 tactis.

255 1796 340 1873 _2'l.
380 1786 570 1873 Sirm.,
612 1793 723 1873 Quo
753 1791 849 1844 nisi
873 1786 1323 1873 caelestis'Dantiui
1360 1796 1657 1855 conspectus
1686 1788 1754 1840 ad
1790 1813 1835 1873 Β

190 1865 409 1918 mbram.
434 1863 724 1932 Azagr.,D.
753 1868 1022 1929 conceptus
1053 1859 1114 1911 ab
1143 1860 1323 1912 cet/ira.

250 1934 338 1991 28.
377 1929 571 1997 Sirm.,
594 1934 791 2001 Aspera
822 1937 1005 1984 cuncta
1042 1938 1299 1997 premunt,
1338 1944 1583 1997 prospera
1612 1929 1757 1983 nulla

1855 1442 2203 1514 juvAantxAzq
2236 1452 2429 1514 premat
2452 1457 2549 1509 pro
2574 1442 3138 1514 prentttttt.Vat.,negat
3168 1458 3262 1512 pro
3278 1456 3439 1513 neget.

1934 1510 2025 1565 29.
2061 1512 2229 1583 Sinin.
2259 1552 2273 1573 ,
2303 1513 2563 1565 lrascente
2596 1512 2701 1564 Deo
2725 1554 2740 1577 ,
2792 1514 3012 1564 membra
3052 1510 3357 1583 mutantur;
3393 1526 3442 1568 α

1860 1592 2025 1634 artus.
2061 1581 2113 1633 In
2146 1581 2266 1634 Vat.
2298 1582 2509 1636 videtur
2538 1582 2709 1646 potius
2741 1592 2882 1634 actus
2911 1592 3067 1650 quam
3099 1593 3257 1638 artus.

2066 1650 2228 1723 _Sirm.
2252 1694 2263 1715 ,
2296 1669 2351 1723 _r.
2384 1651 2701 1723 Babylonica
2731 1670 2776 1707 r.
2821 1654 3011 1723 Azagr.
3040 1693 3057 1719 ,
3097 1652 3441 1723 Babylonum.

1935 1720 2024 1773 5‘2.
2065 1721 2252 1785 Sirm.,
2288 1720 2352 1773 P.
2379 1721 2431 1774 ά.
2457 1720 2749 1774 innuimus
2778 1738 2824 1774 e.
2859 1722 2905 1773 b.

1936 1792 2024 1845 53.
2065 1792 2251 1853 Sirm.,
2285 1800 2391 1843 tum
2419 1792 2773 1844 diademulem.

1936 1862 2024 1914 54.
2059 1860 2246 1923 Sirm.,
2271 1862 2410 1929 {uere
2436 1862 2597 1914 ducis.

1938 1930 2029 1983 '55.
2064 1931 2158 1983 llic
2187 1946 2370 1985 versus
2393 1946 2510 1985 cum
2539 1945 2653 1999 seq.
2678 1933 2897 1986 omnino
2916 1932 3071 1989 deest
3090 1932 3145 1987 in
3169 1933 3336 1991 Sirm.

1704 2064 1930 2122 NOTAE.

187 2187 395 2249 occulto,
426 2202 629 2251 semper
656 2194 823 2238 tamen
840 2184 1004 2253 justo.
1028 2182 1161 2253 Cum
1182 2191 1365 2253 autem
1383 2196 1447 2235 ex
1475 2182 1755 2251 Augustini

189 2257 334 2312 dictis
361 2257 606 2310 nonnulli
635 2251 883 2322 tanquam
920 2252 1208 2305 absurdum
1244 2251 1581 2320 colligerent,
1614 2253 1755 2317 quod

186 2342 276 2396 per
298 2324 773 2396 potentiamrDeus
804 2323 1049 2396 homines
1091 2322 1157 2374 ad
1196 2330 1409 2396 peccata
1442 2322 1755 2396 compellat,

189 2390 413 2464 Prosper
475 2395 777 2464 Aquitanus
834 2408 930 2464 pro
997 2390 1291 2464 Augnstino
1349 2390 1629 2464 respondit
1700 2392 1756 2445 in

188 2459 443 2532 Respons.
474 2459 793 2531 ad'capitul.
820 2459 1055 2532 Calumn.
1088 2461 1288 2532 Gallor.
1318 2475 1372 2532 χι
1390 2477 1411 2511 τ
1446 2459 1642 2532 Nullus
1673 2478 1758 2513 ca-

184 2528 479 2589 tholicorum
510 2528 745 2587 dixit'aut
768 2533 894 2584 dicit
922 2531 1054 2599 quod
1086 2528 1219 2583 Deus
1241 2529 1467 2582 homines
1497 2530 1577 2597 pie
1599 2540 1759 2584 recte-

184 2622 274 2675 que
290 2606 508 2675 uiuentes
535 2603 922 2675 per_poteutiam
946 2602 997 2675 in
1019 2600 1538 2675 peccatacompellat.
1554 2640 1555 2645 η
1573 2638 1608 2651 ..
1632 2600 1760 2675 Cum

185 2670 294 2729 uero
316 2670 579 2739 aliquos’a
607 2672 715 2725 Deo
746 2681 835 2724 aut
854 2672 1074 2723 traditos
1104 2670 1370 2722 desideriis
1395 2672 1522 2733 suis,
1555 2680 1642 2722 aut
1672 2670 1757 2721 ob.

181 2745 384 2797 duratos
412 2743 632 2813 legimus
653 2782 669 2805 ,
699 2750 785 2794 aut
811 2742 1034 2813 relictos,
1062 2739 1259 2813 magnis
1288 2740 1504 2813 peccatis
1526 2741 1646 2813 suis
1664 2739 1760 2792 hoc

180 2815 308 2882 ipsos
379 2808 634 2866 meruisse
707 2811 1023 2882 proﬁtemur.
1098 2808 1256 2882 Sed,_
1303 2819 1359 2861 ut
1414 2808 1759 2882 distinctione

179 2878 233 2938 S.
261 2883 482 2938 Thomas
515 2896 685 2949 nuper
705 2878 946 2948 exposita
971 2889 1203 2942 utamur,
1230 2878 1368 2949 Deus
1398 2878 1627 2949 pellitad
1658 2878 1760 2933 illi-

178 2955 279 3007 cita
300 2955 353 3007 in
377 2948 600 3016 pinnam
621 2959 959 3019 peccatorum
978 2948 1389 3019 praecedentium
1409 2964 1512 3003 non
1531 2948 1752 3011 directe,

182 3024 274 3077 sed
302 3022 596 3079 indit-cete:
626 3017 833 3075 Revera
853 3017 1156 3087 exemplum
1184 3017 1325 3086 quod
1354 3019 1408 3070 in
1439 3033 1498 3072 se
1528 3019 1762 3072 Dracon-

180 3093 282 3147 tius
308 3093 537 3148 exhibet
567 3092 828 3159 ejusmodi
854 3098 968 3155 est,
999 3098 1056 3142 ut
1080 3088 1425 3156 explicationi
1454 3089 1510 3142 S.
1541 3089 1761 3159 Thomas

181 3164 395 3232 egregie
423 3158 777 3232 reSpondeat.
806 3160 1124 3232 Dracontius
1155 3158 1297 3232 enim
1328 3158 1761 3232 caruten_edide-

182 3228 260 3286 rat
293 3228 345 3287 in
372 3228 594 3288 Iaudem
622 3231 802 3285 nescio
829 3229 983 3296 cujus
1006 3244 1110 3297 quo
1142 3228 1349 3280 animus
1377 3228 1518 3293 regis
1548 3228 1759 3282 Vanda-

180 3318 349 3357 ιοι-ιιιιι
377 3304 739 3358 vehementer
763 3298 1005 3353 ollensus
1033 3308 1142 3360 est;
1174 3312 1279 3366 quo
1310 3298 1548 3351 carmine
1586 3313 1644 3349 se
1672 3313 1763 3352 eo-

182 3386 293 3425 ram
331 3373 447 3427 Deo
476 3374 645 3426 etiam
689 3368 882 3423 fatetur
928 3382 1196 3436 peccasse.
1228 3366 1317 3419 Ait
1360 3381 1487 3435 ergo
1522 3384 1536 3420 :
1589 3367 1758 3432 Deus,

177 3445 264 3509 qui
288 3444 525 3497 crimina
562 3455 680 3494 mea
709 3449 889 3492 vetera
916 3439 1101 3506 punire
1129 3437 1312 3509 voluit,
1338 3451 1404 3509 eo
1426 3452 1520 3509 me
1544 3437 1765 3491 adduxit

179 3506 235 3564 tit
258 3512 604 3581 despicerem
634 3510 848 3575 praemia
877 3522 995 3581 quae
1021 3523 1087 3561 ex
1111 3506 1249 3581 regis
1272 3506 1521 3581 laudibus
1550 3522 1762 3576 possem

176 3576 417 3648 sperare,
474 3591 535 3635 e-t
576 3591 725 3633 certa
781 3578 1033 3645 pericula,
1077 3576 1181 3648 alio
1230 3576 1463 3648 laudato,
1502 3588 1761 3645 peterem.

174 3646 233 3705 S'.
258 3652 498 3706 Thomas
530 3651 640 3703 loc.
672 3651 815 3703 citat.
850 3651 926 3701 sic
958 3661 1068 3700 nem
1093 3647 1227 3699 hanc
1252 3646 1469 3712 pulchre
1498 3648 1723 3713 explicat
1750 3665 1761 3698 :

176 3721 252 3773 Ad
287 3724 422 3775 bona
460 3722 685 3774 inclinat
718 3717 904 3789 (Deus)
933 3717 1196 3789 hominum
1230 3716 1510 3789 uoluntates
1555 3717 1761 3789 directe,

174 3801 222 3843 et
244 3809 333 3863 per
363 3810 418 3846 se
435 3800 696 3863 (animum
719 3784 860 3863 actor
883 3784 977 3853 (al.
1007 3784 1205 3863 auctor)
1225 3785 1478 3863 bonorum
1498 3802 1519 3863 _;
1562 3787 1767 3843 advena-

171 3856 275 3914 lum
296 3874 480 3915 autem
508 3856 705 3912 dicitur
741 3857 984 3910 inclinare
1007 3856 1081 3907 vel
1102 3858 1344 3908 suscitare
1374 3856 1597 3908 homines
1621 3873 1767 3908 occa-

173 3931 461 3998 sionaliter,
482 3934 541 3983 in
565 3916 812 3996 quamam
840 3927 1025 3979 scilicet
1054 3925 1408 3998 Deushomiui
1433 3926 1766 3998 aliquidpro-

171 4003 311 4068 ponit
335 4002 414 4055 vel
444 3995 675 4054 interius
695 4000 768 4068 vel
798 3995 1217 4068 exterius,quod,
1249 4003 1492 4062 quantum
1519 3996 1674 4048 estde
1695 4012 1764 4057 se,

168 4065 240 4123 est
267 4073 607 4124 inductivum
636 4068 703 4119 ad
727 4067 933 4128 bonum,
965 4066 1052 4118 sed
1078 4065 1226 4116 homo
1255 4077 1459 4129 propter
1483 4081 1630 4118 suam
1662 4082 1768 4116 ma-

170 4142 332 4210 l_i:iam
363 4154 613 4210 perverse
643 4139 802 4210 utitur
830 4137 896 4210 ad
920 4137 1205 4210 malumr.
1236 4133 1298 4185 Et
1332 4135 1425 4210 ltoc
1455 4137 1605 4186 modo
1634 4137 1768 4187 circa

170 4202 508 4264 Pharaonem
534 4208 752 4271 accidit,
784 4207 890 4271 qui,
915 4222 1027 4258 cum
1056 4213 1086 4256 'a
1116 4202 1225 4255 Deo
1250 4205 1554 4256 excitaretur
1592 4210 1658 4256 ait
1685 4222 1767 4257 re-

168 4283 252 4347 gni
271 4283 354 4333 sui
385 4282 638 4343 tutelam,
672 4278 854 4329 abusus
883 4286 954 4328 est
974 4274 1074 4347 hac
1094 4274 1395 4347 excitatione
1416 4276 1467 4326 iu
1496 4276 1767 4329 crudelita-

172 4344 289 4402 iem.
321 4351 526 4406 Patres
577 4348 932 4413 doctoresque
960 4344 1211 4397 Ecclesim
1242 4344 1313 4395 ita
1354 4358 1567 4411 Semper
1605 4360 1770 4413 expa-

169 4431 301 4473 nunt
332 4422 515 4476 Deum
580 4417 844 4472 inclinare
897 4418 960 4467 ad
1003 4415 1197 4468 bonum
1228 4414 1312 4465 vel
1347 4414 1412 4466 ad
1457 4415 1648 4466 malum
1679 4430 1769 4464 vn-

1786 3126 1834 3187 C

1856 2183 1991 2237 dere
2017 2181 2285 2235 hominem
2310 2181 2422 2234 suis
2444 2180 2750 2248 desideriis,
2777 2191 2830 2236 et
2859 2182 2921 2236 ad
2951 2182 3135 2238 illicita
3167 2185 3367 2252 pellere
3392 2191 3444 2243 in

1866 2266 2076 2319 plenam
2106 2261 2467 2320 peccatorum.
2502 2252 2747 2314 Rivinus,
2784 2252 3011 2307 lectione
3041 2254 3313 2309 Sirmondi
3346 2260 3445 2313 mi-

1864 2323 2009 2376 nime
2034 2328 2317 2375 contentus
2342 2360 2355 2383 ,
2390 2322 2625 2375 tentabat
2655 2324 2817 2386 Quem
2845 2323 2943 2375 nisi
2966 2325 3210 2378 salvasset
3240 2325 3448 2381 Domini

1860 2400 2153 2467 conspectus
2179 2393 2240 2442 ab
2270 2390 2434 2467 tetltra
2458 2431 2474 2467 ε
2502 2393 2693 2467 Aspera
2717 2401 2897 2467 cuncta
2923 2403 3179 2460 premunt,
3203 2412 3448 2467 prospera

1862 2462 2005 2515 nulla
2027 2464 2231 2532 juvant.
2256 2461 2422 2534 _Adeo
2453 2462 2668 2514 fallaces
2704 2462 2899 2534 saepius
2927 2470 3051 2515 sunt
3094 2461 3443 2534 conjecturae,

1862 2542 1917 2586 et
1945 2548 1973 2583 a
2009 2530 2136 2584 vero
2164 2530 2485 2598 scriptorum
2530 2546 2689 2585 sensu
2719 2531 2991 2587 aberrant.

1933 2600 2024 2671 28.
2071 2600 2259 2671 Neget,
2289 2611 2522 2661 recuset,
2558 2610 2719 2667 neget
2749 2601 2874 2671 sibi.

1933 2670 2021 2724 29.
2064 2669 2213 2724 Libr.
2274 2686 2357 2736 In,
2402 2684 2541 2724 vers.
2588 2672 2712 2736 591,
2762 2669 3021 2724 Irascenre
3074 2671 3204 2742 Deo,
3257 2676 3446 2729 solatia

1862 2752 2046 2795 cuncta
2076 2749 2346 2808 negantur.

1933 2810 2021 2864 30-
2064 2810 2292 2879 Species,
2325 2810 2509 2879 ﬁgura.
2544 2808 2692 2862 Lihr.
2724 2824 2762 2874 t,
2790 2825 2844 2864 v.
2876 2809 3013 2875 538,
3044 2810 3249 2879 Species
3279 2814 3445 2869 homi-

1862 2881 1964 2933 nis.
2009 2879 2143 2933 llinc
2175 2878 2680 2954 melius__videretur
2722 2893 2862 2932 vers.
2900 2895 3057 2948 praec.
3091 2878 3445 2954 iactusrquam

1860 2962 2043 3003 artus:
2096 2963 2219 3002 nam
2258 2948 2303 3001 si
2349 2948 2592 3012 dixisset,
2643 2958 2903 3001 mutantur
2944 2958 2991 3002 et
3037 2960 3207 3015 artus,
3258 2948 3446 3011 ἰιιυιὶἷθ

1863 3028 2006 3075 esset
2026 3018 2224 3072 addere
2262 3016 2536 3071 Vertuntur
2556 3035 2750 3083 sensus,
2776 3020 2990 3071 vertitur
3017 3028 3061 3071 et
3084 3024 3287 3087 species.
3321 3024 3441 3079 Non

1868 3100 2043 3161 tamen
2067 3088 2213 3161 male
2240 3098 2321 3141 est
2348 3097 2491 3141 artus
2515 3128 2531 3161 ,_
2573 3088 2695 3157 quia
2726 3089 2865 3156 quod
2898 3091 3139 3161 sequitur
3161 3102 3241 3145 est
3272 3096 3446 3161 expli-

1867 3160 2009 3215 catio
2028 3158 2270 3228 ejusdem
2305 3158 2607 3229 sententias,
2636 3166 2691 3211 ut
2717 3174 2890 3211 sensus
2914 3160 3270 3229 respondeant
3294 3158 3446 3218 men-

1863 3232 2031 3293 tibus,
2064 3230 2253 3297 species
2278 3229 2514 3281 artubus.
2558 3228 2776 3282 Accedit
2804 3228 3084 3299 Alcuinum
3114 3244 3282 3286 Carm.
3319 3234 3440 3299 178,

1865 3316 1971 3368 quo
1999 3298 2338 3352 Dracontinm
2363 3299 2621 3361 imitatur,
2646 3300 2715 3351 ita
2741 3298 2958 3366 habere,
2993 3298 3083 3354 Sic
3110 3312 3314 3355 ventura
3337 3298 3443 3358 dies

1868 3378 2054 3423 mentes
2082 3368 2289 3420 mutabit
2319 3378 2363 3420 et
2388 3377 2551 3420 artus.

1936 3440 2022 3510 5l_.
2068 3437 2241 3510 Facile
2268 3438 2555 3510 est_lr.gere
2586 3435 2924 3506 Babylonica.
2958 3447 3050 3510 aut
3080 3438 3398 3510 B.tbylonunt
3423 3486 3439 3508 ,

1866 3519 1958 3563 aut
1983 3507 2280 3577 Babylonis.
2343 3508 2447 3561 Sed
2502 3522 2627 3577 pun
2697 3516 2844 3562 muto
2920 3507 3238 3577 scripturam
3322 3512 3441 3567 Vat.

1868 3579 2015 3632 Lilll‘.
2051 3595 2065 3630 ι
2093 3575 2276 3639 ,vers.
2302 3578 2444 3631 520:
2494 3575 2841 3647 Flammantes
2870 3575 3151 3647 viridesque
3187 3583 3301 3635 tulit
3342 3582 3445 3637 Ba-

1870 3649 2072 3718 bylonia
2108 3656 2320 3718 crustas.
2357 3647 2629 3718 Similiter
2656 3645 2953 3718 Babylona,
2988 3645 3294 3717 Babylona,
3334 3654 3440 3708 diri

1871 3716 2083 3840 poterit.
2120 3717 2352 3840 [flii‘sstoria
2381 3716 2499 3771 haec
2540 3716 3078 3773 [\‘abuchodonusoris
3100 3716 3333 3775 indicata
3362 3736 3444 3779 est

1894 3830 1905 3840 .
1937 3804 2012 3840 ιιι.
2043 3803 2095 3840 v.
2240 3826 2251 3837 .

1872 3792 1905 3840 Ι.
1937 3804 2012 3852 ιιι,
2043 3803 2095 3840 v.
2127 3789 2251 3840 646.

1940 3857 2027 3927 ὅξ.
2071 3857 2293 3910 Rivinus
2319 3858 2370 3909 in
2404 3867 2547 3910 testu
2576 3858 2697 3927 legit
2726 3856 2859 3909 Tant
2889 3858 3245 3927 diademalem,
3275 3863 3325 3917 in
3355 3880 3445 3919 no-

1870 3929 1939 3979 tis
1967 3926 2098 3979 Tum
2124 3928 2486 3991 diadematam,
2511 3926 2603 3980 sed
2631 3927 3044 3995 discrepantiam
3073 3944 3177 3982 non
3200 3926 3445 3989 animad-

1871 3998 2053 4059 vertit,
2102 4006 2158 4049 ut
2198 3997 2427 4049 dubitari
2467 3997 2653 4061 possit,
2694 4011 2758 4050 an
2802 3998 2854 4049 in
2899 4000 3040 4052 notis
3080 4003 3331 4056 mendum
3373 4007 3443 4060 sit

1871 4068 2231 4139 diadematam.
2276 4066 2415 4139 sane
2436 4067 2771 4139 ‘diadcntatus
2813 4068 2982 4139 magis
3026 4068 3273 4126 Latinum
3321 4087 3441 4139 est,

1869 4153 1988 4190 cum
2017 4152 2047 4189 a
2072 4136 2244 4189 Plinio
2271 4136 2565 4188 adhibitum
2594 4139 2777 4200 luerit;
2803 4138 2894 4190 sed
2927 4139 3105 4192 verius
3126 4152 3206 4193 est
3232 4143 3281 4195 in
3311 4145 3412 4198 llra

1872 4208 2048 4260 contio
2079 4206 2414 4258 diadema'em
2435 4248 2449 4268 ,
2478 4222 2579 4275 qua
2624 4222 2755 4260 voce
2799 4222 2923 4260 usus
2954 4209 3117 4262 etiam
3146 4221 3230 4264 est
3270 4214 3445 4270 Theo-

1872 4276 2072 4329 dulfus.
2105 4277 2232 4328 Illud
2261 4292 2387 4329 vero
2416 4276 2575 4328 nimis
2606 4290 2760 4331 acute
2790 4277 2972 4344 objicit
3004 4277 3228 4333 Rivinus
3260 4283 3448 4339 Danie-

1874 4347 1976 4400 lem
2018 4362 2119 4397 non
2155 4348 2356 4400 referre
2388 4345 2898 4400 Naburhodormsori
2932 4359 3084 4401 enata
3129 4350 3293 4405 fuisse
3326 4370 3447 4408 cor-

1873 4433 1998 4488 nua.
2028 4416 2163 4488 Aliis
2197 4416 2375 4470 verbis
2409 4416 2522 4469 lure
2544 4417 2914 4488 controversia
2937 4419 3073 4470 solet
3102 4423 3349 4488 proponi,
3377 4441 3443 4477 an

172 4490 408 4546 luntates
468 4490 794 4551 hominum,
833 4494 889 4539 ut
935 4485 1153 4555 libertas
1200 4483 1571 4555 ipdill'erentim
1624 4495 1765 4539 sarta
1799 4492 1843 4549 D
1872 4487 2365 4540 Nabuchodono~or
2394 4501 2519 4539 vere
2548 4486 2766 4553 figuram
2802 4487 2950 4539 bovis
2984 4483 3229 4553 indu—erit,
3259 4483 3440 4545 an'sn.

169 4567 304 4614 tecta
339 4562 561 4615 homini
599 4559 949 4621 relinquatur.
986 4553 1301 4607 Dracontius
1327 4594 1340 4616 ,
1384 4555 1475 4621 qui
1519 4555 1619 4607 hnc
1649 4555 1764 4608 loco

166 4632 329 4685 tradit
362 4632 542 4684 Deum
574 4627 743 4681 corda
776 4624 1046 4678 hominum
1078 4638 1182 4689 quo
1209 4623 1323 4674 vult
1353 4624 1626 4688 inclinare,
1658 4627 1769 4690 ρει-

168 4698 279 4753 lere
304 4701 373 4754 ad
403 4701 633 4761 illicita,
664 4695 935 4757 indurare,
959 4694 1025 4747 de
1054 4694 1222 4747 libero
1245 4693 1464 4746 arbitrio
1493 4695 1615 4761 quid
1645 4709 1767 4747 sen-

170 4770 291 4824 liret
317 4780 522 4840 aperte
571 4766 871 4840 declaravit
917 4764 1038 4840 libr.
1074 4779 1129 4825 ιι,
1182 4775 1325 4840 νει-ξ..
1365 4761 1507 4816 fill:
1547 4762 1769 4840 Arbitrio

170 4840 335 4904 posuit
356 4830 611 4893 clemens
648 4835 782 4888 Deus
804 4834 978 4887 omnia
1002 4842 1199 4897 nostro,
1232 4830 1414 4885 Libera
1443 4848 1580 4885 mens
1608 4834 1772 4886 Itami-

168 4923 287 4960 num
309 4920 386 4963 est
414 4922 670 4977 peccare,
698 4915 799 4977 iant
824 4906 1191 4977 viveresancte.

234 4978 327 5033 2‘2.
368 4965 625 5033 V'andali
658 4965 925 5042 'Asdingui
975 4973 1135 5037 dicti,
1188 4979 1244 5024 ut
1286 4971 1503 5025 uberius
1544 4972 1772 5027 disserui

168 5062 316 5102 num.
347 5049 421 5105 94
455 5048 774 5116 prolegom.
806 5043 1159 5116 Triumphiger
1181 5056 1372 5116 nomen
1400 5043 1624 5116 velsola
1650 5043 1775 5096 Dra-

166 5118 328 5174 contii
349 5111 703 5175 auctoritate
730 5113 934 5167 Latinis
964 5111 1375 5176 accensendum,
1408 5121 1465 5165 ut
1487 5111 1697 5184 belliger
1721 5122 1777 5168 et

167 5190 386 5243 similia.

235 5259 327 5314 25.
370 5257 643 5325 Intelligo
671 5270 783 5306 cum
814 5253 965 5306 laude
995 5252 1171 5306 salutis
1194 5267 1314 5306 cum
1355 5266 1615 5321 prospero
1655 5253 1779 5309 vitat

166 5336 328 5384 statu.

234 5401 324 5453 25.
360 5399 552 5468 Reges
589 5392 958 5468 Yandalorum
989 5394 1165 5461 plures
1206 5400 1592 5463 praecesserant
1620 5400 1770 5447 ante-

166 5482 321 5538 quam
366 5467 710 5538 Hispaniam
735 5476 1106 5538 occupassent.

231 5541 322 5595 27.
349 5530 702 5603 Primigenia
733 5530 995 5601 scriptura
1017 5534 1169 5600 hujus
1193 5530 1767 5603 versusﬁdillicultatem

166 5600 559 5678 iuterpolatnri
582 5600 902 5678 creaverat,
927 5604 1067 5671 quod
1089 5603 1331 5678 eamdem
1362 5600 1655 5678 doctrinam
1687 5616 1766 5654 re-

166 5672 459 5749 petat'quze
497 5678 556 5730 in
610 5674 860 5749 versibus
904 5673 1328 5749 princedentibus
1359 5672 1627 5725 declarata
1661 5681 1765 5737 est,

166 5742 364 5820 nempe
402 5751 587 5803 Deum
662 5742 920 5796 indirecte
966 5744 1262 5809 obdurare,
1308 5755 1603 5807 exciecare,
1658 5749 1766 5794 tra-

542 5840 824 5899 Ρλτιιοι..
877 5835 1002 5894 LX.

1872 4558 1979 4610 lum
2004 4572 2028 4607 τι
2055 4566 2233 4609 mente
2250 4556 2509 4608 alienatus
2532 4556 2647 4621 ipse
2668 4570 2726 4607 se
2741 4557 2925 4609 bovem
2943 4556 3250 4611 credderit.
3273 4560 3441 4614 Verba

1873 4626 2106 4679 Danielis
2137 4637 2259 4677 sunt
2288 4640 2403 4690 cap.
2432 4640 2502 4687 iv,
2536 4638 2677 4677 vers.
2714 4626 2817 4678 5t):
2862 4624 3039 4677 Sermo
3070 4631 3347 4694 completus
3373 4646 3445 4684 est

1873 4712 2024 4767 super
2057 4694 2640 4767 Nabucl:pdouosor,_ct
2678 4711 2740 4747 ex
2761 4694 3044 4767 hominibus
3070 4698 3297 4767 abjectus
3325 4717 3352 4753 ε
3382 4715 3399 4753 t
3427 4743 3440 4765 ,

1873 4774 1920 4817 et
1960 4766 2133 4832 fenum
2172 4774 2227 4816 ut
2266 4765 2352 4815 bos
2386 4763 2618 4836 comedit,
2646 4772 2690 4836 et
2728 4764 2993 4836 roretcceli
3018 4763 3200 4836 corpus
3224 4771 3334 4836 ejus
3366 4763 3443 4823 in;

1877 4840 2059 4903 fectum
2083 4845 2194 4887 est:
2227 4836 2383 4885 donec
2410 4832 2584 4899 capilli
2613 4835 2722 4902 ejus
2747 4833 2800 4885 in
2827 4832 3210 4888 similitudinem
3244 4832 3443 4902 aquilu-

1876 4920 1991 4956 rum
2014 4913 2309 4967 crescerent,
2347 4914 2394 4957 et
2422 4918 2612 4971 ungues
2636 4904 2745 4972 ejus
2779 4905 2926 4972 quasi
2958 4906 3142 4958 avium.
3175 4908 3444 4965 Calmetus

1876 4975 1929 5026 in
1956 4974 2335 5027 dissertatioae
2370 4974 2586 5041 pra-lixa
2621 4973 2685 5027 ad
2724 4973 2999 5028 Danielem
3048 4975 3115 5029 de
3155 4988 3443 5033 metamor-

1881 5045 2029 5110 phosi
2069 5043 2968 5114 Nabuchodonosorisvariashinc
3000 5046 3126 5099 inde
3164 5048 3443 5114 opiniones

1880 5114 2048 5166 refert
2066 5124 2118 5167 et
2147 5112 2357 5167 refellit.
2382 5112 2657 5167 Sententia
2684 5112 2781 5166 fuit
2811 5113 3000 5169 Bodini
3021 5112 3443 5173 Nabuchodono-

1879 5198 2054 5236 ειη-ειη
2102 5186 2152 5237 iu
2201 5197 2383 5236 verum
2425 5192 2645 5254 taurum
2679 5184 2867 5254 lorma
2905 5187 3146 5254 corporis
3176 5195 3230 5240 et
3266 5202 3444 5244 mente

1883 5254 2179 5324 transiisse.
2204 5254 2307 5306 Alii
2352 5252 2510 5319 vulgo
2533 5253 2842 5307 existimant
2884 5252 3248 5308 non'animatn
3283 5260 3440 5324 tauri,

1883 5323 1975 5376 sed
2008 5331 2283 5375 externum
2316 5331 2518 5375 tantum
2549 5324 2782 5389 speciem
2828 5324 2972 5377 illum
2999 5325 3256 5379 induisse.
3290 5323 3445 5381 Com-

1879 5392 2090 5445 munior
2137 5392 2410 5460 magisque
2442 5393 2661 5458 probata
2690 5395 2950 5447 sententia
2980 5403 3063 5448 est
3093 5395 3444 5451 Nabuchodo-

1879 5476 2126 5533 nusorem
2156 5462 2207 5514 iu
2242 5462 2526 5529 phrenesin
2561 5462 2811 5516 incidisse
2837 5479 2851 5516 :
2880 5480 2987 5533 quo
3018 5468 3205 5518 mOrbo
3236 5468 3442 5523 turbata

1877 5531 2155 5601 phantasia
2188 5546 2247 5584 se
2285 5533 2473 5585 bovem
2499 5546 2616 5601 esse
2644 5548 2736 5601 rex
2762 5534 2860 5586 sibi
2887 5531 3230 5601 persuaserit.

1947 5601 2033 5654 55.
2066 5601 2180 5673 Lib.
2215 5615 2290 5664 ιιι,
2322 5616 2464 5673 vers.
2492 5600 2617 5663 646,
2692 5602 2834 5673 intuit
2848 5600 2957 5673 post
2983 5619 3137 5672 regna
3157 5602 3444 5665 bubulcum,

1877 5674 2069 5725 Aratro
2111 5672 2268 5722 etiam
2318 5669 2613 5736 subjectum
2663 5669 3447 5735 fuisse'Nabuc—hodonusmem

1876 5742 2096 5797 credere
2125 5740 2436 5794 Dractmtius
2467 5739 2695 5796 videtur.

3019 5834 3098 5895 29
