3902 6330
509 386 612 445 925

752 508 937 565 Αιιείιιι
970 520 1215 579 testatur,
1247 513 1461 570 Maurus
1486 514 1683 587 ubique
1709 516 1875 587 jacet.

500 596 607 651 215
678 596 830 664 Quod
862 613 1082 669 pereunt
1110 604 1310 668 hostes.
1342 607 1484 676 regis
1514 606 1721 663 fortuna
1743 621 1983 675 vocatur,

750 690 901 757 Quod
934 704 1160 762 pereunt
1187 698 1387 767 populi,
1417 699 1671 767 temporis
1693 700 1825 755 ordo
1855 702 2005 770 regit.

672 782 832 854 392
862 784 993 840 Nam
1018 789 1063 842 si
1093 788 1338 845 debilitas
1361 789 1559 846 faceret
1578 791 1881 848 discurrere
1931 808 2078 848 mor-

1878 882 2009 953 lies,

742 964 857 1021 Non
888 967 1145 1023 caderent
1176 970 1350 1039 pueri,
1384 981 1475 1025 aut
1505 970 1706 1026 femina
1729 985 1889 1026 sexus
1917 973 2082 1026 iners.

668 1056 859 1111 Omnia
891 1070 1103 1129 tempus
1131 1064 1268 1131 agit,
1308 1050 1428 1117 cum
1468 1072 1707 1133 tempore
1734 1074 1922 1119 cuncta
1974 1072 2085 1118 tra—

1766 1156 2009 1228 Utuntur,

1753 401 2114 459 DRACONTH
2154 402 2498 468 (ΖΑΒΜΙΝΑ.Δ

2116 518 2299 582 A220

3669 404 3765 460 9³21

2444 516 2704 585 Tempora
2731 524 2861 571 eunt
2894 517 3038 583 vitaz,
3074 525 3311 588 tempora
3340 516 3533 571 mortis
3557 528 3702 571 eunt.

2365 607 2468 663 Sex
2499 616 2624 662 sunt
2651 615 2836 664 aetates
2874 606 3151 664 hominum
3192 608 3377 679 procul
3425 623 3593 678 usque
3625 624 3765 665 senco

3326 686 3353 737 δ
3445 735 3457 746 ι
3521 697 3703 769 [61301,

2435 788 2528 844 lla:
2558 789 2809 845 distincta
2843 798 3028 845 tenent
3056 799 3295 857 tempora
3325 804 3555 859 quasque
3587 805 3701 844 sua.

2368 880 2615 948 Nunquid
2642 882 2944 937 adultorum
2979 882 3235 952 strepitus
3258 881 3482 935 infantia
3511 883 3733 950 simplex

2435 974 2597 1045 393
2632 973 2898 1042 Vindicat,
2940 985 3031 1029 aut
3068 976 3309 1029 fremitus
3345 973 3497 1045 pigra
3529 985 3765 1029 senectus

3482 1063 3667 1135 [habet
3681 1065 3703 1117 2

2186 1155 2295 1215 225
2367 1154 2484 1210 Νοιι
2515 1156 2805 1211 catulaster
2833 1156 2939 1226 agit
2968 1154 3211 1224 puerilia,
3240 1170 3343 1209 non
3378 1170 3513 1223 puer
3547 1154 3702 1208 audet

1784 1268 2017 1323 VARIIE
2056 1267 2458 1324 LECTiONES.

558 1378 684 1432 2H.
719 1378 773 1433 In
808 1378 926 1433 Vat.
954 1380 1206 1436 scribitur
1239 1380 1439 1436 Marus.

559 1447 685 1521 2lti.
717 1450 904 1521 Sirm.,
937 1453 1063 1521 ordo
1092 1452 1241 1521 gerit.

488 1550 497 1551 κ
557 1517 683 1572 217.
718 1519 827 1573 llnc
855 1517 1139 1575 distichum
1165 1522 1313 1575 abest
1335 1535 1363 1573 a
1390 1521 1551 1575 Sirm.

558 1588 685 1642 219.
717 1590 811 1643 llic
834 1604 1020 1644 versus
1046 1606 1148 1643 non
1173 1599 1289 1646 erat
1317 1594 1367 1643 in
1392 1590 1581 1657 Sirm.,
1606 1599 1696 1643 aut
1722 1590 1821 1655 legi
1853 1605 1955 1644 non
1982 1604 2081 1660 po-

490 1667 622 1713 terat
650 1677 660 1710 :
691 1673 811 1713 eum
845 1660 1004 1713 habet
1028 1663 1243 1727 Azagr..
1275 1661 1361 1715 ubi
1390 1670 1570 1713 cuncta
1599 1670 1853 1713 creantur.

559 1729 685 1783 220.
720 1730 906 1795 Sirm.,
940 1730 998 1783 T.
1026 1741 1142 1784 sunt
1165 1733 1297 1784 vita'.
1325 1740 1361 1783 t.
1386 1748 1455 1783 ιιι.
1483 1740 1644 1785 erant.

554 1799 679 1853 22L
711 1800 899 1869 Sirm.,
930 1801 981 1854 It.
1008 1805 1156 1873 cujus
1172 1818 1254 1870 ,ue
1274 1812 1505 1855 senectce.

2254 1378 2377 1432 222.
2404 1378 2593 1443 Sirm.,
2619 1387 2671 1431 et
2685 1380 2947 1433 distincta.

2255 1449 2379 1521 225.
2410 1449 2598 1521 Sirm.,
2629 1451 2861 1521 nunquid
2889 1449 3135 1521 adulterii
3150 1450 3405 1521 strepitus.

2253 1519 2381 1574 2'24.
2410 1518 2597 1582 Sirm.,
2627 1520 2775 1588 pigra
2799 1529 2999 1572 senecta
3030 1520 3181 1588 gerit.

2255 1588 2382 1643 225.
2424 1588 2610 1651 Sirm.,
2656 1605 2757 1641 non
2800 1588 3078 1641 ctulastra
3119 1588 3249 1657 gerit
3291 1590 3537 1656 puerilia.
3571 1589 3627 1644 In
3652 1591 3765 1646 Vat.

2185 1658 2335 1781 prliis
2356 1660 2647 1724 catuiaster,
2676 1673 2787 1712 non
2811 1660 2978 1723 clare,
3000 1672 3068 1713 ex
3092 1672 3205 1726 quo
3224 1658 3438 1713 videtur
3469 1659 3665 1716 factum
3685 1679 3778 1717 cas

2185 1740 2237 1781 tu
2262 1748 2265 1749 '
2325 1737 2421 1781 ter.

2185 1737 2421 1783 tutaster.

2012 1907 2244 1966 NOTAE.

555 2028 683 2083 2H.
714 2028 967 2096 Quisnam
998 2029 1153 2083 fuerit
1183 2028 1269 2099 hic
1296 2026 1499 2099 Ansila,
1528 2036 1580 2081 et
1610 2040 1852 2099 quianam
1886 2024 2065 2099 prmlia
2101 2025 2145 2085 Β
2177 2023 2295 2078 Sint
2326 2024 2416 2077 tibi
2442 2024 2632 2079 divitia:
2667 2024 2849 2099 dicina:
2881 2024 3125 2099 dogmata
3169 2026 3777 2099 [σρὶοηδαηειοηυηνικε

485 2112 604 2153 eum
637 2099 832 2155 Mauris
881 2100 1181 2154 indicantur
1226 2098 1329 2152 hoc
1376 2098 1514 2164 loco,
1565 2097 1844 2167 quaesitum
1893 2106 1974 2151 est
2014 2096 2066 2149 in

485 2170 775 2237 prolegom.
802 2185 947 2223 num.
984 2171 1086 2223 100
1107 2178 1162 2221 et
1187 2182 1337 2237 seqq.

553 2238 677 2293 2l5.
710 2239 842 2294 Vide
884 2239 1046 2294 verba
1079 2235 1353 2293 Ciceronis
1383 2237 1543 2291 allata
1572 2236 1637 2290 ad
1666 2251 1804 2291 vers.
1848 2235 1945 2292 199
1975 2236 2066 2305 qui

484 2308 824 2362 clementiam
870 2310 1096 2363 Cresaris
1144 2322 1368 2375 pergens
1418 2307 1666 2370 laudare,
1716 2308 1790 2361 ait
1832 2321 1952 2374 cap.
1991 2308 2065 2360 2:

485 2378 621 2442 Quin
643 2379 793 2431 etiam
817 2378 909 2431 illa
931 2382 1043 2448 ipsa
1066 2394 1237 2431 rerum
1264 2379 1614 2448 humanarum
1630 2378 1835 2448 domina
1863 2378 2068 2443 fortuna

482 2449 535 2499 in
565 2448 711 2501 istius
754 2446 1041 2503 societatem
1087 2448 1265 2513 gloritz
1309 2463 1361 2500 se
1391 2463 1491 2501 non
1538 2446 1705 2512 affert.
1743 2446 1974 2501 Victoria
2016 2448 2066 2501 in

482 2515 636 2571 bellis
664 2518 890 2573 fortuna:
922 2519 1261 2585 impera'oris
1289 2517 1446 2571 tribui
1472 2516 1699 2571 solebat.
1732 2516 1981 2570 Barthius
2000 2518 2065 2571 ad

480 2586 711 2641 Statium
746 2590 782 2643 l.
812 2605 846 2641 ιι
882 2589 1079 2651 Tlieli.,
1108 2603 1249 2642 vers.
1282 2588 1404 2652 197,
1437 2588 1585 2655 plura
1609 2588 1851 2655 exempla
1880 2586 2064 2653 affert,

480 2666 534 2711 et
563 2657 617 2710 in
657 2658 739 2712 his
772 2660 913 2711 hunc.
959 2659 1225 2715 Dracontii
1257 2658 1431 2711 locum
1481 2658 1684 2721 laudat,
1720 2660 1792 2711 uti
1822 2656 1981 2711 etiam
2015 2660 2065 2712 in

480 2732 624 2798 not's
664 2729 731 2785 ad
777 2728 1124 2783 Claudianum
1173 2744 1293 2798 pag.
1327 2729 1461 2791 507;
1495 2742 1563 2781 ex
1597 2727 1816 2781 Otberto
1845 2743 1969 2782 vero
2014 2730 2065 2782 in

480 2796 600 2852 Vita
625 2799 837 2855 chrici
864 2800 927 2853 lV
952 2800 1137 2854 recitat
1168 2796 1317 2869 Regis
1344 2810 1511 2852 tamen
1536 2799 1741 2869 fortuna
1760 2798 1897 2869 vicit,
1924 2800 2065 2869 quod

480 2869 781 2943 imitatione
810 2880 1049 2943 veterum
1079 2868 1278 2925 dictum
1313 2879 1485 2938 putat.
1516 2868 1928 2943 l’lu_ta_rclius__de
1960 2868 2065 2943 for-

480 2946 606 2991 tuna
649 2940 1013 2995 Romanoruni
1044 2948 1324 2994 tractatum
1370 2955 1529 2993 unum
1559 2939 1756 3005 edidit,
1798 2939 2067 3008 aliumque

478 3008 545 3062 de
568 3010 774 3063 fortuna
806 3020 859 3066 et
887 3010 1084 3065 virtute
1112 3010 1398 3065 A'exandri
1428 3009 1619 3076 Magni.

549 3079 675 3133 216.
703 3081 1022 3135 Mutationes
1046 3080 1358 3149 populorum
1389 3089 1443 3135 et
1472 3077 1847 3133 conversiones
1876 3092 2067 3147 regno-

482 3163 597 3202 rum
630 3152 870 3205 attribuit
925 3150 1097 3206 ordini
1142 3151 1399 3219 temporis
1453 3165 1481 3203 a
1512 3149 1622 3203 Deo
1652 3149 1859 3219 scilicet
1891 3151 2066 3215 prtuli-

484 3219 612 3273 nito.
650 3221 1000 3276 Ecclesiastes
1029 3235 1145 3285 cap.
1181 3237 1217 3283 l,
1252 3217 1396 3275 vers.
1421 3222 1453 3274 4
1481 3238 1491 3271 :
1520 3217 1790 3272 Generatio
1816 3221 2061 3287 pra’leril,

484 3293 524 3341 et
556 3302 761 3358 generat
784 3308 812 3343 ο
842 3293 1067 3345 advenit.
1100 3290 1418 3345 Franciscus
1448 3288 1727 3354 Vallesins,
1759 3288 1909 3343 Sacr.
1944 3289 2065 3342 Phi-

484 3362 579 3414 los.
621 3375 742 3427 cap.
771 3362 870 3425 62,
918 3362 1120 3431 putavit
1166 3362 1266 3414 hoc
1298 3362 1415 3415 loco
1443 3358 1730 3427 significari
1761 3362 2063 3427 generatio-

480 3444 604 3483 num
639 3430 1043 3495 perpetuitatem
1080 3448 1173 3497 per
1201 3432 1633 3493 circulationem,
1665 3444 1821 3497 quem
1861 3430 2063 3483 Corne-

482 3500 581 3569 lius
604 3515 629 3551 a
656 3502 852 3569 Lapide
880 3505 930 3556 in
958 3512 1249 3557 comment.
1284 3501 1494 3556 refellit.

547 3568 669 3623 2l7.
704 3567 1002 3626 Discurrere
1030 3573 1164 3626 sumi
1191 3581 1317 3640 puto
1348 3585 1445 3640 pro
1472 3568 1754 3640 aliorabire,
1774 3567 1888 3640 nisi
1913 3568 2064 3623 malis

484 3640 660 3709 legere
692 3644 966 3697 discedere.
999 3638 1271 3697 Sententia
1306 3638 1359 3695 in
1402 3641 1449 3693 id
1482 3638 1945 3693 reciderevidetur
1968 3640 2061 3709 :Asi

483 3707 626 3765 mors
655 3712 919 3769 debilibus
948 3721 1214 3781 parceret,
1248 3726 1349 3767 nee
1374 3712 1548 3777 pueri,
1581 3724 1681 3762 nec
1710 3710 1921 3781 feminae
1951 3707 2065 3762 obi-

484 3792 619 3836 rent.
650 3783 912 3838 Nimirum
945 3778 1049 3838 non
1071 3791 1152 3838 est
1181 3783 1473 3850 potentium
1503 3795 1687 3850 regum
1719 3778 1915 3841 virtus,
1946 3793 2067 3847 quae

484 3853 710 3922 populos
739 3855 837 3908 sibi
861 3849 1219 3922 repugnantes
1240 3853 1454 3916 evertit,
1477 3850 1568 3905 sed
1598 3849 1732 3922 ordo
1764 3858 2063 3922 temporum

485 3938 512 3975 a
535 3921 644 3977 Deo
661 3919 1208 3992 stabilitus'ejusmodi
1229 3924 1549 3976 mutationes
1572 3919 1737 3973 efficit
1757 3928 1847 3992 aut
1866 3920 2025 3992 exigit
2049 3937 2062 3972 :

485 4003 710 4060 pereunt
742 3996 886 4048 enim
928 3988 1086 4048 etiam
1123 3995 1273 4061 pueri
1306 3993 1513 4047 debiles
1539 4000 1589 4043 et
1628 4005 1788 4061 sexus
1815 3991 1959 4044 iners
1989 3988 2067 4061 fe—

485 4062 724 4129 mineus,
756 4066 948 4132 quibus
976 4060 1253 4119 bella’non
1284 4064 1479 4117 obsunt
1508 4070 1598 4114 aut
1622 4060 1814 4132 obesse
1842 4076 1948 4113 non
1977 4060 2068 4132 de-

484 4132 693 4186 berent.
729 4130 876 4188 Hanc
916 4136 1407 4201 interpretationem
1452 4147 1515 4186 ex
1566 4132 1682 4184 loco
1727 4131 1924 4201 alioqui
1964 4130 2068 4184 dif-

484 4201 608 4322 tici“
652 4211 705 4255 et
752 4202 978 4257 fortasse
1025 4200 1280 4273 corrupto
1326 4210 1514 4257 eruere
1558 4202 1728 4256 licet:
1777 4200 1869 4254 sed
1909 4201 2068 4254 aliam

484 4284 569 4322 ma
612 4286 718 4322 em.

484 4284 718 4325 mallem.

540 4340 675 4424 _2l8.
705 4341 824 4398 Lib.
858 4357 935 4409 Ill,
959 4358 1103 4399 vers.
1137 4342 1263 4406 457,
1300 4340 1364 4395 Et
1386 4341 1534 4413 quasi
1562 4355 1712 4395 sexus
1736 4341 1871 4393 iners
1900 4338 1970 4393 de
2000 4340 2069 4394 fe-

450 4460 457 4466 .
484 4426 660 4465 minus.

552 4482 679 4553 219.
721 4484 1070 4541 Ecclesiastes
1107 4499 1226 4553 cap.
1260 4498 1348 4550 ιιι,
1378 4495 1518 4535 vers.
1553 4483 1576 4535 1
1608 4496 1622 4534 :
1656 4480 1843 4553 Omnia
1873 4490 2070 4553 tempus

485 4552 760 4626 (tabent...
812 4555 1028 4626 Tempus
1054 4551 1323 4614 nascendi.
1360 4563 1407 4606 et
1443 4562 1639 4626 tempus
1658 4551 1940 4626 ‘moriendi.
1968 4553 2071 4603 Co-

484 4622 768 4680 lumbanus
806 4627 858 4680 in
890 4621 975 4694 ep.
1010 4627 1075 4681 ad
1128 4626 1425 4679 llunaldum
1473 4621 1613 4677 hunc
1656 4621 2072 4694 Draconliiver-

485 4707 599 4765 sum
621 4709 742 4749 cum
766 4698 883 4751 aliis
904 4690 1141 4765 ejusdem
1167 4695 1437 4751 Dracontii
1460 4694 1733 4765 inserit_ac
1755 4690 2029 4765 pratmittit
2052 4708 2069 4749 :

2173 2104 2379 2163 patrum
2419 2102 2573 2149 castra
2610 2086 2975 2148 moderaminav
3002 2096 3152 2162 vilic,
3196 2086 3385 2149 (inania
3424 2114 3547 2161 quae
3583 2086 3775 2154 dociles

2172 2165 2740 2236 scripseruntearmine
2779 2172 2943 2228 uates,
2975 2165 3065 2219 ubi
3097 2168 3228 2236 satis
3274 2166 3561 2236 distinguit
3591 2184 3773 2225 sacras

2173 2234 2424 2307 Litteras,
2448 2234 2543 2289 SS.
2570 2234 2756 2307 Patres
2781 2243 2836 2289 et
2862 2243 3045 2307 poetas
3064 2234 3237 2307 Christ
3249 2236 3422 2302 ianos,
3450 2234 3595 2307 quos
3624 2252 3781 2295 vates

2171 2305 2427 2370 appellat.
2459 2313 2513 2358 et
2543 2320 2610 2358 ex
2632 2304 2824 2372 quibus
2856 2305 3021 2358 multa
3046 2305 3262 2373 promit.

2242 2375 2368 2428 221.
2404 2374 2575 2444 Usque
2610 2385 2860 2428 senectam
2904 2375 3022 2429 sine
3050 2377 3117 2427 ad
3158 2378 3389 2430 occurrit
3430 2377 3599 2432 etiam
3634 2380 3670 2433 Ι.
3705 2396 3772 2444 ιι,

2171 2459 2314 2500 vers.
2337 2445 2462 2511 708,
2491 2443 2546 2500 et
2574 2443 2665 2499 lib.
2692 2460 2770 2509 ιιι,
2802 2460 2948 2500 vers.
2976 2445 3102 2500 652.
3129 2445 3233 2500 Sed
3265 2447 3544 2501 hominum
3580 2462 3773 2505 :etates

2173 2525 2416 2569 recenset
2448 2515 2717 2584 Eugenius
2748 2515 3040 2571 Toletaitus
3068 2517 3119 2570 in
3154 2516 3399 2571 versibus
3442 2520 3774 2584 recapitula-

2174 2586 2334 2639 tionis
2367 2585 2691 2658 Hexaemeri
2722 2588 2901 2640 relatis
2941 2586 2992 2640 in
3023 2587 3316 2657 prolegoin.
3348 2598 3501 2642 num.
3533 2589 3629 2658 2f,
3667 2591 3775 2646 Ser

2170 2666 2285 2707 sunt
2308 2665 2478 2709 letales
2502 2656 2712 2719 homini,
2748 2667 2851 2711 etc.

2243 2725 2371 2797 225.
2402 2726 2793 2797 Eugeniusloc.
2821 2727 2911 2780 cit.
2942 2726 3076 2781 dixit
3097 2727 3258 2782 etiam
3280 2728 3503 2797 infantia
3523 2729 3771 2797 simplex.

2173 2795 2228 2868 in
2250 2796 2429 2868 Sirm.‘
2449 2796 2686 2849 adulterii
2714 2797 2967 2851 mendum
2989 2805 3091 2868 est,
3116 2808 3205 2850 aut
3229 2795 3499 2868 correctio
3530 2795 3775 2868 interpo-

2171 2866 2370 2921 latoris.
2406 2866 2725 2938 Dracontius
2753 2877 2903 2922 certe
2930 2865 3223 2920 adultarum
3243 2867 3462 2937 scripsit
3492 2887 3505 2920 :
3537 2865 3773 2938 opponit

2169 2937 2312 2989 enim
2345 2936 2620 2991 infantiam
2659 2945 2715 2991 et
2755 2945 3084 2991 senectutem
3117 2936 3403 3005 juventuti.
3435 2938 3543 2993 Sex
3580 2936 3769 2995 atates

2172 3006 2517 3079 liotninis_it.t
2576 3007 2645 3079 ab
2693 3006 2899 3061 Isidoro
2943 3006 3346 3079 distinguuntur
3390 3008 3429 3062 Ι.
3488 3024 3540 3063 ιι
3590 3010 3765 3079 0rig.,

2167 3091 2284 3151 cap.
2318 3077 2373 3140 2,
2401 3074 2656 3143 Infantia,
2690 3079 2931 3151 pueritia,
2963 3078 3328 3151 adolescentia,
3351 3081 3628 3148 juventus,
3657 3074 3770 3151 gat;

2167 3148 2326 3209 t'i!as,
2359 3157 2508 3217 atque
2535 3154 2796 3213 senectus;
2828 3147 3047 3201 infantia
3090 3148 3153 3200 ad
3184 3147 3386 3201 annum
3435 3147 3764 3216 scptimtim.

2169 3217 2392 3283 pueritia
2425 3217 2491 3271 ad
2528 3232 2727 3272 annum
2770 3218 3035 3272 decimum
3075 3228 3357 3285 quartum,
3390 3218 3763 3275 adolescentia

2166 3287 2230 3339 ad
2263 3302 2460 3342 annum
2494 3287 2811 3355 vigesimum
2858 3296 3134 3350 octavum,
3170 3287 3427 3355 juventus
3464 3289 3532 3343 ad
3565 3305 3767 3344 annum

2166 3358 2665 3429 quinquagesimum
2685 3397 2700 3419 .
2731 3357 3002 3424 gravitas,
3034 3372 3153 3426 qua:
3185 3366 3266 3411 est
3298 3357 3595 3429 declinatio
3624 3376 3655 3413 a
3680 3362 3765 3429 ju-

2170 3436 2383 3482 ventute
2426 3427 2480 3481 in
2521 3435 2881 3491 senectutem,
2915 3429 2979 3480 ad
3026 3427 3484 3496 septuagesimum
3523 3427 3763 3495 annum,

2170 3508 2420 3551 senectus
2448 3496 2640 3551 deinde
2667 3511 2835 3566 Usque
2873 3496 2939 3551 ad
2966 3496 3188 3550 obitum.
3225 3499 3303 3550 Ab
3338 3498 3588 3568 Eugenio
3618 3501 3764 3555 Tole‘

2170 3576 2294 3619 lano
2322 3568 2506 3635 quinta
2550 3576 2679 3620 :Ptas
2712 3577 2932 3621 vocatur
2973 3578 3186 3621 senecta
3228 3569 3439 3633 gravis,
3492 3581 3649 3624 sexta
3690 3587 3765 3624 se-

2169 3640 2337 3689 nium.
2385 3636 2529 3691 idem
2574 3638 2785 3691 tertiam
2833 3645 3043 3691 atatem
3091 3637 3322 3705 appellat
3371 3639 3766 3703 adultam;

2169 3706 2469 3760 aitultorum
2519 3708 2776 3776 strepitus
2818 3717 2872 3761 et
2920 3708 3205 3771 fremitus,
3246 3721 3381 3777 quos
3440 3709 3766 3763 Dracontius

2171 3788 2462 3844 tinemorat,
2505 3779 2766 3849 iuventuti
2816 3780 2983 3846 magis
3027 3778 3371 3833 conveniunt.
3404 3778 3547 3834 Vide
3591 3782 3767 3849 prole

2168 3863 2312 3916 gout.
2349 3864 2492 3900 num.
2523 3848 2612 3901 24.

2242 3917 2368 3970 224.
2422 3918 2688 3981 Senectus,
2736 3928 3001 3985 postrema
3027 3927 3309 3987 correpta,
3342 3928 3398 3971 ut
3440 3921 3597 3986 palus
3628 3921 3765 3987 apud

2177 3989 2474 4050 llmatium,
2515 3999 2567 4042 et
2606 3990 2820 4057 servitus
2850 3988 2987 4057 apud
3022 3986 3316 4042 Paulinum.
3356 3990 3408 4041 In
3444 3990 3641 4057 elegiis
3668 3994 3771 4045 sub

2172 4057 2510 4130 Cnrn.GaAlli
2561 4058 2674 4112 sive
2720 4055 2857 4111 Galli
2910 4056 3209 4111 Maximiani
3249 4061 3467 4113 nomine
3509 4055 3765 4130 vu'gatis,

2173 4130 2308 4192 eleg.
2345 4129 2394 4186 l.
2426 4126 2704 4182 Continuus
2730 4130 2943 4197 gemitus
2974 4143 3111 4195 trgra
3139 4138 3377 4181 senectus
3398 4131 3574 4186 habet.

2242 4198 2368 4252 225.
2408 4197 2699 4253 Catulastra
2739 4200 2871 4267 gerit
2910 4198 2963 4252 in
3002 4198 3162 4268 Sirm.
3195 4199 3451 4253 mendum
3484 4210 3593 4266 est,
3626 4203 3775 4268 quod

2175 4269 2549 4322 nonnullorum
2581 4270 2824 4322 exercuit
2854 4268 3086 4337 ingenia.
3116 4267 3335 4321 Rivinus
3364 4270 3442 4323 ait
3483 4267 3763 4325 Barnbium

2174 4341 2237 4390 ad
2290 4340 2581 4408 marginem
2612 4340 2773 4409 (puto
2818 4340 2870 4393 in
2918 4340 3055 4392 notis
3100 4339 3164 4391 ad
3212 4337 3607 4403 Claudianum,
3644 4357 3760 4409 pag.

2176 4411 2305 4478 507)
2327 4410 2642 4477 ascripsisse
2671 4409 2953 4463 catulastra
2974 4423 3093 4463 esse
3115 4410 3435 4476 crepundia,
3460 4413 3556 4464 sed
3593 4414 3761 4465 itICllm

2176 4495 2271 4544 pro
2290 4477 2557 4551 derelicto
2589 4480 2859 4551 lsalmisse.
2891 4477 3212 4551 Bauniusin
3256 4480 3498 4534 editione
3537 4498 3757 4551 operum

2175 4551 2413 4603 omnium
2443 4550 2733 4611 Sirmondi,
2763 4564 2919 4617 quam
2965 4549 3182 4602 Parisiis
3231 4549 3760 4614 procuravit.’int'er-

2178 4630 2414 4686 pretatus
2447 4619 2636 4683 fuerat,
2668 4622 2943 4673 catu’astra
2969 4633 3087 4673 esse
3114 4619 3318 4673 catulos
3347 4634 3415 4673 ex
3441 4621 3657 4684 charta.
3683 4625 3759 4675 vel

2180 4691 2345 4755 lgno,
2390 4690 2633 4757 qualibus
2674 4689 2933 4745 icuncnlis
2970 4689 3120 4756 pueri
3162 4688 3421 4743 obiectari
3470 4706 3760 4745 censuere-

485 4762 714 4819 Pulchre
745 4758 953 4821 veridici
981 4769 1161 4823 cecinit
1188 4783 1284 4822 voa:
1309 4766 1435 4819 talia
1458 4768 1615 4829 vatis,
1643 4758 1896 4828 Tempora
1924 4762 2070 4816 dinu-
2100 4769 2150 4829 ι)
2179 4770 2329 4825 runt;
2358 4760 2454 4814 sed
2482 4760 2532 4815 in
2565 4759 2876 4825 praefatione
2906 4760 2969 4811 ad
3004 4768 3135 4812 tom.
3182 4758 3223 4812 ll
3262 4760 3339 4813 ait
3378 4776 3441 4814 se
3485 4773 3669 4829 postea
3709 4761 3760 4814 in

485 4850 687 4890 merans
717 4838 811 4891 teri
845 4838 1057 4906 vitaeque
1082 4840 1289 4892 caduca:
1307 4879 1320 4899 ,
1354 4836 1539 4889 Omnia
1568 4845 1765 4899 tempus
1792 4835 1897 4906 agit
1910 4875 1939 4906 ._
1955 4850 2071 4886 cum

486 4913 709 4973 tempore
731 4918 911 4961 cuncta
931 4904 1221 4962 trahuntur.
1254 4907 1457 4973 Quibus
1489 4908 1539 4960 in
1570 4906 1747 4960 verbis
1774 4904 2065 4958 veridicum

486 4985 659 5048 vatem
712 4978 1047 5033 Dracontinm
1097 4978 1390 5048 appellari,
1435 4976 1588 5048 cujus
1631 4975 1766 5037 alios
1798 4988 1987 5048 versus
2018 4974 2067 5027 in

487 5046 729 5102 eamdem
759 5052 1079 5104 sententiam
1120 5044 1479 5104 columbanus
1509 5046 1694 5107 affert,
1726 5044 2070 5112 probabiliter

487 5130 701 5172 censeo.
745 5119 801 5173 In
828 5120 1178 5175 Collectaneis
1207 5122 1376 5173 sacris
1403 5117 1617 5171 Patricii
1650 5114 1913 5184 Flemingi
1944 5126 2069 5169 nota

486 5187 552 5239 ad
581 5202 767 5243 versus
794 5189 1109 5245 Columbani
1140 5189 1255 5244 haec
1289 5198 1401 5253 est,
1429 5202 1583 5241 ητις
1601 5228 1615 5247 ,
1644 5187 1756 5256 quis
1785 5187 1877 5239 iste
1912 5197 2067 5251 va'es,

488 5259 617 5312 scire
645 5275 747 5312 non
769 5261 921 5329 liquet
944 5304 959 5326 ,
987 5262 1083 5314 nisi
1106 5276 1165 5314 eo
1192 5260 1322 5328 forte
1354 5258 1555 5311 nomine
1576 5257 1906 5311 Salomonem
1932 5272 2073 5309 cont-

488 5331 731 5402 preltendi
749 5333 986 5402 poluerit,
1007 5331 1094 5402 qui
1117 5332 1263 5384 illam
1282 5329 1521 5402 temporis
1543 5329 1896 5402 partitionem;
1919 5343 2071 5402 quam

491 5395 712 5453 Sanctus
739 5400 820 5455 hic
848 5395 1186 5465 commendat,
1220 5395 1451 5454 tradidit.
1476 5398 1673 5453 Verum
1705 5412 1826 5451 cum
1859 5395 2074 5450 Colum-

491 5470 659 5542 banus
689 5482 895 5542 septem
930 5473 1197 5528 Dracontii
1223 5483 1438 5533 versus,
1468 5482 1638 5542 eoque
1666 5466 1900 5536 amplius
1926 5467 2071 5521 illico

492 5540 827 5614 proferat,'in
850 5545 1040 5614 quibus
1065 5544 1307 5613 quaedam
1340 5548 1465 5614 sunt
1489 5554 1532 5614 a_
1545 5540 1832 5614 Salomone
1853 5545 2074 5614 prazter-

492 5612 652 5665 missa
676 5656 689 5679 ,
724 5616 807 5668 vix
836 5608 962 5670 dubi
988 5608 1185 5669 and'um
1224 5620 1308 5669 est
1345 5611 1470 5681 quin
1502 5610 1850 5681 Dracontiuni
1879 5608 2071 5662 veridi-

491 5694 611 5752 cum
659 5678 829 5739 vatem
875 5686 1171 5749 vocaverit,
1219 5678 1392 5752 neque
1445 5680 1744 5752 dubitasset
1788 5678 2069 5752 adnotatur

492 5748 825 5821 columbarii,
856 5759 920 5816 si.
952 5756 1091 5810 unde
1120 5748 1402 5809 versus—illi
1433 5751 1734 5820 deprompti
1752 5756 1961 5821 essent,
1993 5749 2071 5802 in-

495 5818 821 5876 tellcxisset.
854 5825 1016 5879 Paula
1063 5832 1185 5879 ante
1232 5823 1441 5878 dixerat
1485 5818 1624 5879 illam
1660 5818 2068 5877 ’Columbanus:

2179 4832 2450 4885 I’Inloxeni
2512 4832 2849 4898 aliorumque
2906 4840 3144 4883 veterum
3206 4830 3486 4897 glossariis
3552 4829 3760 4885 Latinti-

2174 4902 2395 4961 Grtecis.
2424 4916 2452 4953 a
2480 4900 2673 4954 Carolo
2704 4901 2914 4953 Lalilieo
2942 4899 3203 4965 collectis,
3236 4901 3511 4955 invenisse
3553 4902 3761 4955 Catulo-

2172 4983 2273 5024 slcr
2292 4974 2535 5036 Βούπαις,
2562 4968 2846 5026 Cttlulester
2870 4969 3088 5033 πάλληξν
3114 4970 3253 5038 Quod
3280 4971 3547 5025 lectorum
3565 4974 3764 5038 judicio

2176 5042 2451 5111 relinquit.
2496 5041 2831 5096 Forcellinns
2860 5040 2911 5093 in
2948 5040 3144 5094 [.exico
3179 5040 3344 5095 verbo
3375 5040 3635 5094 Catlaster
3668 5045 3763 5096 ob-

2175 5122 2351 5167 servat
2377 5113 2513 5165 lianc
2534 5126 2717 5166 vocem
2748 5111 2990 5165 Vitruvio
3032 5111 3333 5164 restitutam
3368 5112 3538 5165 fuisse
3569 5127 3598 5164 a
3630 5112 3765 5167 Tur-

2176 5184 2313 5238 nebo
2343 5182 2465 5236 libr.
2494 5197 2616 5236 χχιιι
2644 5183 2894 5244 Advers.,
2927 5195 3046 5249 cap.
3074 5180 3128 5244 7,
3158 5196 3254 5247 pro
3282 5196 3348 5252 eo
3376 5183 3519 5248 quod
3553 5184 3761 5252 legeba-

2179 5264 2264 5307 tur
2306 5262 2528 5307 catastos
2573 5253 2607 5306 l.
2652 5267 2760 5316 viri,
2802 5265 2853 5306 c.
2894 5254 2949 5317 4,
2975 5260 3031 5306 et
3066 5251 3294 5305 catlastri
3325 5251 3578 5317 formam,
3603 5267 3759 5321 quam

2177 5324 2209 5377 li
2230 5326 2339 5378 lbet
2356 5322 2630 5377 Cbari~ius
2656 5322 2772 5375 libr.
2802 5338 2836 5384 ι,
2868 5330 3196 5376 contractam
3223 5335 3341 5375 esse
3364 5337 3433 5376 ex
3458 5326 3757 5387 cata/aster,

2175 5393 2315 5462 quod
2343 5394 2398 5447 in
2426 5393 2760 5447 diminutivis
2788 5408 2857 5446 ex
2889 5391 3077 5446 catulis
3107 5393 3255 5460 ponit
3286 5392 3596 5446 Priscianus
3640 5393 3757 5446 libr.

2174 5480 2256 5518 ιιι.
2291 5463 2621 5518 Forcellinus
2654 5464 2929 5534 carulastcr
2952 5465 3169 5534 exponit
3192 5463 3438 5534 grandior
3460 5479 3609 5533 puer,
3634 5465 3759 5515 ado-

2172 5535 2501 5594 lescentulus.
2532 5544 2585 5588 et
2614 5534 2739 5588 inde
2782 5530 3001 5587 formari
3028 5530 3108 5586 ait
3138 5530 3439 5594 ca'tulastra,
3460 5530 3544 5594 ἀς,
3587 5534 3759 5600 puella

2175 5608 2282 5670 iam
2324 5604 2532 5674 grandis
2575 5614 2617 5658 et
2662 5604 2757 5657 viri
2801 5603 3017 5672 patiens,
3048 5614 3207 5670 atque
3236 5604 3306 5657 ita
3334 5603 3587 5672 intelligit
3620 5604 3759 5656 hunc

2180 5676 2446 5731 Dracontii
2471 5676 2665 5737 locum,
2698 5674 2817 5728 Non
2838 5674 3118 5727 catulastra
3138 5675 3267 5744 gerit
3295 5675 3531 5744 puerilia.
3564 5674 3754 5727 Verum

2181 5748 2400 5801 ltivinus
2437 5746 2546 5813 jam
2588 5747 2752 5799 multo
2794 5754 2947 5801 antea
2990 5742 3300 5797 corre'xerat
3328 5742 3452 5796 Non
3479 5745 3755 5796 catulaster

2177 5820 2281 5888 agit
2310 5817 2545 5887 puerilia,
2576 5817 2665 5885 qui
2696 5814 3069 5871 animadvertit
3101 5813 3429 5870 Desiderium
3463 5814 3754 5870 llcralduut
