3902 6330
391 485 690 540 Attrectare
717 488 869 537 tener
900 479 1088 535 Martia
1120 478 1221 534 tela
1261 493 1441 534 manu.

321 576 437 631 Non
463 574 590 628 furit
611 574 662 627 in
685 586 936 628 venerem
957 569 1192 625 nondum
1216 570 1535 639 pubentibus
1550 573 1726 637 annis,

394 665 559 738 394
582 665 692 720 Nec
727 665 827 719 sub
867 664 1002 719 ﬂore
1043 678 1193 734 gente
1228 663 1497 718 marcidus
1532 671 1616 718 est
1647 663 1731 733 ju.

1460 752 1657 825 [venis.

327 848 566 903 Maturus
588 854 799 912 tractat,
821 845 985 912 gemit
1007 852 1061 900 et
1085 843 1430 899 tremebunda
1459 854 1727 910 senectus,

308 946 309 949 ‘
391 936 584 993 Nescia
610 937 854 1004 fervoris,
885 934 968 990 vel
998 934 1228 990 levitatis
1252 934 1424 1000 inops.

324 1029 575 1101 Nunquid
605 1044 728 1084 mox
760 1037 914 1082 natas
941 1035 1151 1097 segetes
1170 1026 1316 1081 viror
1338 1035 1510 1080 armat
1532 1026 1731 1092 aris-tis,

400 1121 650 1178 Floribus
680 1131 772 1176 aut
796 1120 991 1190 genitis
1017 1119 1217 1174 fructus
1247 1118 1386 1173 inest
1415 1117 1627 1173 subito?

324 1213 583 1269 Novimus
603 1221 746 1267 astra
773 1211 878 1279 poli
909 1210 1185 1265 confectos
1218 1209 1443 1279 perdere
1467 1222 1676 1271 cursus,

398 1303 827 1371 Trausactasque
852 1300 1011 1355 simul
1039 1300 1117 1354 sic
1146 1300 1407 1368 repetisse
1431 1299 1564 1354 vias.

326 1396 596 1464 Tempore
622 1394 747 1448 luna
768 1407 867 1449 suo
894 1393 1085 1447 crescit
1112 1390 1198 1446 vel
1230 1390 1411 1445 deficit
1439 1390 1588 1455 orbe,

396 1485 559 1557 Cujus
587 1484 654 1539 ad
686 1492 898 1538 aetatem
924 1482 1152 1553 plurima
1184 1481 1301 1551 lege
1328 1489 1537 1534 notant.

143 1397 251 1453 235

1210 361 1654 420 SATISFACTIO
1696 363 1787 419 AD
1823 362 2295 423 GUNTHARIUM.

1832 845 1939 899 210

3309 369 3417 426 9‘26

2010 480 2173 551 395
2217 478 2371 548 Nam,
2418 478 2541 535 luna
2580 486 2880 549 crescente,
2913 479 3106 536 fretum
3146 494 3413 536 crementa

3076 573 3343 646 [resumit,

2117 662 2229 730 Qua
2256 662 2529 718 minuente
2560 663 2719 733 polis,
2752 672 2834 720 est
2860 663 3036 720 minor
3063 665 3202 719 unda
3233 668 3413 721 maris.

2008 753 2236 826 Cynthia
2259 755 2383 810 dum
2401 756 2613 819 crescit,
2634 755 2807 810 fontes
2829 765 2883 811 et
2908 753 3125 809 ﬂumina
3147 769 3416 823 crescunt,

2088 846 2211 901 Hmc
2235 847 2420 901 eadem
2455 848 2721 915 minuunt,
2752 847 2979 918 Cynthia
3009 847 3133 902 dum
3167 848 3378 903 minuit.

2014 937 2130 1008 lpsa
2161 939 2390 994 medulla
2422 940 2591 995 latens
2620 939 2871 995 observat
2897 952 3096 993 cornua
3128 939 3288 1004 futue,

2086 1030 2389 1087 Observant
2417 1032 2557 1087 luna:
2586 1040 2722 1087 tecta
2748 1032 2968 1087 cerebra
2994 1032 3204 1102 globos.

2019 1121 2132 1187 Sol,
2168 1122 2355 1179 «culus
2383 1125 2531 1188 coeli,
2562 1124 2777 1179 radians
2811 1122 3048 1178 fuscatur
3076 1123 3145 1178 ab
3174 1126 3384 1189 umbra,

2093 1212 2158 1266 Et
2187 1220 2364 1268 tamen
2389 1213 2454 1266 ad
2485 1213 2667 1268 solitas
2694 1214 2838 1283 itque
2862 1211 3105 1283 reditque
3133 1214 3331 1283 plagas.

1841 1302 1945 1356 215
2022 1305 2097 1357 Ac
2126 1303 2319 1374 recipit
2349 1292 2513 1360 facies
2544 1306 2764 1373 priscas,
2796 1305 3046 1375 lucesque
3081 1308 3305 1362 resumit
3336 1322 3351 1362 :

2088 1395 2322 1465 Damna,
2350 1398 2432 1453 vel
2470 1406 2809 1468 augmentum
2847 1400 2977 1455 dant
3014 1400 3300 1463 elementa.
3343 1400 3422 1456 fe-

3186 1490 3353 1561 [runt.

1434 1570 1672 1627 VARIAE
1717 1573 2121 1633 LECTIUNES.

213 1670 346 1726 228.
389 1668 496 1724 Pro
540 1667 643 1722 hoc
683 1680 840 1722 versu
876 1667 928 1721 in
958 1665 1123 1720 Sirm.
1169 1673 1251 1719 est
1296 1662 1384 1717 hic
1423 1661 1559 1716 alius
1590 1678 1604 1717 :
1636 1661 1742 1716 Nec

144 1744 308 1812 fetum
338 1749 515 1812 partus
544 1737 737 1809 femina
762 1737 931 1791 reddit
959 1752 1111 1789 anus.

214 1800 349 1865 230:
376 1810 471 1863 llic
490 1800 576 1862 est
603 1817 904 1874 postremus
929 1818 1113 1860 versus
1137 1805 1190 1859 in
1214 1804 1379 1873 elegia
1398 1817 1426 1855 a
1449 1800 1737 1874 Sirmondo

144 1881 314 1937 edita.
341 1881 442 1934 Alii
471 1877 542 1931 22
570 1872 837 1933 adduntur
863 1878 914 1931 in
938 1876 1169 1931 editione
1199 1872 1491 1929 Matritensi
1513 1888 1583 1928 ex
1612 1872 1736 1927 cod.

146 1956 352 2077 Alﬁ:
382 2019 598 2087 Azagr.,
634 2017 885 2086 Nunquid
925 2026 1046 2069 nata
1075 2030 1214 2086 seges
1251 2014 1480 2071 homines
1510 2031 1629 2070 mox
1651 2029 1732 2068 ar-

144 2102 253 2146 mat
277 2101 521 2162 agrestes.
763 2157 774 2168 .

218 2163 351 2216 236.
386 2163 602 2228 Azagr.,
635 2158 860 2226 plurima
888 2174 1022 2224 ηερε
1049 2157 1198 2223 ﬁunt.

219 2231 355 2287 237.
387 2235 603 2297 Azagr.,
637 2228 679 2297 Ῑ.
704 2229 1015 2280 incrementa
1038 2244 1083 2279 r.

220 2302 352 2356 238.
384 2301 601 2370 Azagr.,
634 2315 703 2351 m.
736 2298 843 2366 poli
864 2307 938 2351 est
969 2314 1037 2351 m.
1068 2314 1121 2351 u.
1153 2312 1353 2352 manus.

1918 1664 2047 1741 239.
2073 1666 2132 1741 _ln
2165 1666 2284 1721 Vat.
2300 1668 2563 1741 scribitur
2588 1671 2799 1736 Quintia
2824 1686 2919 1741 pro
2946 1672 3185 1741 Cynthia.

1774 1738 1819 1796 Β
2058 1737 2275 1813 Αρθςςρ
2293 1736 2359 1791 Ει
2383 1741 2680 1813 minuuntur
2698 1736 2838 1807 item,
2852 1736 3068 1813 Cynthia
3084 1744 3207 1796 dum
3225 1744 3424 1799 minuit.

1881 1807 2152 1929 ὁ⁴9.ι1.ι1η
2202 1808 2318 1865 Vat.
2366 1808 2634 1876 obscurat;
2670 1807 2967 1867 correctum
3008 1828 3165 1867 manu
3195 1816 3426 1872 si‘cunda

1913 1892 2053 1929 serua
2084 1917 2097 1929 ο

1846 1892 2097 1930 omeruat.

1917 1945 2044 2021 242.
2069 1949 2283 2015 Azagr.,
2311 1948 2527 2021 Serviunt
2553 1959 2601 2003 et
2631 1950 2766 2004 lunt:
2795 1960 2833 2005 t.
2860 1968 2904 2004 c.
2930 1971 2979 2021 g.

1916 2016 2039 2072 245.
2075 2022 2292 2087 Azagr.,
2324 2020 2590 2088 Accipiunt
2618 2022 2773 2088 {acies
2801 2016 3017 2092 crispus,
3055 2022 3317 2093 lucemque
3350 2040 3426 2077 rc.

1845 2096 2280 2231 ῗυέἴὲξλῑεςιο..
2302 2158 2517 2231 Ordine
2548 2170 2730 2214 cuncta
2759 2177 2853 2215 suo
2877 2162 3043 2231 sidera
3070 2162 3176 2229 [ira
3205 2164 3343 2231 polo.
3373 2162 3427 2217 In

1852 2227 1969 2281 Vat.
2026 2227 2105 2283 sic
2150 2228 2403 2283 scribitur
2452 2229 2536 2283 hic
2581 2245 2765 2287 versus
2801 2247 2815 2284 :
2860 2227 3122 2287 Damnare
3158 2227 3427 2287 laureatum

1849 2300 2071 2368 dantque
2099 2299 2343 2352 elementa
2372 2300 2559 2368 ferunt.

1683 2389 1911 2448 ΝΟΤΛΕ.

150 2493 191 2545 1.
227 2507 243 2545 ι
274 2489 499 2544 Advers.
542 2487 595 2541 in
635 2483 828 2555 glossis
865 2480 1284 2555 Cnseo-Latinis
1314 2480 1572 2550 Stephani
1601 2492 1744 2555 recte

146 2560 455 2616 restituis~e
484 2553 726 2618 Βούπάις,
758 2554 1053 2617 catulus-ter,
1084 2568 1204 2606 cunt
1244 2553 1509 2622 legeretur
1538 2553 1745 2606 carula-

145 2642 280 2685 ster.
309 2632 530 2688 Βούπαις
560 2636 642 2681 est
669 2624 805 2678 adole
824 2638 978 2679 scens
1008 2624 1225 2691 grandis
1254 2633 1308 2677 et
1337 2622 1564 2692 pinguis,
1592 2624 1742 2690 quasi

147 2702 417 2771 iuvencus
443 2710 534 2771 aut
565 2696 719 2771 bovi_s_
745 2693 883 2771 filius
920 2710 935 2749 :
966 2693 1107 2771 quod
1141 2693 1314 2747 Latini
1354 2693 1616 2771 catulastri
1645 2708 1741 2771 n_o-

146 2762 299 2826 inine
328 2769 651 2838 exprimunt.
679 2766 791 2819 lloc
811 2764 1086 2838 pracontii
1109 2779 1267 2819 versu
1288 2762 1514 2833 pueritia
1539 2778 1589 2817 et
1616 2763 1744 2817 ado-

151 2834 421 2897 lescentia
448 2841 584 2892 inter
609 2852 666 2891 se
697 2834 1065 2889 conferuntur.

223 2910 353 2966 226.
386 2908 635 2963 Horatius
666 2906 700 2959 l.
735 2920 812 2969 III,
843 2903 931 2957 cd.
961 2904 1052 2969 24,
1091 2903 1264 2956 Nescit
1293 2918 1418 2970 equo
1448 2902 1590 2956 rudis
1616 2902 1742 2955 Πιε-

145 2997 265 3035 rere
311 2982 563 3051 ingenuus
609 2992 783 3051 puer,_
815 2973 1093 3051 l’enarique
1122 2973 1494 3051 t_iruet,qlu‘dere
1520 2974 1741 3051 doctior.

147 3043 437 3106 Modoinits
460 3048 745 3114 episc0pus
772 3046 821 3098 in
852 3046 988 3114 eleg.
1024 3045 1089 3095 ad
1122 3044 1475 3097 Theodulfum
1507 3043 1744 3114 Aurelia-

148 3091 437 3176 31355351"?
462 3091 839 3182 ’ἦμεν
876 3091 1153 3182 inoprimis
1200 3130 1301 3166 non
1346 3114 1533 3166 militat
1574 3113 1741 3177 annis,
1772 3091 1816 3152 C

152 3193 335 3262 Digna
355 3190 444 3262 sed
468 3196 716 3262 expcrtus
742 3187 953 3262 prwntia
982 3185 1077 3237 tiro
1106 3185 1262 3262 rapit.

227 3252 357 3315 227.
382 3259 479 3326 Qui
510 3252 751 3313 nondum
772 3256 940 3323 pubes
969 3264 1050 3309 est
1089 3269 1197 3326 _non
1230 3254 1353 3307 furit
1386 3252 1438 3305 in
1464 3266 1741 3326 venerem,

148 3347 261 3388 nec
302 3322 533 3400 juvenis,
577 3342 697 3382 cum
738 3322 974 3400 primum
1016 3323 1288 3400 pubescit,
1334 3322 1597 3376 marcidus
1626 3332 1741 3400 est,

149 3391 347 3470 quales
377 3407 502 3454 sunt
524 3391 705 3453 Senes.
738 3391 992 3459 Pueritia,
1022 3391 1270 3470 iuventus
1293 3404 1351 3470 _et
1375 3391 1747 3470 senectusﬁhoc

148 3462 393 3525 disticho
422 3470 562 3523 inter
590 3482 649 3522 se
676 3478 1074 3533 comparantur.
1105 3463 1374 3518 Ausonius
1397 3463 1559 3531 edyll.
1590 3462 1659 3515 t2
1681 3465 1745 3514 de

150 3541 421 3596 tttembris
458 3557 470 3592 :
515 3537 717 3591 Iudicat
760 3539 813 3588 in
859 3537 1026 3603 pueris
1070 3533 1333 3603 septennia
1377 3533 1542 3600 prima
1586 3548 1746 3586 novus

148 3615 308 3675 deus,
343 3609 597 3663 Pubentes
626 3623 787 3660 annos
813 3605 1070 3675 robustior
1091 3605 1341 3675 anticipat
1371 3619 1487 3675 voss.

229 3674 358 3735 228.
398 3679 546 3732 Libr.
577 3694 635 3741 ll,
666 3690 808 3730 vers.
838 3675 961 3741 622,
1002 3674 1068 3728 de
1105 3674 1411 3729 Abrahamo
1436 3674 1543 3737 jam
1573 3684 1702 3726 sene
1730 3689 1741 3723 :

151 3752 275 3807 Nec
295 3752 435 3805 solus
459 3748 651 3802 steriles
678 3746 919 3801 retinebat
945 3744 1198 3797 marcidus
1228 3753 1387 3797 artus.
1423 3742 1603 3797 Valer.
1639 3742 1747 3795 Ma-

149 3824 339 3877 ximus
383 3819 481 3873 lib.
532 3834 624 3882 vn,
667 3831 717 3870 c.
761 3817 816 3882 7,
867 3815 1101 3878 numJl,
1130 3813 1419 3867 Marcidam
1443 3821 1747 3866 senectutem

152 3904 328 3956 tuam,
358 3899 460 3944 etc.
493 3886 811 3955 Plerumque
843 3886 892 3939 iu
925 3900 1148 3956 numero
1188 3884 1377 3952 plurali
1404 3898 1564 3954 gente,
1594 3898 1746 3956 gena-

152 3979 279 4017 rum
310 3952 522 4014 dicitur.
558 3952 867 4011 Dracontius
894 3955 1149 4023 sit-gulari
1181 3952 1414 4007 numero
1436 3968 1564 4006 usus
1589 3952 1746 4005 etiam

153 4045 247 4087 est
287 4031 326 4085 l.
366 4046 405 4093 ι,
452 4044 593 4083 vers.
638 4027 764 4094 342,
810 4025 953 4079 Cena
1000 4025 1214 4095 pulchra
1260 4024 1464 4089 rubore,
1516 4023 1750 4076 imitatus

154 4100 500 4169 antiquiores
530 4097 757 4169 Ennium
780 4104 833 4150 et
856 4095 1188 4169 Suetonium.

236 4160 368 4227 229.
409 4167 770 4225 Columbanus
814 4170 864 4219 in
910 4181 995 4234 ep.
1034 4165 1100 4218 ad
1138 4164 1434 4234 llunaldum
1466 4181 1478 4215 :
1512 4160 1575 4215 In
1610 4180 1749 4216 men-

158 4254 363 4311 temque
408 4240 498 4293 tibi
544 4239 709 4311 veniat
747 4236 1083 4311 tremebunda
1111 4245 1360 4311 senectus.
1390 4233 1589 4287 Matura
1621 4243 1750 4286 retas

160 4322 248 4367 est
275 4305 509 4380 gravitas
530 4323 625 4364 seu
647 4307 932 4361 declinatio
954 4322 981 4360 a
1001 4306 1278 4373 iuventute
1304 4305 1354 4380 i_n
1378 4313 1707 4380 senectutem
1731 4320 1745 4357 :

162 4375 520 4437 tremebunda
550 4386 800 4434 senectus
830 4386 913 4431 est
940 4386 1175 4431 extrema
1207 4385 1260 4429 et
1290 4375 1559 4442 decrepita
1595 4389 1753 4428 sene-

1848 2484 2140 2562 quasinqtt
2164 2484 2475 2552 confecerit,
2502 2486 2580 2562 sic
2609 2494 2903 2562 transactas
2930 2490 3042 2562 vias
3071 2490 3245 2545 denuo
3274 2504 3428 2555 repe-

1850 2565 1944 2609 tat.
1970 2554 2173 2609 Similis
2194 2564 2277 2611 est
2297 2557 2563 2612 sententia
2592 2572 2643 2613 v.
2674 2557 2801 2625 250,
2836 2560 3085 2614 Amitlunt
3115 2576 3290 2617 cursus
3320 2554 3431 2629 per-

1850 2634 1960 2679 pete
1982 2626 2089 2679 leae
2115 2626 2245 2679 noli.

1884 2634 1960 2678 ete
1982 2634 2089 2679 leae
2115 2634 2245 2679 DOU.

1849 2643 1960 2696 pete
1982 2643 2089 2696 tege
2086 2643 2245 2747 ‘pou.

1917 2694 2045 2749 235.
2133 2694 2180 2747 el
2210 2696 2398 2764 deﬁcit,
2433 2695 2535 2751 hoc
2581 2705 2663 2752 est
2705 2698 2786 2750 vel
2830 2698 3118 2762 decrescit;
3154 2714 3255 2754 nun
3288 2702 3430 2754 enim

1849 2779 2028 2818 sermo
2058 2773 2141 2821 est
2167 2764 2235 2819 de
2264 2766 2468 2831 eclipsi,
2500 2781 2618 2833 qtne
2651 2766 2888 2822 defectus
2918 2771 3054 2823 solet
3078 2771 3204 2834 dici,
3233 2778 3291 2823 ut
3318 2771 3430 2824 col-

1852 2836 2028 2904 ligitur
2056 2850 2121 2904 ex
2152 2835 2414 2902 exemplis
2444 2850 2562 2902 qua:
2591 2836 2968 2903 subjiciuntur.

1918 2904 2043 2959 236.
2084 2903 2248 2958 Lunae
2285 2919 2471 2959 cursus
2518 2915 2819 2960 menstruus
2859 2907 2911 2961 in
2944 2917 3127 2963 aetates
3156 2909 3427 2963 dividitur.

1848 2974 1937 3029 Sic
1966 2975 2162 3027 dicitur
2197 2976 2393 3028 senium
2424 2976 2560 3029 (ante
2585 2986 2639 3029 et
2668 2978 2790 3029 luna
2816 2994 3097 3031 senescens.
3142 2980 3275 3033 Hinc
3302 2991 3431 3033 artas

1849 3045 2008 3117 lunze,
2048 3044 2150 3098 nisi
2188 3045 2474 3117 intelligas.
2510 3046 2651 3113 qttod
2703 3049 2869 3116 magis
2913 3050 3106 3117 placet.
3149 3050 3262 3117 lege
3294 3050 3432 3103 luoze

1851 3114 2285 3238 Elttrimarnomri
2329 3114 2394 3168 ad
2444 3114 2687 3170 humana:
2718 3114 2842 3171 vitae
2872 3114 3019 3185 usus,
3049 3129 3104 3173 ut
3135 3114 3274 3173 vers.
3301 3120 3430 3186 250,

1898 3201 1984 3238 eae
2008 3202 2071 3238 oo
2094 3202 2132 3237 ι.

1898 3201 1984 3249 ege
2008 3201 2132 3249 pou.

1921 3202 2410 3326 ggiofbrementum
2455 3270 2517 3307 ex
2566 3254 2808 3310 Varrone
2852 3258 2989 3326 apud
3028 3258 3253 3311 Nonium
3293 3261 3429 3319 c..2,

1851 3342 1997 3379 nutu.
2032 3324 2159 3396 767,
2190 3325 2357 3380 verbo
2401 3325 2586 3386 Suctu,
2629 3334 2683 3378 et
2724 3324 2898 3380 Plinio
2930 3344 3024 3396 pro
3070 3331 3431 3382 incrementum

1852 3395 2397 3457 usurpantluvencus
2421 3396 2456 3447 1.
2484 3410 2540 3457 tt,
2565 3410 2702 3448 vers.
2731 3397 2855 3458 826,
2882 3395 3075 3452 Arator
3093 3411 3141 3452 et
3169 3399 3257 3451 alii
3279 3398 3432 3452 Chri-

1849 3465 2007 3518 stiani
2052 3467 2361 3532 scriptores.
2408 3465 2484 3519 De
2525 3474 2654 3517 testu
2702 3470 2887 3530 maris,
2922 3468 3045 3522 dum
3088 3468 3208 3523 luna
3241 3470 3432 3523 crescit

1853 3536 1938 3589 vel
1970 3536 2246 3602 minuitur,
2275 3535 2476 3589 dictum
2505 3536 2713 3589 abunde
2740 3547 2822 3590 est
2845 3539 2907 3591 ad
2934 3539 2968 3591 Ι.
2997 3555 3032 3601 ι,
3068 3554 3206 3592 vers.
3238 3540 3359 3595 733.

1920 3604 2045 3659 238.
2079 3605 2210 3659 Vide
2256 3615 2433 3658 notam
2466 3605 2531 3658 ad
2570 3606 2606 3658 l.
2639 3620 2675 3664 ι.
2710 3621 2849 3661 vers.
2885 3610 3008 3673 736,
3042 3608 3107 3662 Et
3138 3611 3431 3663 minuantur

1920 3692 2018 3727 ure.
2043 3674 2168 3727 luna
2197 3676 2473 3727 minuente.
2505 3677 2767 3727 liauentes.

2430 3692 2473 3729 ρ.
2505 3692 2767 3729 ιιαυεηιεε.

1850 3692 2018 3745 aquaz,
2043 3677 2168 3728 luna
2197 3677 2473 3737 minuente,
2505 3677 2767 3743 liquentes.

1887 3746 2047 3820 Δ239.
2082 3744 2493 3820 In_codic_e_Vat.
2530 3755 2613 3820 est
2656 3747 2903 3799 mendum
2940 3748 3144 3820 Quintia
3177 3764 3271 3815 pro
3298 3750 3431 3820 Cyn-

1852 3815 2146 3887 trhia,‘quod
2166 3831 2268 3887 pro
2301 3815 2461 3869 Diana
2493 3826 2544 3869 et
2576 3816 2697 3887 luna
2725 3820 2957 3885 portitor.
2986 3829 3039 3870 ut
3065 3819 3310 3886 Cynthius
3336 3815 3429 3887 pro

1851 3885 2119 3952 Apolline.
2166 3885 2296 3939 Vide
2349 3895 2526 3938 notam
2570 3885 2633 3937 ad
2678 3886 2711 3937 Ι.
2761 3903 2815 3951 lt,
2861 3903 2997 3941 vers.
3033 3885 3157 3951 339.
3193 3885 3431 3943 Illustrat

1852 3954 2068 4024 Cynthia
2089 3964 2275 4008 noctes.
2297 3955 2685 4009 lncrementum
2707 3964 2760 4009 et
2780 3958 3181 4012 decrementum
3207 3960 3428 4013 fontium

1853 4035 1906 4078 et
1952 4025 2253 4087 fluminum,
2294 4035 2567 4079 crescente
2606 4025 2689 4077 vel
2726 4026 3070 4082 decrescente
3110 4029 3254 4092 luna,
3287 4031 3432 4085 afﬁr-

1855 4104 2029 4147 tuatur
2054 4096 2242 4149 eodem
2276 4095 2434 4148 modo
2463 4099 2496 4147 l.
2527 4112 2565 4157 ι,
2592 4110 2735 4149 vers.
2767 4097 2890 4151 734.

1925 4165 2052 4218 2t0.
2082 4164 2343 4229 Minuunt,
2376 4166 2579 4230 minuit,
2614 4178 2925 4221 neutrorum
2966 4182 3134 4223 more.
3173 4168 3306 4224 Vide
3340 4186 3426 4225 no-

1857 4244 1961 4306 tam
1990 4235 2053 4306 ad
2090 4236 2126 4306 l.
2161 4252 2196 4298 ι,
2219 4250 2371 4306 vers.
2404 4235 2528 4290 736.
2813 4287 2830 4306 ,

1925 4304 2049 4358 241.
2082 4304 2233 4373 Quod
2256 4306 2489 4360 medulla
2518 4306 2570 4359 in
2602 4304 2823 4362 ossibus
2852 4307 3022 4363 latens
3053 4314 3109 4362 et
3150 4309 3431 4364 cerebrum

1855 4376 2140 4430 observent
2182 4391 2381 4431 cornua
2426 4376 2587 4442 lunae,
2627 4378 2946 4446 explicatum
2977 4390 3029 4432 et
3060 4380 3432 4433 conﬁrmatum

162 4463 307 4511 ctus.
342 4454 457 4505 sive
484 4449 714 4521 senium.
748 4447 973 4512 Tractat,
1006 4447 1251 4521 intellige
1272 4446 1505 4521 negotia,
1537 4457 1744 4521 causas,
1780 4462 1831 4521 ι)
1857 4446 2023 4521 estad
2054 4446 2173 4521 libr.
2202 4462 2240 4512 ι,
2272 4462 2414 4501 vers.
2442 4447 2564 4521 73:3.

162 4538 277 4585 res,
331 4519 743 4588 rempublicam,
781 4532 1006 4586 quorum
1055 4514 1446 4570 administratio
1487 4516 1552 4568 ad
1604 4514 1750 4568 viros

165 4593 273 4662 iam
300 4604 488 4662 graves
512 4589 845 4662 potissimum
877 4588 1125 4662 pertinet.

239 4655 367 4718 230.
402 4658 480 4714 Ad
513 4655 719 4729 negotia
751 4658 981 4729 gerenda
1033 4656 1331 4729 necessaria
1380 4664 1504 4711 sunt
1529 4655 1747 4729 fervor,

164 4747 265 4786 seu
298 4733 449 4799 vigor
482 4726 669 4792 animi,
702 4737 755 4799 et
783 4727 968 4799 levitas
997 4742 1086 4781 seu
1118 4726 1346 4799 agilitas,
1377 4741 1494 4795 qua-
1527 4726 1577 4799 in
1608 4727 1753 4799 seui-

166 4804 269 4857 bus
298 4796 690 4856 desiderantur.
722 4796 962 4851 Levitatis
998 4799 1167 4867 inops,
1200 4806 1255 4850 ut
1293 4797 1500 4864 pietatis
1536 4798 1681 4865 inops
1711 4796 1747 4850 l.

168 4890 205 4927 ι.
238 4887 383 4926 vers.
415 4870 539 4925 469.

190 4916 205 4940 ’
239 4916 383 4997 23-1:-
526 4916 667 4992 uiror
697 4936 922 5007 fortasse
960 4937 1103 5007 vigor
1146 4936 1428 5007 legenduim
1460 4943 1564 4991 est.
1597 4934 1752 5007 Yiror

168 5027 271 5067 vox
310 5008 552 5075 Palladii,
576 5007 807 5075 Apuleii,
834 5006 1069 5076 Vopisci.
1100 5010 1276 5060 Armat
1304 5006 1495 5076 aristis,
1523 5016 1578 5076 ut
1603 5006 1642 5076 1.
1672 5020 1748 5072 tu,

169 5098 317 5137 vers.
347 5080 441 5135 25.
463 5074 682 5134 Ovidius
702 5079 768 5131 de
804 5074 1023 5132 llenied.
1054 5092 1246 5141 amor.,
1275 5090 1417 5130 vers.
1447 5075 1571 5139 189,
1607 5074 1754 5129 Tem-

169 5153 385 5222 poribus
415 5149 561 5204 certis
591 5156 837 5222 maturam
866 5148 1084 5222 r_usticus
1104 5163 1267 5222 queam
1294 5146 1507 5222 Deligit,
1533 5154 1581 5199 et
1614 5147 1751 5222 nudo

170 5217 262 5277 iub
294 5222 421 5291 pede
449 5221 832 5287 musta‘ﬂuunt.
873 5217 1207 5291 Temporibus
1238 5219 1385 5291 certis
1417 5218 1640 5291 desectus
1668 5218 1750 5270 al-

171 5287 307 5365 ligat:
328 5291 608 5365 Iter_bas,_et
639 5298 837 5365 tensam
866 5304 986 5341 raro
1016 5289 1211 5365 pectine
1228 5287 1386 5365 _verrit
1409 5287 1641 5339 humum.

242 5364 373 5418 233.
401 5360 492 5416 Sic
520 5359 587 5413 de
612 5359 726 5412 sole
753 5358 1003 5414 Salomon
1038 5358 1374 5412 Ecclesiaste:
1400 5370 1517 5425 cap.
1547 5372 1583 5421 ι,
1606 5370 1747 5411 vers.

172 5434 226 5499 5,
260 5433 440 5487 Oritur
466 5431 564 5493 sol,
594 5435 642 5481 et
672 5429 874 5495 occidit,
900 5438 946 5482 et
974 5428 1042 5481 ad
1080 5427 1250 5481 locant
1286 5443 1431 5480 suum
1458 5426 1753 5499 revertitur;

172 5498 343 5573 ibique
387 5515 676 5573 renascens,
706 5510 857 5573 gyrat
895 5515 984 5568 per
1022 5499 1303 5573 meridiem,
1343 5507 1386 5550 et
1427 5498 1650 5573 ﬂectitur
1687 5498 1755 5547 01

172 5567 463 5642 aquilonem
479 5586 500 5642 _:
528 5567 753 5623 lustrans
770 5567 1003 5642 universa
1024 5570 1076 5642 in
1097 5569 1311 5642 circuitu
1335 5568 1499 5642 pergit
1522 5567 1752 5635 spiritus,

172 5639 223 5697 rt
245 5646 300 5697 in
325 5639 547 5697 circulos
576 5655 690 5693 suos
715 5641 997 5693 revertitur.
1028 5640 1181 5706 Quod
1211 5639 1283 5691 ait
1323 5640 1529 5705 perdere
1555 5652 1751 5701 cursus,

174 5710 559 5785 intelligequia
590 5709 867 5785 vestigium
896 5725 1087 5785 cursus
1110 5710 1310 5785 nullum
1342 5715 1586 5785 superest
1608 5716 1756 5785 post-

175 5798 330 5856 ;uam
347 5776 435 5841 sol
454 5776 829 5843 'recessitfvel
859 5781 980 5850 quia
1011 5780 1081 5835 ita
1111 5779 1192 5837 sol
1220 5792 1405 5834 cursus
1434 5776 1667 5845 conficit,
1703 5788 1758 5832 ut

1924 4515 2050 4570 242.
2076 4516 2221 4571 Libr.
2252 4533 2308 4581 tt,
2334 4532 2477 4571 vers.
2504 4517 2593 4579 49,
2627 4516 2951 4586 Lunaresque
2975 4520 3207 4580 amplexa
3234 4516 3428 4585 globos.

1925 4587 2050 4640 243.
2078 4587 2222 4641 Libr.
2253 4602 2289 4651 t,
2322 4602 2462 4640 vers.
2497 4586 2619 4647 674,
2651 4587 2748 4639 Sol
2776 4588 2949 4638 oculus
2980 4588 3109 4651 cmli,
3142 4596 3273 4647 ειν..
3311 4605 3430 4642 cum

1856 4665 1999 4710 nota.
2031 4654 2287 4709 Fuscatur
2313 4656 2377 4707 ab
2410 4655 2584 4707 umbra
2613 4655 2849 4724 intelligo
2890 4656 3093 4714 occidit.
3130 4672 3224 4709 seu
3264 4658 3430 4711 inter-

1855 4725 2023 4794 posita
2055 4735 2192 4780 terra
2225 4726 2395 4778 lucem
2425 4740 2531 4796 non
2562 4725 2859 4796 emittit,ac
2887 4726 3065 4779 libenti
3090 4727 3268 4779 animo
3292 4727 3433 4796 lege-

1854 4810 1965 4849 rem
1997 4797 2229 4864 fuscatur
2257 4796 2321 4847 ab
2351 4795 2491 4848 unda
2519 4811 2581 4847 ex
2613 4795 2851 4850 dicendis
2891 4797 2956 4847 ad
3000 4813 3046 4847 ν.
3091 4796 3221 4856 245,
3254 4795 3432 4851 seruio

1853 4867 1993 4920 enim
2034 4880 2157 4920 esse
2196 4864 2403 4920 videtur
2447 4879 2552 4919 non
2592 4864 2659 4918 de
2700 4865 2884 4932 eclipsi
2915 4866 3065 4931 solis,
3095 4866 3188 4919 sed
3226 4865 3291 4920 de
3319 4869 3433 4931 ejus

1854 4950 2046 4990 occasu
2072 4945 2126 4991 et
2150 4947 2269 4989 ortu
2297 4952 2361 4991 ex
2384 4934 2715 4989 Ecclesiaste:
2739 4936 2858 4989 loco
2878 4936 3102 5003 allegato
3130 4937 3195 4989 ad
3226 4952 3275 4988 ν.
3302 4940 3428 4991 “233.

1923 5006 2048 5061 245.
2092 5006 2363 5074 Scriptura
2395 5006 2594 5060 codicis
2624 5006 2816 5073 Azagr.
2859 5004 3054 5059 clarior
3082 5018 3194 5070 est;
3226 5008 3319 5061 sed
3358 5008 3433 5062 le-

1854 5076 1962 5130 ctio
1996 5077 2305 5146 primigenia
2346 5076 2627 5131 exhibetur
2657 5091 2686 5127 a
2720 5084 2903 5129 nostro
2941 5077 3147 5137 codice,
3180 5092 3296 5144 quae
3326 5076 3435 5131 for-

1854 5154 2015 5213 tisse,
2046 5147 2167 5210 quia
2198 5148 2474 5201 obscurior
2499 5155 2603 5209 est,
2646 5146 2714 5199 ab
2756 5146 3133 5214 interpolatore
3178 5146 3274 5201 fuit
3318 5164 3434 5200 mu-

1855 5225 1983 5269 tata.
2020 5217 2332 5270 Dracontius
2368 5215 2682 5270 sententiam
2714 5216 2926 5283 repetit,
2959 5231 3117 5285 quam
3145 5231 3288 5282 saepe
3316 5232 3423 5270 am-

1856 5286 2043 5354 plexus
2070 5296 2169 5347 est.
2202 5287 2367 5341 solem
2410 5288 2555 5341 vires
2594 5286 2661 5340 ab
2700 5285 2859 5341 undis
2898 5302 3199 5349 resumere;
3228 5302 3291 5340 ex
3330 5302 3436 5355 quo

1858 5356 2060 5425 colligit
2088 5358 2259 5424 ipsum
2288 5356 2636 5421 elementum,
2666 5371 2856 5424 aquam
2889 5357 3043 5412 viileli
3079 5367 3153 5421 et,
3181 5359 3433 5411 damnum

1860 5436 1912 5479 et
1937 5438 2275 5494 augmentum
2306 5426 2404 5481 soli
2428 5426 2641 5490 aliene,
2666 5436 2721 5480 ut
2740 5426 2881 5480 enim
2905 5428 2975 5480 ait
2999 5427 3034 5480 1.
3057 5443 3093 5491 I,
3123 5442 3265 5482 vers.
3291 5427 3392 5481 677
3417 5444 3431 5481 :

1866 5495 2063 5549 Occidit
2092 5497 2198 5563 ipse
2224 5497 2355 5564 dies,
2385 5514 2536 5566 super
2564 5512 2767 5565 tequora
2800 5496 2905 5549 sole
2931 5498 3159 5560 cadente,
3204 5497 3437 5566 /Equore

1863 5568 2382 5690 ngersussqgit,lnovus
2410 5583 2609 5637 aequore
2647 5584 2792 5622 mane
2824 5572 3057 5638 resurgit.
3096 5569 3226 5623 Vide
3254 5578 3433 5623 notam

1865 5652 1893 5689 a
1962 5653 2011 5690 ν.
2153 5676 2167 5690 .
2226 5677 2236 5688 .
2270 5652 2325 5690 tt.

1865 5638 1929 5689 ad
1962 5653 2011 5690 ν.
2042 5638 2167 5699 676,
2204 5638 2236 5689 l.
2270 5652 2325 5690 tt.

1933 5706 2058 5761 246.
2110 5705 2266 5774 Dant,
2316 5710 2505 5777 ferunt,
2547 5706 2649 5760 hoc
2690 5716 2774 5762 est
2818 5708 2962 5772 dant,
3001 5710 3238 5777 aufeutnt
3266 5725 3285 5762 .'
3314 5722 3435 5762 nam

1866 5791 1999 5846 aqua
2033 5778 2193 5834 maris
2237 5777 2336 5834 soli
2380 5776 2471 5832 dat
2499 5777 2752 5834 damnum
2783 5788 2837 5835 et
2881 5776 3243 5849 augmentum,
3271 5790 3323 5836 et
3350 5794 3441 5835 ea-
