3902 6330
155 346 253 402 9'29

378 454 635 521 Tempora
657 464 872 507 servare
889 452 1049 521 jussit
1074 462 1126 508 et
1152 454 1269 523 ipse
1301 456 1459 510 Deus.

226 606 227 609 η
316 546 498 598 lloram
522 543 767 611 quaesivit
797 541 1001 597 faciens
1024 544 1276 598 miracula
1308 544 1570 608 Christus,

382 632 570 687 lloram
615 632 852 700 speravit
882 632 1057 699 passio
1083 643 1262 686 sancta
1292 634 1490 687 crucis.

157 726 250 783 265
314 725 416 779 Cur
446 725 693 777 irascaris
726 723 882 786 mihi,
910 738 1004 776 cur
1031 724 1110 777 sic
1138 724 1351 792 dignior
1377 725 1453 777 ira

386 813 512 866 Tam
540 812 711 880 magni
739 811 1104 880 regisjudicer
1126 828 1247 866 esse
1274 814 1401 865 tua?

314 904 530 971 Quando
562 918 655 971 per
681 902 927 956 aatherias
956 904 1131 971 aquila
1172 904 1429 957 volitante
1460 902 1671 971 rapinas

381 995 581 1062 Prteda,
615 995 871 1063 cibusque
891 996 1212 1064 fuitpasser,
1242 996 1492 1062 hirundo,
1526 996 1707 1065 picus?

319 1084 537 1153 Quando
569 1084 735 1137 fames
768 1082 932 1136 rabidi
965 1086 1209 1152 quamvis
1232 1084 1414 1152 jejuna
1444 1084 1636 1150 leonis,

388 1175 451 1228 Ut
480 1178 567 1238 sit,
601 1173 894 1242 adoptavit,
922 1172 1159 1227 faucibus
1181 1189 1300 1228 esca
1336 1175 1486 1242 lepus
1510 1174 1526 1228 ‘i

316 1264 540 1317 Devorat
562 1264 800 1331 egregios
826 1263 1025 1331 ingenti
1048 1277 1272 1331 corpore
1296 1272 1499 1329 tauros,

387 1351 550 1422 399
599 1352 665 1406 Et
716 1355 927 1421 rapiunt
973 1353 1162 1422 aquila:
1201 1354 1422 1409 nebrida
1474 1356 1710 1410 membra

1428 1444 1634 1515 lpedes.

314 1532 408 1585 Dat
430 1533 595 1586 semel
627 1532 793 1586 iratus
825 1534 1038 1586 veniam
1066 1541 1188 1601 post
1216 1534 1432 1587 vulnera
1460 1535 1671 1603 pardus,

380 1621 487 1676 Nec
514 1621 736 1675 reduces
768 1636 977 1677 morsus
1000 1622 1089 1675 dat
1118 1622 1327 1677 feritate
1358 1624 1461 1692 pia.

157 1710 249 1765 275
316 1712 545 1781 DeSpicit
567 1714 721 1767 irasci
745 1714 1043 1781 pastoribus
1071 1713 1269 1782 optima
1294 1715 1469 1782 tigris,

379 1804 615 1873 Despicit
644 1813 698 1858 et
728 1806 895 1872 talpas
923 1804 1202 1859 ﬂammeus
1232 1819 1326 1860 ore
1358 1806 1542 1859 draco.

316 1895 559 1950 Fulmina
589 1910 693 1948 non
712 1894 909 1948 feriunt
937 1897 1193 1963 reptantia
1220 1896 1457 1965 gramina
1488 1896 1668 1961 terris,

385 1985 497 2040 Nec
523 1985 760 2038 modicas
782 1985 973 2039 salices
1000 1986 1209 2039 ﬂamma
1239 1986 1455 2039 trisulca
1482 1993 1703 2041 cremat.

312 2076 412 2131 Sed
444 2076 640 2131 feriunt
669 2076 840 2131 celsas
869 2077 1135 2145 pulsantes
1153 2077 1330 2132 nubila
1354 2079 1564 2143 cedros,

384 2168 453 2222 Et
484 2176 693 2223 montes
714 2176 916 2233 vastos,
947 2171 1187 2238 proxima
1219 2186 1344 2225 saxa
1386 2171 1530 2239 polo.

312 2260 505 2316 Sontes
533 2268 814 2330 peccantes
843 2270 1045 2316 tantum
1074 2278 1167 2318 sua
1199 2263 1353 2333 culpa
1381 2264 1583 2333 fatigat,

158 1175 250 1231 270

160 2166 249 2223 280

1219 337 1663 399 SATISFACTIO
1702 338 1792 394 AD
1831 335 2309 395 GUNTIIARIUM.

1736 462 1785 523 A

3277 336 3380 390 950

2072 453 2207 508 Ecce
2235 451 2395 506 etiam
2428 449 2665 506 insontes
2693 450 2850 506 noxia
2881 467 3032 521 poena
3062 454 3211 522 petit.

1984 542 2037 598 Si
2068 543 2183 612 ipse
2204 556 2303 610 ego
2334 540 2572 610 peccavi,
2604 556 2847 611 quamam
2877 551 2980 608 est,
3025 558 3177 613 rogo,
3224 545 3381 615 culpa

3028 633 3311 703 [meorum,

2061 724 2204 790 Quos
2224 722 2383 777 simul
2413 723 2648 791 exagitat
2667 721 2854 791 frigus,
2879 724 3143 795 inopsque
3172 725 3381 782 fames?

1990 813 2196 866 Diluvio
2224 812 2432 881 periere
2461 813 2539 867 rei
2560 812 2675 867 sine
2693 813 2844 867 clade
2872 816 3103 882 piorum,

2054 900 2215 971 ωο
2258 902 2394 955 Loth
2436 902 2627 970 bonus,
2656 911 2710 957 et
2737 903 2913 971 justus
2952 904 3157 959 tollitur
3187 920 3255 960 ex
3286 905 3387 962 So-

1808 810 1913 867 285

3116 997 3310 1052 domis.

3116 997 3171 1052 dt

1986 1080 2042 1135 Si
2070 1095 2173 1134 non
2206 1080 2423 1135 humani
2444 1081 2654 1151 generis
2685 1092 2900 1151 peccata
2932 995 3171 1149 fuisseiit,

2063 1171 2212 1227 Unde
2238 1174 2379 1241 pium
2414 1188 2605 1227 nomen
2634 1184 2810 1241 posset
2837 1174 3032 1230 habere
3064 1176 3245 1231 Deus?

1986 1262 2087 1318 Sed
2114 1264 2235 1333 quia
2262 1265 2350 1317 dat
2376 1266 2583 1318 veniam
2605 1266 2837 1333 populis,
2873 1278 3086 1335 peccata
3114 1271 3382 1340 relaxans,

2024 1354 2123 1409 Per
2152 1354 2360 1420 pietatis
2390 1370 2523 1422 opus
2556 1370 2745 1410 nomen
2778 1356 2933 1411 habet
2957 1359 3241 1427 placidum.

1987 1443 2043 1499 Si
2066 1446 2273 1499 veniam
2299 1446 2459 1499 frater
2486 1446 2633 1499 fratri
2657 1446 3104 1518 donarejubetur,

2057 1537 2195 1603 Quid
2220 1552 2312 1592 rex
2339 1536 2616 1605 subjectis,
2644 1549 2697 1593 et
2722 1540 2971 1596 dominus
2996 1541 3245 1599 famulis?

1992 1626 2045 1682 Si
2070 1627 2229 1695 justis
2257 1628 2425 1681 solem
2461 1628 2733 1693 Dominus,
2765 1631 3074 1700 pluviasque
3113 1635 3386 1705 dedisset,

2059 1717 2165 1772 Nec
2187 1717 2334 1771 daret
2361 1716 2592 1786 injustis,
2623 1734 2740 1788 quae
2769 1719 2941 1774 fuerat
2968 1723 3179 1790 pietas?

1809 1352 1915 1408 290

1738 1817 1786 1877 Β
1811 1805 1916 1863 295
1988 1806 2101 1862 Non
2128 1809 2317 1877 quazrit
2339 1809 2570 1874 veniam,
2599 1810 2689 1879 qui
2720 1811 2794 1864 nil
2819 1826 3068 1878 peccasse
3096 1816 3345 1883 probatur
3370 1861 3386 1884 ,

2061 1898 2248 1954 Nonne
2278 1914 2464 1955 manus
2515 1899 2707 1955 medici
2746 1900 2988 1970 languida
3030 1906 3267 1960 membra
3302 1923 3392 1975 pe.

3133 1998 3316 2068 [tunt?

1987 2082 2258 2137 Materiem
2283 2082 2452 2137 laudis
2480 2084 2681 2152 praebet
2705 2085 2798 2140 tibi
2826 2086 2981 2155 culpa
3007 2100 3242 2154 reorum,

1993 2224 2002 2231 .
2060 2172 2127 2226 Et
2155 2173 2332 2227 titulos
2360 2174 2511 2227 fama:
2531 2174 2620 2229 dat
2640 2175 2850 2246 pietatis
2879 2192 3031 2247 opus.

1989 2262 2221 2333 lnclytus
2244 2264 2592 2333 armipotens,
2623 2273 2816 2322 vestra:
2838 2266 3050 2338 pietatis
3075 2269 3245 2341 origo,

1417 2374 1655 2430 VARl/E
1698 2371 2100 2429 LECTIONES.

218 2465 331 2519 263.
365 2466 507 2528 Vat.,
536 2464 598 2517 Ut
635 2465 757 2517 mihi
786 2466 1023 2519 irascaris
1051 2466 1136 2534 qui
1160 2466 1253 2519 sim
1279 2466 1479 2536 dignior
1507 2467 1606 2518 ira.

220 2537 333 2589 272.
367 2536 513 2600 Vat.,
536 2536 723 2605 aquila:
749 2536 1026 2589 membrida
1059 2538 1298 2590 membra.

1891 2462 2019 2518 277.
2050 2462 2197 2527 Vat.,
2228 2464 2445 2532 ﬂumina
2467 2479 2564 2517 non
2587 2466 2798 2533 feriunt.

1898 2533 2025 2589 299.
2057 2533 2113 2588 ln
2142 2533 2259 2586 Vat.
2290 2532 2517 2589 obscure
2539 2532 2733 2589 vestrm.

1670 2641 1894 2699 ΝΟΤᾹΞ.

160 2750 384 2788 serenum.
412 2734 665 2788 lloratius
693 2735 813 2789 libr.
851 2752 906 2800 ιι,
932 2736 1018 2788 od.
1053 2738 1110 2799 9,
1140 2735 1257 2789 Non
1290 2752 1486 2803 semper
1534 2735 1715 2788 imbres

160 2804 350 2857 nubibus
384 2804 616 2875 hispidos
642 2804 852 2858 Manant
880 2807 930 2857 in
960 2822 1129 2875 agros,
1152 2818 1256 2860 etc.
1309 2809 1506 2859 Auctor
1549 2806 1716 2860 Pane-

160 2876 302 2942 gyrici
332 2876 391 2926 ad
420 2874 669 2927 PisOnem
700 2890 841 2929 vers.
878 2874 1005 2938 151,
1031 2875 1148 2927 Non
1176 2891 1370 2942 semper
1392 2877 1566 2943 ﬂuidis
1590 2878 1716 2928 ado-

160 2956 311 3008 pertus
348 2945 565 2997 nubibus
607 2944 761 2997 a’ther
784 2947 949 2997 Aurea
1000 2946 1234 3010 terrificis
1287 2946 1505 2998 obcrecat
1542 2946 1715 2998 sidera

161 3015 339 3066 nimbis.
366 3011 546 3066 Cessat
571 3013 749 3079 hiems,
781 3015 1015 3067 madidos
1042 3025 1086 3066 et
1111 3016 1263 3066 siccat
1289 3030 1399 3067 vere
1445 3016 1674 3082 capillos.

221 3082 333 3136 262.
362 3083 578 3138 Servare
608 3084 819 3138 defendi
849 3092 1050 3151 potest:
1079 3087 1271 3136 servari
1299 3084 1570 3138 videretur
1601 3100 1712 3138 me-

162 3150 266 3204 lius.
291 3152 479 3275 ριξρὶρί
508 3162 679 3221 potest
710 3169 805 3223 pro
826 3150 1086 3207 observare
1107 3167 1170 3207 ex
1193 3153 1345 3208 dictis
1368 3154 1433 3207 ad
1458 3169 1594 3209 vers.
1614 3155 1717 3208 520

162 3235 260 3275 seu.
312 3240 323 3274 ι
363 3238 405 3275 r.
432 3239 477 3275 I.

162 3235 260 3275 seu.
293 3235 405 3275 llDl'.
432 3239 477 3275 1ο

215 3238 520 3347 ἓυὲῨῖὸξὲι.
552 3306 668 3361 cap.
701 3307 916 3357 ll,Vel‘.~‘.
940 3294 996 3358 4,
1021 3292 1267 3346 Nondum
1293 3292 1419 3345 venit
1443 3292 1566 3345 hora
1584 3309 1714 3357 mea,

164 3374 269 3428 qua:
316 3363 473 3415 verba
505 3361 638 3414 dixit
677 3361 996 3416 Jesuscum
1045 3377 1075 3416 a
1127 3374 1297 3416 matre
1344 3371 1618 3429 rogaretur
1662 3372 1719 3415 ut

167 3443 337 3502 aquam
368 3431 419 3484 in
445 3433 629 3485 vinum
661 3441 1017 3496 converteret,
1045 3441 1137 3487 aut
1173 3441 1318 3488 certe
1343 3433 1544 3495 vinum,
1577 3433 1718 3502 quod

166 3499 330 3569 deerat
354 3502 404 3553 in
434 3502 653 3567 nuptiis,
676 3502 1009 3569 'provideret.

225 3568 341 3623 264.
382 3571 576 3624 Joann.
604 3568 720 3640 cap.
756 3586 866 3635 stu,
919 3586 1060 3625 vers.
1095 3571 1144 3637 l,
1180 3570 1569 3640 Sciensilesus,
1599 3572 1719 3638 quia

166 3640 282 3711 venit
290 3641 409 3711 hora
421 3644 556 3711 ejus,
573 3649 626 3711 ut
648 3639 868 3693 transeat
885 3642 1049 3693 exhoc
1067 3643 1255 3692 mundo
1271 3641 1336 3711 ad
1355 3639 1716 3711 Patremtctc.

226 3709 344 3763 265.
374 3709 462 3764 Sic
494 3710 712 3763 restituo
742 3711 913 3764 locum
942 3720 1267 3778 corruptum.
1296 3710 1557 3764 Hactenus
1590 3710 1721 3763 Dra-

166 3780 357 3833 contius
403 3794 583 3834 rerum
615 3781 1013 3833 enumeratione
1041 3779 1303 3848 probavit,
1336 3781 1720 3835 conversiones

167 3861 433 3915 regnorum
485 3849 793 3902 tribuendas
850 3865 967 3902 esse
1012 3850 1187 3902 ordini
1248 3850 1524 3917 temporis,
1579 3851 1720 3917 quod

167 3920 326 3988 omnia
357 3920 462 3988 agit
488 3928 541 3971 et
571 3933 794 3985 quocum
845 3919 1018 3970 omnia
1049 3920 1348 3971 trahuntur.
1384 3918 1533 3972 Redit
1581 3934 1720 3974 nunc

167 3985 224 4037 ad
244 3985 604 4055 argumentum
626 4004 638 4039 :
662 4002 719 4041 se
748 3988 896 4041 venia
926 3989 1138 4056 dignum
1163 3988 1255 4053 ait,
1283 4002 1385 4042 non
1412 3989 1582 4041 solum
1596 3990 1719 4057 quia

167 4069 328 4122 regem
354 4059 671 4111 clementem
695 4058 848 4112 decet
878 4073 971 4111 reo
1020 4069 1283 4124 prostrato
1332 4073 1572 4126 parcere,
1625 4059 1720 4112 sed

168 4128 274 4197 quia
302 4127 412 4194 ipse
442 4127 757 4180 Dracontius
790 4128 834 4197 is
865 4129 1055 4194 estqui
1108 4137 1213 4180 tam
1260 4128 1433 4196 magni
1475 4127 1616 4197 regis
1643 4129 1720 4182 ira

167 4192 341 4261 dignus
361 4212 463 4249 non
495 4197 565 4249 sit
587 4196 924 4263 judicandns.

225 4264 343 4318 268.
376 4267 534 4319 Picus
558 4267 670 4318 avis
691 4280 850 4332 parva
882 4280 1135 4319 uncorum
1160 4266 1431 4334 unguium.
1462 4266 1592 4319 Vide
1619 4267 1724 4319 Pli-

169 4331 299 4403 nium
327 4334 362 4387 I.
386 4352 440 4403 st,
467 4350 587 4403 cap.
618 4331 704 4389 l8.
733 4336 903 4387 Prima
935 4351 962 4387 a
997 4331 1261 4388 veteribus
1296 4336 1624 4403 producitur.

198 4402 334 4523 (12:59.
370 4402 574 4525 14³αέἓέ
579 4406 733 4457 leonis
765 4420 859 4473 pro
877 4408 1029 4459 lenne
1056 4402 1317 4458 famelico.
1374 4405 1506 4460 Vide
1538 4414 1719 4459 notam

275 4512 287 4525 .
318 4488 353 4525 ι.
386 4490 437 4525 v.
582 4512 593 4523 .

168 4475 227 4523 ad
254 4475 287 4525 Ι.
318 4488 353 4536 ι,
386 4490 437 4527 v.
468 4475 593 4527 282.

230 4540 345 4594 270.
374 4542 584 4597 Clarius
605 4554 747 4597 esset
778 4542 982 4610 Optavit
1015 4553 1067 4595 ut
1096 4544 1180 4595 sit.
1213 4542 1317 4597 Sed
1350 4559 1453 4597 non
1488 4545 1623 4598 male
1642 4554 1723 4597 est

168 4610 411 4682 adoptavit
438 4628 537 4679 pro
583 4614 802 4681 Optavit,
850 4614 1027 4681 elegit.
1082 4613 1314 4668 Verbum
1368 4614 1721 4682 compositum

171 4693 257 4744 pro
285 4681 529 4747 simplici.

230 4748 348 4821 271.
368 4752 616 4821 Virgilius
637 4767 687 4803 tv
708 4750 924 4819 θεοῖς..
940 4752 1065 4817 541,
1105 4752 1338 4818 Quatuor
1358 4752 1565 4804 eximios
1592 4768 1725 4821 μνω-

170 4820 304 4889 stanti
330 4820 543 4888 corpore
566 4832 755 4874 tauros.
808 4821 916 4874 Leo
958 4823 1007 4875 in
1040 4831 1217 4875 tauros
1246 4822 1413 4885 secvit,
1463 4820 1637 4889 aquila
1672 4827 1723 4876 in

177 4885 497 4961 hinnulns'et
522 4892 730 4961 damas,
759 4901 814 4942 ut
842 4906 981 4945 vers.
1016 4905 1128 4956 seq.
1157 4893 1456 4959 exponitur.
1513 4885 1526 4889 ⁷
1590 4946 1607 4961 κ
1714 4914 1726 4941 ς

228 4955 349 5010 272.
378 4961 521 5033 Lego
558 4960 766 5033 nebrida
792 4961 1033 5033 membra.
1062 4955 1262 5033 Nebros
1297 4961 1469 5033 νεϐρὸς
1495 4968 1578 5016 est
1599 4955 1727 5033 'pul-

172 5023 245 5079 lus
268 5030 428 5090 cervi,
456 5023 554 5083 nec
579 5044 682 5083 non
712 5029 889 5082 dama.
908 5030 1040 5084 llinc
1062 5032 1245 5093 nebris,
1278 5023 1532 5092 nebridos,
1567 5023 1729 5085 vestis

174 5108 229 5146 ex
256 5099 390 5163 pelle
418 5100 625 5153 binnuli
652 5113 746 5153 seu
773 5099 963 5159 damas,
987 5116 1088 5163 qua
1119 5100 1373 5162 Bacchus,
1408 5101 1729 5154 bacchantes

173 5174 528 5243 et‘venatores
564 5169 867 5243 utebantur.
917 5167 1171 5243 Nebridus
1216 5169 1472 5243 adjective
1500 5185 1529 5222 a
1558 5171 1732 5243 νεϐρὸς

174 5247 200 5284 a
216 5234 488 5308 Dracontio
506 5239 776 5292 formatur.
810 5236 1164 5305 Conjiciebam
1187 5234 1400 5308 grandia
1422 5234 1659 5292 membra:

238 5306 359 5377 273.
386 5309 535 5373 Quod
567 5308 769 5377 pardus
792 5316 909 5375 post
938 5309 1155 5361 vulnera
1186 5306 1351 5376 prima
1393 5311 1585 5362 iterum
1628 5323 1733 5363 non

180 5375 429 5446 mordeat,
463 5375 578 5432 non
598 5376 834 5441 invenio,
865 5377 1107 5445 quisnam
1130 5375 1382 5446 scriptum
1433 5380 1731 5446 reliquerit.

178 5441 422 5515 Quaedam
443 5456 620 5503 tamen
644 5441 1065 5501 mansuetudinis
1093 5441 1333 5515 exempta
1366 5450 1415 5500 in
1444 5441 1623 5515 pardis
1654 5451 1737 5501 in-

180 5512 335 5633 ;euiri
351 5516 497 5638 lapud
524 5518 819 5573 Gesnerum
854 5524 907 5570 et.
927 5512 1330 5572 Jonstonumin
1360 5512 1557 5573 llis'tor.
1595 5518 1737 5583 Qua-

218 5597 325 5638 ruD.
370 5600 516 5638 eaas.

218 5597 325 5646 rup.
351 5597 516 5646 tegas.

204 5720 215 5731 .
244 5650 618 5731 Tissfm'tate
645 5658 732 5729 pia
752 5656 1039 5727 oppositio,
1066 5656 1236 5727 qualis
1260 5669 1403 5724 saepe
1428 5670 1457 5710 a
1499 5656 1705 5711 Dracon
1722 5685 1741 5698 -

182 5723 250 5775 tio
272 5723 569 5781 adhibetur.

1754 4475 1807 4534 l)

1887 2733 2012 2787 275.
2046 2732 2461 2802 Pro-pastoribus
2496 2731 2859 2800 reponendum
2896 2736 3178 2802 censebam
3215 2742 3392 2798 balan-

1819 2804 2002 2880 tibus_.‘_
2016 2818 2132 2854 nam
2156 2792 2486 2880 substantive
2516 2792 3047 2880 bdlantesﬁsigntiicat
3092 2792 3390 2880 oves

1820 2873 2119 2940 Virgilium,
2158 2871 2460 2947 Lucretium
2484 2882 2536 2924 et
2559 2873 2711 2947 alios.
2738 2871 2846 2947 Sed
2876 2874 3079 2947 retineo
3106 2871 3394 2947 pastoribus

1818 2957 1882 3017 eo
1912 2956 2072 3017 sensu
2100 2956 2204 3008 quo
2233 2942 2553 3017 Claudianus
2588 2941 2892 3017 describens
2914 2941 3143 3017 leonem,
3174 2950 3263 3017 qui
3309 2968 3396 3006 rae

1822 3013 1959 3089 hiem
1994 3013 2043 3064 in
2069 3010 2508 3089 armosjnvencg
2532 3011 2719 3089 exigit,
2747 3013 2895 3065 addit
2925 3015 3044 3089 libr.
3070 3032 3105 3069 ιι
3127 3010 3204 3089 ίᾱέ
3228 3022 3392 3089 Rapt.

1744 3113 1789 3174 ρ
1825 3080 2967 3174 Prgs’et'patverszg-l5,:iitnpile‘s‘paftorum
2994 3086 3203 3174 despicit
3229 3080 3353 3143 irai.

1891 3149 2013 3205 276.
2052 3148 2378 3214 Flumineus,
2412 3152 2488 3203 sic
2514 3148 2745 3218 ﬂammea
2772 3154 2985 3208 lumina.
3032 3148 3167 3209 Sitnt
3216 3170 3393 3214 autem

1822 3220 2593 3297 d_raconcs__acutissitni_viSns,
2616 3220 2703 3288 qui
2728 3225 2991 3297 proindea
3014 3224 3195 3297 δέρκω,
3226 3229 3392 3294 video,

1821 3292 1901 3344 sic
1929 3290 2280 3357 appellantur.
2311 3290 2534 3343 l‘rohum
2565 3299 2709 3343 esset
2736 3299 2788 3344 et
2818 3292 2952 3346 forte
2978 3290 3159 3350 verum
3184 3290 3270 3351 est
3292 3290 3397 3352 De;

1821 3360 1972 3427 spicit
1999 3369 2045 3413 et
2076 3361 2252 3427 talpis,
2286 3368 2340 3411 ut
2369 3359 2720 3412 subaudiatur
2747 3361 2920 3413 irasci.

1891 3430 2017 3483 279.
2048 3428 2189 3499 Libr.
2225 3444 2280 3495 ιι,
2314 3443 2453 3481 vers.
2479 3427 2603 3492 438,
2633 3433 2731 3481 Aut
2761 3430 2805 3481 si
2828 3431 3023 3499 fulmen
3054 3433 3219 3498 habet,
3246 3453 3395 3490 mon-

1822 3508 1895 3551 tes
1942 3508 1988 3551 et
2018 3498 2240 3550 culmina
2263 3498 2847 3570 tangi_t,_Arboribusque
2868 3513 3041 3570 caput,
3070 3504 3270 3569 cedros,
3297 3509 3399 3561 cel-

1820 3584 1999 3636 susque
2046 3582 2331 3635 cupressos.
2379 3567 2508 3620 Vide
2551 3578 2751 3621 notam.
2796 3567 3013 3625 Ovidius
3062 3572 3129 3626 de
3173 3567 3394 3631 Remed.

1822 3651 2017 3715 amor.)
2048 3638 2347 3715 vers._5_69_,
2380 3636 2874 3715 Perﬂuat-altissima
2898 3642 3047 3707 venti,
3076 3641 3286 3697 Summa
3311 3662 3400 3715 pe-

1824 3717 1935 3759 tunt
1963 3709 2140 3759 dextra
2179 3708 2396 3775 fulmina
2426 3709 2579 3760 missa
2598 3705 2760 3761 lovis.

1893 3776 2019 3830 280.
2046 3778 2247 3830 Seneca
2272 3776 2429 3830 llerc.
2454 3778 2599 3839 Oet.,
2619 3791 2757 3831 vers.
2779 3776 2902 3842 495,
2933 3779 3045 3844 Qua
3066 3777 3229 3835 cels’us
3242 3786 3397 3839 astris

1822 3846 1996 3898 inserit
2028 3844 2228 3898 Pindus
2266 3857 2434 3921 caput.
2465 3846 2634 3921 Silius
2660 3847 2696 3899 Ι.
2733 3860 2800 3912 vt,
2842 3864 2983 3903 vers.
3023 3849 3079 3916 2,
3115 3851 3393 3921 Ναὸιίενοσ

1824 3926 2017 3968 montes
2050 3926 2095 3967 et
2122 3932 2246 3968 saxa
2274 3918 2517 3969 minantia
2542 3918 2686 3968 caelo.

1892 3984 2016 4038 28ἱ.
2048 3985 2177 4054 Vide
2206 3985 2241 4038 l.
2271 4001 2328 4049 ιι,
2354 4002 2405 4038 v.
2435 3985 2536 4040 419
2565 4000 2714 4054 seqq.

2044 4053 2263 4108 Liberos
2288 4054 2555 4108 Dracontii
2587 4053 2825 4132 intelligo
2849 4071 2909 4110 ex
2935 4058 2971 4113 l.
3002 4075 3080 4132 ιιι,
3101 4075 3240 4116 vers.
3270 4062 3396 4132 675,

1825 4121 2267 4196 Felitrnu‘merosa
2295 4139 2544 4196 prapago,
2570 4136 2625 4177 ut
2649 4127 2701 4178 in
2734 4121 2856 4179 nota
2891 4121 3147 4196 explicui.

1897 4193 2020 4247 290.
2051 4191 2265 4263 Pietatis
2292 4210 2420 4259 opus
2450 4195 2639 4247 iterutn
2674 4210 2815 4249 vers.
2842 4191 2975 4253 298.
3002 4199 3146 4253 Lihr.
3181 4216 3235 4263 ιι,
3256 4217 3397 4257 vers.

1830 4263 1920 4325 50,
1945 4262 2207 4337 Quidquid
2225 4261 2372 4315 habet
2394 4265 2598 4337 pietatis
2628 4282 2774 4329 opus.
2820 4266 3021 4322 Nomen
3060 4261 3321 4337 placidum
3347 4286 3404 4327 et

1828 4347 2020 4414 nomen
2044 4336 2185 4400 pium
2218 4348 2358 4413 vers.
2386 4334 2491 4387 288
2524 4334 2661 4387 idem
2692 4346 2791 4401 est,
2822 4339 3028 4393 scilicet
3060 4334 3255 4394 nomen
3286 4343 3403 4396 .cle-

1832 4414 2026 4456 mentis
2059 4417 2152 4455 seu
2187 4414 2349 4455 "llus.

1910 4473 2003 4526 291
2022 4472 2228 4544 .Matth.
2254 4487 2370 4541 cap.
2400 4488 2453 4537 v,
2480 4489 2617 4526 vers.
2646 4476 2714 4527 45
2748 4489 2922 4542 seqq.;
2947 4491 3062 4544 cap.
3092 4493 3236 4544 xvm,
3262 4493 3401 4533 vers.

1837 4540 1902 4595 15
1925 4558 2097 4610 seqq.;
2134 4543 2284 4594 Luca:
2308 4540 2423 4607 cap.
2458 4559 2585 4609 xvtt,
2613 4559 2750 4596 vers.
2776 4546 2807 4596 5
2827 4540 2977 4612 seqq.

1902 4612 2027 4665 295.
2055 4612 2128 4683 Es
2158 4612 2342 4664 Matth.
2380 4628 2575 4683 cap.__v,
2608 4616 3029 4683 vers.H4/i_seqq.
3059 4632 3071 4666 :
3111 4613 3317 4683 Benefa.
3337 4617 3407 4669 ite

1833 4681 1910 4732 his
1938 4683 2023 4747 qui
2054 4681 2267 4731 oderunt
2300 4678 2455 4732 vos...
2487 4678 2553 4732 Ut
2594 4684 2701 4731 sitis
2725 4680 2823 4745 ﬁlii
2856 4678 3025 4734 Patris
3054 4686 3223 4746 vestri,
3244 4678 3327 4748 qui
3352 4686 3405 4737 in

1832 4750 1970 4801 caelis
1996 4760 2088 4810 est,
2123 4754 2215 4820 qui
2255 4750 2414 4800 solem
2462 4765 2611 4801 suum
2658 4752 2781 4801 oriri
2818 4752 2939 4814 facit
2986 4769 3139 4820 super
3176 4755 3329 4805 bonos
3360 4765 3405 4806 et

1840 4820 2084 4890 malos,et
2110 4819 2239 4890 pluit
2259 4834 2411 4890 super
2431 4820 2601 4884 justas
2616 4829 2662 4871 et
2688 4820 3007 4890 injustas.Si
3036 4819 3168 4873 enim
3195 4823 3408 4890 diligitis

1838 4904 1920 4940 eos
1949 4889 2034 4953 qui
2064 4903 2147 4939 vos
2177 4888 2412 4955 diligunt,
2438 4904 2590 4955 quam
2619 4889 2890 4941 mercedem
2916 4889 3197 4944 habebitis?
3220 4888 3407 4944 Nonne

1832 4967 1879 5009 et
1908 4958 2165 5026 publicani
2194 4958 2286 5009 hoc
2317 4958 2544 5025 faciunt?

1832 5027 2026 5151 ἳϐ293.
2061 5025 2315 5080 Probatur
2341 5027 2407 5080 de
2448 5026 2546 5080 hac
2592 5025 2768 5095 phrasi
2802 5026 2921 5082 vide
2949 5036 3125 5082 notam
3152 5030 3217 5082 ad
3249 5044 3392 5084 vers.

1951 5137 1967 5151 .
1999 5112 2054 5150 ιι.

1930 5100 1967 5152 l.
1999 5112 2054 5150 ιι.

1905 5167 2029 5220 296.
2055 5164 2373 5237 Medicorum
2402 5178 2556 5233 opem
2582 5164 2707 5233 aegri
2736 5166 3042 5235 implorant.
3072 5168 3255 5220 Matth.
3286 5182 3403 5237 cap.

1836 5251 1909 5297 Ix,
1934 5250 2091 5305 vers.
2121 5236 2246 5305 12)
2284 5232 2404 5287 Νοη
2436 5232 2507 5289 est
2544 5232 2671 5305 aptis
2712 5232 2990 5290 valentibus
3022 5238 3266 5302 medicus,
3319 5232 3411 5291 sed

1838 5304 1973 5358 male
1997 5303 2309 5357 habentibus.

1908 5376 2031 5429 297.
2078 5374 2292 5447 0vidius
2318 5371 2482 5447 Trist.
2533 5374 2567 5426 l.
2603 5389 2659 5438 ιι,
2684 5376 2916 5447 vers._5_l
2963 5390 2977 5430 :
3006 5375 3132 5443 Sed,
3164 5378 3263 5430 nisi
3296 5396 3412 5447 pec-

1841 5460 2051 5508 cassem,
2068 5444 2190 5512 quid
2210 5452 2266 5495 tu
2292 5444 2565 5497 concedere
2590 5446 2800 5511 posses?
2830 5444 3093 5499 Materiem
3122 5450 3277 5502 venia:
3296 5444 3411 5503 sors

1841 5515 1930 5567 tibi
1951 5524 2122 5565 nostra
2144 5514 2304 5565 dedit.

1911 5584 2035 5637 299.
2066 5582 2221 5635 Pater
2244 5590 2333 5636 aut
2362 5597 2491 5636 avus
2516 5583 2708 5651 aliquis
2733 5581 3010 5638 Guntharii
3039 5586 3136 5640 hoc
3160 5586 3275 5640 loco
3300 5586 3414 5640 latt-

1843 5652 2016 5705 datur.
2046 5651 2240 5721 ltelege
2268 5664 2386 5721 eap.
2422 5654 2480 5705 11
2518 5656 2808 5721 prolegom.
2857 5656 3109 5719 Quamvis
3148 5656 3213 5709 ad
3239 5658 3413 5711 solum

1844 5736 2024 5791 regem
2047 5719 2305 5775 referatur
2323 5719 2526 5790 sermo,
2552 5719 2728 5778 tamen
2764 5738 2958 5779 nomen
2987 5738 3164 5781 vestris
3194 5727 3413 5783 adbibe-
