3970 6326
204 305 317 362 ἠδ

1591 295 2115 357 PROLEGQMENA.

3362 290 3469 361 126
3488 326 3493 329 τ

207 426 387 481 ﬁrmat
438 420 786 479 Prudentium
832 419 852 472 i
905 418 1137 487 primum
1170 416 1395 486 Spiritus
1424 413 1788 481 corripuisse;
1818 421 1872 483 Α
1899 416 2011 485 peri
2042 428 2160 481 quas
2195 412 2370 483 aliqua
2393 414 2741 482 responsione
2769 414 2925 485 digna
2954 414 3251 469 videamur.
3273 416 3470 475 Verum

206 516 301 572 sed
342 512 511 568 voluit
552 511 733 566 dicere
776 507 1086 572 Sedulium,
1133 515 1189 561 ut
1239 515 1407 575 puto:
1450 520 1570 560 nam
1615 506 1688 567 is,
1732 514 1795 560 ut

206 607 435 677 gloriam
487 612 692 659 sancta
733 610 787 658 et
834 599 1123 657 individua:
1166 597 1440 654 Trinitatis
1484 597 1628 652 clara
1660 611 1790 652 voce

206 700 551 759 decantaret,
606 694 846 763 neglexit
887 691 1125 761 regulam
1168 690 1529 759 grammaticae
1565 687 1795 756 disposi-

208 790 410 847 tionis:
441 786 623 844 Gloria
652 803 839 857 magna
868 783 1017 839 Patri
1043 798 1260 851 semper,
1296 782 1383 837 tibi
1412 782 1597 851 gloria,
1626 780 1790 847 Nate,

206 883 339 937 Cum
363 892 541 943 cincto
571 879 772 949 Spiritu
801 877 969 948 gloria
999 890 1184 945 magna
1212 873 1391 939 Patri,
1431 874 1573 942 quod
1605 874 1796 929 obseu-

206 976 361 1029 vavit
387 975 452 1029 ν.
482 973 621 1028 Beda
669 972 764 1026 lib.
794 970 863 1024 de
890 970 1020 1024 Arte
1048 968 1288 1022 metrica.
1341 967 1399 1022 Si
1442 967 1793 1023 Prudentium

207 1067 557 1123 Casauhonus
581 1078 710 1119 vere
740 1061 1013 1129 respexit,
1065 1059 1291 1114 fortasse
1334 1060 1538 1113 notavit
1564 1074 1706 1113 vers.
1735 1058 1792 1123 8,

209 1160 401 1229 hymn.
432 1157 495 1211 l0
520 1154 700 1217 Cath.,
739 1153 967 1223 Spiritus
1005 1150 1198 1213 simul,
1243 1158 1290 1203 et
1318 1165 1437 1203 caro
1463 1151 1635 1203 seruit.
1686 1147 1795 1203 Sed

207 1247 354 1303 hunc
384 1261 593 1302 versum
624 1244 781 1299 aliter
805 1242 1084 1311 legendum
1115 1254 1235 1294 esse
1276 1247 1487 1294 constat
1534 1254 1601 1293 ex
1647 1253 1795 1293 com-

206 1338 497 1395 mentario.
550 1335 869 1391 Prudentius
915 1330 1212 1400 saepissime
1255 1345 1314 1383 ea
1344 1344 1478 1385 voce
1509 1329 1695 1391 utitur,
1739 1336 1796 1385 et

205 1445 421 1500 semper
466 1430 484 1484 i
534 1429 760 1495 primum
794 1424 1059 1493 producit.
1112 1421 1400 1478 Riceiolius
1432 1431 1571 1489 part.
1598 1421 1631 1475 8
1663 1421 1793 1474 Pro-

206 1523 353 1589 sod.,
386 1536 508 1589 cap.
537 1519 593 1585 2,
622 1533 745 1587 app.
774 1518 831 1584 5,
882 1517 985 1580 ait,
1038 1514 1385 1568 Prudentium
1418 1514 1735 1581 produxisse
1762 1530 1795 1569 a

206 1616 265 1671 in
292 1614 607 1679 criminante
634 1610 867 1664 delusum
890 1610 953 1661 ab
980 1614 1213 1661 accentu.
1246 1604 1353 1660 Sed
1383 1604 1549 1672 magis
1574 1605 1794 1659 delusus

204 1717 296 1761 est
323 1702 638 1759 Ricciolius:
656 1715 931 1769 nunquam
952 1700 1093 1753 enim
1115 1715 1146 1751 a
1169 1698 1221 1753 in
1243 1700 1457 1754 crimina
1477 1698 1794 1753 Prudentius

1899 507 2041 576 quod
2070 520 2167 560 suo
2196 506 2314 560 loco
2345 506 2766 575 praetermissum
2793 515 2907 569 est,
2954 505 3129 560 alieno
3158 506 3336 569 dicere
3363 524 3468 563 nou

1899 597 2133 665 pigebit:
2179 597 2223 650 si
2267 604 2448 651 tamen
2486 596 2693 651 alienus
2722 596 2806 651 hic
2833 596 2982 650 locus
3010 604 3091 651 est
3129 596 3469 665 iudicandus,

1897 702 2003 755 quo
2031 687 2219 741 eadem
2250 701 2413 753 opera
2441 693 2494 741 et
2524 686 2754 755 hymnos
2780 694 3053 741 correctos
3083 686 3337 743 Breviarii
3366 688 3476 746 Re-

1898 779 2081 846 mani,
2134 786 2187 831 et
2232 787 2472 832 nostrum
2521 778 2864 833 Prudentium
2910 779 3029 833 licet
3070 780 3357 836 vindicare.
3413 784 3471 837 In

1898 870 2098 940 hymno
2130 871 2208 927 Ad
2244 886 2494 939 vesper-as
2523 872 2730 927 sabbati
2754 874 2805 930 in
2838 872 3007 939 Albis,
3035 873 3116 926 Ad
3147 876 3313 944 regias
3337 876 3473 945 Agni

1897 962 2074 1033 dapes,
2107 962 2477 1031 reprehendit,
2506 970 2566 1017 ut
2594 964 2736 1028 dixi,
2771 964 3086 1020 Sinceritatis
3115 982 3317 1037 azyma,
3348 983 3487 1027 cor-,

1897 1066 2107 1125 reptoy
2145 1056 2198 1110 in
2232 1073 2440 1125 azyma,
2489 1061 2730 1126 quamvis
2779 1058 3097 1115 Prudentius
3147 1063 3471 1129 corripuerit
3574 1083 3583 1089 ί

1898 1150 2092 1216 Apoth.
2124 1164 2266 1204 vers.
2298 1150 2403 1204 555
2429 1166 2443 1202 :
2497 1149 2749 1205 Laseivire
2779 1140 2975 1213 choris,
3020 1152 3322 1221 similaginis
3352 1170 3473 1221 azy-

1898 1258 2014 1294 mon
2042 1257 2165 1294 esse.
2221 1240 2504 1296 Hicciolins
2536 1241 2589 1294 in
2625 1242 2800 1295 indice
2826 1242 2861 1295 2
2899 1242 3225 1311 syllabarum
3256 1254 3474 1297 contro-

1897 1348 2172 1387 versarum
2206 1341 2451 1387 numerat
2483 1335 2619 1387 hanc
2643 1334 2831 1400 ipsam,
2869 1347 2922 1388 et
2966 1335 3213 1388 concedit
3251 1337 3473 1403 produci

1897 1419 2218 1478 aNicandro
2267 1428 2315 1477 in
2364 1424 2852 1492 Alexipharmacis,
2899 1426 2994 1479 sed
3045 1426 3224 1490 addit,
3274 1442 3371 1481 nos
3419 1428 3471 1481 in

1901 1516 2295 1581 pronuntiando
2340 1516 2489 1583 sequi
2537 1531 2694 1583 posse
2736 1532 2800 1570 ex
2846 1518 3231 1573 consuetudine
3252 1518 3360 1585 jam
3394 1521 3473 1575 in-

1904 1619 2049 1662 vecta
2082 1620 2361 1663 accentum
2393 1608 2659 1672 Graecum,
2692 1611 2779 1676 qui
2822 1620 2904 1663 est
2946 1611 2998 1663 in
3028 1612 3470 1676 antepenultima.

1898 1700 2031 1764 Quid
2063 1701 2106 1753 si
2135 1701 2320 1753 saltem
2343 1711 2532 1767 quarto
2554 1701 2807 1755 Ecclesiae
2837 1702 3034 1754 seculo
3059 1716 3118 1754 ea
3144 1704 3472 1758 consuetudo

208 1794 483 1865 produxit.
506 1793 745 1861 Longum
763 1789 976 1861 quidem
996 1787 1168 1843 fecita
1186 1790 1237 1843 in
1256 1789 1570 1852 ridendaque
1584 1787 1731 1857 Sym.
1750 1804 1791 1856 ι,
1822 1788 1871 1849 Β
1894 1791 2001 1860 jam
2034 1791 2370 1845 obtinuerat?
2403 1792 2489 1845 Sic
2517 1796 2658 1845 enim
2688 1792 2847 1845 habet
2874 1792 3124 1847 Paulinus
3155 1794 3207 1847 in
3236 1796 3473 1849 carmine

208 1901 359 1942 vers.
381 1885 505 1949 561,
538 1883 768 1951 llimica,
794 1881 1106 1949 ridendaque
1134 1880 1261 1945 suis,
1294 1879 1388 1934 sed
1417 1879 1485 1935 ob
1509 1894 1793 1944 casuram,

206 1987 264 2032 nt
285 1992 418 2031 mox
440 1974 745 2043 explicabo,
766 1975 848 2029 vel
877 1972 1053 2041 potius
1074 1970 1145 2041 ob
1173 1970 1462 2026 dictionem
1492 1970 1795 2027 encliticam

205 2086 333 2141 με..

280 2160 412 2217 205.
452 2160 703 2215 Barthius
730 2158 823 2214 lib.
856 2173 906 2214 xt
936 2156 1189 2221 Advers.,
1230 2169 1350 2224 cap.
1375 2154 1473 2221 20,
1513 2154 1795 2219 observat,

208 2256 557 2327 Agobardum
584 2253 637 2306 in
666 2251 887 2321 phaleco
918 2258 1036 2318 post
1058 2250 1261 2304 obitum
1284 2246 1462 2304 Caroli
1486 2258 1541 2303 et
1564 2248 1795 2304 Ledradi

207 2348 421 2419 propitii
468 2359 651 2400 vocem
701 2343 869 2412 prima
916 2340 1172 2411 producta
1222 2341 1466 2409 posuisse
1489 2380 1503 2405 ,
1551 2348 1795 2395 secutum

208 2441 560 2497 Prudentium
587 2440 660 2507 {in
708 2437 962 2491 Passione
1008 2434 1246 2503 Agnetis.
1320 2434 1394 2487 Ita
1443 2442 1589 2487 certe
1636 2434 1799 2488 habet

210 2531 536 2587 Prudentius
566 2543 704 2582 vers.
732 2527 872 2583 1'50:
905 2525 1174 2596 Purgabor
1204 2525 1305 2579 oris
1336 2525 1694 2595 propitiabilis.
1732 2526 1798 2581 Et

206 2626 263 2680 in
289 2624 520 2688 Eulalia,
541 2635 684 2676 vers.
705 2621 840 2675 215:
864 2619 1100 2675 Carmine
1128 2620 1405 2684 propitiata
1436 2621 1588 2687 fovet.
1621 2619 1799 2673 Potuit

205 2726 393 2771 tamen
425 2712 736 2783 Agebardns
764 2712 1023 2766 rationem
1052 2711 1227 2779 sequi,
1259 2724 1379 2765 cum
1410 2712 1462 2764 in
1488 2711 1797 2777 huiusmodi

202 2809 454 2870 vocibus,
499 2806 587 2860 ubi
628 2806 808 2873 plures
837 2818 997 2871 quam
1040 2801 1161 2856 dua:
1190 2802 1380 2856 breves
1436 2812 1793 2869 concurrunt,

200 2900 387 2969 aliqua
417 2912 485 2951 ex
517 2896 599 2950 bis
627 2894 844 2963 produci
876 2892 1082 2956 valeat,
1133 2900 1188 2946 ut
1234 2900 1626 2961 pentametrum
1648 2932 1662 2956 ,
1706 2900 1798 2947 aut

198 2993 584 3048 hexametrum
612 2986 958 3057 ingrediatur.
1006 2983 1086 3041 lta
1112 2983 1309 3039 accidit
1338 2984 1391 3037 in
1420 2984 1600 3053 religio
1618 3023 1633 3047 ,
1668 2983 1797 3037 reli-

194 3086 363 3156 quie,
394 3080 576 3145 Italia,
610 3077 919 3143 Priamides,
952 3075 1254 3139 catholicus,
1298 3084 1601 3145 pupugerat.
1656 3074 1797 3128 Prae.

1898 1882 1962 1934 ad
1990 1880 2296 1951 Cytherium
2336 1882 2402 1937 de
2444 1882 2720 1949 naufragio
2759 1884 3097 1937 Martiniani:
3142 1883 3207 1937 In
3249 1888 3473 1939 veritatis

1896 1975 2121 2043 azymis;
2156 1982 2208 2028 et
2237 1973 2407 2027 Natali
2439 1976 2510 2028 8:
2556 1973 2687 2028 Inde
2725 1979 2862 2044 fugae
2890 1984 3131 2047 memores
3160 1977 3313 2029 etiam
3341 1994 3475 2031 nunc

1897 2086 2077 2138 azyma
2105 2070 2332 2123 sumunt;
2368 2069 2533 2123 Recte
2556 2082 2684 2137 ergo
2703 2068 2995 2122 Casimirus
3020 2070 3326 2124 Sarbievius
3348 2072 3405 2125 S.
3430 2072 3473 2135 Ι,

1898 2162 1984 2227 qui
2016 2160 2159 2214 solus
2198 2176 2318 2214 eum
2352 2160 2606 2229 hymnum
2642 2159 2905 2226 correxit,
2951 2160 3157 2213 censuit
3207 2174 3313 2213 non
3357 2176 3470 2214 mu-

1901 2251 2113 2319 tandum
2140 2267 2348 2309 versum
2384 2252 2705 2307 Sinceritatis
2728 2266 2926 2319 azyma.
2954 2249 3087 2305 Nam
3116 2250 3471 2323 Sarbievium,

1899 2356 2105 2413 poetam
2149 2345 2367 2413 lyricum
2398 2343 2927 2411 praestantissimum,
2974 2342 3139 2395 fuisse
3182 2358 3211 2395 e
3250 2358 3471 2396 numero

1897 2452 2081 2491 eorum
2106 2437 2194 2504 qui
2222 2435 2584 2489 emendationi
2616 2434 2935 2504 hymnorum
2964 2433 3113 2501 jussu
3137 2433 3334 2488 Urbani
3363 2434 3471 2488 Vlll
3574 2486 3579 2490 .

1898 2544 2114 2595 operam
2146 2536 2421 2589 uavarunt,
2449 2526 2591 2595 quod
2621 2535 2744 2578 tunc
2772 2540 2860 2579 me
2887 2522 3117 2592 fugerat,
3150 2538 3288 2577 nunc
3317 2525 3475 2593 plane

1898 2622 2104 2674 affirmo
2134 2622 2352 2673 edoctus
2396 2621 2463 2673 ab
2506 2621 2932 2674 eminentissime
2975 2620 3244 2673 cardinule
3270 2620 3475 2675 Joanne

1898 2716 2087 2767 Carolo
2119 2715 2365 2781 Boschio,
2396 2716 2506 2781 qui,
2541 2722 2597 2767 ut
2624 2724 2705 2769 est
2730 2730 2849 2768 cum
2881 2715 3103 2767 aliarum
3123 2752 3137 2777 ,
3175 2716 3330 2784 179
3354 2723 3473 2767 tum

1902 2809 2162 2875 praecipue
2192 2808 2670 2861 ecclesiasticarum
2712 2824 2891 2861 rerum
2930 2809 3230 2877 cognitione
3261 2810 3473 2878 egregie

1899 2897 2209 2961 instructus,
2230 2897 2279 2949 id
2303 2912 2387 2951 me
2412 2896 2806 2963 perhumaniter
2822 2898 3116 2962 admonuit;
3136 2899 3475 2967 ostenditque

1898 2988 2186 3041 editionem
2211 2987 2561 3041 Parisiensem
2587 2988 2998 3054 pulcherrimam
3020 3002 3241 3055 operum
3264 2988 3474 3042 Sarbie-

1901 3078 1998 3143 vii,
2029 3078 2080 3130 in
2112 3078 2263 3145 cujus
2289 3078 2598 3147 praefatione
2632 3076 2747 3131 hac
2780 3078 3014 3131 narratio
3042 3077 3111 3132 de
3130 3078 3476 3145 ,correctione

197 3153 357 3229 item
385 3188 485 3227 cur
508 3186 619 3226 non
647 3172 751 3225 erit
779 3170 994 3238 longum
1031 3183 1061 3222 ο
1101 3168 1153 3221 in
1183 3168 1434 3235 propitius
1468 3166 1543 3226 (α)
1569 3167 1588 3219 l
1823 3153 1871 3218 ϐ
1904 3170 2199 3226 Urbaniana
2229 3170 2551 3225 continetur.

197 3264 516 3321 Ludovicus
540 3260 788 3315 Cavallus
816 3260 869 3312 in
897 3258 1363 3313 observationibus
1402 3260 1471 3312 ad
1506 3273 1671 3313 novos
1705 3260 1799 3328 hy-

203 3369 390 3420 mnos,
416 3368 541 3423 quae
568 3367 697 3407 mss.
744 3359 956 3406 exstant
983 3350 1055 3418 [in
1098 3349 1421 3404 bibliotheca
1452 3350 1662 3419 collegii
1689 3350 1796 3404 Ro-

203 3446 378 3509 mani,
410 3444 807 3500 correctoribus
833 3443 935 3497 sub
962 3441 1177 3497 Urbano
1202 3441 1315 3495 Vill
1341 3442 1527 3511 objicit
1562 3444 1702 3511 quod
1740 3444 1794 3497 in

202 3554 392 3607 azyma
421 3550 546 3590 cum
578 3534 867 3589 Prudentio
896 3552 928 3604 ν
954 3533 1332 3602 corripuerint,
1383 3534 1653 3589 observat.
1683 3538 1751 3589 39
1775 3552 1791 3600 ;

202 3633 335 3687 item
368 3630 513 3699 quod
566 3631 765 3698 pariter
812 3646 845 3681 a
889 3628 945 3683 in
987 3626 1241 3687 Iudaicus
1269 3642 1391 3683 cum
1436 3629 1628 3685 eodem
1657 3630 1791 3685 Pru-

200 3725 390 3780 dentio
421 3723 636 3792 longam
670 3719 927 3783 fecerint,
958 3708 1169 3774 observ.
1200 3718 1299 3784 40;
1328 3720 1471 3791 quod
1510 3722 1529 3774 i
1556 3721 1607 3775 in
1653 3736 1793 3776 sem-

83 3852 99 3872 .
203 3820 479 3886 piteruus,
502 3814 676 3868 secuti
704 3814 950 3868 eumdem
978 3814 1357 3877 Prudentium,
1402 3814 1793 3879 breviaverint,

162 3948 169 3953 .
203 3912 423 3965 observ.
454 3909 518 3963 M
545 3924 563 3973 ;
590 3916 646 3962 et
674 3906 815 3976 quod
844 3906 1133 3961 Paraclitus
1168 3922 1291 3961 cum
1315 3908 1336 3960 ἱ
1362 3907 1511 3961 brevi
1552 3908 1793 3975 ejusdem

203 3998 486 4055 Prudentii
519 4000 838 4053 auctoritate
865 3998 1203 4066 protulerint,
1234 4000 1449 4053 observ.
1475 4000 1543 4055 42
1565 4000 1659 4070 (b).

277 4091 407 4147 206.
450 4091 670 4146 Memini
704 4105 791 4163 me
820 4090 921 4143 hoc
964 4088 1166 4143 Cavatli
1207 4090 1519 4157 opusculum
1561 4092 1627 4144 ab
1668 4092 1789 4146 aliis

204 4182 483 4236 laudatum
529 4180 766 4250 allegare
813 4179 1027 4235 dissert.
1060 4179 1129 4233 de
1157 4179 1350 4249 Hymn.
1381 4180 1601 4244 eccles.,
1636 4197 1786 4235 num.

209 4273 339 4339 159,
381 4271 518 4337 160,
567 4286 629 4326 ac
675 4286 862 4326 rursus
906 4273 959 4326 in
1012 4271 1194 4343 hymn.
1228 4272 1476 4342 HiSp:in.,
1512 4288 1633 4345 pag.
1664 4274 1787 4328 267.

209 4362 389 4419 Aliam
414 4363 646 4419 hominis
675 4362 814 4418 docti
848 4363 1011 4418 fuisse
1051 4374 1283 4419 mentem
1324 4365 1755 4421 existimaveiam
1778 4408 1791 4431 ,

205 4454 346 4509 alias
376 4456 633 4521 rationes,
660 4455 856 4524 quibus
881 4456 1272 4510 correctionem
1304 4455 1664 4510 Urbanianam
1695 4458 1796 4511 im-

208 4560 491 4621 pugnaret.
543 4549 737 4604 Postea
765 4548 819 4603 in
848 4548 1041 4603 librum
1073 4564 1174 4603 ms.
1204 4549 1393 4616 incidi,
1425 4558 1479 4603 et
1509 4563 1672 4618 pauca
1704 4564 1789 4603 rc-

1969 3264 2096 3318 207.
2139 3263 2214 3317 De
2241 3278 2372 3317 voce
2400 3260 2690 3316 Paraclitus
2718 3262 2907 3317 eadem
2946 3264 3224 3331 responsio
3248 3278 3312 3317 ex
3338 3277 3475 3318 eon-

1900 3355 2180 3410 suetudine
2208 3366 2261 3410 et
2292 3364 2514 3410 accentu
2546 3355 2735 3410 Graeco
2784 3356 2999 3425 petitur.
3045 3355 3112 3410 Et
3138 3371 3259 3410 cum
3289 3356 3477 3410 Caval-

1901 3447 1980 3501 lus
2007 3448 2254 3510 fateatur,
2291 3447 2476 3501 Patres
2502 3446 2557 3501 in
2590 3447 2693 3502 ﬁne
2721 3447 2935 3501 iambici
2969 3447 3213 3515 posuisse
3240 3446 3475 3501 Paraeli-
3550 3496 3557 3503 .

1903 3549 2001 3605 tus,
2034 3550 2089 3594 ut
2117 3539 2173 3593 S.
2204 3539 2393 3602 Hilar.,
2428 3538 2556 3592 Cum
2589 3539 2815 3607 Spiritus
2848 3538 3142 3594 Paraclitus
3174 3540 3385 3608 Eﬂ'ulsit
3420 3542 3477 3595 in

1899 3632 2195 3700 discipulos,
2231 3632 2406 3697 inepte
2433 3630 2708 3684 contendit
2757 3639 2868 3685 tum
2897 3631 2968 3684 ab
3003 3632 3133 3699 ipsis
3179 3614 3482 3685 adhibitum.

1899 3726 2210 3795 spondaaum
2246 3740 2340 3795 pro
2372 3725 2546 3778 iambo
2589 3743 2602 3777 :
2655 3739 2776 3785 nam
2808 3726 2981 3793 potius
3028 3726 3079 3780 in
3109 3724 3229 3778 aliis
3259 3725 3473 3779 sedibus

1898 3825 2080 3870 contra
2114 3826 2340 3869 metrum
2373 3814 2667 3884 peccabant
2690 3830 2846 3883 quam
2878 3816 2929 3869 in
2960 3815 3063 3869 ﬁne
3095 3814 3334 3883 iambici,
3379 3815 3470 3870 ubi

1899 3922 2114 3976 semper
2154 3907 2383 3961 iambum
2427 3906 2750 3960 adhibebant
2775 3906 2872 3977 (c).
2924 3906 3265 3961 Correctores
3308 3908 3471 3961 etiam

1901 4000 2235 4053 retinuerunt
2281 3997 2423 4067 quod
2488 3998 2806 4053 Prudentius
2864 3998 3155 4065 scripserat
3208 3998 3319 4052 Cat.
3364 3999 3472 4063 {2,

1896 4105 2038 4144 vers.
2064 4090 2135 4144 42
2161 4108 2171 4141 :
2208 4089 2491 4157 Populique
2518 4105 2607 4143 rea:
2633 4088 2865 4156 Iudaici,
2896 4090 2948 4143 iu
2975 4091 3208 4158 vesperis
3231 4090 3473 4144 Transfi-

1900 4181 2213 4250 guratiouis.
2243 4183 2441 4234 Contra
2468 4180 2599 4234 nihil
2622 4182 2823 4253 profert
2841 4180 3108 4245 Cavallus,
3134 4184 3231 4236 nisi
3255 4183 3472 4237 dubium

1903 4276 2204 4345 exemplum
2230 4276 2523 4339 iuvenalis,
2568 4276 2717 4329 satir.
2752 4275 2839 4335 ll,
2864 4291 3003 4329 vers.
3035 4276 3169 4330 101:
3204 4274 3476 4328 Iudaicum

1902 4368 2201 4431 addiscunt,
2232 4383 2291 4419 ac
2316 4377 2543 4433 servant,
2584 4374 2630 4420 et
2657 4374 2882 4420 metuunt
2904 4370 3016 4438 jus.
3062 4366 3321 4422 Similiter
3352 4383 3477 4423 usus

1904 4468 1989 4514 est
2018 4459 2339 4513 Prudentius
2368 4458 2565 4527 Apoth.
2598 4472 2738 4511 vers.
2774 4458 2914 4511 552:
2960 4457 3093 4511 Sunt
3136 4460 3225 4527 qui
3262 4459 3479 4511 Iudaico

1905 4560 2176 4619 cognatum
2198 4552 2382 4620 dogma
2410 4549 2595 4621 furori,
2620 4557 2673 4605 et
2696 4563 2837 4609 vers.
2858 4548 2954 4603 521
2979 4563 2992 4599 :
3018 4546 3142 4603 Ηαξο
3165 4548 3209 4599 si
3234 4547 3480 4598 Judaicos

290 4711 355 4791 (α)
386 4712 721 4776 Becmanus,
772 4709 838 4765 de
877 4711 1077 4781 Origiu.
1111 4709 1411 4791 ling..Lat.,
1444 4708 1639 4765 fatetur
1669 4728 1789 4791 pro-
1825 4712 1880 4771 D
1905 4726 2168 4779 spernere,
2211 4726 2362 4791 quam
2404 4709 2495 4761 hoc
2537 4711 2734 4787 insigne
2762 4707 2985 4791 Spiritus
3029 4701 3189 4791 sancti
3203 4699 3480 4791 ‘fpitlzeton

211 4780 361 4850 pitius
388 4795 515 4837 esse
547 4796 575 4831 a
611 4796 763 4848 porro
783 4822 796 4845 ,
840 4791 930 4837 aut
958 4780 1168 4851 prorsus
1203 4782 1314 4849 pius
1346 4796 1409 4851 ex
1441 4780 1794 4848 quorumdam

208 4863 453 4906 veterum
487 4853 783 4912 sententia,
828 4850 1069 4919 quamvis
1100 4851 1213 4920 ipse
1242 4850 1519 4918 praeferat,
1568 4867 1594 4902 a
1641 4867 1801 4920 prope

212 4935 331 4975 cum
365 4921 748 4976 terminatione
788 4918 1055 4975 communi
1094 4918 1236 4985 ilius,
1282 4930 1340 4973 ut
1376 4920 1608 4987 ﬁctilius,
1642 4918 1799 4973 'com-

212 4993 489 5045 mentitius.
542 4991 600 5053 Si
635 4991 857 5058 primam
888 5003 1125 5051 veterum
1158 4992 1464 5059 Opinionem
1495 4999 1797 5053 teneamus,

212 5072 357 5130 patet
386 5079 451 5117 ex
490 5061 696 5129 origine
726 5078 753 5114 ο
784 5076 901 5115 esse
933 5061 1353 5128 producendum.
1399 5060 1536 5113 Ante
1564 5060 1805 5113 Pruden—

210 5132 342 5186 tium
374 5132 708 5201 produxerat
747 5146 958 5200 quoque
987 5132 1289 5197 iuvencus,
1338 5130 1431 5184 lib.
1458 5146 1505 5193 ι,
1532 5131 1603 5201 in
1656 5131 1803 5198 priu-

209 5200 388 5267 cipio;
450 5200 592 5255 Nam
638 5218 714 5253 me
742 5202 1012 5270 {prapitius
1060 5216 1227 5254 rerum
1270 5210 1413 5270 pater
1448 5200 1626 5252 unicus
1673 5200 1799 5253 alto.

210 5270 503 5329 Ricciolius
533 5274 676 5326 hanc
705 5272 1055 5341 quantitatem
1089 5273 1313 5340 primum
1346 5270 1571 5335 iudicat,
1608 5270 1802 5341 deinde

205 5343 472 5421 aliam‘ex
497 5340 731 5409 Seneca,
755 5352 808 5397 et
830 5341 1047 5407 Plauto;
1093 5342 1188 5397 sed
1222 5341 1394 5395 Plauti
1418 5354 1601 5401 versus
1628 5340 1801 5419 ambi-

208 5427 309 5481 gui
334 5424 476 5468 sunt.

298 5482 365 5551 (ι)
391 5484 504 5539 Hoc
531 5485 653 5539 loco
683 5497 787 5535 non
819 5496 1035 5551 possum
1068 5482 1193 5547 quin
1220 5481 1381 5535 verba
1410 5479 1808 5535 observationis

212 5551 296 5606 ιε
321 5553 649 5609 describam:
684 5551 751 5607 Et
775 5553 914 5618 licet,
945 5552 1135 5620 inquit,
1164 5552 1269 5606 SS.
1299 5551 1503 5615 Patres,
1526 5563 1570 5603 et
1598 5551 1808 5621 hymno-

200 5626 400 5694 graplti
426 5626 626 5692 antiqui
656 5623 756 5676 hoc
788 5640 969 5677 nomen
996 5624 1051 5675 in
1080 5624 1185 5677 suis
1216 5621 1420 5692 hymnis
1466 5622 1728 5692 posuerint
1760 5622 1811 5673 in

202 5695 325 5765 ﬁne
347 5696 556 5747 iambici
587 5695 820 5757 dimetri,
869 5702 1165 5749 nontamen
1196 5694 1425 5761 sequitur
1460 5704 1512 5765 ut
1550 5694 1811 5765 corripite:
1862 5738 1863 5741 η

204 5762 328 5818 rint
382 5767 468 5819 sed
500 5764 798 5825 spondteum
826 5765 1114 5817 maluerunt
1139 5780 1352 5829 ponere,
1398 5773 1445 5817 et
1469 5763 1624 5828 legem
1666 5762 1812 5813 metri

1906 4772 2093 4833 natura
2128 4772 2436 4847 productum
2462 4772 2712 4847 corripi-ere
2741 4786 2785 4828 et
2807 4772 3155 4833 venrrumprre.
3202 4772 3359 4823 Miror
3387 4786 3481 4823 cur

1908 4850 2252 4903 Prudentium
2302 4863 2332 4902 e
2383 4864 2604 4901 numero
2652 4848 2875 4900 aliorum
2918 4848 3128 4896 Patrum
3162 4852 3211 4893 et
3241 4852 3478 4893 veterum

1906 4919 2432 4988 hymnographortuu
2464 4917 2737 4973 exemerit.
2768 4930 2861 4967 cur
2888 4916 3059 4988 etiam
3079 4910 3263 4964 eadem
3296 4909 3480 4962 defen-

1907 4985 2057 5044 sione
2088 4985 2187 5056 qua
2223 4988 2353 5039 alios
2396 5004 2515 5040 cum
2547 5002 2649 5039 non
2682 4996 2905 5056 tueatur,
2941 4985 3245 5056 acdemnui
3273 4995 3367 5033 cur
3395 4995 3481 5032 su-

1908 5060 2013 5115 lam
2044 5052 2341 5113 recentium
2371 5057 2737 5110 auctoritatem
2771 5053 3061 5107 Prudentio
3088 5052 3311 5120 aliisque
3342 5060 3481 5105 vete-

1909 5130 2057 5201 ribus
2085 5138 2333 5201 opponat.
2462 5196 2471 5201 Α
2555 5196 2583 5201 _
2629 5194 2688 5201 __
3240 5192 3255 5201 ,
3384 5190 3394 5201 .
3470 5192 3479 5199 .

1983 5199 2052 5269 (ε)
2100 5192 2170 5252 Ιὶί
2198 5200 2407 5269 hymno
2444 5194 2752 5269 de__Spiri_tu
2780 5202 2984 5255 sancto,
3014 5207 3182 5269 quem
3204 5192 3399 5269 _descri
3438 5192 3479 5241 si.

1914 5260 2061 5324 num.
2087 5271 2174 5335 75,
2207 5260 2257 5322 ei
2288 5266 2487 5321 Paulini
2527 5260 2709 5318 Nolani
2752 5280 2871 5318 esse
2910 5260 3155 5335 conjii-iu,
3196 5260 3482 5335 Parmhms

1910 5342 1928 5395 i
1957 5341 2102 5394 brevi
2136 5329 2417 5407 profertur.
2459 5336 2707 5407 Sidonius
2739 5335 2937 5407 pariter
2972 5331 3307 5407 llera_ctitus__i
3340 5329 3483 5407 brevi

1906 5398 2168 5478 ,prolulit';
2209 5408 2471 5475 Quidquid
2504 5398 2843 5478 Pythagoras.
2882 5404 3214 5478 Demorritns,
3245 5398 3483 5478 118ιάᾷὶ-

1918 5468 2116 5547 iusque,
2149 5468 2305 5548 quem
2340 5468 2435 5531 hac
2464 5478 2526 5530 de
2554 5468 2713 5548 causa
2747 5476 3055 5548 llermolan~
3098 5487 3139 5548 av
3165 5480 3348 5548 crisat,
3393 5468 3484 5548 ἀξια

1914 5538 2243 5605 [ειιὶιὶι’ν‹ῖι·ο
2272 5548 2589 5602 Ptolemaeus
2632 5545 2980 5617 Hispaniain:
3010 5542 3060 5594 in
3086 5540 3387 5617 tlmnllariu
3419 5538 3484 5617 de

1912 5620 2143 5675 licenliis
2168 5628 2443 5687 poelarum
2470 5629 2597 5668 tom.
2620 5616 2682 5668 IV
2707 5610 2926 5683 operum
2949 5612 3198 5681 Baptistae
3218 5610 3486 5665 Mantuani

1915 5690 2030 5760 ejus
2064 5690 2264 5755 fratris,
2297 5703 2413 5758 pag.
2446 5688 2567 5742 l67.
