3970 6326
496 334 598 388 ’⁷27

1902 322 2351 381 PRUDENTIUS.

3642 338 3732 395 ἠδ

495 450 571 503 ,εον
596 446 850 501 {malum
876 448 1141 515 rigassent.
1192 439 1297 495 Sed
1338 439 1390 493 in
1433 439 1514 493 bis
1552 437 1801 493 omnibus
1832 438 2073 491 versibus
2100 440 2155 496 Α
2179 453 2361 505 voces,
2387 448 2443 494 ut
2475 453 2579 494 non
2609 440 2726 496 sine
2755 440 2994 511 periculo
3023 442 3169 498 falsa
3197 442 3457 501 doctrinae
3484 450 3737 507 immutari
3770 488 3773 495 ‹
3835 430 3841 438 ’

498 540 644 592 locus
673 544 755 591 est
783 532 1037 603 spondam
1065 546 1161 600 per
1183 528 1476 600 synaeresin
1501 527 1681 595 Judai,
1707 528 1757 581 in
1789 529 1960 596 primo
1985 527 2075 582 illo

499 642 634 696 opus
663 634 746 679 est
778 624 954 679 iambo
982 622 1035 675 in
1065 620 1191 675 sede
1220 630 1458 675 extrema
1479 660 1493 683 ,
1526 618 1812 689 Populique
1843 618 1951 672 Rex
1976 616 2074 670 Ju-

497 719 661 783 daici,
710 716 789 772 uti
834 718 995 773 etiam
1042 715 1258 785 dactylo
1305 715 1358 769 in
1388 728 1545 768 versu
1589 712 1784 767 Alcimi
1824 711 1964 765 Aviti
2008 710 2077 765 de

476 792 715 877 Origine
761 806 988 871 mundi,
1042 806 1261 871 Quando
1309 804 1605 857 induratum
1650 803 1813 869 plebes
1854 799 2076 853 Iudaica

502 918 706 955 nomen.
758 899 829 955 Ut
873 900 925 953 in
955 898 1288 965 sempiternus
1326 897 1344 949 i
1374 897 1589 964 longum
1628 904 1917 959 asseratur,
1965 892 2076 947 sola

504 991 724 1061 Josephi
750 990 1007 1059 Scaligeri
1040 989 1329 1044 auctoritas
1358 987 1549 1042 idonea
1579 986 1795 1049 minime
1822 995 1939 1049 est,
1987 997 2078 1037 ue-

503 1101 609 1155 que
648 1087 789 1138 enim
819 1091 1021 1137 eertum
1049 1091 1131 1140 est
1178 1079 1408 1135 derivari
1454 1094 1483 1133 a
1523 1092 1719 1144 semper
1747 1084 1802 1130 et
1840 1085 2076 1138 azternus,

506 1194 701 1247 neque,
732 1178 775 1231 si
804 1176 857 1231 id
885 1183 1087 1230 certum
1118 1174 1215 1239 sit,
1258 1172 1492 1227 derivata
1522 1184 1735 1238 semper
1764 1169 1934 1237 legem
1966 1166 2077 1235 pri-

503 1266 811 1321 mitivorum
853 1274 1173 1334 sequuntur,
1218 1261 1513 1332 praesertim
1544 1260 1665 1329 quia
1707 1275 1751 1312 ce
1791 1259 1927 1312 sicut
1966 1256 2019 1309 in
2061 1257 2079 1309 i

505 1368 758 1420 mutatur,
809 1358 879 1410 ita
897 1356 978 1409 ‘in
1020 1357 1038 1407 i
1079 1355 1240 1410 breve
1280 1352 1520 1408 converti
1566 1351 1780 1420 poterit.
1835 1348 2081 1403 Paulinus

505 1448 706 1518 pariter
734 1450 753 1500 i
781 1447 1038 1516 corripuit
1069 1448 1122 1500 in
1149 1445 1388 1501 carmine
1414 1443 1481 1497 ad
1508 1441 1817 1513 Cytherium
1850 1440 1916 1495 de
1941 1440 2083 1493 Nau-

507 1540 676 1610 fragio
703 1540 1001 1594 Martiniani
1033 1553 1199 1607 prepe
1227 1538 1425 1591 finem:
1472 1535 1540 1590 Ut
1566 1537 1899 1605 sempiterna:
1938 1534 2083 1587 clara

506 1631 620 1683 vita:
645 1630 830 1700 gloria.
861 1628 1117 1683 Eamdem
1144 1628 1488 1695 quantitatem
1514 1624 1757 1679 defendit
1783 1624 2001 1679 Huetius
2029 1624 2080 1679 in

508 1719 841 1787 Origeuianis
883 1730 1067 1772 contra
1106 1717 1363 1787 Scaligeri
1403 1716 1729 1785 opinionem.
1782 1715 1905 1769 llaec
1946 1714 2080 1769 Pru-

2177 546 2207 585 a
2236 530 2425 599 quovis
2452 533 2753 599 potuerint,
2799 531 3037 601 adeoque
3066 542 3120 588 et
3150 550 3180 589 a
3212 536 3366 604 plebe
3395 537 3590 593 fuerint
3636 544 3738 597 usi-

2181 632 2321 689 ialm,
2354 625 2404 679 in
2430 626 2843 694 antepenultima
2872 626 3163 681 breviasse.
3199 628 3253 682 ln
3281 629 3362 683 bis
3382 639 3555 685 tamen
3584 648 3742 689 exem-

2177 718 2279 785 plis
2324 731 2430 770 non
2475 732 2577 770 una
2619 716 2911 785 eademque
2951 716 3159 772 videtur
3196 720 3360 775 fuisse
3401 726 3735 780 consuetudo.

2178 808 2309 863 Nam
2340 807 2657 862 Prudentius
2685 808 2740 861 in
2771 809 2981 862 ecclesia
3017 816 3073 863 et
3112 811 3409 879 mysterium
3447 816 3741 881 antepenul-

2183 900 2362 953 timam
2400 897 2639 968 producit
2665 937 2678 959 .
2732 897 2792 954 S.
2822 897 3071 952 Paulinus
3119 912 3261 967 saepe
3307 900 3468 954 etiam
3512 903 3740 958 eamdem

2180 989 2437 1060 syllabam
2469 991 2677 1059 longam
2707 988 2852 1043 fecit.
2906 989 2982 1042 Ex
3023 990 3123 1043 hac
3162 992 3342 1059 regula
3377 992 3635 1048 sustineri
3663 1010 3746 1064 po-

2183 1090 2358 1136 terunt
2390 1081 2439 1133 in
2471 1079 2759 1134 Prudentio
2789 1080 3112 1149 Allaphylus,
3154 1080 3364 1146 Arrius,
3403 1098 3631 1147 eremus,
3666 1084 3746 1139 he-

2185 1172 2333 1237 resis,
2358 1168 2580 1234 idolum,
2603 1170 2823 1235 daemon,
2848 1169 2872 1221 Ι
2882 1185 2993 1223 esus
3020 1169 3153 1224 eliso
3179 1171 3218 1236 i,
3238 1180 3329 1225 aut
3350 1188 3410 1236 e;
3439 1171 3743 1243 Paraclitus,

2185 1262 2435 1329 Asgmon,
2470 1259 2738 1326 Iudaicus,
2772 1269 2827 1315 et
2864 1261 2982 1315 alia:
3010 1262 3212 1316 similes
3238 1277 3419 1329 voces,
3450 1280 3742 1337 quanquam

2185 1350 2312 1405 nihil
2367 1350 2609 1419 prohibet
2665 1351 2948 1419 quominus
2989 1352 3174 1407 eadem
3227 1353 3489 1409 vocabula
3531 1356 3748 1415 diversis

2184 1442 2477 1497 rationibus
2505 1456 2567 1497 ac
2592 1442 2790 1511 regulis
2818 1442 3189 1511 defendamur,
3233 1456 3291 1501 ut
3328 1459 3394 1500 ex
3437 1448 3637 1517 regulis
3670 1464 3745 1505 se-

2185 1535 2467 1606 quentibus
2493 1534 2777 1590 constabit.

2254 1627 2433 1682 Altera
2459 1636 2541 1682 est
2563 1627 2761 1696 regula.
2803 1625 2867 1680 In
2908 1627 3163 1681 vocabulis
3199 1644 3227 1681 e
3260 1627 3438 1683 Graeco
3478 1629 3735 1698 derivatis,

2187 1728 2393 1772 accentu
2451 1734 2483 1770 a
2525 1719 2807 1787 quantitate
2863 1718 3270 1773 discordantibus
3300 1752 3341 1786 ,ε
3367 1730 3549 1775 veteres
3604 1733 3747 1790 poeta:

509 1811 688 1864 dentio
709 1825 829 1863 cum
852 1810 1245 1865 correctoribus
1267 1806 1589 1864 Urbanianis
1619 1807 1941 1861 communia.
1972 1804 2079 1861 ϐω·
2114 1795 2163 1856 Β
2189 1812 2463 1866 Christiani
2505 1812 2733 1882 neglecta
2799 1812 3081 1880 quantitate
3130 1822 3387 1866 accentum
3441 1815 3604 1867 secuti
3642 1822 3746 1868 sunt

512 1910 623 1955 tera
652 1902 1019 1968 praetermitto,
1048 1901 1167 1969 quia
1200 1910 1253 1954 et
1284 1900 1479 1954 levium
1505 1908 1650 1963 sunt,
1680 1906 1734 1952 et
1759 1897 1826 1951 ad
1854 1913 1950 1951 nos
1980 1912 2085 1951 non

512 1993 809 2059 pertinent,
844 1993 924 2047 vel
948 1993 997 2061 si
1030 1994 1095 2049 ad
1127 2008 1228 2047 uos
1254 1992 1488 2063 quidem,
1520 2007 1627 2046 non
1658 2000 1832 2046 tamen
1876 1990 1942 2045 ad
1986 1990 2088 2045 hoc

513 2092 742 2153 tempus,
770 2100 943 2155 neque
968 2084 1035 2139 ad
1063 2085 1202 2139 hunc
1230 2085 1423 2139 locum.

1074 2199 1299 2254 CAPUT
1338 2198 1525 2253 XXIV.

517 2291 675 2362 Leges
704 2310 735 2345 a
767 2292 1066 2373 Prudentia
1092 2292 1301 2360 aliisque
1343 2290 1565 2373 antiquis
1608 2289 1764 2358 poetis
1789 2289 2090 2343 Christianis

1048 2370 1101 2414 in
1143 2373 1300 2414 metro
1328 2370 1556 2413 servata’.

595 2453 752 2523 180
788 2452 914 2506 208.
943 2452 1008 2504 Et
1028 2460 1087 2504 ut
1108 2450 1162 2503 iu
1188 2450 1477 2504 Prudentio
1496 2448 1831 2503 defendendo
1851 2464 2088 2517 pergam,

517 2554 791 2613 totamque
816 2542 1179 2597 defensionem
1208 2540 1272 2594 ad
1298 2549 1441 2594 certa
1470 2540 1641 2608 capita
1668 2554 1932 2604 revocetn,
1962 2555 2093 2593 non-
2138 2542 2143 2545 ⁷

519 2634 694 2688 nullas
736 2634 945 2704 regulas
988 2648 1249 2702 exponam
1286 2631 1477 2701 quibus
1520 2630 1838 2702 syllabarum
1876 2631 2093 2700 quanti-

518 2734 601 2780 tas
632 2726 699 2779 ab
724 2740 789 2780 eo
830 2724 1063 2779 adhibita
1098 2723 1391 2778 vindicetur
1419 2720 1516 2793 (a).
1551 2723 1715 2776 PRIMA
1744 2738 1822 2777 SIT
1851 2738 2055 2778 necum
2079 2740 2089 2773 :

522 2817 771 2882 Quazdam
797 2826 911 2869 sunt
940 2832 1083 2870 voces
1106 2818 1159 2868 in
1192 2813 1424 2869 Ecclesia
1458 2813 1688 2867 Romana
1711 2812 1771 2865 ab
1808 2813 1933 2879 ipsis
1974 2813 2094 2865 reli-

516 2909 681 2978 gionis
711 2917 896 2961 nostra:
915 2907 1075 2959 initiis
1096 2906 1296 2959 usitata:
1317 2905 1565 2975 peculiari
1590 2904 1809 2970 quodam
1831 2903 2094 2955 intervallo

518 2998 801 3065 brevitatis,
855 3008 943 3051 aut
987 2996 1353 3069 longitudinis,
1399 2996 1497 3047 sive
1541 3010 1603 3048 ex
1637 2992 1851 3061 erco,
1893 2996 1995 3048 sive
2033 3009 2096 3047 ex

516 3090 777 3144 Hebraico
806 3090 1045 3143 idiomate
1067 3104 1335 3155 conversae,
1360 3104 1487 3157 quas
1511 3087 1601 3139 viri
1622 3087 1757 3139 docti
1771 3090 1893 3155 jure
1914 3087 2092 3139 eadem

2188 1904 2244 1957 in
2292 1903 2719 1974 antepenultima,
2772 1902 2905 1970 quod
2950 1904 3021 1955 ita
3054 1912 3163 1955 tum
3209 1905 3615 1973 pronuntiarent.
3669 1905 3746 1960 Di-

2190 2009 2398 2049 versam
2456 1996 2583 2048 olim
2650 1994 2813 2049 fuisse
2876 1996 3139 2049 rationem
3197 1995 3575 2064 pronuntiandi
3607 2040 3621 2064 ,
3668 2011 3748 2049 va-

2192 2085 2402 2155 riasque
2440 2086 2717 2140 doctorum
2764 2084 3044 2154 epiniones
3093 2100 3158 2139 ex
3193 2084 3533 2153 Quintiliano
3576 2086 3662 2140 lib.
3710 2102 3745 2153 ι,

2192 2192 2311 2247 cap.
2343 2177 2397 2246 5,
2432 2178 2728 2233 discimus:
2766 2179 2833 2233 Ut
2858 2180 3075 2245 Atreus,
3101 2195 3264 2248 quem
3310 2161 3454 2233 nobis
3492 2179 3747 2234 viventibus

2193 2270 2473 2323 doctissimi
2517 2285 2657 2325 senes
2687 2279 2839 2323 acuta
2882 2271 3043 2337 prima
3091 2270 3257 2324 dicere
3292 2271 3539 2337 solebant,
3588 2282 3639 2324 ut
3679 2286 3752 2325 ne-

2193 2364 2408 2413 cessario
2429 2363 2649 2415 secunda
2677 2363 2845 2431 gravis
2885 2370 3031 2415 esset.
3058 2361 3134 2414 Ac
3172 2376 3358 2417 revera
3402 2362 3613 2417 Plautus
3651 2376 3749 2417 non

2193 2451 2363 2506 solum
2390 2453 2656 2523 dactylum
2680 2453 2804 2507 facit
2831 2451 3186 2518 Phazdromus,
3211 2454 3361 2523 cujus
3380 2470 3410 2506 o
3436 2464 3516 2507 est
3536 2470 3565 2506 ο
3584 2467 3751 2523 mega,

2194 2545 2286 2599 sed
2336 2545 2496 2599 etiam
2539 2546 2884 2614 penultimam
2920 2544 3238 2616 eorripitin
3288 2544 3583 2617 Philippus,
3628 2547 3749 2615 quia

2195 2636 2478 2705 utrobique
2504 2636 2690 2691 Graece
2719 2636 2994 2703 scribitur,
3028 2647 3081 2692 et
3112 2638 3474 2708 pronuntiatur
3500 2653 3619 2693 cum
3659 2652 3745 2711 ac;

2196 2736 2356 2780 centu
2397 2726 2451 2780 in
2488 2727 2928 2796 antepenultima.
2957 2727 3047 2783 Sic
3076 2742 3141 2783 ex
3162 2744 3261 2783 usu
3282 2729 3493 2783 brevem
3526 2728 3749 2796 penulti-

2197 2833 2337 2873 mam
2362 2818 2674 2885 proferimus
2695 2819 2747 2873 in
2763 2820 3067 2889 antiphona,
3088 2820 3334 2889 quamvis
3359 2837 3387 2873 o
3410 2820 3621 2889 longum
3647 2821 3747 2885 sit;

2196 2921 2247 2963 et
2275 2909 2471 2974 ltalice,
2503 2908 2741 2975 Otranto,
2773 2908 3018 2975 Tarento,
3047 2910 3331 2980 Hispanice
3349 2926 3477 2965 vero
3498 2909 3754 2965 Fromesta

2196 3001 2445 3067 dicimus,
2478 3010 2703 3055 accentu
2735 3000 2787 3055 in
2819 3003 3235 3071 antepenultima
3261 3004 3536 3058 collocato.
3564 3001 3638 3055 Ex
3661 3001 3756 3055 bac

2201 3094 2380 3161 regula
2432 3092 2613 3161 plures
2670 3090 3025 3147 defenduntur
3075 3093 3293 3163 syllabm
3350 3094 3401 3147 in
3454 3092 3755 3155 Prudentio,

518 3187 794 3252 quantitate
822 3184 1164 3253 proferebant,
1199 3198 1301 3235 non
1332 3181 1399 3233 ad
1430 3181 1696 3249 originem,
1735 3180 1821 3231 sed
1860 3179 1926 3232 ad
1966 3196 2087 3232 con-
2117 3154 2164 3217 Ο
2199 3200 2415 3249 ereutus,
2444 3184 2722 3253 phrenesis,
2755 3184 2969 3249 idolum,
3003 3186 3188 3253 poesis,
3235 3185 3493 3249 mathesis,
3536 3182 3757 3239 secunda

518 3277 833 3329 suetudinem
858 3276 1191 3339 attendentes,
1224 3271 1411 3339 pepulo
1443 3287 1589 3323 usum
1618 3271 1971 3334 concedentes,
1997 3271 2092 3323 sibi

519 3366 781 3419 scientiam
826 3373 1158 3418 reservantes.
1215 3361 1553 3431 Ludewigius
1585 3362 1826 3416 Vossium
1872 3363 1964 3417 lib.
2013 3380 2087 3428 tv,

521 3466 658 3525 part.
686 3459 721 3508 2
762 3457 933 3511 lnstit.
965 3465 1191 3519 orator.,
1232 3470 1353 3523 cap.
1384 3458 1436 3520 l,
1469 3455 1495 3524 ᾗ
1523 3457 1580 3520 5,
1605 3465 1838 3519 secutus,
1864 3455 1933 3510 de
1961 3456 2092 3510 Pru-

520 3549 703 3605 deutio
736 3550 803 3603 ita
835 3549 906 3602 ait
938 3566 950 3601 :
983 3546 1231 3602 Caeterum
1256 3562 1396 3601 voces
1438 3548 1491 3601 in
1522 3547 1760 3600 diviniori
1790 3559 1916 3601 caztu
1943 3547 2090 3602 Chri-

520 3643 803 3695 stianorum
862 3641 1012 3711 181
1054 3640 1316 3705 inventas,
1370 3640 1505 3710 quod
1546 3640 1787 3710 receperit
1835 3649 2002 3695 noster
2044 3651 2092 3695 et

521 3730 827 3793 adhibuerit,
851 3729 1060 3801 culpare
1084 3729 1205 3783 velle
1227 3731 1501 3785 absurdum
1524 3740 1617 3784 est.
1655 3730 1798 3785 idem
1821 3733 2088 3801 observat,

521 3831 706 3891 poetas
729 3821 1060 3877 Christianos
1088 3823 1249 3877 verba
1277 3824 1515 3886 ecclesia,
1548 3824 1870 3893 mysterium,
1902 3828 2091 3895 psalte-

521 3913 683 3978 rium,
734 3923 787 3967 et
833 3912 964 3967 alias
1014 3914 1066 3967 in
1116 3914 1353 3969 Ecclesia
1397 3914 1635 3969 Romana
1678 3926 1919 3983 receptas
1960 3917 2094 3973 adeo

594 4122 668 4191 (a)
698 4122 776 4175 Ex
811 4120 979 4191 tribus
1021 4119 1285 4191 indicibus
1322 4120 1645 4188 syllabarum
1682 4135 1813 4188 quas
1844 4120 2088 4175 licentius

523 4190 680 4248 solito
702 4192 895 4245 dicitur
924 4190 1239 4245 Prudentius
1264 4190 1577 4256 produxisse
1614 4200 1703 4243 aut
1740 4191 2087 4259 corripuisse,

522 4280 551 4317 a
580 4260 962 4325 Chamillardo,
993 4260 1223 4316 Cellario
1251 4268 1305 4313 et
1332 4259 1525 4330 Teolio
1543 4260 1821 4323 confectis,
1850 4261 2089 4330 quaedam

524 4333 776 4387 voeabula
819 4345 1120 4398 excerpam,
1174 4331 1225 4383 in
1275 4330 1466 4398 quibus
1515 4329 1567 4383 hi
1618 4329 1877 4384 auctores
1908 4341 2092 4383 contra

524 4417 834 4457 communes
882 4409 937 4455 et
982 4400 1317 4470 pervulgatas
1359 4399 1577 4470 regulas;
1606 4401 1737 4453 artis
1768 4402 1988 4467 poeticae
2017 4402 2094 4453 vi-

524 4475 717 4527 dentur
739 4468 1005 4539 judicare.
1053 4468 1442 4524 Chamillardus
1462 4478 1525 4539 _et
1553 4468 1768 4523 Teolius
1799 4477 2016 4530 notant.
2062 4486 2091 4524 a

522 4537 815 4599 Prudentia
855 4542 1077 4609 primam
1108 4540 1328 4609 produci
1370 4540 1422 4591 in
1452 4537 1611 4591 Duita
1667 4540 1717 4593 in
1750 4539 1957 4608 praefat.
1992 4541 2094 4593 lla-

525 4623 681 4668 mart.
712 4607 986 4667 versf37:
1032 4607 1223 4677 Docet,
1267 4607 1447 4663 Duitas
1484 4607 1772 4677 discrepare
1814 4628 1843 4661 a
1888 4611 2088 4678 spiritu.

531 4685 689 4739 Vides
731 4697 939 4737 versum
984 4684 1285 4743 senarium,
1330 4680 1418 4733 ubi
1462 4683 1766 4734 necessario
1807 4680 2093 4747 corripitur

527 4756 696 4817 prima
724 4754 775 4806 in
802 4753 1005 4807 Duitas.
1034 4751 1293 4807 Cellarius
1319 4751 1604 4803 secundam
1634 4750 1684 4803 in
1709 4752 1878 4819 magia
1908 4765 1937 4802 a
1963 4751 2094 4804 Pru-

526 4825 708 4878 dentio
741 4822 955 4890 produci
983 4819 1354 4877 animadvertit
1379 4835 1518 4874 vers.
1548 4820 1617 4875 89
1645 4820 1735 4874 lib.
1769 4837 1785 4874 ι
1819 4821 1869 4874 iu
1900 4820 2047 4890 Sym.
2075 4836 2088 4874 :

528 4889 747 4948 Necnon
769 4892 1044 4947 Thessalia:
1070 4893 1388 4946 doctissimus
1423 4889 1507 4943 ille
1545 4892 1745 4959 magia}.
1798 4891 1910 4944 Non
1939 4891 2093 4946 video

525 4974 701 5019 autem
743 4979 838 5018 cur
876 4964 1070 5019 debeat
1111 4962 1346 5030 corripi;
1398 4976 1517 5032 nam
1557 4960 1743 5016 Graece
1772 4971 1855 5015 est
1882 4967 2088 5032 μαγεὶα,

526 5049 698 5101 neque
746 5035 901 5087 aliam
952 5036 1295 5103 quantitatem
1334 5031 1492 5103 vulgo
1520 5031 1758 5103 indicant
1806 5031 2092 5103 scriptores

527 5103 807 5168 prosodiae.
862 5101 1003 5158 ldetit
1031 5102 1293 5158 Cellarius
1340 5102 1391 5155 in
1436 5116 1591 5155 suum
1620 5102 1847 5156 indicem
1877 5101 2094 5168 coniicit

526 5174 677 5225 homo
710 5172 873 5235 prima
905 5175 1190 5239 producta,
1239 5188 1300 5225 ex
1337 5173 1534 5241 hymno
1556 5172 1589 5225 5
1623 5170 1919 5239 Peristeph.
1949 5186 2090 5225 vers.

526 5244 648 5297 157.
698 5241 772 5294 ita
801 5243 939 5294 enim
972 5244 1061 5295 ille
1092 5244 1216 5311 legit
1244 5260 1254 5293 :
1294 5242 1382 5295 Est
1424 5244 1552 5295 alter
1583 5242 1733 5294 homo
1763 5243 2087 5294 intrinsecus.

524 5313 631 5367 Sed
663 5327 782 5366 cum
817 5311 961 5365 solus
990 5311 1154 5365 Aldus
1185 5316 1254 5365 ita
1296 5312 1435 5365 hunc
1462 5327 1672 5366 versum
1704 5312 1957 5376 ediderit,
1991 5326 2094 5364 ca:-

526 5385 620 5437 teri
651 5382 778 5438 editi
806 5391 860 5436 ct
885 5396 1038 5450 mss.,
1071 5379 1163 5434 Est
1190 5384 1337 5445 alter,
1360 5394 1431 5434 cst
1457 5382 1789 5447 intrinsecus;
1820 5381 2095 5435 Fabricius

524 5469 675 5517 vero,
711 5454 876 5506 Homo
907 5454 1036 5507 alter
1062 5462 1133 5506 est
1163 5453 1485 5517 intrinsecus,
1530 5453 1708 5519 inepte
1738 5454 1877 5506 illam
1908 5452 2093 5505 lectio-

524 5540 647 5576 nem
679 5526 939 5591 praetulit,
984 5524 1125 5577 nulla
1160 5520 1393 5575 adhibita
1426 5522 1651 5577 ratione.
1702 5522 1969 5577 Prmterea
2000 5536 2095 5575 cur

524 5592 579 5661 in
611 5593 835 5646 iambico
861 5594 1088 5648 dimetro
1124 5591 1358 5649 secundo
1396 5594 1513 5647 loco
1551 5606 1655 5646 non
1689 5592 1972 5661 recipiatur
2004 5593 2096 5645 tri-

519 5659 753 5733 brachys
774 5663 807 5733 ?7
845 5664 935 5718 Sic
971 5664 1216 5733 Horatius
1244 5663 1280 5717 2
1323 5662 1505 5731 epod.,
1547 5663 1731 5717 Videre
1771 5659 2095 5733 prOperantcs

525 5730 752 5785 demum.
801 5732 856 5787 ln
887 5730 1157 5788 Prudentii
1186 5748 1343 5787 versu
1362 5730 1369 5731 7
1388 5730 1513 5798 illo,
1554 5732 1647 5786 Est
1677 5734 1807 5787 alter
1837 5730 1987 5786 homo
2015 5732 2093 5785 in-

2204 3286 2447 3344 correpta
2475 3293 2490 3338 ;
2515 3284 2700 3330 contra
2733 3276 2983 3344 produxit
3022 3277 3041 3329 i
3081 3277 3133 3330 in
3178 3275 3379 3344 sophia,
3424 3277 3546 3344 quia
3583 3276 3757 3331 erce

2197 3368 2423 3430 acuitur,
2456 3377 2509 3421 ut
2530 3382 2669 3421 nunc
2689 3367 2874 3423 eadem
2898 3364 3120 3433 ratione,
3144 3377 3199 3423 et
3217 3369 3285 3422 ob
3305 3367 3755 3429 consuetudinem,

2200 3457 2347 3510 multi
2376 3455 2655 3525 proferunt
2681 3458 2891 3526 longam
2915 3457 3202 3513 seCuudam
3232 3458 3285 3512 in
3329 3460 3579 3521 Andreas,
3629 3455 3761 3512 Mat-

2200 3550 2353 3616 thias,
2387 3550 2524 3604 idea.

2267 3642 2392 3699 289.
2418 3645 2651 3701 Tertiam
2681 3646 2920 3715 regulam
2948 3653 3143 3699 statuo.
3170 3642 3224 3696 Μ
3231 3644 3340 3697 ulta
3363 3655 3480 3698 sunt
3501 3659 3620 3713 qua:
3641 3642 3767 3695 Ρω-

2200 3739 2360 3792 dentii
2400 3739 2715 3806 aliorumque
2760 3736 3033 3805 wqualium
3066 3736 3363 3788 auctoritate
3412 3734 3626 3803 defendi
3661 3749 3769 3801 pos—

2204 3839 2342 3896 sunt,
2375 3837 2481 3881 tum
2511 3829 2732 3881 maxime
2755 3843 2871 3880 cum
2891 3828 3239 3897 antiquiorum
3265 3826 3498 3895 exempla
3533 3826 3615 3879 vel
3649 3840 3772 3895 prte-

2204 3931 2348 3992 cepta
2371 3920 2628 3974 contraria
2674 3935 2776 3973 non
2822 3918 3044 3974 obstant.
3094 3919 3248 3989 Saepe
3288 3918 3614 3974 Prudentius
3651 3934 3680 3972 e
3719 3916 3771 3972 in

2198 4122 2441 4175 trinsecus
2473 4121 2647 4174 hiatus
2674 4131 2819 4176 esset
2860 4119 3255 4180 admittendus.
3299 4118 3386 4184 qui
3425 4133 3605 4186 neque
3643 4118 3774 4171 Pru-

2197 4192 2399 4256 dentio,
2434 4206 2605 4256 neque
2632 4190 2751 4245 aliis
2782 4191 3028 4245 insolitus
3052 4198 3153 4244 est.
3202 4188 3417 4243 Teolius
3443 4204 3475 4241 e
3504 4204 3608 4241 sua
3635 4202 3777 4257 penu

2198 4263 2367 4316 solum
2400 4262 2565 4323 addit,
2595 4262 2784 4315 excitus
2812 4260 3042 4314 secunda
3077 4259 3245 4323 brevi,
3274 4259 3471 4328 hymno
3492 4259 3525 4311 ’5
3550 4258 3778 4328 Perist.,

2198 4347 2337 4386 vers.
2361 4332 2428 4386 96
2452 4350 2463 4383 :
2500 4330 2704 4384 Talibus
2736 4334 2923 4385 excitus
2953 4331 3004 4383 in
3030 4332 3207 4399 furias,
3232 4339 3284 4382 et
3305 4326 3596 4399 noverimus
3623 4326 3779 4383 tertia

2120 4424 2173 4484 Β
2200 4402 2451 4483 producta
2482 4404 2532 4455 in
2569 4401 2719 4484 prtef.
2754 4401 2973 4484 Psycb.,
3004 4398 3147 4484 vers.
3179 4400 3252 4484 58‘
3271 4416 3283 4452 :
3320 4398 3555 4484 Possint,
3613 4400 3783 4484 ﬁgura

2199 4468 2485 4525 noverimus
2512 4472 2745 4540 mystica.
2790 4468 2859 4525 Αἰ
2900 4471 2968 4525 de
2995 4472 3187 4524 excitus
3221 4469 3414 4523 docent
3442 4468 3787 4540 grammatici

2200 4556 2356 4611 posse
2385 4556 2503 4597 esse
2526 4538 2615 4611 vel
2644 4542 2711 4595 ab
2738 4542 2904 4607 excio,
2949 4551 3003 4595 et
3041 4550 3301 4611 tumiesse
3331 4538 3629 4611 secundam
3667 4540 3784 4593 lon-

2195 4610 2314 4682 gam
2339 4631 2351 4677 ;
2378 4613 2459 4666 vel
2488 4610 2557 4664 ab
2583 4612 2774 4675 excieo,
2805 4621 2859 4664 et
2877 4620 2985 4664 tum
3016 4626 3135 4665 esse
3162 4610 3373 4664 brevem
3386 4628 3415 4682 _:
3445 4610 3575 4663 hinc
3596 4611 3782 4682 excito,

2197 4679 2404 4736 Excitas.
2448 4682 2519 4735 lta
2548 4682 2708 4735 etiam
2738 4682 2956 4750 percitus
2987 4690 3042 4735 et
3070 4682 3316 4733 concitus.
3386 4679 3460 4733 De
3486 4681 3785 4733 noverimus

2198 4753 2405 4807 luerent
2442 4753 2612 4805 adhuc
2653 4752 2925 4806 memorire
2951 4750 3199 4805 versiculi
3232 4750 3379 4804 Artis
3408 4750 3788 4820 grammatica:

2197 4824 2281 4878 Jo.
2306 4822 2559 4877 Ludovici
2589 4822 2654 4876 de
2682 4822 2729 4875 la
2742 4821 2912 4877 Cerda
2940 4821 3040 4876 sub
3067 4820 3428 4876 Nebrissensis
3456 4823 3715 4877 nomine:

2382 4977 2439 5040 lii
2477 4970 2768 5040 conjunctivi
2785 5039 2791 5040 ί
2806 4977 2988 5037 poterit
3011 4978 3199 5025 variare
3224 4978 3405 5038 poesis,

2379 5039 2551 5089 Orator
2569 5039 2744 5101 patria
2766 5039 2960 5088 doctum
2984 5050 3048 5086 ne
3069 5040 3311 5100 spreverit
3332 5050 3493 5087 usum.

2200 5168 2273 5220 Ac
2303 5181 2488 5220 revera
2515 5164 2750 5233 plerique
2771 5164 2988 5233 Hispani
3017 5165 3068 5217 in
3096 5162 3338 5217 oratione
3366 5163 3536 5216 soluta
3570 5179 3629 5219 BI
3660 5164 3793 5219 sub-

2194 5236 2419 5306 junctivi
2443 5235 2761 5306 producunt.
2790 5234 3039 5306 Nonnulli
3063 5243 3271 5306 veteres
3293 5234 3634 5306 grammatici
3660 5251 3793 5289 cou-

2199 5303 2465 5367 seutiuut,
2515 5304 2860 5373 penultimam
2889 5304 3207 5371 subjuuctivi
3243 5303 3382 5357 modi
3427 5305 3479 5356 in
3521 5319 3690 5357 alnus
3734 5316 3792 5361 et

2199 5392 2335 5434 nms
2366 5390 2485 5430 esse
2515 5377 2721 5443 longam
2750 5393 2761 5425 :
2801 5374 3041 5427 Vossium
3072 5375 3231 5427 etiam
3274 5383 3328 5427 et
3370 5374 3792 5429 Emmanuclem

2201 5449 2424 5501 Alvarez
2458 5446 2508 5499 in
2538 5459 2655 5499 eam
2684 5446 3002 5497 sententiam
3033 5445 3285 5497 inclinare
3316 5443 3509 5497 alicubi
3545 5445 3680 5513 legi.
3729 5446 3794 5501 lli

2202 5526 2409 5581 putant,
2441 5517 2758 5571 necessitate
2789 5515 3003 5568 metrica
3038 5514 3235 5582 corripi
3266 5515 3621 5582 penultimam
3663 5516 3794 5569 sub-

2195 5587 2418 5656 junctivi
2447 5586 2588 5640 modi
2621 5586 2673 5639 in
2706 5600 2860 5656 mnus
2887 5594 2942 5656 et
2968 5600 3127 5638 nrrts.
3181 5583 3258 5637 Ad
3290 5584 3646 5638 Prudentium
3677 5588 3796 5640 vin-

2200 5655 2485 5711 dicandum
2511 5656 2744 5710 abundat
2774 5655 2888 5710 haec
2915 5655 3187 5716 defensio;
3230 5669 3402 5721 neque
3430 5656 3692 5723 exempla
3727 5656 3795 5712 ad

2180 5729 2414 5797 regulas
2440 5726 2828 5783 conﬁrmandas
2858 5734 2981 5779 sunt
3011 5724 3331 5781 necessaria.
