3970 6326
211 316 312 371 719

1587 316 1947 374 PROLEGOM
1955 319 2104 379 ENA.

3341 332 3447 389 730

211 429 478 484 imbecillus
503 430 783 501 corripuit.
812 429 922 486 Cur
950 431 1358 501 reprehenditur
1398 449 1427 488 a
1458 436 1645 491 Vossio
1675 428 1851 492 lib.'A
1876 436 2072 504 corripi
2111 442 2343 504 potuisse
2377 454 2410 491 u
2439 408 2663 506 primum
2713 439 2767 493 in
2817 438 3058 508 lugubre;
3102 441 3240 509 quod
3284 443 3443 499 etiam

204 543 237 579 ιι
267 526 527 589 Gramm.,
559 539 681 594 cap.
714 523 803 592 i7,
829 523 1193 583 Chamillardo
1214 529 1440 600 aliisque
1462 532 1485 590 ἲ
1504 531 1633 585 Nam
1664 533 1763 585 im-

200 616 429 670 becillum
472 615 734 671 formatur
770 631 802 671 a
848 618 1027 671 baculo
1073 634 1167 673 seu
1203 620 1419 687 bacillo,
1468 622 1619 691 quasi
1647 623 1765 677 sine

198 708 401 763 baculo.
435 708 647 774 Dicunt,
682 708 957 764 Horatium
991 718 1044 763 et
1076 710 1378 766 Lucretium
1425 712 1477 767 in
1508 712 1762 768 hexame-

200 798 288 853 tris
315 797 655 867 produxisse.
690 802 758 854 At
780 800 829 853 in
856 799 1178 855 hexametris
1200 804 1518 859 necessitate
1543 805 1763 859 metrica

196 890 370 943 debuit
400 889 647 958 produci.
693 889 874 958 Itaque
906 891 1225 958 Becmanus,
1268 893 1336 949 de
1374 893 1577 963 Origin.
1632 896 1758 965 ling.

194 982 326 1043 Lat.,
357 981 522 1036 verbo
550 980 798 1049 Baculus,
829 982 1006 1047 potius
1045 992 1265 1038 accusat
1300 984 1599 1052 Horatium,
1621 986 1761 1056 quod

193 1073 489 1141 posthabita
528 1072 738 1141 origine
783 1072 1117 1139 produxerit,
1150 1074 1250 1127 nisi
1274 1089 1482 1129 excuses
1513 1092 1601 1143 per
1626 1077 1761 1147 ﬁgu-

190 1181 320 1229 ram,
350 1164 511 1233 qualis
540 1165 594 1217 in
640 1163 911 1232 relliquiis,
962 1164 1372 1234 exemplumque
1430 1167 1583 1237 182
1629 1166 1763 1222 Pru-

188 1259 349 1315 dentii
378 1269 434 1313 et
461 1260 501 1314 Ι.
532 1258 592 1313 C.
627 1258 906 1328 Scaligeri,
935 1261 1023 1328 qui
1054 1260 1449 1329 corripuerunt,
1490 1260 1755 1329 producit.

184 1352 237 1405 ln
268 1351 547 1404 involucris
572 1367 604 1403 u
635 1350 893 1418 corripuit
923 1350 1263 1405 Prudentius.
1318 1349 1426 1406 Cur
1464 1351 1755 1421 reprehen-

186 1443 319 1497 ditur
344 1443 367 1495 2
400 1442 569 1497 Aiunt
616 1455 736 1495 esse
775 1441 841 1495 ab
870 1442 1179 1509 involutum,
1208 1452 1263 1496 et
1289 1442 1630 1498 Prudentium
1661 1443 1758 1498 de-

185 1544 435 1604 ceptum,
482 1536 634 1603 quasi
655 1533 942 1602 iputaverit
986 1548 1105 1587 esse
1142 1548 1172 1587 a
1222 1534 1461 1588 volucris.
1521 1534 1659 1601 Quid
1708 1534 1753 1588 si

184 1623 455 1678 derivetur
486 1623 555 1676 ab
600 1623 801 1676 involvo
833 1662 848 1687 ,
898 1632 955 1675 ut
1006 1621 1251 1677 nonnulli
1287 1623 1647 1692 suspicantur,
1700 1630 1755 1677 ct

183 1716 389 1770 dicatur
419 1712 743 1768 involucrum
776 1713 925 1783 quasi
954 1714 1318 1779 involvucrum,
1348 1714 1544 1769 extrito
1564 1731 1591 1767 v
1619 1729 1752 1769 con-

1871 527 2129 594 corripuit
2167 530 2224 580 S.
2260 527 2522 583 Damasus
2552 531 2605 584 in
2632 531 2873 613 versibus
2902 530 2967 583 de
3000 529 3057 585 S.
3089 532 3292 599 Aguete
3322 549 3335 585 :

1933 661 2075 730 [fama
2093 669 2247 712 relert
2264 671 2455 730 sanctos
2471 666 2650 714 dudum
2686 668 2883 716 ﬂevisse
2906 676 3137 730 parentes

1928 722 2119 783 Agnen,
2146 738 2256 773 cum
2278 726 2515 788 lugubres
2538 736 2706 776 cantus
2730 730 2844 777 tuba
2867 722 3234 793 concrepuisset
3259 730 3349 793 (ὁ).

1870 845 1984 900 lluc
2014 845 2129 901 fere
2158 848 2399 902 revocari
2435 859 2658 917 possunt
2691 851 2741 904 in
2772 848 3061 907 Prudentio
3090 851 3303 922 propola
3332 852 3440 921 pri~

1866 955 1947 992 ma
1980 940 2235 1009 producta
2267 941 2407 1012 (quae
2453 958 2554 997 vox
2602 945 2755 998 ahest
2792 945 2859 998 ab
2900 944 3160 1000 iudicibus
3198 944 3439 999 Chamil-

1864 1031 2018 1097 lardi,
2048 1041 2097 1086 et
2122 1032 2381 1102 Cellarii),
2407 1034 2634 1101 berillus,
2665 1036 3077 1101 calceamentum,
3099 1037 3199 1101 cui,
3225 1036 3438 1107 pugilla-

1862 1124 1955 1187 ris,
1989 1125 2181 1190 [rustra
2204 1142 2235 1179 a
2262 1126 2431 1194 brevi,
2457 1128 2650 1196 dispar,
2681 1145 2862 1200 ganeo,
2906 1130 3095 1199 impar,
3151 1129 3434 1199 Pyreneus,

1863 1215 2142 1283 delibutus,
2190 1220 2573 1291 smaragdinus,
2616 1220 2890 1286 charisma,
2938 1222 3224 1290 redimitus,
3269 1237 3433 1291 quan-

1860 1322 2019 1376 quam
2053 1310 2102 1363 in
2126 1311 2393 1365 redimitus
2420 1326 2541 1366 cum
2568 1313 2760 1381 saepius
2789 1315 2807 1366 i
2839 1314 3063 1383 primum
3093 1313 3429 1382 corripuerit,

1860 1398 2024 1452 semel
2054 1407 2256 1454 tantum
2289 1403 2442 1472 183
2466 1402 2797 1471 produxerit,
2832 1403 2884 1457 in
2916 1403 3074 1458 codd.
3104 1418 3199 1473 pro
3225 1419 3431 1457 corona~

1862 1499 1944 1542 tus
1974 1489 2250 1560 irrepsisse
2291 1493 2558 1547 redimitus
2583 1537 2596 1561 ,
2643 1492 2783 1548 haud
2834 1494 2965 1548 levis
2990 1504 3073 1548 est
3099 1494 3429 1563 conjectura.

1866 1579 1921 1632 hi
1954 1580 2162 1635 berillus
2206 1598 2233 1635 e
2281 1583 2540 1651 corripuit
2582 1586 2742 1639 etiam
2771 1585 3064 1640 Venantius
3109 1584 3431 1640 Fortunatus

1857 1670 1949 1726 lib.
1985 1687 2042 1727 Ill
2067 1673 2199 1727 Vitze
2228 1674 2284 1729 S.
2320 1676 2529 1729 Martini
2565 1694 2577 1726 :

182 1814 406 1859 sonante
448 1805 564 1875 (a)?
604 1804 675 1857 At
720 1804 1038 1858 involucrum
1067 1804 1266 1860 dictum
1310 1807 1376 1859 ab
1414 1806 1612 1859 involvo
1641 1806 1751 1861 sive

1916 1784 2034 1842 Quae
2057 1785 2179 1846 palla
2206 1798 2265 1836 ex
2285 1787 2504 1837 humeris
2526 1790 2679 1838 mixto
2703 1789 3027 1852 Chrysoprase
3045 1787 3232 1839 berillis

180 1896 476 1950 involvendo
489 1895 802 1964 comprobat
828 1896 908 1949 lso
934 1898 985 1949 in
1008 1896 1203 1965 glossis
1223 1896 1289 1950 ad
1311 1912 1452 1951 vers.
1472 1898 1540 1951 36
1568 1897 1752 1967 hymni

180 1989 207 2043 5
232 1986 418 2054 Catli.,
453 1985 538 2040 Ne
575 1995 805 2040 sanctum
836 1987 1106 2040 involucris
1140 1988 1387 2057 pollueret
1417 1990 1604 2041 locum.
1638 1987 1752 2042 Cal-

180 2078 451 2131 ceamentis
472 2094 505 2130 a
528 2077 791 2131 volvendo.
818 2076 941 2131 time
961 2078 1109 2145 origo
1130 2078 1342 2148 quidem
1365 2080 1494 2133 mihi
1518 2094 1623 2134 non
1648 2081 1752 2149 pla-

182 2178 256 2223 cet
288 2186 302 2221 :
351 2169 447 2223 sed
490 2167 820 2223 consuetudo
857 2179 1098 2223 veterum
1128 2180 1272 2225 certa
1295 2180 1492 2237 est,‘ut
1514 2172 1753 2241 corripe-

177 2270 288 2315 rent
316 2263 485 2314 etiam
515 2262 867 2324 simulacrum,
907 2261 1186 2325 lavacrum,
1214 2262 1356 2332 quod
1386 2277 1454 2316 ex
1487 2262 1753 2330 Prospero

176 2356 492 2425 Aquitanica
531 2354 762 2425 aliisque
791 2356 979 2410 incerti
1011 2356 1247 2410 auctoris
1274 2356 1517 2410 versibus
1562 2354 1751 2410 Fabri-

177 2446 288 2500 cius
318 2446 575 2501 observat
604 2447 656 2500 in
687 2446 794 2500 ind.
828 2456 969 2516 poet.
1002 2447 1201 2501 Christ.
1232 2447 1311 2502 Cl.
1341 2447 1558 2502 Teolius
1589 2457 1749 2501 testa-

178 2546 275 2605 tur,
309 2538 449 2607 apud
486 2539 547 2593 S.
580 2538 900 2608 Prosperum
930 2554 1095 2596 carm.
1124 2539 1192 2594 de
1222 2540 1441 2610 ingratis
1470 2553 1753 2595 occurrere

177 2631 451 2685 involucris
478 2632 773 2702 penultima
799 2643 1043 2701 correpta
1077 2648 1091 2687 :
1134 2631 1284 2686 locus
1324 2631 1452 2685 mihi
1491 2630 1752 2701 quaerenti

176 2736 274 2777 non
297 2721 563 2776 occurrit.
592 2721 652 2775 ln
676 2730 813 2776 vett.
842 2722 996 2777 codd.
1030 2723 1240 2791 reperio
1271 2724 1528 2791 scriptum
1557 2723 1754 2775 involu-

176 2818 269 2885 cla,
306 2815 465 2891 quasi
495 2815 564 2869 ab
609 2816 975 2870 inveluculum.
1012 2816 1260 2871 Notatum
1289 2816 1357 2870 ab
1389 2815 1509 2870 aliis
1535 2830 1637 2870 non
1666 2815 1749 2869 in-

174 2908 354 2973 venio,
388 2906 739 2961 Prudentium
769 2907 1094 2974 corripuisse
1120 2923 1154 2959 u
1195 2908 1424 2973 primum
1465 2907 1517 2960 in
1550 2906 1753 2975 lugubri

172 3015 312 3056 vers.
340 3000 410 3055 79
443 2999 629 3069 hymni
648 2998 714 3053 9:
746 2997 841 3053 Sol
867 3000 1071 3071 refugit,
1094 3009 1141 3051 et
1167 2997 1365 3068 lugubri
1386 2997 1626 3051 sordidus
1651 2997 1756 3066 [er—

172 3093 373 3162 rugine.
427 3090 630 3144 Contra
684 3098 810 3144 sunt
835 3073 1155 3159 optimorum
1190 3100 1464 3158 poetarum
1487 3090 1751 3159 exempla,

1860 1886 1932 1940 Ita
1964 1886 2099 1957 lego.
2128 1889 2227 1943 Alii
2256 1890 2425 1954 male,
2478 1892 2634 1944 mixto
2672 1890 3048 1961 Chrysopraso,
3101 1889 3189 1947 vel
3235 1878 3432 1945 Claruso

1869 1982 2236 2050 prasoberillis.

1926 2073 2050 2127 210.
2104 2071 2303 2138 Quarta
2350 2083 2433 2128 est
2487 2075 2690 2144 regula.
2758 2073 2825 2128 In
2879 2074 3166 2128 nominibus
3210 2074 3429 2143 propriis

1856 2181 2041 2235 magna
2071 2164 2166 2233 {uit
2192 2174 2414 2219 veterum
2443 2176 2705 2236 poetarum
2729 2165 2957 2231 licentia,
3006 2167 3112 2219 sive
3156 2167 3275 2233 quia
3304 2180 3432 2232 quo-

1865 2257 2101 2311 rumdam
2128 2265 2236 2309 erat
2264 2258 2457 2326 Opinio,
2500 2273 2794 2311 communes
2841 2274 3013 2311 eorum
3054 2274 3162 2312 esse
3208 2256 3431 2327 syllabas

1854 2350 1956 2402 sive
1984 2348 2204 2402 aliorum
2227 2348 2457 2418 exemplo
2480 2363 2498 2400 :
2533 2350 2693 2402 multo
2730 2364 2846 2401 vero
2866 2349 3028 2418 magis
3059 2349 3113 2401 in
3151 2348 3432 2401 nominibus

1853 2454 1967 2508 qua:
1994 2456 2025 2491 a
2054 2439 2285 2509 gentibus
2311 2440 2497 2493 exteris
2554 2448 2599 2492 et
2657 2439 2885 2493 barbaris
2931 2440 3263 2509 accipiebant.
3324 2439 3431 2493 Huc

1858 2532 2124 2597 pertinent
2148 2530 2473 2602 Allophylus,
2498 2530 2856 2598 Lacwdemon,
2880 2531 3431 2602 Pyreneus,Cyaneus,

1856 2624 2127 2693 Sardinia,
2185 2626 2534 2695 Asclepiades,
2579 2624 2909 2687 Hadrianus,
2940 2624 3140 2689 Arrius,
3178 2618 3430 2686 Marcion,

1857 2716 2187 2780 Marcionita,
2215 2715 2381 2779 Iesus,
2414 2726 2468 2771 et
2492 2716 2596 2770 alia
2630 2716 2851 2771 Hebraea
2880 2758 2893 2782 ,
2928 2729 3228 2784 quanquam
3255 2729 3317 2767 cx
3352 2712 3430 2765 his

1855 2809 2003 2877 plura
2051 2817 2273 2875 possunt
2311 2808 2416 2860 alia
2449 2818 2495 2860 et
2522 2808 2723 2860 meliori
2762 2808 2963 2861 ratione
2984 2805 3214 2869 defendi,
3241 2814 3296 2858 ut
3327 2802 3431 2857 Ha-

1856 2901 2100 2963 drianus,
2135 2899 2466 2967 Marcionita,
2505 2898 2644 2953 Iesus
2681 2886 2773 2967 per
2803 2887 3113 2968 synaeresin.
3147 2898 3273 2952 Scio
3299 2911 3431 2951 non-

1857 2992 2034 3046 nullos
2063 3002 2248 3060 poetas
2272 2992 2484 3045 veniam
2524 2991 2753 3060 praefari,
2806 3005 2926 3045 cum
2955 2989 3170 3044 nomina
3216 2989 3428 3058 propria

1862 3084 2110 3149 ell'erunt,
2144 3094 2327 3137 contra
2357 3100 2516 3154 quam
2552 3085 2804 3139 usitatum
2828 3082 3150 3153 syllabarum
3179 3081 3429 3137 interval-

174 3195 219 3238 et
246 3186 304 3238 in
339 3183 500 3254 lugeo
529 3200 565 3235 ιι
596 3191 678 3236 est
718 3182 953 3251 longum.
992 3180 1346 3237 Nihilominus
1373 3197 1495 3236 cum
1525 3182 1757 3252 syllaba-
1784 3167 1831 3231 C
1866 3178 1972 3231 lum
1994 3177 2214 3243 exigere
2235 3176 2478 3230 videatur
2508 3178 2603 3246 (ε).

174 3292 288 3332 rum
313 3273 677 3344 quarumdam
702 3272 852 3327 varia
872 3273 1047 3336 fuerit,
1070 3282 1123 3328 et
1143 3274 1443 3329 communis
1465 3274 1751 3343 quantitas,

175 3376 225 3422 et
241 3380 390 3436 saepe
412 3364 657 3419 derivata
686 3362 956 3417 declinent
984 3377 1012 3416 a
1041 3378 1135 3417 sua
1162 3363 1389 3432 origine,
1436 3378 1541 3417 non
1572 3364 1751 3417 statim

176 3456 378 3513 erroris
406 3454 714 3526 arguendus
735 3464 818 3509 est
848 3454 1183 3521 Prudentius,
1211 3455 1304 3510 sed
1333 3456 1413 3511 vel
1435 3456 1550 3526 ejus
1572 3472 1756 3512 exem-

177 3550 257 3619 plo
280 3548 501 3605 delendi
534 3547 748 3617 poterit,
797 3547 979 3601 saltem
1022 3563 1080 3602 eo
1112 3558 1335 3619 tempore
1376 3566 1475 3618 quo
1521 3551 1745 3621 scripsit,

243 3775 322 3842 (ιι)
361 3772 652 3827 Ricciolius
689 3772 742 3825 in
776 3770 1007 3842 Syllabis
1052 3769 1415 3842 controversis
1453 3770 1523 3842 ita
1559 3769 1746 3842 defen-

186 3840 261 3897 dit
300 3844 651 3898 Prudentium
691 3860 704 3896 :
756 3840 857 3905 Qui
894 3850 1071 3908 putant
1112 3842 1324 3910 formari
1364 3840 1426 3895 ab
1462 3840 1746 3894 involutum

180 3924 464 3967 succensent
514 3912 800 3967 Prudentia
842 3913 1169 3975 penultimam
1213 3911 1535 3979 corripienti;
1578 3913 1667 3964 sed
1702 3911 1747 3963 si

180 3986 555 4054 quamprimum
596 3985 808 4053 formari
838 3992 998 4054 potest
1024 3982 1101 4054 ab
1151 3982 1370 4041 involvo,
1421 3989 1474 4033 ut
1516 3998 1547 4034 a
1588 3982 1746 4045 mola,

179 4052 479 4118 molocrum,
506 4063 555 4107 et
586 4052 615 4105 a
644 4052 843 4120 pollue,
869 4052 1180 4121 pollubrum,
1213 4068 1313 4104 non
1339 4062 1413 4103 est
1438 4067 1634 4121 necesse
1657 4055 1747 4104 de-

180 4126 328 4177 rivari
358 4128 422 4178 ab
453 4127 759 4178 involutum.
795 4120 971 4188 Neque
998 4131 1100 4174 tam
1127 4137 1391 4191 perperam
1425 4120 1486 4174 de
1512 4120 1745 4175 Prudenv

180 4196 245 4248 lio
268 4196 687 4260 existimaverim,
735 4206 788 4246 ut
839 4204 1008 4262 putem
1031 4192 1367 4245 similitudine
1394 4193 1653 4258 deceptum
1687 4191 1750 4244 ab

180 4267 446 4333 adjective,
474 4265 770 4327 involucris,
803 4264 940 4333 quod
967 4262 1218 4332 signiﬁcat
1246 4262 1447 4315 tardum
1478 4277 1496 4315 :
1527 4263 1628 4315 imo
1655 4280 1751 4329 po-

181 4332 280 4387 tius
310 4336 422 4386 hinc
448 4338 558 4405 ejus
586 4332 873 4405 opinionem
901 4332 1227 4405 ﬁrtitavarint,
1252 4333 1297 4405 si
1326 4332 1633 4405 involucrem
1664 4332 1748 4385 di-

182 4415 318 4456 ctum
343 4403 561 4474 suspicer
583 4403 641 4458 eo
666 4406 800 4474 quod
830 4404 1139 4456 involucrent
1170 4403 1371 4466 reddat,
1405 4418 1553 4460 quem
1587 4404 1749 4455 invol-

181 4475 317 4527 rerit.
350 4473 456 4529 Sed
475 4475 581 4528 hcc
605 4491 742 4528 mera
765 4473 985 4543 suspicio
1015 4484 1143 4527 esto.

250 4546 323 4615 (b)
349 4546 405 4599 lu
437 4546 589 4614 palus
618 4559 739 4600 esse
768 4562 801 4596 u
841 4544 1057 4612 longum
1090 4544 1249 4615 etiam
1277 4543 1745 4615 grammaticorum

183 4614 408 4671 veterum
439 4616 640 4684 regulae
674 4615 908 4677 tradunt,
938 4628 1079 4667 nunc
1106 4614 1226 4681 quia
1251 4614 1459 4684 scimus
1496 4614 1622 4667 illud
1651 4630 1747 4683 po-

186 4685 326 4741 situm
354 4682 522 4742 breve
544 4687 613 4741 ab
639 4685 855 4740 Horatio
886 4686 938 4739 in
962 4688 1091 4739 Arte
1122 4682 1348 4752 poetica,

269 4798 410 4862 Regis
432 4786 560 4862 ορυέ
582 4798 825 4849 sterilisve
850 4799 929 4846 diu
957 4799 1109 4860 palus,
1139 4805 1351 4861 aptaque
1376 4800 1541 4859 remis,

190 4918 457 4960 commune
484 4918 609 4957 esse
640 4901 910 4971 prosodiae
942 4910 1188 4956 auctores
1218 4904 1435 4959 docent.
1469 4905 1575 4959 Fac
1626 4922 1749 4972 per-

188 4974 305 5041 iisse
335 4978 484 5029 illum
510 4972 714 5028 Horatii
753 4987 963 5027 versum
984 4990 995 5023 :
1016 4972 1366 5028 damnaretur
1394 4975 1746 5043 Prudentius,

187 5044 347 5111 ejusve
377 5047 639 5115 aequales,
697 5044 787 5110 qui
828 5058 889 5097 ea
934 5042 1136 5115 syllaba
1174 5045 1321 5097 brevi
1360 5045 1443 5098 usi
1492 5042 1743 5112 fuissent,

186 5120 408 5182 quamvis
447 5113 808 5169 'Horatianum
858 5128 1071 5166 versum
1121 5113 1220 5182 ipsi
1273 5115 1553 5171 vidissent.
1605 5118 1745 5182 Quot

188 5190 401 5240 carmina
450 5186 792 5254 antiquorum
845 5193 1119 5255 poetarum
1170 5185 1360 5255 legerit
1405 5184 1748 5253 Prudentius,

188 5270 295 5322 qua
320 5258 473 5310 nobis
506 5265 719 5322 tempus
749 5254 971 5309 invidit!

214 5394 227 5403 ο
254 5326 315 5395 (c)
346 5326 655 5403 Ut_0vidius
685 5327 779 5380 lib.
814 5340 864 5403 tv
891 5323 957 5377 de
986 5324 1176 5393 Ponto,
1210 5326 1377 5396 elegia
1410 5327 1497 5392 12,
1522 5332 1608 5396 qui
1632 5328 1741 5381 Τα-

188 5397 390 5467 tironum
420 5400 474 5452 in
505 5410 728 5451 versum
747 5397 931 5451 venire
952 5410 1110 5464 posse
1140 5406 1319 5467 negat,
1344 5407 1397 5452 ct
1419 5407 1598 5453 tamen
1626 5414 1747 5454 eum

189 5464 357 5521 ludens
381 5469 462 5524 bis
496 5467 705 5523 inducit
740 5484 755 5521 :

246 5576 299 5627 Et
316 5581 501 5643 pudeat,
519 5583 561 5630 si
586 5587 637 5631 te
652 5592 755 5643 Aqua
777 5580 957 5641 syllaba
992 5588 1131 5642 parte
1150 5583 1384 5643 moratur,

265 5700 277 5708 ο
296 5641 478 5693 Arctius
501 5641 774 5704 appellem,
811 5641 1202 5708 luticanumque
1227 5641 1411 5708 vocent.

242 5699 331 5767 Kef.
353 5714 492 5764 Vates
515 5699 580 5767 ἤι’
598 5699 1031 5767 versum'l‘uticani
1056 5699 1190 5767 more
1216 5706 1407 5767 venire,

295 5764 397 5814 Fiat
420 5772 474 5815 ut
496 5779 526 5816 e
552 5764 695 5828 longa
720 5764 900 5815 svllaba
927 5767 1081 5814 orima
1098 5766 1280 5817 brevis.

1772 4472 1827 4531 D

1935 3266 2059 3322 2H.
2088 3267 2203 3321 Non
2235 3267 2420 3321 dubito
2449 3268 2576 3337 quin
2608 3276 2778 3335 poetas
2825 3267 3138 3336 plerumque
3188 3264 3428 3331 luserint,

1860 3360 1985 3414 dum
2038 3359 2411 3415 difﬁcultatem
2464 3360 2694 3415 nominis
2743 3359 2943 3430 proprii
2983 3358 3350 3425 enuntiabant,
3379 3364 3430 3412 ut

1860 3450 2109 3505 Horatius
2128 3450 2289 3504 satira
2323 3450 2357 3504 5
2385 3468 2397 3502 :
2800 3454 2814 3466 ‘

1919 3561 2134 3611 Mansuri
2157 3563 2406 3625 oppidulo.
2430 3564 2559 3622 quod
2588 3576 2732 3613 versu
2753 3564 2924 3614 dicere
2946 3576 3042 3613 non
3062 3569 3156 3624 est,

1864 3806 1869 3811 ι
1918 3774 2015 3836 Au_t
2038 3780 2090 3822 ut
2111 3774 2311 3823 ducatur
2328 3813 2340 3834 ,
2365 3788 2474 3836 quas
2498 3786 2623 3825 nunc
2645 3776 2915 3836 correptius
2940 3776 3062 3835 exit,

1976 3834 2036 3883 Et
2056 3835 2120 3883 sit
2145 3842 2366 3895 [arrecta
2385 3834 2531 3897 "longa
2549 3834 2765 3886 secunda
2787 3834 2933 3885 mora.

1915 3894 2115 3960 llisego
2134 3894 2174 3944 si
2199 3899 2324 3945 vitiis
2347 3894 2499 3960 ausim
2524 3910 2837 3960 corrumpere
2862 3910 3059 3958 nomen,

1982 3956 2161 4005 Ridear
2187 3966 2237 4006 et
2254 3959 2429 4006 merito
2447 3967 2619 4020 pectus
2643 3956 2827 4009 habere
2852 3972 3029 4021 neger.

1856 4061 1923 4116 Et
1951 4062 2204 4119 Martialis
2232 4065 2283 4117 in
2315 4064 2532 4119 nomine
2559 4064 2786 4119 Earinus
2814 4081 2826 4116 :

2102 4175 2289 4224 Nomen
2315 4174 2498 4232 nobile,
2525 4175 2687 4234 molle,
2713 4176 2973 4226 delicatum
3020 4178 3029 4189 '

2101 4237 2257 4285 Versu
2283 4237 2449 4286 dicere
2475 4250 2570 4287 non
2595 4237 2701 4286 rudi
2732 4236 2970 4286 volebam.

2101 4298 2199 4362 Sed
2226 4306 2276 4347 tu
2300 4299 2480 4359 syllaba
2503 4306 2757 4348 contumax
2784 4312 3060 4362 repugnas;

2103 4359 2438 4423 Dicuntustm
2458 4369 2616 4411 tamen
2643 4359 2855 4422 poetae,’
2911 4359 2929 4362 “
2982 4398 2987 4403 ,

2098 4421 2198 4484 S_ed
2233 4420 2409 4480 Gnaei,
2430 4424 2604 4483 quibus
2627 4420 2705 4473 est
2730 4424 2847 4473 nihil
2872 4430 3118 4484 negatum,

2106 4482 2308 4547 Ettiuos
2326 4492 2426 4547 sm,
2444 4482 2527 4547 ἔρις
2552 4485 2698 4534 decet
2718 4498 2911 4534 sonare.

2099 4543 2252 4595 Nobis
2275 4543 2367 4594 non
2390 4543 2508 4607 licet
2528 4558 2638 4595 esse
2664 4554 2758 4595 tam
2782 4547 2998 4607 disertis,

2101 4606 2192 4665 Qui
2212 4620 2373 4655 musas
2393 4605 2591 4656 colimus
2614 4610 2907 4657 severiores.

1856 4730 2103 4784 Barthius
2155 4730 2245 4783 lib.
2287 4744 2409 4792 vni,
2455 4744 2572 4798 cap.
2615 4729 2713 4789 18,
2770 4729 3039 4785 levitatem
3084 4738 3342 4797 poeticam
3374 4733 3424 4789 in

1857 4800 2096 4870 Martiale
2126 4798 2526 4865 animadvertit,
2552 4799 2641 4867 qui
2669 4800 2762 4853 lib.
2793 4817 2808 4853 ι
2841 4799 3248 4870 epigramJOi.
3273 4801 3426 4870 (mihi

1858 4869 2005 4938 105),
2039 4869 2121 4920 cui
2145 4884 2238 4936 per
2268 4871 2398 4921 duas
2426 4870 2616 4923 breves
2638 4868 2953 4935 protulit,’et
2976 4868 3217 4924 eamdem
3243 4868 3427 4928 vocem

1856 4938 2280 5017 monosyllabam
2313 4940 2512 5006 posuit,
2542 4954 2662 5017 cum
2696 4940 2746 5017 i_u
2768 4940 2986 5017 _Gra-_cis
3012 4938 3284 5017 alihiﬁps;
3308 4939 3429 5017 ἄρες

1856 5008 2237 5077 reprehendat,
2270 5024 2438 5077 seque
2461 5024 2580 5063 cum
2616 5009 2813 5061 Latinis
2836 5009 2946 5062 suis
2983 5008 3281 5066 severiores
3308 5008 3425 5066 niu-

1857 5094 1943 5134 sas
1972 5080 2149 5151 colere
2182 5089 2437 5151 autumet.
2486 5078 2592 5132 Sed
2620 5078 2773 5151 valde
2810 5077 3101 5151 dispar-West
3149 5082 3430 5151 utrobique

1855 5152 1991 5222 ratio
2022 5168 2033 5200 :
2066 5150 2209 5203 aliud
2245 5149 2396 5222 enim
2418 5158 2499 5203 est
2533 5163 2563 5201 e
2602 5148 2807 5222 duabus
2836 5149 3107 5222 vocalibus
3137 5148 3428 5222 synmresin

1855 5220 2097 5283 efﬁcere,
2118 5228 2210 5273 aut
2231 5218 2615 5287 diphthongum
2641 5218 2751 5272 sive
2771 5218 3093 5275 ordinariam
3119 5218 3230 5277 sive
3251 5232 3429 5276 extra-

1857 5291 2183 5344 ordinariam
2212 5288 2502 5361 dissolvere
2518 5307 2531 5353 ;
2546 5289 2687 5361 aliud
2707 5290 2933 5343 eamdem
2954 5293 3158 5345 omnino
3182 5294 3429 5361 syllabam

1857 5362 2015 5415 modo
2042 5361 2334 5428 corripere,
2362 5358 2521 5413 modo
2542 5359 2859 5431 producere.
2887 5362 3007 5415 Alio
3029 5358 3272 5431 exemplo
3298 5362 3430 5417 Mar-

1853 5432 1999 5485 tialis
2017 5441 2199 5498 posset
2222 5430 2420 5485 revinci
2452 5448 2466 5483 :
2495 5444 2625 5483 nam-
2639 5429 2812 5484 Latini
2847 5446 3039 5485 nomen
3071 5429 3271 5496 Mariis,
3291 5431 3430 5485 Gra-

1857 5503 2027 5566 divus,
2054 5502 2227 5555 solent
2250 5517 2280 5552 a
2299 5500 2411 5554 sive
2432 5500 2608 5572 brevi,
2632 5503 2743 5555 sive
2772 5501 2923 5572 longa
2951 5500 3163 5572 etl'erre.
3189 5504 3261 5556 uti
3283 5504 3429 5572 plura

1854 5572 1953 5626 alia
1982 5572 2227 5641 propria:
2252 5581 2399 5626 recte
2430 5570 2587 5639 igitur
2607 5570 2921 5639 procederet
2948 5571 3036 5627 hic
3062 5586 3281 5628 versus:

1914 5710 2112 5818 gemam
2137 5716 2333 5771 pomum
2358 5708 2640 5770 Gradivum,
2666 5708 2769 5758 sive
2794 5708 3057 5759 Gradivum

1960 5784 2119 5818 icere.

1960 5784 2093 5823 icere
2110 5812 2119 5820 .
