3970 6326
487 327 579 387 751

1891 313 2347 371 PRUDENTIUS.

3635 314 3745 369 733

488 440 625 511 quod
652 482 668 505 ,
700 442 743 494 si
772 440 1034 505 libuisset,
1059 439 1144 495 vel
1176 402 1532 504 licentia,.vel
1581 432 1905 489 necessitate
1950 445 2064 485 me-
2092 431 2149 490 Δ
2173 430 2448 484 intervallo
2489 430 2768 483 brevitatis
2814 429 2895 484 vel
2949 428 3302 496 longitudinis
3360 428 3571 482 Hebr-iui
3621 443 3754 484 suas

495 535 624 589 trica
654 533 975 587 inuasisset.
1006 531 1273 586 Ausonius
1301 529 1458 598 epist.
1480 526 1552 582 20
1576 526 1644 579 ad
1679 524 1961 579 Paulinum
1984 522 2065 577 sic

491 622 680 689 incipit
713 639 724 671 :

544 709 746 759 Paulino
768 710 1010 759 Ausonius
1032 722 1044 759 :
1090 715 1299 757 metrum
1320 708 1392 756 sic
1411 707 1581 765 suasit,
1604 708 1661 753 ut
1686 715 1825 754 esses

605 770 676 819 Tu
704 775 848 832 prior,
869 778 919 820 et
943 784 1119 819 nomen
1144 768 1515 832 praegrederere
1540 777 1723 815 meum.

500 874 552 927 at
582 882 790 942 poterat
820 882 1045 928 metrum
1090 852 1403 935 consistere,
1431 869 1677 938 quamvis
1731 868 1877 936 prior
1921 873 2065 921 esset

490 960 760 1031 Paulinus,
796 963 841 1016 si
869 963 973 1017 alio
1001 963 1159 1017 modo
1179 977 1363 1017 versus
1399 961 1720 1014 formaretur
1745 957 1844 1029 (a).
1875 958 2069 1011 Noster

492 1068 706 1123 quoque
738 1052 1057 1108 Prudentius
1090 1051 1288 1121 pariter
1317 1060 1544 1105 metrum
1583 1046 1740 1118 184.
1773 1061 2068 1116 repugnare

493 1147 652 1210 dixit,
686 1162 753 1199 ne
778 1146 1172 1201 Saturninorum
1201 1158 1395 1198 nomen
1424 1140 1694 1211 Sapphico
1721 1138 1958 1194 carmine
1988 1138 2071 1191 in-

490 1237 818 1301 cluderetur,
868 1221 1011 1292 vei's.‘
1056 1236 1181 1300 161,
1232 1234 1430 1305 hymno
1478 1234 1510 1286 4
1554 1231 1788 1287 Perist.:
1834 1231 2070 1296 Quatuor

494 1332 725 1400 posthinc
755 1339 985 1397 superest
1014 1330 1238 1383 virorum
1263 1327 1464 1381 Nomen
1486 1324 1688 1389 extolli,
1712 1333 1952 1377 renuente
1970 1338 2072 1376 me-

498 1432 599 1489 tro,
632 1422 771 1486 Quos
800 1422 1107 1476 Saturninos
1133 1429 1376 1474 memorat
1431 1428 1636 1473 vocatos
1677 1416 1860 1469 Prisca
1907 1425 2072 1468 vetus-

497 1524 573 1566 tas
598 1512 694 1583 (b).
758 1513 868 1568 Hoc
912 1516 1081 1580 ipsum
1116 1520 1297 1567 tamen
1326 1512 1394 1563 ob
1432 1509 1664 1578 aliquam
1699 1507 2069 1587 difﬁcultatem

496 1601 563 1655 ab
589 1616 654 1657 eo
682 1601 881 1655 dictum
914 1602 1172 1670 intelligo,
1208 1615 1315 1653 non
1360 1599 1499 1668 quod
1548 1613 1732 1653 versus
1774 1596 2074 1666 Sapphicus

497 1696 597 1750 hoc
631 1695 791 1749 modo
823 1696 1086 1765 compingi
1120 1709 1225 1747 non
1255 1702 1433 1761 posset
1466 1705 1479 1745 :
1512 1690 1645 1744 Inde
1676 1691 1947 1746 Saturnini
1985 1688 2074 1741 ob-

2170 536 2327 578 voces
2357 520 2836 590 pronuntiaverint,
2870 529 2960 575 aut
2998 536 3064 576 ex
3112 521 3526 577 Massoretarum
3576 522 3754 576 disci-

2170 614 2307 682 plina
2337 613 2550 669 tradunt
2572 628 2690 669 esse
2714 629 2853 668 nunc
2875 613 3314 680 pronuntiandas,
3342 615 3379 669 ii
3407 615 3535 669 mihi
3561 616 3755 671 vidcu-

2170 714 2256 760 tur
2280 706 2454 759 oleum
2505 717 2558 760 et
2604 720 2819 773 operam
2871 698 3119 773 perdere,
3153 720 3220 759 ne
3250 705 3424 767 dicam
3450 706 3749 772 judaizare.

2170 796 2269 861 Qui
2296 796 2339 848 si
2362 795 2491 850 mihi
2514 795 2878 864 persuaserint
2900 796 3152 864 denique,
3181 797 3487 864 Opinionem
3512 797 3581 859 Β,
3602 798 3756 867 Moy-

2160 887 2245 942 sis
2275 886 2449 954 potius
2478 900 2638 954 quam
2679 886 2742 940 R.
2796 885 3100 942 Salomonis
3139 888 3424 942 tenendam
3469 902 3627 953 esse;
3657 905 3755 943 vo-

2171 992 2285 1033 cem
2312 978 2540 1047 aliquam
2578 978 2738 1033 scribi
2771 993 2867 1046 per
2901 977 3075 1045 chutef
3101 977 3304 1045 patacli,
3330 978 3539 1032 scilicet
3567 996 3599 1031 a
3629 980 3757 1033 bre-

2172 1070 2483 1131 vissimum;
2512 1077 2605 1123 aut
2632 1068 2951 1136 per'patach,
2984 1066 3124 1136 quod
3151 1076 3234 1123 est
3253 1084 3285 1121 a
3311 1067 3502 1133 breve;
3536 1077 3629 1122 aut
3657 1084 3759 1136 per

2172 1159 2382 1221 Itametz,
2408 1174 2598 1227 nempe
2624 1175 2656 1211 a
2686 1161 2934 1227 longum;
2967 1158 3227 1226 originem
3258 1160 3426 1227 magis
3468 1158 3758 1215 Hehrmattt

2173 1265 2332 1319 quam
2376 1250 2655 1304 Arahicam
2712 1258 2804 1305 aut
2841 1250 3111 1317 Syriacam
3153 1248 3535 1309 attendendant
3582 1264 3708 1305 esse
3742 1269 3758 1303 :

2174 1356 2315 1407 cum,
2350 1342 2589 1409 inquam,
2619 1342 2669 1394 id
2698 1341 3049 1403 obtinuerint.
3093 1349 3201 1396 tum
3246 1340 3385 1395 bona
3412 1355 3595 1397 eorum
3622 1357 3762 1410 pace

2175 1434 2535 1503 respondebo,
2586 1435 2745 1488 malle
2791 1449 2876 1489 me
2931 1434 3080 1503 sequi
3129 1433 3464 1499 Tertulliani,
3507 1433 3756 1499 iuvenci,

2178 1524 2473 1589 Prudentii,
2499 1524 2702 1583 Paulini
2740 1526 2894 1595 185
2916 1524 3250 1591 aliorumque
3275 1532 3514 1579 veterum
3538 1525 3759 1581 Patrum

2178 1620 2521 1681 sententiam,
2553 1618 2642 1687 qui
2680 1618 2761 1670 sui
2809 1617 2989 1672 saeculi
3039 1626 3091 1670 et
3147 1617 3339 1685 linguis
3390 1632 3594 1672 morem
3645 1634 3761 1677 non

2178 1709 2510 1788 ignorantes,
2543 1716 2633 1761 aut
2662 1708 3103 1762 consuetudinem
3139 1707 3482 1764 Hebraeorum
3512 1711 3759 1765 scierunt

497 1796 620 1841 eunt
648 1788 809 1841 securi
841 1786 1076 1852 Quatuor
1096 1802 1226 1848 una,
1251 1793 1342 1837 aut
1372 1782 1481 1836 alio
1508 1782 1693 1837 simili.
1728 1780 2073 1837 Prudentium
2104 1801 2154 1861 Β
2182 1810 2234 1855 ει
2265 1784 2734 1869 comempsemm,
2777 1808 2870 1854 θυι
2921 1815 2988 1854 ne
3036 1811 3290 1855 ευητυηι
3333 1802 3547 1870 quidem
3594 1803 3759 1869 scire.

498 1875 731 1932 imitatus
763 1889 843 1932 εει
872 1875 1127 1939 Sidonius
1157 1874 1251 1933 lib.
1283 1891 1357 1939 ix,
1390 1874 1546 1941 epist.
1573 1872 1675 1928 i6;

740 1986 855 2035 Post
877 1984 1184 2034 Saturninum
1204 1984 1312 2032 volo
1335 1985 1518 2046 plectra
1542 1988 1824 2041 cantent...,

746 2048 970 2109 Singulos
990 2060 1110 2108 quos
1132 2060 1257 2096 nunc
1280 2048 1355 2109 pia
1381 2046 1693 2109 nuncupatim

740 2107 855 2157 Non
873 2107 1033 2158 valent
1060 2121 1204 2156 versu
1232 2108 1465 2155 cohibere
1485 2107 1653 2167 verba,

741 2171 875 2229 Quos
896 2178 1057 2219 tamen
1082 2169 1270 2218 chordae
1297 2173 1552 2228 nequeunt
1570 2179 1768 2228 sonare,

991 2230 1140 2278 Corda
1164 2230 1422 2279 sonabunt.

499 2332 654 2390 Plura
687 2333 930 2400 exempla
957 2333 1154 2389 similia
1174 2332 1329 2387 alTert
1349 2332 1694 2397 Sirmondus,
1721 2346 1839 2400 pag.
1878 2332 1997 2396 105,
2020 2333 2075 2389 in

500 2426 640 2480 notis
680 2426 747 2481 ad
784 2424 1080 2485 Sidonium.
1129 2425 1183 2479 In
1223 2423 1463 2486 Sedulio,
1511 2427 1766 2488 Aratore,
1816 2425 2078 2480 Venantio

505 2514 821 2581 Fortunato,
854 2514 1145 2575 Prudentio
1165 2514 1375 2583 reperio
1405 2514 1659 2579 scriptum
1684 2530 1832 2569 more
1860 2516 2074 2583 Latino,

502 2607 703 2671 Arrius,
750 2610 982 2662 secunda
1010 2616 1275 2675 correpta.
1303 2606 1411 2667 Cur
1438 2606 1487 2660 id
1516 2607 1803 2662 damnem?
1852 2606 1958 2663 Cur
1980 2622 2077 2677 po-

503 2702 606 2755 tius
636 2714 973 2755 communem
1002 2701 1071 2755 ita
1103 2699 1353 2769 loquendi
1385 2701 1823 2759 consuetudinem
1858 2717 1962 2755 non
2005 2702 2080 2757 la-

501 2790 655 2845 tear?
684 2788 973 2847 Christiani
1001 2802 1171 2857 poetae
1202 2791 1392 2860 majori
1421 2791 1635 2847 licentia
1662 2806 1818 2861 quam
1849 2800 2076 2859 veteres,

503 2884 717 2937 nomina
766 2883 977 2951 propria
1024 2882 1244 2952 syllabis
1287 2883 1659 2938 communibus
1710 2898 1807 2952 pro
1857 2883 2080 2943 arbitrio

502 2973 937 3043 pronuntiabant,
972 2972 1006 3035 ii
1036 2988 1165 3039 verp
1203 2975 1434 3029 maxime
1464 2974 1755 3043 quilerrea
1793 2984 1952 3029 :etate
1984 2976 2066 3032 vel

506 3075 624 3135 post
650 3080 767 3122 eam
792 3065 1117 3125 scribebant.
1168 3066 1493 3125 Fortunatus
1520 3066 1613 3120 lib.
1641 3084 1759 3131 vni,
1792 3083 1960 3123 carm.
1993 3070 2026 3124 ι
2061 3085 2074 3121 :

562 3178 663 3227 Has
689 3150 819 3230 inter
842 3181 1047 3228 comites
1070 3180 1327 3241 conjuncta
1347 3178 1542 3228 Cesaris
1567 3178 1740 3242 fulget.

502 3282 618 3347 Quo
666 3297 824 3336 versu
872 3282 1043 3335 relato
1072 3284 1146 3335 ait
1192 3282 1441 3336 Barthius
1496 3283 1590 3336 lib.
1649 3298 1767 3338 vat
1829 3285 2075 3350 Advers.,

503 3388 621 3439 rap.
652 3374 687 3425 ὅ
713 3391 725 3424 :
758 3372 1041 3426 Hominum
1063 3374 1389 3442 prapriorum
1422 3390 1546 3426 cura
1573 3376 1821 3443 exigenda
1864 3394 1967 3429 non
2009 3388 2082 3431 est

503 3479 533 3514 a
561 3464 699 3529 poesi
747 3462 901 3533 hujus
951 3464 1191 3515 auctoris.
1252 3462 1436 3532 Itaque
1479 3464 1816 3536 concludam,
1851 3466 2081 3534 optimos

504 3568 738 3623 quosque
764 3561 947 3622 poetas
970 3562 1116 3607 certe
1154 3553 1383 3621 quadam
1410 3554 1623 3610 licentia
1666 3570 1791 3610 usos
1826 3556 1997 3611 fuisse
2024 3557 2079 3611 in

506 3646 775 3699 variandis
819 3644 1040 3715 syllabis
1091 3646 1363 3699 nominum
1416 3647 1775 3715 propriorum,
1823 3648 1917 3701 sed
1960 3664 2077 3702 cum

505 3736 866 3792 moderatione
897 3747 951 3797 et
977 3738 1321 3807 verecundia,
1363 3738 1505 3810 quod
1545 3740 1737 3795 attinet
1772 3740 1837 3797 ad
1867 3743 2078 3797 nomina

505 3829 687 3887 Latina
720 3840 773 3885 et
799 3816 984 3886 Graeca
1018 3848 1031 3884 :
1073 3845 1195 3884 nam
1227 3832 1314 3886 oui
1342 3831 1648 3901 diligentius
1685 3844 1933 3903 quaerunt
1972 3850 2079 3905 quo

576 4001 651 4071 (a)
682 3999 951 4068 Colligunt
1001 4001 1124 4072 hinc
1162 4002 1426 4069 nonnulli,
1474 4017 1675 4057 morem
1722 4013 1847 4057 tunc
1888 4004 2073 4072 fuisse,

506 4077 567 4122 ut
599 4084 792 4122 nomen
825 4071 954 4142 eius
972 4071 1037 4123 ad
1079 4086 1253 4142 quem
1286 4072 1405 4125 data
1451 4084 1594 4125 esset
1635 4074 1882 4139 epistola,
1935 4071 2082 4142 post-

508 4147 819 4210 poneretur.
852 4137 956 4210 Sed
976 4155 1093 4210 ego
1124 4140 1178 4195 in
1209 4141 1449 4208 ejusdem
1478 4137 1683 4196 Paulini
1717 4137 1955 4210 epistolis
1985 4160 2083 4198 sa:-

510 4209 630 4275 pius
659 4220 839 4260 contra
872 4209 986 4262 fieri
1014 4209 1189 4271 video,
1220 4212 1435 4264 διενειιο
1468 4220 1660 4266 rsum
1692 4209 1971 4267 Pssumus.

583 4279 659 4351 (ρ)
684 4278 765 4351 Ian
795 4278 1018 4351 putavit,
1051 4279 1264 4333 nomina
1295 4279 1704 4351 Saturninorum
1762 4286 1976 4351 propria
2011 4297 2085 4339 ta-

510 4348 623 4401 ceri
651 4364 664 4397 :
696 4347 831 4423 Nam
857 4348 1075 4423 barbara
1106 4352 1314 4402 nomina
1338 4350 1671 4423 erant._ldco
1694 4347 1774 4423 gini
1815 4347 1970 4407 metro
2005 4372 2090 4423 po-

511 4433 627 4470 nere
656 4417 906 4485 nequibat.
942 4418 1083 4470 ldem
1112 4433 1325 4487 quoque
1374 4418 1706 4473 Nebrissensi
1750 4422 1957 4475 visum:
1996 4417 2087 4479 lie-

513 4496 698 4540 nuente
716 4497 895 4558 metro,
925 4489 1047 4557 quia
1074 4490 1285 4558 syllabtv
1315 4491 1549 4556 quendam
1576 4488 1787 4542 illorum
1828 4495 2091 4548 nominum

512 4555 864 4629 repugnabant
895 4555 992 4626 legi
1023 4555 1257 4612 carminis
1284 4555 1549 4628 Sttpp/llCl.
1576 4560 1977 4615 Nelirissensem
2008 4578 2094 4619 se-

518 4638 673 4683 cutus
698 4638 780 4682 est
806 4629 1119 4683 Ambrosius
1152 4629 1398 4685 Mora'es.
1432 4644 1563 4697 quos
1589 4631 1778 4685 liiscus
1812 4633 1973 4697 probe
2008 4651 2093 4689 re-

514 4697 649 4755 fellit
677 4716 691 4752 :
718 4702 911 4758 etenim
942 4700 1112 4767 ipsum
1152 4716 1347 4755 nomw
1379 4699 1778 4755 Saturninorum
1805 4711 1976 4758 metro
2005 4703 2092 4758 in-

515 4768 654 4835 cludi
687 4785 793 4824 non
824 4784 979 4835 posse
1009 4770 1081 4824 ait
1110 4769 1448 4824 Prudentius.

598 4837 669 4910 (ο)
710 4840 1073 4911 Hispaniolus,
1114 4839 1205 4894 lib.
1247 4840 1313 4911 de
1354 4840 1609 4911 Licentiis
1634 4851 1868 4897 veterum
1915 4855 2097 4911 poeta-

521 4925 670 4976 rum,
702 4910 767 4965 de
798 4910 1053 4980 syttaaresi
1082 4911 1157 4965 ait
1190 4928 1202 4963 :
1239 4909 1352 4963 Tali
1374 4910 1578 4965 licentia
1609 4921 1822 4966 utuntur
1850 4909 2095 4979 etCra'ci,

519 4989 564 5032 et
593 4990 797 5035 vocatur
816 4982 953 5041 apud
984 4997 1064 5053 eos
1086 4981 1549 5053 synecplionesis...
1584 4984 1659 5035 vel
1686 4982 1813 5038 duas
1840 4985 2021 5053 longas
2043 4987 2098 5039 in

519 5066 674 5105 unam
702 5052 926 5124 longam,
971 5049 1043 5104 t-el
1078 5049 1268 5124 brevem
1314 5060 1359 5104 et
1391 5051 1597 5121 longam
1620 5054 1672 5106 in
1707 5070 1859 5106 unam
1892 5049 2098 5124 longam

518 5127 713 5175 vertunt
728 5137 744 5182 ;
767 5121 843 5173 rel
859 5122 988 5175 duas
1013 5123 1178 5175 breves
1196 5123 1246 5174 in
1276 5139 1430 5175 unam
1454 5124 1666 5187 brevem,
1688 5123 1762 5177 vel
1784 5126 1914 5177 duas
1931 5121 2098 5183 breves

519 5188 571 5242 in
597 5204 751 5240 unam
779 5188 1002 5257 longam.
1036 5191 1127 5246 Sic
1156 5192 1271 5245 dua:
1300 5192 1490 5247 breves
1520 5194 1569 5248 itt
1601 5195 1682 5247 cui
1712 5194 1763 5247 in
1788 5211 1944 5247 unam
1972 5196 2097 5249 bre-

522 5274 642 5333 vem
670 5259 805 5333 verti
836 5271 1089 5333 possunt;
1124 5264 1298 5316 brevis
1326 5273 1380 5317 et
1409 5263 1565 5333 longa
1600 5267 1650 5317 in
1684 5264 1830 5316 Iesus
1859 5265 1912 5318 in
1937 5280 2097 5318 unam

520 5330 754 5403 longam.
788 5327 841 5384 in
876 5327 1147 5403 Lucretio,
1180 5332 1274 5387 lib.
1309 5348 1382 5403 v1,
1428 5327 1543 5403 pag.
1575 5334 1701 5397 218,
1742 5333 1982 5389 Gil'anius
2022 5336 2099 5389 le-

516 5402 611 5473 git,
632 5400 806 5473 {anno
838 5416 899 5473 ne
929 5401 1095 5471 potius
1118 5401 1194 5456 his
1222 5400 1646 5473 orci‘regionibus
1668 5421 1792 5469 esse,
1840 5415 1898 5459 ut
1926 5407 2101 5473 potius

520 5458 987 5549 sit'dissyllabum,
1016 5480 1069 5526 et
1099 5472 1272 5531 brevis
1295 5458 1501 5528 ultima.
1536 5475 1689 5545 Apud
1722 5458 1957 5549 co'utico's
1983 5458 2102 5542 pas-

520 5542 616 5613 sim
647 5542 834 5613 similia
866 5550 1155 5613 occurrunt
1183 5559 1295 5604 sua,
1322 5551 1430 5610 tua,
1454 5542 1598 5613 mea,
1616 5545 1765 5613 quasi
1793 5562 1872 5613 sa,
1902 5558 1969 5610 ta,
1994 5562 2099 5598 nia.

522 5607 615 5661 His
637 5610 771 5661 adde
797 5611 949 5664 bobus
976 5621 1027 5665 et
1049 5613 1222 5676 subus,
1253 5628 1318 5667 ex
1351 5607 1553 5670 boribus
1573 5607 1867 5669 e‘t'suibusf
1886 5607 2101 5668 Nullum

523 5678 735 5752 guidem
767 5680 1069 5752 exemplum
1100 5684 1317 5752 invenio
1346 5684 1430 5738 ubi
1467 5688 1550 5739 cui
1580 5686 2006 5752 monosyllabum
2034 5686 2103 5738 sit

524 5738 722 5812 breve;
754 5748 849 5803 sed
884 5738 1065 5817 ﬁgura:
1096 5738 1260 5819 hujus
1289 5755 1498 5820 generis
1530 5738 1668 5811 rarae
1696 5738 1945 5824 annuet—
1966 5770 2102 5825 prsc-

2106 3163 2153 3227 C

2180 1907 2406 1961 quorum
2458 1893 2657 1947 imitari
2708 1892 2850 1946 malo
2897 1891 3278 1961 negligentiam
3333 1908 3494 1962 quam
3525 1894 3756 1949 istorum

2178 1985 2459 2038 obscuram
2481 1983 2829 2051 diligentiam.
3458 2052 3463 2057 ἠ

2250 2080 2375 2133 212.
2402 2078 2595 2143 Quinta
2614 2078 2815 2148 regula.
2847 2078 3051 2131 Errom
3081 2093 3183 2131 non
3203 2087 3320 2132 sunt
3342 2079 3595 2148 arguendi
3619 2077 3757 2133 Pru-

2180 2172 2380 2224 dentius
2401 2170 2587 2238 aliique
2610 2172 2805 2240 antiqui
2835 2182 2995 2239 poetic
3019 2170 3363 2236 ecclesiastici,
3392 2173 3528 2238 quod
3558 2174 3762 2227 licentia

2180 2266 2376 2332 poetica
2416 2265 2697 2329 interdum,
2740 2272 2789 2316 et
2839 2263 3018 2333 ﬁguris
3074 2264 3334 2339 syncresi,
3384 2265 3540 2329 crasi,
3584 2265 3763 2339 aliisue

2182 2357 2476 2429 Iiujusmodi
2504 2366 2736 2410 utantur.
2772 2355 2895 2409 Haec
2923 2369 3043 2408 cum
3070 2338 3346 2420 explorata
3389 2353 3459 2407 sit
3484 2338 3693 2423 regula,
3728 2371 3765 2411 θ

2179 2453 2421 2519 catalogo
2448 2464 2688 2504 errorum
2714 2449 3055 2502 metricorum
3085 2446 3353 2500 Prudentii
3374 2446 3611 2502 delenda:
3635 2460 3764 2503 sunt

2180 2546 2264 2599 ine
2290 2558 2451 2597 voces
2482 2560 2495 2595 :
2528 2544 2630 2607 cui,
2667 2541 3096 2611 monosyllabum
3131 2541 3320 2605 breve;
3342 2556 3521 2608 ganeo,
3550 2540 3765 2608 cujusa

2179 2647 2357 2709 potest
2385 2653 2505 2695 esse
2535 2638 2750 2704 longum
2773 2637 3029 2708 synieresi
3061 2636 3197 2690 facta
3225 2638 3278 2690 in
3306 2634 3503 2689 duabus
3527 2636 3761 2705 syllabis

2180 2732 2494 2801 postremis;
2544 2730 2816 2794 delibutus,
2868 2728 2955 2783 ubi
3000 2729 3020 2780 ἕ
3068 2729 3380 2782 necessitate
3429 2716 3647 2780 metrica
3702 2726 3764 2781 ιιι

2182 2828 2395 2895 longum
2424 2824 2686 2891 (utetiam
2716 2819 2960 2877 concedit
2998 2820 3288 2874 Ricciolius
3329 2818 3395 2871 de
3420 2817 3639 2891 Regulis
3668 2832 3764 2885 ge-

2182 2922 2447 2976 neralibus
2479 2916 2744 2985 prosodiae
2774 2922 2909 2983 part.
2932 2914 2987 2978 2,
3020 2927 3134 2979 reg.
3164 2911 3219 2979 9)
3242 2928 3258 2973 ;
3283 2909 3581 2979 margarita,
3618 2908 3763 2961 Iesus

2181 3016 2313 3070 eliso
2353 3029 2400 3077 e,
2454 3010 2777 3071 Hadrianus,
2831 3004 3161 3066 Marcionita,
3212 3003 3263 3054 ia
3313 3008 3369 3055 et
3412 3001 3461 3051 io
3506 3000 3763 3068 synaeresi

2184 3106 2340 3167 facta,
2385 3101 2548 3154 nami
2584 3099 2635 3152 in
2669 3096 2902 3149 Marcion
2933 3103 3013 3148 est
3056 3094 3289 3161 Iungunt.
3326 3089 3663 3159 Exstatapud
3688 3091 3761 3144 cl.

2185 3194 2592 3253 Giovenazzium
2621 3190 2992 3257 Christophori
3022 3188 3186 3241 Wasii
3222 3186 3495 3251 Senarius,
3543 3185 3655 3240 sive
3697 3187 3763 3240 de

2183 3292 2386 3360 legibus
2411 3296 2466 3341 et
2493 3285 2704 3340 licentia
2730 3294 2968 3338 veterum
2994 3292 3294 3352 poetarum,
3320 3282 3514 3336 Otonii
3542 3296 3573 3335 e
3593 3281 3763 3337 Thea-

2183 3390 2265 3433 tro
2305 3374 2885 3435 Sclteldonian01687,
2938 3374 3070 3427 liber
3116 3373 3169 3426 in
3221 3373 3416 3426 nostris
3464 3374 3765 3441 regionibus

2184 3484 2355 3535 rarus,
2384 3468 2470 3522 ubi
2501 3475 2687 3521 auctor
2712 3464 3099 3534 aliquantulum
3123 3465 3367 3527 obscure,
3400 3463 3496 3517 sed
3524 3463 3680 3515 docte
3698 3465 3765 3518 de

2186 3560 2368 3628 ﬁguris
2398 3564 2695 3626 poetarum,
2734 3556 2897 3617 hiatu,
2936 3554 3120 3619 ectasi,
3163 3553 3371 3608 dimresi
3401 3554 3624 3621 aliisque
3658 3554 3769 3608 dis~

2188 3652 2339 3713 serit,
2372 3665 2433 3703 ac
2462 3649 2622 3701 multa
2647 3647 2796 3701 affert
2819 3663 2945 3730 gnte
2975 3634 3264 3700 Pr‘udentio
3291 3648 3636 3711 conveniunt,
3666 3649 3765 3702 nisi

2189 3739 2331 3809 quod
2364 3740 2407 3795 is
2448 3754 2552 3794 non
2593 3746 2736 3791 tanta
2768 3736 2983 3791 licentia
3010 3735 3205 3789 abusus
3233 3744 3316 3789 est
3354 3746 3602 3802 quantam
3636 3737 3766 3789 anti-

2189 3836 2279 3905 qui
2326 3840 2520 3901 poetat,
2566 3829 2867 3898 praesertim
2919 3829 3129 3892 comici,
3176 3827 3277 3882 sibi
3318 3828 3637 3896 arrogabant
3671 3829 3765 3896 (c).

2185 4015 2331 4059 terea
2357 4004 2439 4056 cui
2458 4002 2651 4070 saepius
2671 4004 2902 4057 occurrit
2928 4003 2991 4057 iis
3015 4002 3144 4056 locis
3165 4002 3219 4057 in
3242 4003 3431 4072 quibus
3454 4015 3507 4058 et
3532 4005 3692 4060 breve
3716 4017 3769 4064 et

2187 4077 2403 4143 longum
2429 4088 2548 4127 esse
2578 4074 2767 4141 possit,
2822 4074 2946 4142 quin
2989 4073 3345 4141 intelligamus
3381 4075 3765 4142 qutidctermi-

2196 4142 2319 4198 nato
2353 4144 2631 4197 intervallo
2656 4152 2841 4197 auctor
2860 4144 3016 4196 fuerit
3048 4142 3532 4197 nsuerrcarmine
3553 4146 3609 4198 S.
3634 4148 3769 4199 Pan-

2194 4217 2287 4268 lini
2321 4214 2385 4267 ad
2419 4214 2724 4285 (lytlterittnt
2750 4213 2975 4267 libenter
2998 4214 3247 4279 legerem,
3274 4213 3485 4285 Centum
3501 4216 3772 4269 cuiCellas

2195 4301 2377 4337 nomen
2408 4284 2497 4347 est,
2529 4295 2585 4335 ut
2614 4300 2799 4336 versus
2823 4285 3078 4337 iambicus
3104 4284 3336 4337 set-unda
3357 4285 3483 4337 sede
3510 4288 3771 4354 reciperet

2198 4356 2457 4417 iambum,
2505 4356 2585 4405 cui
2638 4355 3002 4424 monosyllabo
3038 4354 3207 4424 brevi.
3258 4354 3403 4407 Nunc
3434 4356 3641 4422 legitur,
3678 4356 3771 4410 Cui

2122 4446 2176 4516 Β
2200 4423 2781 4516 Ccntuntceltl‘asnom'gn
2808 4423 2899 4491 est,
2933 4434 3110 4487 antea,
3155 4423 3257 4516 gui
3278 4424 3638 4516 Centumcet‘lis
3686 4444 3771 4480 no-

2202 4512 2313 4548 men
2342 4504 2452 4556 est;
2480 4494 2677 4547 Fronto
2710 4494 2929 4563 Duremus
2962 4494 3189 4547 correxit
3236 4508 3471 4548 errorem
3502 4496 3772 4550 inductum

2203 4579 2233 4618 a
2267 4565 2624 4634 typograpltis,
2667 4567 2750 4631 qui
2796 4580 2947 4617 usum
2985 4564 3128 4617 illius
3162 4564 3261 4616 arvi
3297 4566 3627 4631 ignorabant.
3675 4583 3773 4620 tto-

2201 4636 2342 4689 mina
2379 4634 2586 4687 urbium
2636 4634 3025 4687 indeclinabilia
3056 4634 3365 4695 enuntiandi
3395 4650 3773 4706 nonnunquam

2200 4720 2295 4772 per
2342 4714 2620 4771 quartum,
2673 4714 3065 4771 nonnunquam‘
3083 4720 3175 4773 per
3205 4714 3411 4759 sextum
3443 4720 3645 4768 casum,
3677 4707 3775 4760 Co-

2203 4775 2339 4827 lonia
2372 4773 2541 4839 Veios,
2588 4773 2789 4827 Fundis
2827 4775 3090 4843 eppidum.
3131 4775 3234 4831 Sed
3272 4775 3403 4829 nihil
3444 4778 3612 4831 ausim
3646 4778 3775 4831 deli-

2200 4846 2316 4897 nire
2345 4863 2355 4895 :
2392 4860 2511 4897 nam
2537 4846 2667 4909 scio,
2689 4845 2965 4897 Paulinum
2990 4852 3374 4911 nonnunquam
3400 4846 3517 4899 loco
3540 4850 3775 4902 secundo

2202 4914 2412 4968 iambici
2443 4914 2987 4981 dimetrispondirum
3032 4915 3342 4977 admisisse;
3393 4916 3533 4984 quod
3578 4917 3660 4970 bis
3700 4918 3778 4972 fe-

2200 4985 2339 5039 cisse
2366 4984 2661 5038 Ausonium
2692 4992 2841 5038 notat
2869 4986 3040 5039 Julius
3065 4986 3246 5039 Cmsar
3273 4985 3509 5053 Scaliger
3538 4987 3779 5044 Poetices

2202 5055 2294 5109 lib.
2319 5072 2393 5119 Vl,
2416 5070 2478 5109 ac
2509 5063 2694 5108 notare
2715 5066 2923 5124 peterat
2952 5056 3119 5108 multo
3151 5058 3348 5124 saepius
3371 5056 3421 5109 id
3450 5057 3517 5110 ab
3538 5059 3779 5114 Ausonio

2211 5126 2428 5178 factum.
2453 5125 2604 5197 Quod
2633 5126 2684 5179 in
2718 5123 2862 5179 Iesus
2891 5141 2956 5180 ex
2986 5142 3086 5177 una
3122 5128 3286 5188 brevi,
3338 5136 3393 5179 et
3424 5127 3589 5180 altera
3621 5128 3777 5197 longa

2202 5197 2486 5264 synazresis
2513 5196 2621 5257 fiat,
2652 5212 2756 5249 non
2787 5199 2953 5264 magis
2984 5205 3065 5250 est
3103 5198 3597 5264 reprehendendum
3619 5196 3780 5264 quam

2202 5266 2341 5346 quod
2374 5281 2436 5319 ex
2469 5267 2907 5347 ejicitlucretius
2935 5266 3283 5347 fecerit-eicit,
3309 5277 3367 5347 et
3398 5281 3463 5347 ex
3492 5270 3780 5347 oriundinin

2202 5337 2391 5407 semine
2420 5336 2625 5389 oriundi
2651 5336 2960 5400 spondam":
2986 5352 3046 5389 ex
3076 5338 3243 5407 tribus
3275 5337 3503 5399 ultimis,
3533 5355 3595 5391 ex
3627 5340 3779 5407 refice

2207 5405 2454 5473 Virgilius
2485 5408 2633 5459 reice.
2686 5407 2739 5459 ln
2772 5410 3027 5474 synairesi
3065 5406 3209 5460 Iesus
3248 5409 3608 5473 pronuntiatio
3634 5405 3783 5464 vete-

2205 5476 2516 5546 rutnmagis
2546 5476 2745 5546 iquam
2777 5494 2803 5529 e
2835 5478 3043 5531 videtur
3075 5477 3405 5546 expressisse
3428 5495 3443 5530 :
3468 5493 3589 5531 nam
3608 5480 3783 5534 adhuc

2206 5544 2346 5617 apud
2390 5544 2669 5617 nonnullas
2694 5547 2925 5617 Orientis
2956 5544 3196 5609 natimies
3228 5544 3317 5605 Isti
3352 5563 3447 5616 pro
3471 5547 3619 5604 Iesus
3658 5565 3781 5617 pro-

2206 5613 2396 5688 fertur.
2425 5615 2550 5688 Ysus
2577 5632 2673 5685 pro
2698 5616 2843 5671 Iesus
2873 5613 2923 5673 in
2952 5620 3177 5686 quodam
3210 5613 3428 5687 hymno,
3462 5635 3620 5688 quem
3648 5613 3789 5673 noun

2209 5686 2333 5738 dum
2382 5687 2770 5761 editum__puto,
2822 5688 2948 5741 olim
2997 5690 3287 5761 cauebatur
3315 5708 3327 5742 :
3358 5686 3659 5761 exstatltic
3687 5690 3786 5761 hy-

2208 5771 2359 5813 mnus
2397 5756 2449 5811 in
2491 5754 2676 5815 codice
2715 5773 2949 5828 pergam.
2988 5774 3130 5815 nunc
3167 5759 3421 5816 Ecclesia
3468 5754 3788 5831 Veliterni.
