3970 6326
501 345 606 402 ’155

1914 328 2364 388 vacosanus.
2708 314 2713 317 '
3023 294 3047 335 ⁵
3659 309 3749 371 ’1ῑῦ

505 454 926 533 Christianorum
957 465 1077 508 eam
1117 450 1285 507 fuisse
1314 446 1783 513 consuetudinem,
1816 455 1875 501 ut
1896 446 2092 533 saepius
2117 448 2171 507 Α
2197 447 2397 502 Choren
2423 459 2450 497 ιι
2481 443 2714 510 Tibullo,
2742 451 2797 497 et
2821 442 2989 511 platea
3009 454 3037 494 a
3064 436 3273 494 Catullo
3304 452 3332 490 e
3369 434 3520 533 brevi
3544 432 3753 533 alterun-

510 532 672 616 quam
720 544 1052 614 antiquiores
1100 557 1361 599 casuram
1419 540 1813 607 indiderentem
1870 532 2093 593 adhibe-

507 648 643 696 rent.

578 728 703 782 2M.
747 725 950 793 Regula
976 724 1221 795 septima.
1272 722 1438 778 Primi
1476 721 1801 776 ecclesiastici
1847 730 2007 789 poeta:
2034 720 2094 774 ob

512 798 740 888 aliquam
772 819 1047 872 dialectum
1078 818 1236 888 188
1263 815 1515 881 Crtecam,
1544 814 1621 869 vel
1643 823 1848 885 prepter
1868 815 1947 867 sui
1974 824 2099 867 tem-

511 912 650 981 poris
696 908 1112 964 consuetudinem
1145 908 1200 961 in
1247 906 1510 962 nonnullis
1536 906 1793 961 vocabulis
1819 904 2012 960 Graecis
2034 928 2097 972 ω,

514 1026 543 1063 η
584 1012 631 1057 et
673 1025 726 1057 αι
761 1001 815 1055 in
856 1000 1055 1055 vocales
1080 1000 1253 1055 breves
1293 998 1671 1065 convertebant,
1700 1014 1801 1053 non
1828 998 1936 1052 sine
1966 998 2094 1051 anti-

514 1108 733 1163 quorum
772 1090 1024 1162 exemplo.
1075 1090 1130 1145 lu
1180 1090 1471 1146 Prudentia
1520 1090 1635 1145 haec
1681 1092 1875 1160 passim
1919 1105 2103 1159 repre-

521 1185 849 1251 heuduntur,
896 1184 1139 1256 (enigma,
1187 1182 1439 1247 Berillus,
1500 1181 1821 1247 Chalcedon,
1876 1183 2099 1249 daemon,

517 1278 791 1348 energima,
831 1292 1047 1341 eremus,
1095 1275 1301 1339 heresis,
1342 1273 1559 1343 idolum,
1591 1274 1948 1343 Lacedaemon,
1998 1290 2106 1327 nia-

522 1370 699 1437 thesis,
725 1369 1005 1439 phrenesis,
1035 1369 1221 1439 poesis,
1259 1367 1541 1437 Pyreneus,
1577 1367 1909 1435 rompltealis,
1956 1367 2107 1435 sphe-

519 1476 617 1527 ra;
658 1460 781 1530 quia
821 1460 1063 1530 syllabas
1111 1458 1326 1514 Graecas
1366 1467 1553 1513 natura
1598 1458 1781 1528 longas
1824 1457 2102 1528 corripuit.

521 1554 695 1609 Eccur
722 1562 899 1608 autem
923 1553 1276 1623 antiquiores,
1310 1554 1400 1623 qui
1434 1553 1591 1607 simili
1612 1552 1824 1608 licentia
1850 1554 1931 1607 usi
1960 1561 2107 1625 sunt,

521 1646 933 1716 exemplumque
954 1644 1238 1710 dederunt,
1262 1645 1377 1699 sine
1393 1646 1497 1699 ulla
1517 1645 1937 1713 reprehensione
1958 1644 2109 1701 abire

528 1739 955 1809 permittuntur?
998 1737 1253 1805 Qumdam
1295 1738 1542 1807 colligam
1589 1726 1782 1806 partim
1825 1740 1893 1793 ab
1922 1738 2110 1808 Hispa-

526 1832 671 1888 niolo
704 1832 954 1901 aliisque,
1003 1833 1194 1902 partim
1226 1847 1256 1886 a
1294 1847 1381 1887 me
1421 1833 1724 1888 observata.
1769 1832 1950 1886 Ionius
1982 1846 2107 1887 cou-
2140 1828 2188 1888 B

524 1923 777 1980 scribitur
822 1940 917 1995 per
968 1942 1045 1991 ω;
1102 1933 1282 1979 tamen
1317 1924 1588 1995 Virgilius,
1630 1925 1783 1979 lonia
1821 1926 1873 1979 in
1904 1943 2144 1995 magno,

526 2016 616 2071 alii
673 2016 923 2072 similiter
978 2016 1292 2087 corripiunt.
1356 2014 1721 2071 Orichalchum
1762 2017 1920 2074 habet
1960 2018 2115 2088 diph-

528 2108 784 2180 thongum
810 2112 875 2165 ei.
908 2109 1159 2165 Horatius
1184 2111 1236 2163 in
1271 2110 1387 2165 Art.
1422 2120 1567 2180 poet.
1598 2110 1804 2193 breviat
1826 2112 1865 2176 i,

587 2220 727 2269 Tibia
752 2233 847 2269 non
868 2229 922 2269 ut
944 2233 1070 2270 nunc
1092 2221 1369 2271 orichalcho
1389 2221 1568 2283 juncta,
1594 2224 1842 2284 tubaeque.

532 2325 609 2380 Ita
638 2324 892 2395 Virgilius
916 2334 971 2380 et
998 2325 1110 2380 alii.
1140 2325 1411 2381 Sithonins
1440 2343 1535 2397 per
1560 2353 1620 2396 ω,
1646 2330 1880 2399 itemque
1900 2330 2119 2385 aamania

532 2433 563 2472 a
595 2417 816 2486 Virgilio
845 2416 1070 2486 aliisque
1100 2418 1487 2487 corripiuntur.
1550 2420 1710 2474 Orion
1739 2423 1899 2475 etiam
1934 2438 2028 2491 per
2055 2449 2115 2495 ω,

533 2506 750 2563 Servius
786 2521 912 2561 vero
942 2522 1036 2577 per
1078 2530 1137 2562 ου
1179 2510 1340 2564 scribi
1365 2510 1492 2564 olim
1533 2512 1712 2580 tradit,
1752 2521 1805 2568 et
1853 2518 2050 2571 extrito
2088 2539 2119 2571 υ

534 2618 754 2659 manere
779 2596 1066 2658 o'micron.
1094 2602 1315 2658 Ovidius
1344 2604 1437 2661 lib.
1471 2621 1522 2659 iv
1546 2605 1755 2662 Faster.
1785 2624 1799 2663 :

597 2716 755 2781 Hunc,
778 2716 973 2781 Hyreus
992 2719 1108 2781 quia
1130 2719 1203 2781 sic
1223 2720 1439 2779 genitus,
1466 2696 1605 2770 vocat
1624 2720 1819 2781 Oriona,

663 2779 881 2829 Perdidit
901 2780 1153 2840 antiquum
1176 2779 1340 2829 littera
1367 2784 1517 2843 prima
1538 2796 1727 2832 sonum.

536 2886 581 2943 0
606 2901 757 2957 mega
785 2886 838 2941 in
864 2885 1112 2957 Origenes
1148 2885 1216 2942 ab
1256 2886 1476 2942 Horatio
1513 2888 1823 2959 corripitur.
1875 2889 2123 2961 Virgilius

540 2979 595 3034 in
627 2978 760 3044 Ciri,

597 3070 851 3134 Sordibus,
880 3077 932 3122 et
953 3073 1108 3122 scorta
1129 3074 1314 3135 pariter
1337 3074 1597 3125 tabescere
1622 3074 1721 3125 tali.

2205 551 2310 608 tur,
2334 539 2576 610 quamvis
2605 537 2676 591 sit
2705 534 3068 606 diphthongus
3096 553 3158 587 ιι.
3184 529 3357 586 Graeci
3388 528 3620 583 scribunt
3649 527 3759 593 ptis-

2200 650 2347 695 sana,
2376 647 2471 701 per
2502 630 2633 684 duas
2657 647 2727 692 ss,
2754 636 2808 681 et
2834 627 3133 697 grabbatum
3160 621 3368 675 duabus
3408 619 3489 672 bb.
3536 616 3760 671 Horatius

2198 724 2331 780 dixit
2372 724 2574 793 ptisana
2618 720 2762 774 brevi
2790 720 2828 782 i,
2869 727 2924 771 et
2951 715 3206 785 Virgilius
3246 712 3516 783 grabatum
3554 726 3584 762 a
3610 708 3763 778 primo

2201 813 2351 869 brevi
2379 814 2431 867 in
2461 813 2682 867 Moreto.
2721 810 2785 877 Q.
2822 808 3011 864 Sercui
3039 816 3122 861 est
3151 805 3236 860 hic
3266 818 3490 859 versus:

2263 926 2325 976 Et
2348 927 2463 975 vitio
2487 925 2661 987 capitis
2680 922 2939 985 phrenesis
2961 918 3142 969 furiosa
3167 925 3410 967 movetur.

2204 1030 2459 1086 zEneada:
2488 1030 2538 1083 in
2584 1026 2818 1083 secunda
2860 1025 3033 1080 vocali
3071 1023 3228 1078 habet
3260 1045 3323 1084 ει,
3367 1029 3422 1076 et
3451 1020 3723 1089 corripitur
3744 1035 3766 1072 ιι

2206 1122 2424 1192 Virgilio
2451 1120 2548 1190 (a).
2574 1118 2737 1173 Multa
2765 1124 2949 1171 errant
2990 1114 3228 1170 nonnulli
3275 1112 3625 1179 recentiores,
3665 1126 3766 1165 eum

2210 1214 2367 1286 189
2395 1221 2635 1267 veterum
2660 1210 2859 1278 scripta
2894 1210 2947 1262 in
2986 1206 3247 1277 judicium
3293 1214 3505 1261 vocant.
3557 1203 3767 1259 ditatem

2207 1306 2398 1374 linguae
2426 1303 2625 1357 Latinae
2651 1300 2852 1355 saeculo
2883 1302 3173 1366 Augustino
3206 1295 3623 1351 concludendum
3669 1308 3770 1348 esse

2209 1407 2416 1468 putant,
2459 1395 2545 1450 vel
2586 1396 2656 1448 ita
2702 1402 2849 1449 certe
2889 1392 3130 1461 iudicant
3159 1390 3310 1460 quasi
3342 1390 3520 1444 minus
3552 1388 3769 1442 Latinum

2210 1498 2354 1547 esset
2383 1488 2637 1559 quidquid
2684 1487 2752 1542 ab
2780 1485 2961 1553 aliquo
3002 1484 3119 1553 ejus
3168 1483 3348 1538 saeculi
3384 1481 3643 1551 scriptore
3681 1494 3771 1535 non

2215 1583 2517 1651 reperiatur
2548 1579 2828 1649 scriptum.
2865 1578 2941 1631 De
2976 1576 3284 1641 Prudentia,
3325 1574 3565 1639 Paulino,
3618 1574 3773 1630 Auso-

2215 1680 2326 1745 nio,
2379 1688 2433 1733 et
2476 1677 2770 1746 aequalibus
2805 1690 3016 1737 eorum,
3065 1672 3284 1741 perinde
3314 1672 3601 1741 loquuntur
3638 1684 3696 1724 ac
3719 1668 3773 1724 de

2217 1772 2382 1827 nostri
2414 1770 2668 1838 temporis
2700 1765 3025 1833 hominibus,
3054 1766 3143 1835 qui
3172 1764 3409 1835 linguam
3431 1763 3775 1831 Latinamjam

2218 1864 2480 1918 normam
2513 1860 2722 1923 labore,
2748 1866 2806 1913 et
2833 1857 3115 1924 industria,
3164 1864 3217 1911 et
3251 1871 3317 1911 ex
3363 1856 3513 1909 libris
3556 1856 3673 1910 solis
3694 1853 3775 1908 ad-

2218 1955 2446 2010 discunt.
2474 1951 2658 2021 Itaque
2682 1949 2828 2004 viros
2853 1950 2970 2003 illos
2992 1948 3347 2013 clarissimos,
3394 1948 3483 2016 qui
3522 1948 3572 2001 in
3603 1946 3706 2000 loro
3730 1954 3780 2000 et

2220 2036 2336 2102 l'uce
2359 2045 2569 2114 publica
2602 2042 2875 2096 hominum
2901 2040 3094 2095 versati
3117 2050 3266 2106 sunt,
3298 2040 3349 2091 in
3375 2036 3780 2108 pronuntiatione

2220 2148 2275 2194 et
2300 2153 2399 2192 usu
2417 2134 2766 2207 quarumdam
2790 2147 2980 2186 vocum
3000 2130 3547 2200 lrequentissimarum
3566 2142 3778 2193 errasse,

2146 2256 2152 2262 ι
2219 2230 2471 2299 deceptos
2496 2237 2587 2282 aut
2629 2226 2843 2281 delusos
2889 2223 3054 2277 fuisse
3090 2233 3291 2277 temere
3335 2222 3586 2291 jactautu
3615 2221 3780 2290 Inique

2222 2323 2405 2394 poesiu
2445 2329 2500 2376 et
2538 2319 2880 2374 Latinitatem
2915 2315 3195 2371 Prudentii
3238 2325 3293 2369 et
3334 2314 3583 2369 similium
3623 2312 3686 2367 ad
3710 2326 3784 2367 re-

2222 2414 2372 2484 gulas
2400 2428 2493 2467 seu
2522 2409 2975 2467 consuetudinem
3006 2407 3189 2471 saiculi
3216 2407 3389 2472 aurei,
3421 2406 3555 2477 quod
3583 2414 3782 2469 vocant,

2183 2512 2187 2517 ”
2225 2507 2441 2575 exigere
2470 2505 2675 2571 volunt,
2715 2517 2834 2557 cum
2866 2502 3073 2556 interea
3120 2514 3224 2553 non
3270 2500 3440 2553 soium
3473 2497 3787 2561 Terentium,

2226 2614 2385 2667 quem
2421 2597 2633 2666 plurimi
2662 2596 2847 2650 Cicero
2891 2593 3137 2659 faciebat,
3192 2592 3283 2645 sed
3324 2591 3476 2644 etiam
3523 2589 3782 2655 Plautum,

2230 2690 2457 2743 Ennium
2485 2696 2538 2742 et
2563 2687 2697 2741 alios
2723 2694 2985 2749 tueantur,
3013 2684 3260 2754 quamvis
3292 2697 3350 2736 ea
3380 2698 3493 2751 qua:
3517 2680 3790 2735 Terentius

2184 2805 2195 2811 ·
2227 2791 2283 2837 et
2310 2782 2492 2836 caeteri
2524 2782 2575 2835 in
2599 2780 2852 2850 prosodia
2884 2779 3000 2833 ausi
3022 2787 3165 2843 sunt,
3194 2778 3403 2846 longius
3430 2777 3495 2830 ab
3517 2782 3667 2831 aetate
3688 2777 3785 2829 Au-

2226 2873 2363 2942 gusti
2392 2870 2645 2926 recedunt
2676 2884 2833 2938 quam
2865 2868 3135 2924 Prudentii
3167 2868 3423 2922 carmina.
3452 2866 3683 2936 Denique
3706 2866 3791 2919 vix

2232 2963 2427 3032 poterit
2464 2962 2668 3031 syllaba
2699 2962 2877 3030 aliqua
2925 2961 2977 3015 in
3009 2960 3300 3015 Prudentio
3331 2959 3657 3028 deprehendi
3684 2974 3795 3029 quae

2231 3071 2327 3125 per
2356 3056 2571 3125 ﬁguram
2625 3055 2856 3123 aliquam
2900 3054 3158 3121 poeticam
3192 3068 3297 3108 non
3330 3054 3504 3108 valeat
3530 3052 3794 3107 excusari:

541 3178 724 3234 Scoria
751 3178 939 3233 Graece
963 3179 1122 3233 habet
1143 3204 1203 3232 ω.
1239 3179 1293 3233 In
1322 3180 1480 3246 hepar
1503 3204 1533 3239 η
1562 3180 1737 3235 Latini
1770 3182 2029 3250 lircviaut,
2065 3194 2117 3240 et
2144 3196 2191 3259 ο

540 3268 787 3323 similiter
813 3267 1052 3322 Catullus
1075 3277 1128 3321 et
1159 3266 1375 3322 Persius
1405 3269 1456 3323 in
1491 3270 1699 3335 crepida
1725 3293 1773 3329 η.
1800 3270 1856 3324 ln
1882 3282 2040 3326 mater
2066 3283 2120 3328 et

544 3366 692 3426 pater
716 3381 746 3417 η
775 3359 974 3427 corripi
1004 3358 1342 3414 notissimum
1366 3369 1448 3414 est
1472 3379 1485 3414 :
1521 3361 1571 3415 in
1598 3379 1683 3415 aer
1705 3363 1969 3419 interdum
2000 3381 2121 3435 pro-

546 3448 794 3515 trahitur,
819 3450 913 3505 sed
935 3450 1255 3505 Claudianus
1282 3451 1564 3516 breviavit,

607 3560 821 3611 Lucidus
838 3560 1106 3611 umbrifero
1129 3563 1408 3613 miscebitur
1433 3575 1519 3613 aer
1541 3564 1754 3617 Averno.

550 3666 798 3723 Valerius
825 3667 1049 3723 Flaccus
1081 3667 1137 3722 in
1166 3683 1217 3722 γι
1242 3686 1256 3723 :

546 3780 798 3846 Equaque
821 3794 915 3832 nec
951 3783 1081 3833 ferro
1104 3781 1277 3846 levior,
1305 3794 1398 3833 nec
1432 3782 1664 3846 rumphea
1689 3785 1837 3847 ligno.

620 3966 724 4052 (ιι-ξ’⁸
749 3975 1244 4052 Hispanjoluspag.
1279 3977 1380 4032 167
1410 3977 1756 4035 Hermolaum
1787 3982 2011 4052 grel‘utat,
2045 3984 2133 4052 qui

552 4046 916 4120 Apollinarem
939 4045 1217 4120 Sidonium
1248 4060 1612 4120 accusaverat,
1658 4051 1799 4120 quod
1827 4045 2133 4120 primam'in

552 4117 871 4189 Ijhonascus,
936 4117 1283 4189 penultiiuam
1312 4188 1315 4189 ν
1344 4119 1395 4172 in
1436 4117 1747 4187 Paraclitus,
1804 4117 2026 4189 primam
2081 4126 2132 4178 in

552 4186 896 4260 Ctesiphonte,
927 4187 1272 4260 penultimam
1304 4188 1357 4243 in
1385 4191 1632 4244 diastema
1660 4186 2041 4260 corripuisset;
2079 4203 2135 4249 et

554 4258 626 4312 ita
648 4256 921 4330 concludit
958 4274 971 4330 :_
1021 4255 1084 4330 _Si
1130 4259 1265 4310 enim
1296 4262 1494 4329 antiqui
1536 4255 1859 4330 reperiuntur
1884 4255 2133 4320 breviasse

555 4352 588 4387 η
616 4337 662 4382 et
689 4352 751 4403 ῳ,
785 4336 831 4379 ει
861 4327 1254 4403 diphthongum,
1285 4341 1339 4383 ut
1367 4327 1511 4401 puta,
1536 4327 1602 4385 in'
1627 4332 1845 4403 Virgilio
1874 4345 1921 4387 et
1950 4333 2132 4389 Persio

556 4399 754 4471 magnis
764 4399 1088 4471 auctoribus,
1113 4415 1205 4451 cur
1225 4400 1319 4452 hoc
1335 4399 1597 4455 neotericis
1619 4399 1940 4471 imputatur?
1964 4404 2136 4459 Julius

558 4469 738 4542 Ctesar
759 4467 993 4533 Scaliger
1014 4468 1105 4523 lib.
1132 4484 1221 4542 vn,
1248 4485 1365 4542 pag.
1394 4474 1577 4541 i,cap.
1607 4474 1659 4537 6,
1685 4467 1852 4537 notat,
1872 4476 2005 4528 enim
2018 4492 2137 4530 esse

559 4555 627 4595 ex
656 4538 948 4614 Ormenus,
986 4538 1591 4614 jvi._Neque'repugnat
1632 4544 1787 4614 longa
1824 4547 2011 4600 vocalis
2043 4549 2139 4600 :id

562 4609 699 4683 quod
724 4608 777 4662 in
805 4608 947 4664 libris
975 4608 1244 4680 Originum
1273 4608 1537 4667 docuimus
1560 4630 1578 4669 :
1606 4608 1741 4667 sicut
1764 4618 1921 4683 neque
1948 4618 2002 4669 in
2033 4633 2139 4670 cre—

565 4681 711 4757 p_id_a,
752 4684 983 4757 ripest-iet
1008 4683 1249 4757 neque__in
1286 4685 1429 4757 uenio
1470 4684 1645 4757 βαίνω.
1677 4681 1876 4757 διοδερίι
1905 4687 2140 4756 Scaliger

563 4751 839 4826 Animado._
862 4751 1121 4826 in_Grceca
1154 4751 1425 4826 Eusebiani
1449 4751 1706 4817 Chronici,
1741 4751 1858 4826 pag.
1894 4758 2016 4821 102,
2049 4751 2141 4811 ad—

2225 3240 2447 3303 cretius,
2502 3238 2764 3303 Catullus,
2826 3239 3092 3309 Virgilius,
3146 3238 3427 3304 Horatius,
3483 3237 3699 3293 Ovidius
3748 3244 3800 3291 et

2231 3330 2484 3400 aequales,
2509 3344 2642 3399 quas
2674 3329 2916 3384 nonnulli
2949 3344 3161 3385 errores
3202 3338 3256 3383 et
3296 3329 3422 3383 vitia
3460 3344 3581 3385 esse
3608 3335 3799 3398 putant.

2816 3446 3039 3501 CAPUT
3079 3445 3245 3501 XXV.

2236 3519 2545 3573 Prudentius
2582 3519 2644 3571 ab
2671 3519 2787 3572 aliis
2816 3527 3105 3585 corruptus,
3139 3516 3201 3570 ab
3230 3517 3346 3570 aliis
3388 3517 3522 3569 male
3552 3522 3805 3577 correctus,

2378 3590 2439 3643 ab
2466 3590 2583 3645 aliis
2610 3590 2869 3661 defensus.
2894 3586 3193 3661 Peculiares
3206 3587 3681 3661 animadversiones

2784 3657 2847 3712 de
2872 3660 2982 3729 ejus
3008 3658 3267 3729 prosodia.

2316 3778 2472 3850 19o
2508 3775 2634 3831 215.
2677 3774 2736 3829 Si
2755 3787 2816 3829 ea
2844 3773 3084 3843 excipias
3117 3776 3235 3843 quid
3268 3771 3593 3827 Prudentius
3622 3769 3811 3853 ratione

2242 3981 2491 4044 bitur,'et
2520 3980 2566 4036 si
2597 3979 2786 4035 Latine
2823 3995 3010 4035 versus
3039 3979 3396 4048 undecunque
3424 3987 3577 4033 esset
3602 3989 3814 4048 exarau-

2243 4054 2363 4116 dus,
2392 4051 2883 4118 scribereturalpha
2911 4062 2965 4105 et
2994 4067 3044 4115 ο,
3080 4066 3201 4104 nam
3228 4066 3257 4103 ο
3289 4045 3434 4118 maga
3463 4051 3609 4103 ratio
3632 4045 3813 4101 carmi-

2242 4123 2327 4177 nis
2357 4137 2465 4176 uon
2492 4122 2713 4191 patitur.
2773 4122 2878 4191 Sed
2914 4122 3204 4175 notandum
3240 4130 3321 4175 est
3362 4128 3570 4191 tamen,
3614 4119 3817 4172 diverso

2244 4193 2403 4247 modo
2433 4208 2462 4246 a
2494 4188 2761 4247 veteribus
2801 4188 2965 4246 fuisse
3008 4193 3407 4261 pronuntiatum
3436 4207 3466 4243 ο
3500 4190 3690 4261 breve,
3718 4197 3823 4261 eto

2245 4264 2479 4331 longum.
2509 4262 2855 4317 Casaubonus
2883 4263 2934 4315 in
2968 4259 3314 4327 Trebellium,
3346 4275 3465 4329 pag.
3488 4260 3632 4331 72H,
3660 4261 3751 4322 ait,
3774 4259 3822 4311 in

2239 4330 2469 4402 antiquis
2499 4333 2685 4386 multis
2727 4332 2951 4403 reperiri
2992 4334 3436 4398 sepulcrumcum
3466 4330 3823 4403 diphthongo,

2244 4416 2300 4456 ut
2346 4400 2396 4456 in
2441 4402 2713 4471 epitaphio
2757 4400 2971 4458 A'ureoli
3012 4404 3221 4458 uniuse
3261 4402 3329 4456 50
3360 4401 3635 4471 tyrannis,
3667 4400 3826 4453 Donat

2241 4473 2495 4543 stepulcro
2542 4475 2701 4527 victor
2731 4484 2842 4544 post
2883 4475 3043 4527 multa
3084 4474 3309 4543 tyranni,
3351 4472 3424 4525 uti
3463 4482 3663 4526 contra
3702 4472 3828 4544 Pru-

2244 4539 2456 4597 dentius
2482 4560 2507 4597 e
2538 4544 2588 4598 in
2621 4539 2813 4611 sphera
2843 4539 3121 4612 corripuit:
3164 4544 3478 4604 Salmasius,
3541 4559 3666 4613 pag.
3713 4539 3828 4613 128,

2245 4614 2371 4679 169,
2400 4614 2539 4679 215,
2588 4623 2700 4668 not.
2736 4615 2786 4668 in
2831 4614 3015 4683 script.
3050 4614 3241 4673 histor.
3290 4614 3519 4682 August.
3543 4655 3559 4677 ,
3616 4616 3730 4667 fuse
3769 4612 3832 4665 de

2249 4685 2454 4748 sphera,
2481 4694 2535 4739 et
2567 4685 2817 4755 enigmate
2841 4685 3073 4751 disserit,
3113 4693 3167 4739 et
3201 4684 3461 4753 promittit
3500 4692 3829 4755 commentu-

2246 4756 2383 4809 rium
2411 4755 2476 4809 de
2502 4754 2963 4810 vitiis’recentium
2989 4766 3285 4822 poetarum.
3310 4754 3585 4818 OStendit,
3612 4754 3835 4823 scripto-

565 4823 742 4894 ver_tit,
772 4822 898 4894 olim
924 4821 1100 4877 lonice
1121 4845 1161 4876 ω
1181 4824 1338 4876 etiam
1364 4840 1455 4888 per
1477 4848 1501 4879 ο
1523 4805 2142 4892 εει-ιριίιιῖιῖοῐέίῐῖῖέιᾶιῖθ
2169 4805 2221 4865 Ῑ)
2247 4805 2479 4890 ἓξὲξ]ὗέ
2517 4805 3341 4894 l'éiiipb'ris'Eéiiiisissé"£p’i£ia,
3470 4805 3747 4887 moenera:
3766 4805 3836 4878 vet

565 4894 620 4945 in
635 4890 851 4961 Cratylo
868 4901 1099 4959 constat,
1115 4900 1323 4963 veteres
1346 4895 1560 4949 Greecos
1582 4890 1684 4947 non
1702 4896 1950 4954 habuisse
1967 4924 2027 4963 ω,
2048 4899 2141 4953 sed

564 4985 589 5016 ο
611 4970 833 5026 tantum,
861 4978 1032 5032 neque
1061 4986 1113 5024 η.
1141 4962 1234 5018 sed
1258 4986 1300 5018 ε.
1329 4964 1532 5020 Nomen
1556 4977 1731 5019 autem
1757 4970 1956 5023 vocalis
1980 4962 2146 5025 orerat

567 5054 646 5108 ou,
680 5033 820 5108 quod
851 5033 1078 5108 negandi
1105 5035 1210 5087 vim
1240 5035 1419 5103 habet,
1444 5051 1507 5090 ex
1535 5051 1639 5105 quo
1664 5036 1975 5108 intelligitur
2010 5040 2142 5094 illud

570 5103 811 5167 Ausonii,
850 5113 904 5157 et
928 5105 1150 5159 alierum
1175 5122 1188 5157 :

728 5258 831 5327 lina
849 5258 938 5309 fuit
956 5265 1139 5327 tantum
1158 5275 1251 5323 qua
1267 5264 1569 5327 respondere
1594 5263 1829 5325 Lacones,

724 5320 927 5381 Littera,
956 5328 1007 5370 et
1030 5324 1150 5371 irato
1172 5320 1281 5385 regi
1303 5320 1531 5387 placuere
1554 5334 1809 5387 negantes.

574 5447 983 5524 Rescripserunt
1030 5448 1313 5524 enimnon
1358 5473 1439 5524 ou,
1484 5468 1603 5523 quae
1624 5463 1749 5509 sunt
1782 5453 1903 5509 duae
1930 5455 2146 5524 litterae,

574 5518 669 5596 sed
700 5518 775 5583 οξ
804 5520 946 5596 (ιιιρά
966 5534 997 5573 a
1020 5518 1233 5596 Graecis
1244 5518 1536 5596 vocabatur
1564 5547 1621 5579 ου
1642 5567 1656 5590 ,
1708 5526 1849 5596 quod
1884 5536 1985 5596 est
2028 5518 2148 5581 non.

581 5589 1299 5670 Muretus,“Var..Lect._lib.
1344 5610 1491 5670 χχιιι,
1534 5610 1652 5665 cap.
1684 5589 1738 5670 ις
1768 5595 1919 5670 addit
1959 5598 2153 5670 rectis-

578 5660 712 5712 sime
751 5659 942 5740 dicitin
982 5659 1324 5740 Apocalypsi,
1361 5659 1483 5740 Ego
1520 5659 1632 5740 sum
1669 5659 1825 5734 alpha
1856 5680 1904 5722 et
1934 5686 1981 5731 ο,
2023 5668 2149 5737 quin

580 5740 799 5782 necesse
821 5729 896 5809 sit
925 5728 1111 5809 Latine
1138 5728 1478 5809 loquentibus
1504 5735 1684 5809 dicere
1704 5728 1737 5809 o
1760 5753 1931 5809 mega.
1958 5728 2147 5793 Ae're-

584 5808 714 5848 vera
740 5811 792 5850 in
821 5797 1131 5866 Prudentio,
1164 5797 1404 5871 Paulino,
1434 5814 1486 5860 et
1513 5805 1633 5862 aliis
1661 5806 1834 5874 alpha,
1847 5797 1913 5863 "et
1944 5833 1982 5863 ω
2004 5810 2141 5866 scri-

2251 4912 2448 4948 macera
2479 4912 2502 4947 e
2535 4893 2703 4961 brevi,
2748 4906 2802 4949 et
2840 4893 2977 4962 apud
3012 4898 3309 4950 Ausonium
3341 4893 3592 4950 Citheron
3625 4912 3653 4949 e
3694 4896 3832 4948 brevi

2252 4981 2350 5035 pro
2377 4964 2671 5030 Citlneron;
2694 4966 2832 5035 apud
2851 4966 3223 5021 Maximianum
3248 4966 3341 5020 lib.
3363 4965 3544 5033 Eleg.:
3570 4967 3661 5020 Me
3684 4966 3837 5033 peda-

2252 5052 2410 5105 gogns
2436 5036 2543 5089 adit
2579 5052 2674 5105 pro
2698 5038 3040 5106 ptedagogus;
3067 5053 3240 5106 neque
3266 5036 3483 5090 Latinos
3512 5038 3724 5100 solum,
3752 5036 3836 5106 sed

2256 5107 2474 5162 Griecos
2511 5122 2724 5175 quoque
2754 5107 2822 5161 ita
2852 5105 3131 5170 scripsisse
3158 5105 3213 5162 et
3240 5106 3628 5176 pronuntiasse
3658 5126 3669 5159 :
3704 5105 3840 5177 quod

2257 5193 2319 5230 ex
2351 5177 2800 5244 antiquisGrzeeis
2821 5178 3253 5245 inscriptionibus
3284 5177 3492 5246 probat.
3544 5177 3733 5241 Notat,
3764 5177 3842 5230 ul-

2260 5249 2442 5302 timam
2467 5247 2665 5317 corripi
2692 5263 2720 5300 a
2748 5248 3039 5302 Prudentia
3059 5257 3113 5302 et
3139 5248 3376 5303 Ausonio
3410 5248 3462 5302 in
3495 5250 3692 5317 fames,
3720 5248 3839 5317 lues,

2260 5320 2520 5388 maiestas,
2549 5319 2784 5372 cottuces.
2817 5318 2921 5373 Sed
2952 5320 3219 5375 Ausonius
3249 5318 3477 5373 fortasse
3518 5334 3636 5374 non
3676 5316 3841 5375 corri-

2263 5390 2434 5460 puita
2463 5388 2753 5443 secundum
2776 5390 2827 5443 in
2854 5390 3116 5460 majestas,
3163 5389 3258 5445 sed
3295 5388 3558 5460 spondeo
3594 5405 3739 5460 usus
3765 5395 3844 5460 est

2259 5474 2355 5527 pro
2390 5458 2587 5523 iambo,
2621 5468 2678 5512 ut
2702 5473 2847 5529 saepe
2874 5456 3031 5526 alias,
3075 5462 3193 5515 loco
3235 5456 3473 5515 secundo
3511 5459 3744 5514 iambici
3769 5456 3844 5510 dic

2260 5531 2434 5584 metri.
2464 5529 2675 5595 Fames,
2705 5531 2830 5594 lues,
2873 5530 3111 5597 colluces,
3144 5549 3170 5585 e
3207 5531 3370 5585 breve
3406 5529 3621 5585 habent
3656 5546 3725 5586 es
3761 5543 3847 5581 vc-

2262 5601 2360 5655 teri
2391 5600 2776 5655 consuetudine
2805 5600 3094 5667 scribendi,
3122 5602 3296 5671 famis,
3329 5602 3448 5665 luis,
3480 5601 3717 5655 collucis
3748 5610 3849 5653 ter-

2261 5672 2345 5724 tia:
2373 5671 2780 5740 coniugationis,
2827 5679 2884 5725 ut
2908 5672 3043 5734 rido,
3082 5673 3161 5736 is;
3205 5672 3386 5737 strido,
3431 5671 3506 5731 is;
3554 5675 3725 5739 fervo,
3770 5671 3850 5729 is:

2255 5742 2419 5866 (alga,
2451 5742 2515 5802 is,
2547 5751 2600 5794 et
2621 5741 2744 5805 alia,
2777 5741 2843 5795 dc
2883 5742 3072 5810 quibus
3111 5743 3329 5798 uberius
3374 5741 3479 5810 agit
3531 5741 3852 5795 Priscianus

2280 5811 2348 5866 ib.
2383 5827 2433 5865 κ.
2482 5812 2612 5866 Oua:
2634 5812 2811 5865 omnia
2845 5821 3120 5866 boetarum
3151 5814 3279 5866 vitia
3310 5813 3413 5866 dici
3441 5824 3549 5865 non
3584 5807 3814 5866 debent.

2280 5807 2355 5867 ibi
2383 5827 2433 5865 κ.
2482 5812 2612 5877 Quae
2634 5812 2811 5865 omnia
2845 5807 3120 5881 poetarum
3151 5814 3279 5869 vitia
3310 5807 3549 5868 dicinou
3584 5807 3814 5867 debent.
