3970 6326
212 348 301 404 757
1138 380 1145 387 -
1554 337 2079 400 PROLEGOMENA.

3361 327 3463 387 738

214 472 293 518 aut
317 461 538 517 aliorum
568 461 815 530 exemplo
844 461 991 527 fecit,
1021 460 1305 515 admodum
1337 473 1501 529 pauca
1534 458 1772 514 invenies
1801 462 1857 521 λ
1878 457 1971 510 dos
2020 453 2240 509 maxime
2262 453 2501 507 idoneum
2540 452 2839 521 scriptorem
2880 458 3079 505 exstare
3108 448 3159 501 in
3190 450 3283 504 hoc
3312 466 3463 506 censu

209 569 313 625 qua
340 561 554 623 peccata
594 553 753 607 metri
778 622 781 627 γ
806 551 979 621 possis
1023 550 1332 621 appellare:
1383 549 1437 604 in
1464 563 1570 619 quo
1598 549 1775 604 socios

210 644 289 700 ille
331 643 549 699 haberet
596 643 1071 713 praestantissimos
1101 651 1284 711 poetas
1318 642 1617 707 Horatium,
1648 640 1779 696 Vir-

211 734 400 804 gilium,
428 734 589 802 alios,
618 735 686 790 de
701 734 897 804 quibus
918 744 1093 789 tamen
1118 734 1313 803 saepius
1339 733 1605 788 afﬁrmare
1629 731 1775 797 licet,

209 827 336 897 quod
360 826 426 882 de
452 826 679 882 comicis
706 826 1061 882 Terentianus
1085 826 1299 881 Maurus
1324 841 1339 882 :
1382 827 1449 879 In
1478 835 1636 878 metra
1665 839 1781 894 pec-

208 930 310 996 cant
333 926 459 984 arte,
483 934 586 972 non
606 919 830 973 inscitia.
862 917 1097 987 Scaliger
1118 916 1210 972 lib.
1240 932 1275 970 ιι
1296 917 1520 981 Poetic.,
1546 930 1666 984 cap.
1688 915 1778 979 51,

208 1013 269 1065 de
290 1012 426 1065 vitiis
446 1011 498 1065 in
520 1010 817 1080 quantitate
843 1010 1097 1080 loquens:
1127 1008 1209 1062 Ea:
1233 1007 1479 1073 Homero,
1500 1008 1593 1071 ait,
1619 1004 1781 1059 multa

209 1114 370 1171 petere
394 1120 542 1173 queas
572 1120 592 1159 :
623 1105 719 1173 fuit
748 1104 883 1158 enim
927 1103 1405 1173 negligentissimus.
1442 1100 1782 1155 Aristarchus

209 1209 268 1247 ea
298 1193 548 1249 modestia
575 1194 790 1248 Homeri
819 1208 1029 1247 errores
1057 1192 1277 1255 nutavit,
1309 1200 1367 1245 ut
1396 1206 1672 1260 nunquam-
1703 1190 1781 1243 di-

211 1292 346 1337 ceret
371 1328 385 1349 ,
427 1283 715 1338 Homerum
748 1298 991 1347 errasse,
1042 1282 1135 1337 sed
1167 1282 1422 1352 quidquid
1454 1297 1560 1335 non
1594 1281 1784 1351 proba-

209 1374 310 1437 bat,
347 1373 561 1429 Homeri
599 1387 719 1428 esse
739 1373 1054 1443 denegabat.
1098 1373 1304 1439 (licem,
1365 1370 1521 1441 epist.
1568 1373 1655 1435 Η,
1687 1370 1779 1425 lib.

209 1477 259 1519 tu
301 1483 311 1516 :
346 1464 412 1517 Ut
440 1464 574 1517 enim
613 1464 936 1519 Aristarchus
974 1463 1189 1518 Homeri
1223 1480 1422 1517 versum
1450 1472 1599 1533 negat
1638 1479 1783 1533 quem

210 1568 297 1608 non
320 1555 501 1624 probat
546 1570 567 1608 :
593 1555 667 1608 sic
706 1564 762 1608 tu
788 1554 939 1625 (libet
973 1556 1108 1608 enim
1145 1555 1268 1607 mihi
1300 1553 1501 1624 jocari)
1545 1554 1679 1620 quod
1705 1554 1784 1605 di-

210 1655 390 1699 sertum
439 1662 539 1699 non
592 1656 719 1711 erat,
753 1662 815 1699 ne
843 1646 1042 1715 putaris
1068 1660 1256 1699 meum.
1311 1644 1387 1699 De
1414 1643 1603 1698 eodem
1632 1643 1782 1697 Aris-

211 1737 384 1791 tarcho
412 1737 645 1806 intellige
692 1737 987 1791 Ausonium
1036 1736 1196 1807 epist.
1228 1735 1294 1791 l8
1335 1730 1589 1804 :‘Quique
1638 1744 1785 1787 notas

1881 545 2131 609 arbitror;
2158 544 2245 598 sed
2265 544 2352 614 qui
2396 544 2461 596 sit
2490 542 2765 597 etiamnum
2817 540 3050 609 plurimis
3094 540 3307 605 maculis
3348 556 3465 595 con-

1882 639 2050 706 fossus
2071 643 2221 703 atque
2244 637 2530 703 confectus,
2561 648 2661 685 non
2684 630 2791 684 alia
2812 634 3009 701 majore
3029 629 3093 683 de
3115 645 3289 695 causa,
3313 644 3467 699 quam

1881 726 2016 793 quod
2059 725 2277 779 maxime
2310 723 2545 777 omnibus
2568 730 2773 792 accepta
2815 722 3039 790 scripsit,
3073 730 3119 775 et
3159 720 3250 775 tali
3286 735 3467 792 genere

1880 817 2105 883 dicendi,
2133 816 2273 887 quali
2298 816 2383 870 uia:
2408 816 2577 884 optari
2600 823 2797 883 poterat
2820 811 2915 887 (c).
2948 813 3063 871 Non
3090 812 3263 873 solum
3288 821 3464 868 autem

1882 908 2040 963 codd.
2072 922 2227 974 mss.,
2258 908 2353 963 sed
2386 908 2545 961 etiam
2574 906 2899 961 editionibus
2933 905 3205 961 Prudentii
3238 905 3463 975 plurima

1882 998 2007 1053 vitia
2040 998 2344 1066 imputanda
2368 1012 2489 1053 esse
2514 995 2813 1052 Gronovius
2841 995 3039 1066 aliique
3060 996 3287 1059 docent;
3319 994 3460 1065 quod
3490 1066 3493 1073 _

1882 1105 1912 1144 a
1943 1091 2093 1145 nobis
2117 1090 2341 1159 singulis
2368 1090 2498 1144 locis
2517 1088 2876 1155 adnotabitur,
2899 1104 3018 1143 cum
3045 1086 3329 1141 varietates
3358 1085 3465 1141 lec-

1884 1181 2091 1235 tionum
2122 1180 2504 1249 expendemus.
2538 1179 2727 1249 Aliqua
2754 1172 2912 1235 etiam
2944 1179 3187 1234 confusio
3213 1178 3340 1235 oriri
3372 1192 3465 1249 po-

1885 1270 1987 1325 tuit
2021 1287 2085 1325 es
2115 1270 2315 1339 duplici
2367 1270 2598 1325 editione
2648 1270 2945 1325 carminum
2988 1269 3301 1337 Prudentii,
3335 1268 3462 1324 dum

1884 1362 2058 1417 adhuc
2100 1362 2144 1417 is
2176 1363 2394 1429 viveret,
2423 1363 2563 1434 quod
2596 1363 2895 1432 suspicatur
2917 1362 3184 1417 Heinsius.
3211 1360 3461 1432 Exempla

1884 1460 2063 1506 vetera
2111 1467 2222 1506 non
2260 1452 2455 1507 desunt
2487 1468 2552 1507 ex
2592 1453 2782 1523 quibus
2829 1452 2995 1523 liquet
3042 1452 3330 1524 scriptores
3369 1466 3463 1506 sua

1884 1556 2046 1611 opera
2076 1530 2437 1598 emenda'tiora
2483 1546 2673 1599 iterum
2724 1545 2990 1614 vulgasse.
3022 1544 3148 1599 Mihi
3193 1543 3465 1614 probabile

1883 1643 1967 1689 est
2008 1634 2351 1691 Prudentium
2400 1650 2526 1691 suos
2564 1637 2794 1707 hymnos
2823 1648 2876 1691 et
2915 1636 3170 1706 opuscula
3217 1650 3458 1691 seorsum

1888 1740 1949 1781 ac
1988 1726 2212 1781 diversis
2258 1728 2587 1795 temporibus
2634 1728 3000 1797 composuisse
3046 1736 3099 1781 et
3147 1726 3463 1795 publicasse,

209 1829 391 1898 spanis
437 1830 660 1883 versibus
700 1830 957 1900 apposuit.
990 1829 1173 1883 Obiter
1198 1829 1461 1898 corrigam
1490 1828 1654 1881 alium
1706 1828 1784 1881 ιο·
1813 1822 1862 1883 Β
1887 1832 2007 1888 quae
2037 1818 2251 1873 tandem
2279 1833 2420 1873 anno
2447 1818 2619 1873 artatis
2643 1819 2708 1873 57
2731 1822 2783 1873 in
2806 1834 2968 1873 unum
2990 1832 3186 1886 corpus
3208 1826 3388 1872 coacta
3413 1817 3465 1874 is

205 1932 318 1971 cum
345 1917 595 1983 Ausonii,
624 1932 651 1969 a
679 1918 955 1986 Scaligero
994 1916 1102 1971 ﬁlio
1130 1918 1181 1972 iu
1212 1917 1453 1973 Lection.
1486 1916 1778 1972 Ausonian.

206 2022 300 2062 non
324 2009 786 2076 animadversum,
817 2009 870 2063 in
902 2009 1103 2078 praefat.
1135 2009 1203 2063 ad
1234 2008 1439 2064 Ludum
1460 2018 1667 2079 septem
1698 2022 1784 2062 sa-

208 2099 443 2169 pientum
470 2118 483 2153 :

264 2189 475 2238 Iasonio
496 2188 691 2252 qualem
714 2189 895 2238 cultum
917 2192 1142 2252 quasivit
1164 2191 1378 2252 Homero

321 2252 527 2313 Censor,
541 2251 871 2312 Aristarchus,
891 2251 1156 2313 normaque
1180 2251 1431 2304 Zenodoti.

259 2312 399 2375 Pone
420 2312 590 2360 obelos
612 2314 778 2375 igitur,
806 2312 1087 2373 spuriorum’
1100 2316 1333 2375 stigmata
1359 2323 1537 2374 vatum,

314 2374 531 2433 Palmas,
554 2386 651 2422 non
670 2374 835 2435 culpas
858 2388 971 2423 esse
995 2374 1189 2436 putabo
1202 2389 1280 2425 me
1290 2388 1358 2425 as.

206 2474 333 2548 Lege
379 2492 507 2533 meo
534 2478 791 2547 periculo,
821 2480 1110 2549 spuriorum
1151 2482 1390 2551 stigmata
1415 2496 1670 2547 uersuum,
1702 2474 1786 2537 vd'l

208 2584 395 2624 versum
442 2571 542 2642 (a).
572 2571 733 2640 Igitur
758 2572 896 2637 quod
942 2572 1281 2628 Aristarchus
1323 2574 1380 2627 in
1422 2574 1639 2629 Homeri
1670 2588 1788 2628 car-

207 2664 442 2719 minibus
472 2663 617 2728 fecit,
649 2663 788 2717 idem
820 2663 1009 2732 potiori
1048 2664 1171 2732 jure
1198 2665 1249 2718 in
1295 2664 1581 2719 Prudentio
1610 2664 1787 2721 facere

200 2752 411 2819 liceret,
446 2762 502 2807 ut
529 2754 731 2823 spurios
760 2768 879 2808 esse
908 2770 1078 2810 versus
1106 2754 1424 2822 diceremus,
1449 2769 1583 2825 quos
1610 2755 1787 2825 aliquo

205 2844 322 2899 vitio
353 2846 589 2899 infectos
620 2853 889 2900 constaret
918 2845 1016 2913 (b).

268 2939 428 3009 191
467 2936 593 2992 216.
636 2936 859 3007 Egregia
904 2945 1027 2992 sunt
1053 2953 1170 3007 qua:
1198 2938 1351 2993 aﬂ‘ert
1392 2938 1639 2996 Barthius
1693 2940 1784 2994 lib.

207 3044 305 3095 ut,
334 3044 467 3097 cap.
496 3029 587 3094 25,
619 3030 731 3098 qui,
762 3044 880 3083 cum
924 3030 1243 3085 omendisset
1287 3042 1433 3086 recte
1465 3033 1569 3088 diei
1608 3050 1696 3087 aer
1736 3042 1789 3088 et

205 3122 354 3175 cther
397 3129 596 3176 neutro
634 3134 849 3189 genere,
874 3119 1048 3187 Talia,
1072 3122 1259 3191 inquit,
1307 3123 1459 3191 plura
1496 3134 1612 3177 sunt
1651 3125 1789 3195 apud

1887 1907 2152 1977 publicam
2185 1907 2357 1963 lucem
2389 1908 2668 1974 emiserit,
2702 1922 2766 1963 ae
2796 1908 3049 1962 nonnulla
3080 1904 3462 1962 emendaverit.

1954 2001 2079 2054 217.
2122 2000 2437 2069 Exemplum
2486 2015 2613 2055 vero
2648 2014 2889 2055 errorum
2934 2001 3081 2070 quia
3124 1996 3466 2068 typograpliis

1886 2102 2009 2147 sunt
2039 2091 2260 2157 inducti,
2292 2106 2485 2161 ponam
2526 2092 2578 2146 iu
2606 2091 2821 2157 idolum,
2853 2090 2995 2160 quod
3041 2090 3188 2145 brevi
3219 2106 3249 2142 ο
3278 2105 3307 2143 a
3338 2088 3465 2143 Pru-

1887 2183 2071 2238 dentio
2088 2199 2309 2254 semper
2337 2184 2622 2239 inducitur.
2654 2185 2819 2239 Aldus
2842 2186 3021 2239 senior
3041 2184 3195 2239 codd.
3231 2198 3358 2239 mss.
3384 2199 3467 2240 er-

1886 2290 2063 2330 rorem
2095 2286 2306 2345 putans,
2359 2291 2504 2348 sa-pe
2544 2276 2830 2331 emendare
2860 2276 3045 2341 voluit,
3100 2285 3157 2329 ut
3182 2275 3465 2346 Psycbom.

1888 2380 2033 2422 vers.
2048 2368 2151 2424 579
2169 2385 2182 2421 :
2200 2368 2435 2438 Quosque
2459 2369 2591 2422 viros
2617 2386 2717 2422 non
2740 2370 2817 2421 ira
2838 2372 3075 2438 fremens,
3091 2367 3326 2435 idolaque
3342 2367 3469 2422 bello

1888 2472 1986 2527 pro
2018 2460 2253 2528 Quosque
2279 2462 2411 2514 viros
2434 2478 2535 2514 non
2556 2461 2633 2514 ira
2654 2465 2892 2530 fremens,
2923 2476 3021 2513 non
3050 2460 3188 2513 idola
3218 2461 3367 2514 bello.
3403 2460 3469 2515 Et

1886 2549 2054 2605 Aldus
2079 2551 2291 2623 quidem
2319 2553 2554 2621 regulam
2578 2562 2791 2606 secutus
2819 2557 2923 2615 est,
2950 2564 3122 2618 ne-Iuc
3152 2551 3201 2603 in
3234 2564 3467 2606 errorem

1888 2642 2103 2708 incidit;
2131 2660 2237 2698 non
2260 2644 2333 2698 ita
2352 2644 2667 2698 Muratorius
2689 2643 2739 2697 in
2766 2642 2823 2697 S.
2848 2641 3089 2708 Paulino,
3115 2644 3203 2711 qui
3226 2644 3468 2698 eamdem

1890 2734 2153 2804 Syllabam
2181 2736 2450 2804 corrigere
2478 2749 2671 2799 ausus,
2718 2736 2882 2788 multo
2912 2733 3081 2802 majus
3123 2734 3237 2801 ipse
3281 2746 3467 2801 pecca-

1890 2835 2001 2881 tum
2025 2827 2313 2892 commisit,
2343 2842 2463 2881 nam
2486 2828 2502 2880 i
2527 2828 2579 2881 in
2606 2827 2796 2879 idolum
2817 2834 3001 2880 contra
3028 2840 3213 2879 omnes
3240 2826 3467 2894 regulas,

1849 2966 1857 2976 .
1889 2934 2010 2974 cum
2040 2920 2108 2975 sit
2132 2918 2349 2985 εἴδωλον,
2378 2929 2432 2975 ct
2451 2919 2568 2974 sine
2590 2900 2696 2973 ullo
2718 2918 2964 2987 exemplo
2985 2918 3263 2986 corripuit,
3292 2932 3468 2984 poeni.

1890 3011 2075 3066 ultimo
2104 3012 2161 3065 In
2189 3012 2431 3066 ethnicos
2459 3026 2601 3066 vers.
2646 3009 2772 3075 205,
2803 3008 2911 3063 Nec
2939 3026 2992 3064 se
3020 3026 3248 3079 paganus
3279 3009 3468 3077 laudet,

1891 3100 1935 3153 si
1962 3104 2083 3154 citat
2110 3101 2269 3155 idola.
2299 3100 2590 3170 Subjicitur
2617 3108 2741 3154 nota
2774 3099 3042 3177 Muratorii
3070 3115 3084 3153 :
3115 3097 3179 3151 In
3211 3116 3305 3151 ms.
3341 3099 3469 3167 lege-

180 3213 525 3268 .Christianos
569 3222 722 3279 vates,
755 3229 867 3282 qute
914 3229 1003 3268 nos
1030 3214 1320 3282 ignorantia
1352 3191 1693 3285 antiquitatis,
1723 3218 1781 3270 ob
1808 3198 1854 3259 Ο
1887 3192 2051 3258 δαίων
2078 3195 2120 3247 δί
2148 3196 2232 3261 συί
2274 3194 2415 3248 idat“
2461 3194 2606 3247 υίίαίο
2642 3192 2941 3249 Εήεηάαυίο
2990 3192 3103 3248 Ν⁰¹¹
3152 3191 3468 3285 emendati:

200 3307 410 3359 amissos
444 3314 515 3358 tot
544 3304 805 3374 egregios,
852 3305 954 3357 imo
983 3308 1086 3375 fere
1126 3322 1226 3359 uno
1268 3315 1314 3359 et
1346 3308 1505 3361 altero
1546 3309 1782 3379 demptis,

202 3412 418 3451 summos
455 3396 704 3450 Romam
745 3395 1043 3466 eloquentia:
1082 3398 1368 3453 conditores
1398 3416 1499 3453 non
1533 3401 1787 3456 intellecta

203 3489 522 3544 domum“.
556 3486 824 3558 Prcecipue
842 3490 983 3557 apud
1002 3489 1329 3561 coryphteum
1354 3508 1527 3545 eorum
1548 3492 1787 3549 Pruden-

206 3580 341 3651 lium,
370 3598 534 3653 quem
559 3596 651 3651 ego
677 3582 746 3635 ad
787 3581 1032 3651 plurimos
1070 3598 1235 3638 mores
1264 3585 1491 3655 ritusque
1518 3587 1784 3655 explican-

266 3834 342 3905 (ι)
367 3833 433 3888 In
458 3840 750 3905 comment.
786 3832 865 3905 ad
888 3832 1144 3904 hymnum
1180 3832 1236 3887 S.
1268 3831 1491 3905 Eulaliae
1537 3847 1774 3889 errorem

205 3901 442 3972 ejusdem
475 3901 736 3973 Scaligeri
777 3901 1112 3973 redarguam,
1156 3905 1245 3971 qui
1288 3903 1338 3957 in
1369 3904 1773 3972 epigrammate,

204 3987 302 4042 quo
338 3973 619 4028 Ausonius
666 3972 1278 4043 Hispalimfcelebravit,
1326 3984 1509 4027 contra
1542 3984 1774 4029 veterem

204 4043 493 4113 lectionem
519 4042 796 4113 amplexus
819 4053 903 4098 est
922 4042 1228 4109 Emeritam,
1259 4059 1378 4099 cum
1400 4045 1535 4099 ratio
1559 4045 1778 4100 suadeat

204 4112 486 4181 Hispalim,
520 4112 626 4183 non
658 4112 954 4182 Emeritam,
985 4115 1087 4183 legi
1116 4114 1334 4169 debere.

269 4178 343 4255 (ὂ)
374 4178 777 4255 Barthii_verba
815 4183 908 4255 lib.
936 4178 1060 4247 im;
1089 4199 1208 4251 cap.
1238 4185 1271 4238 ι
1310 4185 1470 4251 Adv.,
1504 4200 1611 4239 non
1643 4200 1777 4253 pra:-

202 4252 537 4310 termittam:
575 4253 778 4307 Veteres
808 4252 1081 4307 Christiani
1126 4256 1409 4323 scriptores,
1457 4257 1592 4323 quod
1637 4252 1786 4311 hodie

201 4326 377 4393 vulgus
407 4334 589 4379 contra
618 4339 807 4392 magna
836 4326 1222 4394 prwsumptione
1259 4327 1490 4392 ingenita:
1540 4327 1784 4381 doctrina:

205 4396 351 4457 solet,
387 4396 599 4448 minime
637 4394 976 4463 aspernabant
998 4397 1075 4448 illi
1121 4394 1422 4448 adscititiam
1471 4412 1497 4449 e
1527 4395 1667 4450 libris
1696 4414 1785 4450 sa-

203 4464 429 4533 pientum
448 4464 802 4531 eruditionem,
832 4467 919 4531 qui
944 4476 1085 4519 extra
1113 4466 1337 4519 ecclesia:
1358 4467 1638 4533 penetralia
1667 4469 1783 4535 qui-

204 4535 315 4587 dem
344 4546 512 4598 erant,
538 4551 653 4587 cum
676 4550 734 4586 ea
756 4545 922 4589 tamen
963 4552 1064 4589 non
1086 4551 1204 4589 raro
1240 4536 1565 4589 mirissimum
1595 4540 1648 4591 in
1675 4554 1783 4589 mo-

202 4605 317 4657 dum
347 4606 751 4677 consentiebant.
782 4604 851 4677 Ei
874 4607 947 4657 rei
969 4606 1361 4660 animadvertere
1386 4607 1619 4661 debuisse
1637 4618 1780 4677 puto,

205 4683 303 4745 tum
325 4678 468 4730 alios
494 4676 679 4728 talium
697 4674 1073 4741 explanatores,
1122 4685 1228 4728 tum
1266 4678 1342 4729 uel
1383 4674 1656 4745 pracipue,
1696 4695 1762 4745 qu

208 4695 303 4726 tum
325 4695 468 4730 auos
494 4695 679 4728 tauum
697 4695 1073 4741 emptanatores,
1122 4695 1228 4728 tum
1266 4695 1340 4729 vet
1383 4695 1656 4745 prtecrpue,
1731 4696 1779 4733 ut

208 4741 549 4800 Prudentium
566 4746 696 4797 bona
726 4746 925 4812 publica
952 4746 1211 4799 illustrare
1248 4748 1462 4815 professi
1509 4757 1645 4800 sunt.
1688 4695 1779 4802 [tiu

204 4816 331 4868 enim
359 4817 417 4869 in
448 4832 508 4869 eo
538 4823 686 4884 poeta
734 4816 995 4867 recondita
1037 4816 1269 4882 eruditio,
1323 4834 1471 4869 rarus
1519 4818 1571 4870 in
1619 4818 1779 4872 verbis

206 4884 363 4957 lepor,
386 4890 444 4939 in
476 4885 656 4957 phrasi
678 4884 1054 4957 Latinitasnon
1082 4887 1303 4957 impura,
1337 4889 1435 4957 nisi
1471 4904 1570 4956 qua
1605 4889 1778 4941 imita-

203 4954 331 5027 tione
353 4971 526 5009 sacrit
567 4955 779 5027 loquela:
822 4956 971 5024 fregit
1001 4954 1171 5027 uolens
1218 4954 1560 5025 regulam,“
1603 4974 1702 5027 qua
1748 4976 1779 5011 a

205 5023 435 5080 barbarie
456 5023 819 5078 monac/torum
847 5026 1230 5079 exscribentium
1254 5023 1395 5080 secus
1424 5042 1574 5091 quam
1615 5023 1777 5080 uoluit

205 5108 301 5147 non
326 5113 453 5150 raro
476 5095 696 5148 scribere
720 5104 923 5148 coactus
941 5104 1033 5147 est.
1070 5096 1388 5150 Moriendum
1423 5106 1621 5161 tamen,
1656 5112 1774 5150 mo-

203 5168 388 5235 nachis
410 5166 615 5235 gratias
636 5179 756 5219 esse
779 5164 1071 5229 habendas,
1106 5168 1245 5233 quod
1280 5167 1429 5219 nobis
1462 5180 1564 5219 n0n
1598 5169 1772 5221 solum

206 5232 582 5298 Prudeniium,
615 5235 707 5289 sed
748 5234 881 5287 alios
916 5232 1132 5289 veteres
1170 5237 1459 5303 scriptores
1488 5251 1776 5290 conserva-

204 5315 347 5369 runt,
396 5321 577 5375 neque
620 5305 1090 5375 tamgculpandam
1149 5321 1333 5359 eorum
1383 5306 1774 5374 ignorantiam,

202 5388 359 5440 quam
402 5374 709 5444 temporum
742 5374 990 5442 iniuriam
1023 5385 1077 5429 et
1104 5376 1493 5430 difﬁcultatem.
1746 5388 1749 5391 ‘

273 5448 344 5510 (τ)
386 5446 638 5499 Barthius
666 5445 855 5498 iterum
888 5445 987 5499 hoc
1042 5447 1157 5500 loco
1211 5445 1459 5499 invidiam
1510 5447 1783 5501 monachis

202 5511 374 5581 aliqua
429 5529 497 5568 es
542 5525 693 5584 parte
736 5514 967 5569 conflare
1003 5518 1143 5579 vult;
1182 5517 1273 5569 sed
1302 5530 1404 5569 non
1437 5518 1783 5571 omittendum

202 5591 287 5653 est
317 5585 554 5653 elogium
586 5585 881 5650 Prudentii,
914 5586 1053 5653 quod
1081 5586 1300 5653 subiicit
1331 5604 1343 5638 :
1378 5584 1513 5639 Hinc
1536 5588 1788 5639 claustra-

202 5604 287 5635 εει
317 5604 554 5653 elogium
586 5604 881 5650 rruucntu,
914 5604 1053 5653 quoa
1081 5604 1181 5639 sun
1207 5604 1300 5640 lett
1331 5604 1343 5638 :
1378 5604 1513 5639 mnc
1536 5604 1786 5639 claustra-

198 5652 333 5705 libus
389 5656 515 5707 ciris
555 5657 861 5724 familiarior
912 5657 1071 5707 multa
1110 5604 1316 5709 vuinera
1358 5673 1448 5723 pro
1488 5657 1786 5710 eruditionis

196 5726 440 5775 mercede
461 5723 645 5777 retulit.
684 5723 999 5791 Eloquentia:
1027 5727 1152 5777 tanti
1174 5727 1267 5778 riri
1306 5726 1443 5778 testis
1487 5729 1550 5778 sit
1582 5728 1656 5779 vel
1686 5744 1786 5781 una

197 5791 494 5850 Ceremia
522 5793 764 5860 Romani,
782 5809 899 5859 qua:
906 5806 1243 5860 praeterquam
1260 5798 1393 5858 quod
1409 5797 1587 5859 paucis
1609 5799 1785 5857 uteris.

1767 4657 1864 4733 ξι)

1898 3284 2051 3354 192
2074 3285 2346 3352 Muratori,
2375 3285 2678 3354 corrupisti.
2709 3286 2850 3341 Idem
2880 3285 3130 3340 Paulinus
3156 3285 3211 3339 in
3234 3283 3470 3354 Epithal.

1895 3374 1951 3428 in
1983 3373 2251 3430 lulianum
2280 3375 2297 3429 :'

1891 3470 1901 3481 '
1953 3486 2109 3546 Absit,
2135 3492 2189 3537 ut.
2215 3486 2371 3537 idolici
2392 3488 2614 3537 videatur
2632 3488 2725 3538 tilia
2747 3487 2933 3550 templi.

1891 3590 2229 3646 Manifestum
2278 3600 2380 3657 est,
2415 3606 2445 3645 a
2491 3591 2713 3646 Paulino
2762 3608 2791 3645 ο
2818 3591 2872 3646 in
2916 3591 3091 3645 idotici
3118 3589 3315 3659 corripi
3366 3586 3467 3659 (ά).

1883 3834 2049 3903 iisque
2078 3851 2182 3889 non
2214 3842 2317 3887 tant
2347 3833 2569 3887 auctoris
2595 3850 2747 3903 quam
2776 3834 3166 3903 exscriptorunt,
3192 3835 3467 3892 etiamnum

1885 3906 2154 3973 inquinata
2192 3914 2285 3969 est,
2330 3907 2632 3973 cwteroquin
2666 3919 2940 3973 provocare
2978 3906 3140 3973 possit
3185 3906 3467 3962 iamborum

1888 3991 2060 4047 omnes
2080 3979 2193 4047 jam
2216 3976 2334 4047 inde
2356 3975 2421 4047 ab
2459 3973 2669 4047 Iloratio
2692 3982 2885 4047 poetas.
2909 3973 3120 4047 ΔΒιιιέυε
3140 3976 3384 4032 Barthius
3411 3978 3464 4034 in

1887 4043 2244 4119 esscriptores
2282 4045 2557 4119 Prudentii
2598 4043 2863 4119 invehitur
2908 4044 2997 4100 lib.
3053 4062 3169 4119 Liv,
3211 4062 3329 4119 cap.
3373 4050 3461 4119 18,

1890 4116 1979 4170 ubi
2019 4116 2071 4169 in
2113 4116 2262 4169 titulo
2301 4116 2394 4178 ait,
2422 4115 2830 4187 distinctionem
2874 4120 3104 4187 capitum
3144 4115 3465 4187 PsycbomaL

1888 4187 2023 4241 chirc
2054 4200 2173 4241 esse
2195 4186 2563 4249 monachicam,
2609 4193 2663 4239 et
2688 4195 2869 4251 postea
2914 4186 2965 4239 id
3007 4186 3281 4255 explicit:
3335 4187 3467 4244 Mihi

1888 4268 2057 4310 autem
2082 4257 2317 4310 universa
2353 4257 2515 4309 omnis
2542 4256 2633 4307 illa
2671 4257 2892 4322 capitum
2924 4257 3182 4310 distinctio
3210 4267 3257 4312 et
3281 4259 3468 4313 inscri-

1888 4328 1995 4395 ptio
2023 4342 2121 4380 non
2148 4343 2255 4381 esse
2282 4327 2507 4379 auctoris
2532 4326 2744 4387 videtur,
2782 4326 2871 4378 sed
2900 4325 3324 4381 scholasticorum
3353 4346 3464 4383 ma-

1890 4399 2186 4466 gistrorum,
2217 4398 2397 4467 quibus
2420 4412 2604 4464 magno
2633 4412 2724 4448 suo
2754 4398 2890 4449 malo
2921 4404 3025 4450 tant
3057 4399 3329 4465 fantiliaris
3365 4402 3464 4467 fuit

1889 4469 2110 4536 optimus
2123 4467 2529 4521 Christianorum
2550 4475 2811 4520 auctorum
2832 4468 3002 4536 quoad
3023 4470 3213 4535 poesim
3242 4470 3461 4536 quidem.

1960 4483 2529 4521 umusurrisuanorum
2550 4483 2811 4520 auctorum
2831 4483 3000 4589 quoad
3023 4483 3213 4535 poestm
3242 4483 3461 4536 quidem.

1960 4538 2038 4608 (d)
2072 4538 2443 4608 Barthiusjib.
2466 4551 2654 4608 gxxxnv,
2685 4550 2801 4604 cap.
2888 4553 2901 4591 :
2938 4534 3113 4603 Idola,
3144 4538 3333 4608 inquit,
3368 4540 3466 4590 du-

1889 4605 2021 4677 ctylo
2066 4617 2305 4677 usurpati
2328 4605 2645 4659 Prudentius
2689 4616 2859 4659 noster
2896 4624 2913 4663 :
2951 4608 3002 4659 in
3045 4623 3144 4675 quo
3185 4606 3253 4657 ad
3307 4622 3463 4660 unum

1889 4676 2060 4732 omnes
2086 4680 2252 4732 cwteri
2271 4676 2548 4729 Christiani
2576 4684 2733 4743 poetw
2752 4692 2867 4728 eum
2888 4676 3019 4729 velut
3042 4686 3297 4728 auctorem
3317 4692 3463 4728 suum

1888 4749 2102 4802 insecuti
2132 4748 2470 4811 inveniuntur.
2508 4744 2808 4799 Tertullian.
2841 4745 2928 4799 lib.
2960 4760 3015 4799 ιη
3047 4746 3098 4797 in
3124 4744 3460 4810 Marcionem,

1926 4834 2034 4871 uem
2083 4829 2247 4871 tamen
2292 4816 2381 4869 ille
2416 4816 2584 4885 potius
2623 4815 2847 4877 sequitur
2882 4832 2907 4885 :7
2941 4813 3092 4867 ldola
3128 4831 3257 4868 vana
3295 4817 3455 4885 sequi.

1934 4888 2135 4941 edulius
2178 4888 2268 4940 lib.
2310 4902 2359 4939 tv
2384 4883 2589 4940 ildola
2627 4885 2821 4937 dilexit.
2876 4884 3062 4937 Arator
3095 4886 3182 4937 lib.
3212 4900 3226 4937 ι
3258 4902 3270 4937 :
3313 4883 3462 4938 Idola

1886 4972 2134 5026 quwrens.
2170 4956 2477 5009 Prudentius
2501 4964 2665 5026 tamen
2694 4955 2861 5026 studio
2892 4955 3009 5022 fecit
3043 4970 3061 5007 :
3086 4970 3209 5026 nam
3231 4956 3351 5008 alibi
3372 4972 3463 5008 suo

1887 5024 2068 5082 ordine
2092 5028 2268 5079 eadem
2312 5041 2430 5078 voce
2466 5041 2586 5077 usus
2623 5024 2895 5089 invenitur,
2948 5033 3004 5075 ut
3041 5024 3164 5076 alibi
3206 5037 3461 5078 notamus.

1889 5095 2112 5150 Fallitur
2140 5096 2402 5158 Barthius,
2434 5093 2575 5161 quod
2614 5090 2957 5147 Prudentium
2996 5094 3228 5148 credidit
3266 5096 3459 5150 alicubi

1889 5167 2203 5235 produxisse
2227 5183 2257 5235 ο
2285 5166 2336 5219 in
2360 5164 2575 5217 idolum.
2625 5162 2822 5215 Locum
2854 5162 3054 5218 indicat
3084 5164 3177 5217 lib.
3213 5182 3299 5235 Ls.
3344 5181 3459 5232 cap.

1888 5234 1919 5288 7
1946 5253 1958 5287 :
1991 5235 2137 5289 Idem
2162 5234 2533 5299 eruditissimus
2562 5242 2853 5305 poetacum
2899 5235 2951 5288 in
2997 5236 3221 5305 syllabas
3258 5234 3464 5305 (ἐνατία

1888 5307 2144 5377 impingit,
2177 5321 2276 5359 non
2306 5320 2491 5366 errore,
2519 5304 2607 5377 sed
2627 5303 2832 5370 judicio
2862 5303 3171 5372 facit,'velut
3209 5322 3293 5358 eas
3326 5304 3467 5377 Lati-

1891 5373 1969 5429 nis
1997 5373 2188 5447 legibus
2218 5378 2521 5443 nstringens.
2558 5373 2754 5447 loouut
2785 5377 2981 5440 quoties
3022 5377 3183 5447 media
3212 5376 3344 5447 breui
3370 5390 3465 5440 po-

1892 5443 2220 5501 suithcivit
2252 5455 2419 5498 tamen
2457 5443 2837 5513 producendam
2876 5460 3001 5498 esse.
3045 5446 3191 5513 Sym.
3223 5461 3258 5505 l,
3291 5443 3468 5498 Cteru-

1895 5517 2093 5585 (easque
2122 5517 2341 5577 animas,
2379 5524 2427 5567 et
2460 5515 2604 5583 nigra
2632 5513 2771 5585 idola
2800 5514 2995 5567 volare.
3027 5514 3223 5569 Versus
3238 5525 3321 5585 est
3341 5513 3467 5581 424,

1893 5601 2015 5641 vera
2050 5588 2225 5650 lectio,
2276 5585 2627 5650 Catruleasque
2676 5584 2892 5647 animus,
2948 5591 3099 5654 atque
3138 5584 3471 5654 idslagnigra

1891 5659 2079 5710 uolare.
2115 5656 2261 5710 Adde
2296 5656 2415 5709 aliis
2442 5654 2758 5709 Venantium
2793 5652 3142 5707 Fortunatum
3186 5654 3252 5709 de
3286 5652 3472 5709 Certa-

1892 5728 2036 5781 mine
2067 5728 2292 5794 piorum,
2338 5726 2432 5795 qui
2476 5726 2547 5782 ait
2578 5742 2591 5776 :
2624 5722 2778 5780 Idola
2810 5724 2933 5781 dum
2975 5736 3178 5795 cuperet
3216 5724 3480 5781 Martinus

1889 5807 2133 5855 sternere.
