3970 6326
543 281 648 338 739

1957 269 2406 328 PRUDEN'I‘IUS.

3693 273 3776 332 740

544 361 761 460 Iosephi
791 385 1084 442 Blanchinii
1112 383 1484 450 eruditionem,
1518 381 1742 437 multum
1775 380 1840 435 ab
1867 379 1984 434 aliis
2010 379 2116 433 latt-
2146 377 2197 440 Α
2221 380 2346 444 nies,
2380 395 2574 450 semper
2622 397 2707 435 eos
2737 388 2848 436 non
2888 380 3109 452 syllabas
3139 378 3368 448 Gra'cas,
3415 381 3504 435 sed
3546 390 3779 435 accentum

544 481 741 547 datam,
765 495 862 551 ego
885 493 1093 550 quoque
1118 475 1273 531 valde
1298 472 1615 530 commendo
1640 491 1654 527 :
1680 473 1936 544 poeuliari
1959 474 2136 526 etiam.

537 575 746 633 ratione
772 558 999 627 hominis
1021 571 1349 640 diligentiam
1381 569 1695 636 amplector,
1722 565 1863 635 quod
1888 563 2119 617 officium

545 681 780 723 nonrum
836 665 1182 721 isidorianmn
1216 661 1580 716 illustraverit.
1630 657 1734 714 Sed
1789 657 2007 722 nollem,
2041 656 2122 709 vir

545 761 730 814 ἀοι-αις
759 801 772 823 ,
807 773 834 810 a
867 757 1114 810 facultate
1161 755 1424 830 poetica“
1447 752 1525 805 vel
1566 752 1633 805 ab
1662 749 1776 819 ejus
1822 747 2125 819 cognitione

547 849 866 918 impiratus,
914 845 978 900 ad
1010 845 1238 917 hymnos
1269 842 1543 898 l’rudentii
1594 843 1644 895 in
1675 839 1864 896 Ofticio
1893 840 2126 894 Mazara-

546 943 664 997 bico
691 937 1078 1002 emendandos,
1108 937 1438 990 accessisset.
1475 931 1834 988 Animadverti
1861 947 2007 986 nunt.
2034 931 2123 997 74,

545 1046 700 1103 quam
731 1030 1013 1084 abnormes
1045 1041 1228 1081 versus
1257 1015 1547 1080 Prudentio
1581 1023 1838 1094 afﬂngere
1868 1022 2122 1089 voluerit,

547 1139 689 1177 nunc
731 1121 970 1187 quaedam
1002 1120 1257 1186 attingam
1306 1132 1422 1186 qua:
1463 1114 1753 1171 emendare
1790 1115 2011 1184 cupiens
2050 1114 2127 1167 vi-

547 1215 718 1280 tiavit,
753 1229 819 1266 ne
850 1199 1132 1282 aliquando
1165 1209 1216 1262 in
1250 1199 1523 1262 Prudentil
1554 1207 1788 1261 carmina
1822 1205 1944 1259 novi
1976 1207 2127 1259 erro-

544 1321 631 1362 res
663 1307 918 1374 irrepant.
949 1303 1002 1358 ln
1033 1304 1086 1358 S.
1114 1301 1318 1355 Eulalia
1342 1311 1483 1376 vers.
1507 1297 1594 1363 64,
1620 1299 1773 1352 Mane
1795 1301 2009 1371 superba
2036 1299 2128 1350 tri-

474 1471 476 1474 ν
547 1391 753 1453 bunalia
785 1399 908 1464 adit,
945 1397 1142 1450 nullam
1174 1395 1565 1449 correctiOnem
1597 1391 1814 1446 adhibet
1840 1431 1854 1458 ,
1883 1405 2002 1444 cum
2025 1389 2127 1459 legi

546 1491 758 1555 debeat,
787 1481 939 1542 Mane
963 1490 1178 1558 superba
1207 1487 1428 1540 tribunal
1451 1485 1578 1538 adit.
1612 1484 1764 1540 Vers.
1791 1484 1919 1550 209,
1972 1481 2129 1536 Texta

547 1583 705 1655 {eram
733 1573 858 1650 pede
885 1579 1117 1643 datilico,
1165 1579 1413 1632 emendat
1456 1576 1679 1645 dactylo,
1728 1575 1806 1628 vel
1854 1571 2124 1642 dactylico.

546 1673 852 1744 Legendum
893 1672 1172 1746 dactylico,
1206 1676 1324 1723 nam
1370 1667 1511 1724 aliud
1543 1673 1711 1721 metro
1743 1677 2021 1734 repugnat.
2069 1665 2127 1717 in

2225 471 2460 528 Grtocum
2480 489 2588 528 esse
2611 475 2807 528 secutos
2837 473 2934 542 (θ).
3523 525 3533 535 _

2292 569 2415 622 218.
2455 568 2704 622 titillaret
2739 567 2822 621 his
2858 565 3105 620 Barthius
3137 566 3232 619 lib.
3263 581 3430 630 mn,
3459 580 3579 634 cap.
3615 565 3696 622 14.
3725 565 3778 620 in

2229 661 2510 714 Prudentia
2539 675 2654 713 cum
2686 659 2838 712 larvis
2867 659 3151 719 luctantur,
3182 658 3267 726 qui
3297 658 3670 721 eruditissimo,
3697 657 3780 712 ele-

2225 754 2547 823 gantissimo,
2577 762 2625 806 et
2662 751 2813 819 longe
2850 749 3287 804 Christianissimo
3325 757 3487 818 poeta:
3513 750 3781 816 obstrepunt

2227 859 2286 898 ea
2333 845 2397 898 de
2439 857 2628 907 causa,
2673 842 2810 912 quod
2852 841 3170 910 syllabarum
3209 839 3446 893 modulos
3476 840 3784 910 negligentia:

2225 937 2394 992 habet.
2425 937 2603 992 Atille
2645 935 2739 989 hac
2771 933 2940 988 studio
2979 935 3117 1004 agit,
3159 948 3249 987 nec
3275 934 3405 987 adeo
3437 948 3496 986 ea
3542 931 3609 985 de
3655 949 3784 989 causa

2227 1027 2569 1101 grammaticis
2593 1041 2821 1098 pugnare
2843 1026 2987 1090 vult,
3016 1035 3130 1078 cum
3172 1027 3333 1079 sciens
3362 1025 3656 1080 reiecisset.
3696 1023 3786 1079 Nec

2229 1127 2394 1175 tamen
2421 1119 2663 1190 exemplis
2689 1127 2740 1173 et
2763 1119 2960 1172 ratione
2995 1126 3189 1171 carent.
3232 1115 3442 1170 Frioola
3480 1125 3716 1184 utraque,
3750 1117 3785 1168 n

2228 1223 2444 1279 utraque
2463 1212 2610 1265 nihil.
2642 1211 2793 1264 Idem
2814 1211 3003 1281 capital
3027 1210 3236 1262 admisit
3265 1209 3542 1274 Ausonius,
3569 1211 3716 1277 epist.
3746 1210 3784 1262 l.

2231 1303 2301 1359 Et
2324 1305 2563 1373 festinato
2587 1312 2810 1373 tempore
2831 1311 3048 1372 utraque
3065 1303 3230 1367 daret,
3251 1311 3294 1355 et
3310 1301 3452 1354 alibi.
3473 1292 3544 1354 Et
3563 1301 3786 1370 quidquid

2229 1398 2369 1468 apud
2419 1397 2813 1451 eruditissimum
2861 1396 2996 1449 hunc
3022 1406 3221 1465 poetam
3253 1395 3600 1465 (Ausdnium)
3641 1396 3787 1462 legas,

2223 1488 2380 1558 jubeo
2423 1503 2534 1540 meo
2569 1488 2797 1555 periculo
2839 1501 3041 1540 censeas
3065 1486 3207 1554 apud
3235 1484 3523 1552 Lucilium,
3557 1485 3788 1549 Ennium,

2231 1588 2321 1633 aut
2352 1581 2477 1633 tales
2508 1580 2689 1650 legere.
2733 1579 2888 1632 Plura
2916 1579 3107 1632 deinde
3144 1578 3196 1632 in
3238 1579 3480 1633 Ausonio
3509 1587 3657 1633 notat
3692 1592 3791 1646 qua:

2191 1681 2196 1684 ·
2234 1688 2302 1727 ne
2350 1673 2406 1726 in
2447 1671 2736 1727 Prudentio
2772 1672 2987 1742 quidem
3020 1671 3380 1741 reperiuntur.
3420 1672 3713 1727 Becmanus
3736 1671 3790 1725 tle

545 1753 744 1836 hymno
772 1758 1154 1831 Jejunantium,
1185 1769 1322 1814 Vers.
1355 1761 1385 1813 7
1412 1777 1423 1812 :
1460 1760 1573 1823 Quo
1605 1757 1734 1826 ﬁbra
1755 1759 1923 1810 cordis
1953 1758 2125 1827 expia-

2234 1765 2432 1836 Origin.
2457 1765 2646 1833 linguae
2677 1763 2880 1819 Latinae
2908 1765 3076 1819 Verbo
3113 1764 3292 1830 Video,
3321 1765 3462 1834 quod
3491 1763 3793 1819 Prudentius

545 1868 628 1913 tur
650 1857 836 1911 viridi:
865 1855 1103 1924 corrigit,
1137 1855 1404 1923 capiamur
1432 1851 1605 1914 lividi;
1633 1853 1768 1906 male
1794 1867 1809 1902 ί
1844 1867 1963 1905 nam
1996 1851 2125 1919 libra

545 1959 627 2004 est
671 1953 721 2002 in
770 1938 1114 2013 nominativo,
1165 1963 1195 1998 a
1244 1955 1512 2013 correpto.
1545 1943 1696 1998 Vers.
1741 1943 1832 2008 2i,
1883 1944 2128 2015 Liberque

507 2112 510 2113 ν
545 2027 693 2110 ﬂatu,
721 2042 900 2094 nescio
922 2051 1015 2092 cur
1039 2039 1260 2092 mutavit
1281 2037 1330 2091 in
1356 2038 1493 2091 libet.
1524 2035 1676 2091 Vers.
1706 2035 1795 2101 98,
1825 2036 2127 2106 Veteresque

546 2122 709 2207 nugas
739 2135 1040 2188 condomare
1083 2150 1140 2184 ac
1168 2127 1423 2204 frangere,
1456 2131 1640 2185 contra
1671 2143 1885 2184 sensium
1918 2139 1971 2185 et
2020 2147 2124 2182 tne-

547 2237 686 2283 trum
716 2230 888 2297 posuit
909 2225 1197 2281 condonare
1219 2236 1264 2279 et
1293 2229 1529 2294 frangere
1553 2241 1569 2276 :
1599 2223 1826 2277 fortasse
1855 2229 1918 2277 ex
1946 2239 2128 2277 errore

549 2321 928 2394 typographico
954 2318 1204 2374 editiOnis
1227 2307 1466 2380 Giseiini,
1490 2331 1645 2386 quem
1673 2317 1714 2370 is
1740 2318 1790 2369 in
1821 2315 2010 2369 erratis
2034 2313 2128 2368 no-

549 2420 771 2467 tavorat.
806 2410 924 2464 Pari
950 2407 1134 2464 errore
1166 2423 1259 2478 pro
1285 2423 1406 2461 vera
1431 2401 1660 2462 lectione
1699 2423 1837 2462 vers.
1874 2401 1995 2472 154,
2025 2407 2128 2460 Im:

492 2561 498 2570 ί
549 2504 744 2572 pendit,
776 2503 958 2572 inquit,
989 2517 1073 2554 lRA
1095 2499 1278 2552 summi
1293 2500 1490 2572 judicis
1512 2499 1805 2565 substituit,
1836 2497 2125 2568 Impendet,

549 2597 715 2666 inquit
757 2611 843 2649 ITA
872 2635 885 2659 ,
917 2608 1078 2648 sensu
1109 2601 1162 2647 et
1209 2600 1377 2645 metro
1426 2599 1769 2660 repugnante.
1821 2589 1974 2647 Vers.
2008 2591 2125 2652 161,

549 2689 746 2746 Nullus
798 2690 1022 2752 vivendi,
1056 2679 1426 2756 corrigendum
1480 2685 1602 2760 fuit,
1657 2683 1850 2739 Nullus
1905 2671 2126 2738 bibendi.

549 2781 912 2844 Blanchinius,
932 2780 1033 2833 nisi
1056 2778 1254 2832 erravit
1276 2777 1661 2846 typographus,
1682 2775 1913 2846 scripsit,
1938 2769 2128 2828 Nullus

549 2873 785 2928 habendi.
837 2873 992 2927 Plura
1025 2880 1282 2941 praetereo
1320 2886 1438 2939 quae
1486 2870 1623 2923 male
1669 2867 1944 2934 correxit,
1978 2867 2128 2936 plura

486 3023 492 3028 ,
549 2980 689 3035 quae,
722 2966 846 3018 cuni
866 2965 1102 3031 deberet,
1133 2977 1238 3016 non
1267 2961 1588 3016 emendavit.
1622 2951 1673 3015 in
1701 2961 1940 3030 Quantam
1964 2961 2123 3013 etiam

550 3067 765 3128 peccata
795 3056 950 3126 hujus
980 3055 1191 3125 generis
1242 3053 1428 3109 incidit
1472 3052 1802 3120 Gallandius,
1855 3053 1936 3106 vir
1967 3061 2129 3106 tmte-

2231 1857 2462 1912 mediam
2513 1871 2725 1924 semper
2767 1859 2819 1910 in
2860 1857 3055 1910 idolum
3106 1855 3470 1925 corripuerit,
3529 1855 3659 1910 alios
3709 1868 3793 1920 per

2231 1949 2491 2020 systolen,
2517 1948 2655 2003 alios
2685 1947 2841 2003 aliter
2867 1961 3126 2002 excusare
3150 1949 3241 2010 ait,
3266 1945 3606 2018 Tryphonem
3633 1959 3796 2016 gram-

2229 2041 2481 2095 mancum
2513 2055 2607 2111 per
2643 2039 2836 2095 ἔνδειαν
2864 2045 2981 2108 (tum
3011 2041 3081 2094 sit
3105 2044 3401 2112 στοιχείου,
3443 2041 3476 2100 ἦ
3506 2047 3794 2111 σῆῖχειω,

2231 2137 2532 2202 ἐλάττωσις,
2563 2149 2756 2205 nempe
2793 2134 2980 2189 εἷδολον
3021 2149 3117 2204 pro
3146 2133 3370 2188 εἴδωλον.
3394 2132 3724 2202 Ludewiglus
3752 2133 3797 2184 in

2237 2228 2350 2282 Vita
2382 2229 2651 2283 Prudentii
2689 2213 2883 2284 acriter
2924 2243 3044 2282 eum
3093 2223 3334 2284 defendit
3370 2235 3553 2284 contra
3586 2241 3675 2283 eos
3718 2224 3798 2294 qui

2229 2321 2515 2376 barbarum
2562 2322 2712 2376 illum
2761 2328 2992 2388 vocant,
3044 2321 3185 2387 quod
3227 2322 3383 2375 metri
3423 2334 3585 2376 causa
3619 2317 3801 2374 dixerit

2189 2480 2205 2500 ο
2237 2413 2394 2484 194
2414 2415 2583 2483 famis,
2610 2414 2729 2477 luis,
2753 2413 2921 2484 pubis,
2945 2411 3184 2475 Joannis,
3211 2424 3304 2481 pro
3337 2415 3521 2482 fames,
3547 2409 3678 2476 lues,
3701 2420 3802 2462 etc.

2231 2503 2334 2557 Cui-
2359 2505 2596 2572 legimus,
2645 2502 2843 2572 inquit,
2885 2503 3027 2572 apud
3064 2501 3311 2557 Plautum
3347 2512 3395 2556 et
3430 2501 3706 2570 Virgilium
3734 2499 3806 2553 lea

2230 2607 2323 2665 pro
2353 2595 2461 2658 leo,
2492 2593 2693 2664 hospita
2723 2609 2815 2663 pro
2843 2593 3024 2666 hospes
3044 2633 3058 2658 ,
3108 2594 3253 2646 vallis
3291 2597 3380 2662 pro
3405 2591 3589 2654 ualles,
3616 2591 3740 2660 felix
3761 2599 3806 2642 et

2232 2684 2398 2752 culpis
2423 2697 2512 2753 pro
2535 2685 2654 2754 feles
2671 2694 2715 2736 et
2734 2683 2908 2754 uulpes
2925 2684 2949 2736 ?
2967 2682 3280 2738 Prudentius
3297 2695 3415 2737 usus
3433 2692 3502 2735 est
3521 2683 3806 2749 interecep-

2233 2779 2313 2829 tut
2339 2789 2428 2844 pro
2456 2776 2791 2843 interceptus,
2837 2775 3161 2845 interefectus
3206 2789 3296 2840 pro
3329 2774 3621 2844 interfectus
3653 2771 3800 2840 (vide

2233 2882 2380 2920 num.
2411 2867 2574 2936 seq.),
2606 2883 2707 2934 qua
2736 2866 2944 2920 licentia
2989 2871 3110 2921 usus
3143 2881 3343 2936 quoque
3377 2877 3450 2921 est
3487 2866 3807 2936 Virgilius...

2233 2955 2448 3028 Figura:
2476 2956 2608 3013 nihil
2644 2955 2790 3011 aliud
2819 2967 2979 3025 sunt,
3029 2959 3129 3013 nisi
3154 2957 3357 3029 palliati
3396 2961 3610 3012 errores.
3662 2957 3717 3011 Si
3749 2970 3810 3010 ea

2234 3051 2408 3104 omnia
2440 3065 2559 3118 quae
2589 3049 2872 3115 Homerus,
2898 3065 3014 3119 quae
3043 3049 3318 3120 Virgilius,
3341 3061 3458 3120 quae
3483 3049 3573 3103 alii
3601 3058 3810 3103 veteres

547 3147 738 3218 roqu'rn
783 3147 1152 3212 doctissimus,
1188 3144 1240 3198 in
1278 3145 1515 3199 editione
1553 3144 1826 3198 Prudentii
1878 3142 1972 3214 (a).
2013 3143 2131 3198 Non
2158 3129 2204 3191 C
2236 3143 2353 3198 ausi
2383 3151 2541 3211 sunt,
2587 3153 2739 3212 poets
2784 3142 2975 3212 aliquis
3026 3137 3208 3210 junior
3236 3141 3493 3208 dixisset,
3542 3144 3723 3209 neque
3749 3138 3812 3192 de

548 3239 626 3292 his
657 3237 880 3302 auxiliis,
930 3252 1031 3288 non
1075 3231 1427 3302 defensoribus
1479 3233 1631 3304 193
1661 3235 1769 3287 istis
1815 3233 2129 3289 Prudentius

547 3337 675 3395 eget.
728 3324 1093 3404 Patrocinium
1113 3324 1226 3390 ejus
1257 3326 1495 3392 suscepit
1523 3325 1758 3392 Scaliger
1789 3323 1838 3377 in
1886 3325 2126 3380 Lection.

547 3406 755 3470 Auson.
785 3430 899 3483 pag.
929 3414 1033 3468 207
1063 3415 1193 3468 edit.
1238 3414 1393 3469 1588.
1432 3407 1691 3468 Habebunt
1736 3423 1779 3467 et
1811 3415 1956 3469 aliud
1979 3435 2131 3488 pecu-

549 3507 674 3560 liare
723 3514 879 3572 poetic
917 3504 1118 3568 Latini,
1151 3506 1426 3573 pra’sertim
1475 3515 1623 3558 atate
1653 3505 1893 3569 Ausonii,
1923 3517 1978 3560 ut
2029 3525 2128 3562 non

485 3620 488 3621 '
546 3600 706 3653 solum
739 3596 942 3651 Graecas
969 3598 1331 3650 declinationes
1349 3599 1397 3650 in
1419 3595 1607 3652 Graecis
1633 3599 1958 3670 negligerent,
1995 3609 2039 3653 st
2061 3603 2127 3654 ad

545 3691 772 3763 regulam
789 3689 1086 3743 Latinorum
1103 3691 1343 3759 referrent
1359 3707 1376 3743 :
1392 3693 1477 3743 sed
1498 3699 1541 3743 et
1554 3693 1882 3759 quantitatem
1898 3692 1966 3745 ita
1985 3709 2125 3746 ever-

546 3793 721 3846 terent,
743 3795 796 3836 ut
819 3794 1025 3836 accentu
1046 3783 1190 3836 illam
1212 3785 1522 3836 metirentur.
1551 3782 1639 3838 Sic
1659 3801 1775 3853 pag.
1796 3784 1894 3839 104
1917 3788 2126 3857 corripit

543 3889 574 3929 e
603 3877 655 3927 in
690 3871 892 3940 Thales,
920 3883 971 3926 ut
1001 3872 1248 3928 Sidonius
1279 3873 1330 3926 in
1360 3871 1603 3944 Lyristes,
1635 3874 1803 3927 Alaco
1829 3877 1996 3945 potior
2025 3873 2127 3946 Ly-

543 3968 690 4018 ristes
712 3965 841 4032 ipso,
872 3964 1017 4033 quasi
1044 3981 1144 4017 non
1179 3964 1363 4018 Thales
1393 3974 1438 4017 et
1471 3964 1726 4034 Lyristes,
1761 3967 1848 4019 sed
1877 3965 2054 4020 Thalia
2081 3976 2128 4020 et

542 4053 742 4110 Liristis
753 4056 998 4108 dicerent.
1014 4054 1102 4111 Sic
1131 4055 1349 4118 Quintus
1363 4056 1534 4110 Cicero
1553 4073 1570 4110 :
1585 4058 1832 4112 (Ianditur
1848 4060 2039 4112 Oceani
2056 4063 2128 4114 ri-

542 4165 608 4220 pa
632 4163 744 4201 cum
768 4143 1075 4200 luceBootis.
1109 4147 1296 4210 Latini,
1323 4156 1373 4199 ut
1400 4157 1538 4201 notat
1567 4148 1772 4216 Servius
1794 4151 1844 4202 in
1873 4151 2042 4207 libello
2065 4156 2127 4208 de

539 4233 865 4306 Accentibus,
889 4241 1118 4294 eumdem
1139 4253 1398 4294 accentum
1420 4257 1567 4310 quem
1593 4242 1752 4296 (irasci
1776 4245 1978 4309 habent,
2004 4232 2126 4312 e/fe:

2231 3238 2480 3306 exemplo
2531 3243 2840 3300 constaret,
2883 3234 3335 3302 reprehensiones
3387 3234 3662 3289 hominum
3725 3231 3810 3284 vix

2232 3330 2499 3384 sustinere
2531 3338 2738 3399 posset.
2769 3328 3008 3383 Clericus
3036 3328 3091 3382 in
3123 3328 3237 3382 Vita
3265 3326 3534 3382 Pmdentii
3563 3327 3815 3394 ignoran-

2233 3419 2358 3474 tiam
2396 3431 2546 3474 suam
2578 3419 2857 3474 manifeste
2882 3417 3149 3484 ostendit,
3181 3431 3412 3486 arguens
3454 3423 3517 3472 ex
3554 3412 3814 3483 catalogis

2231 3509 2559 3583 syllabarum
2596 3510 2792 3580 quibus
2832 3521 3085 3580 peccasse
3111 3509 3309 3564 dicitur
3352 3507 3720 3572 Prudentius,
3765 3513 3817 3558 et

2229 3616 2420 3660 vocum
2455 3611 2640 3676 parum
2691 3605 2997 3658 Latinarum
3048 3611 3164 3673 qua
3209 3603 3264 3657 in
3303 3603 3490 3664 eodem
3533 3605 3811 3664 notantur,

2229 3696 2394 3750 multa
2439 3710 2560 3750 eum
2615 3696 2666 3747 in
2722 3702 2892 3749 metro
2940 3704 2992 3748 et
3046 3693 3332 3748 Latinitate
3379 3705 3620 3747 errasse.
3689 3689 3819 3745 Nam

2228 3787 2429 3842 similes
2449 3785 2672 3854 catalogi
2693 3787 2947 3840 adversus
2963 3786 3222 3855 optimum
3245 3799 3509 3854 quemque
3532 3793 3817 3837 auctorem

2229 3887 2452 3950 possunt
2472 3877 2685 3946 confici,
2711 3886 2763 3932 et
2785 3879 2838 3931 in
2865 3864 3568 3946 plurimorumeditionihus
3587 3875 3823 3931 cdnfocti

2229 3980 2392 4038 sunt,
2444 3980 2501 4025 ut
2526 3971 2687 4026 verba
2717 3959 2979 4037 obsoleta,
3010 3971 3307 4038 antiquata,
3340 3977 3394 4024 et
3430 3969 3663 4026 rarioris
3697 3973 3826 4024 itSus

2228 4063 2631 4132 dignoscantur,
2656 4062 2784 4130 quin
2811 4076 2997 4116 eorum
3029 4073 3311 4130 propterea
3347 4065 3499 4114 ianua
3524 4060 3828 4129 quidquam

2230 4153 2559 4209 detrahatur.
2594 4151 2940 4207 Prudentium
2974 4151 3268 4206 studiosum
3294 4151 3458 4206 fuisse
3477 4137 3830 4222 antiquitatis

2233 4261 2335 4299 non
2365 4260 2520 4314 nego.
2551 4244 2656 4299 Sed
2686 4252 2832 4299 recte
2864 4243 3054 4306 Cicero
3079 4245 3171 4298 lib.
3219 4239 3276 4299 tu
3313 4229 3379 4298 de
3405 4241 3831 4313 Oratore,\pag.

540 4338 661 4387 runt
692 4333 744 4384 in
797 4331 987 4384 Graecis
1018 4332 1325 4386 nominibus.
1363 4333 1522 4385 Inous
1553 4345 1747 4404 semper
1791 4346 1863 4388 est
1884 4339 2127 4408 dactylus
2233 4339 2372 4394 ηδε
2410 4337 2662 4391 Inusitata
2689 4349 2806 4391 sunt
2836 4339 3006 4407 prisca
3049 4339 3153 4408 fere
3178 4353 3238 4390 ac
3260 4346 3490 4402 vetusta,
3542 4347 3597 4392 et
3627 4339 3696 4391 ab
3741 4353 3836 4389 usu

540 4421 678 4495 apud
705 4422 1057 4477 Prudentium.
1080 4422 1324 4477 Sidonius
1343 4424 1668 4492 penultimam
1690 4427 1920 4490 producit
1938 4431 1987 4482 in
2013 4430 2124 4484 Eu-
2155 4491 2197 4502 _
2233 4431 2518 4502 quotidiani
2548 4431 2795 4484 sermonis
2809 4431 2921 4498 jam
2951 4430 3039 4484 diu
3063 4431 3368 4495 intermina,
3394 4443 3506 4498 qua?
3553 4437 3686 4484 sum
3719 4437 3837 4500 poe-

538 4518 752 4586 ripides,
775 4533 875 4570 non
897 4520 1248 4586 quantitatem,
1271 4516 1360 4570 sed
1381 4529 1636 4571 accentum
1663 4531 1882 4576 secutus.
1904 4522 2122 4577 Orches-
2150 4491 2204 4552 θ
2230 4530 2396 4575 tarum
2430 4522 2644 4576 licentia
2673 4519 2906 4575 liberiora
2952 4537 3104 4592 quam
3133 4526 3349 4584 nostra’;
3378 4520 3465 4576 sed
3493 4525 3684 4576 (arinen
3720 4491 3840 4572 i‘aro

541 4616 672 4659 iram
696 4609 856 4676 quatit
878 4610 1006 4661 alter
1035 4607 1320 4678 Euripidis,
1352 4609 1623 4662 secundam
1651 4611 1884 4681 producit
1910 4615 1960 4664 in
1991 4614 2128 4668 Mar—
2225 4615 2372 4668 habet
2400 4615 2554 4668 etiam
2583 4616 2639 4668 in
2659 4616 2889 4668 oratione
2912 4616 3164 4685 poeticum
3185 4615 3397 4682 aliquod
3411 4615 3646 4670 uerbum
3664 4616 3843 4685 digni-

539 4711 724 4768 syas...
753 4709 929 4752 contra
958 4701 1163 4788 corripit
1187 4700 1458 4752 secundam
1484 4700 1536 4752 in
1569 4699 1790 4756 Arato...
1812 4700 2128 4773 Deniqnein-
2229 4718 2400 4760 tatem.
2446 4703 2608 4760 Multo
2639 4721 2767 4761 vero
2814 4707 2984 4782 magis
3023 4705 3078 4759 id
3126 4706 3332 4760 licuerit
3361 4695 3712 4776 Prudentis);
3747 4707 3841 4776 qui

537 4794 674 4864 spic'e
695 4803 856 4848 totum
874 4783 1165 4859 Sidonium,
1185 4803 1344 4847 totum
1366 4793 1722 4861 Prudentium,
1738 4807 1784 4850 et
1809 4798 1970 4864 alios;
1994 4799 2125 4854 inve-
2229 4791 2503 4854 hominum
2527 4798 2606 4852 sui
2630 4783 2885 4868 temporis
2908 4797 3340 4853 doctissimorum
3365 4797 3694 4872 exetnplut‘n
3723 4800 3847 4854 imi-

612 4952 686 5018 (η)
732 4951 974 5005 Proiecto
1019 4965 1190 5020 neque
1229 4950 1507 5018 pulchrum
1559 4960 1643 5005 est
1692 4952 1851 5006 tricas
1897 4957 2119 5021 poeticae

538 5023 669 5090 artis
695 5023 914 5083 callere,
946 5036 1118 5090 neque
1151 5030 1306 5090 turpe
1328 5025 1596 5089 ignorare.
1629 5021 1735 5076 Sed
1766 5034 2116 5078 contemnen-

540 5089 663 5140 dum
698 5107 799 5162 non
831 5099 916 5145 est
939 5089 1136 5145 Horatii
1162 5089 1418 5146 monitum
1447 5093 1498 5146 in
1543 5107 1602 5147 re
1623 5093 1785 5147 simili
1821 5103 1911 5147 aut
1943 5096 2119 5162 proxi-

542 5172 648 5218 ma,
677 5161 829 5225 epist.
861 5163 912 5227 l,
946 5161 1041 5214 lib.
1063 5178 1099 5215 tt
1127 5180 1140 5215 :
1682 5213 1690 5222 .

598 5236 781 5306 Navem
805 5251 964 5306 agere
981 5244 1181 5306 ignarus
1202 5243 1337 5306 navis
1361 5244 1500 5306 timet
1522 5258 1532 5292 :
1553 5241 1844 5306 abrotonum
1869 5257 2027 5306 τρεῖ-ι),

599 5299 703 5365 fNon
729 5299 900 5365 audet,
921 5299 1116 5365 ιήειίψιι
1139 5300 1321 5360 dilicit,
1349 5305 1466 5353 dare
1490 5319 1502 5352 :
1527 5299 1654 5365 quod
1681 5299 1979 5354 medicortﬁn
2005 5311 2110 5365 est,

601 5363 893 5412 Promittunt
913 5363 1105 5421 medici,
1129 5371 1330 5413 tractant
1355 5363 1706 5414 fabrilia—fabri.

596 5424 866 5475 Scribimus
887 5427 1082 5477 indueti.
1109 5428 1333 5488 doctique
1361 5435 1580 5487 poemata
1606 5430 1798 5488 passim.

541 5494 684 5540 'We-inl
720 5488 909 5556 repetit
939 5488 990 5540 in
1010 5487 1136 5539 Arte
1168 5487 1370 5554 poetica
1397 5505 1409 5540 :

603 5560 791 5622 ludere
812 5560 894 5619 qui
920 5559 1094 5622 nescit,
1117 5558 1470 5622 campestribus
1493 5559 1705 5610 abstinet
1727 5562 1888 5622 armis,

600 5618 922 5683 indoctusque
945 5619 1069 5679 pilas.
1098 5620 1302 5683 discive,
1328 5621 1543 5669 trochive
1569 5621 1795 5683 quiescll,

599 5677 863 5742 Ijeisiiissvr-
887 5677 1032 5724 ris'tnn
1058 5681 1225 5727 tollant
1250 5677 1445 5742 impune
1469 5677 1674 5729 coronae.

601 5736 693 5790 Otii
716 5736 894 5788 nescit.
917 5749 1090 5787 versus
1107 5747 1269 5788 tamen
1291 5736 1440 5791 audet
1463 5742 1668 5801 ﬁngere.

2305 4950 2382 5029 (ιζ)
2428 4950 2559 5006 Aliis
2597 4952 2861 5029 eaemplis
2893 4952 3148 5029 eamdem
3189 4970 3301 5029 rem
3347 4955 3527 5022 pergit
3583 4959 3846 5029 Scaliger

2228 5021 2569 5096 conﬁrmare.
2601 5022 2689 5076 Sic
2713 5024 2967 5096 Ausonius
2999 5025 3060 5096 in
3085 5021 3706 5096 trigonoi,’tetragonos,
3730 5021 3846 5083 ἱὸν-

2224 5092 2346 5162 ripit
2373 5091 2722 5159 penultimam.
2757 5093 2882 5162 Quis
2909 5093 3112 5146 audebit
3141 5089 3324 5160 dicere,
3349 5089 3658 5154 Ausonium
3695 5089 3848 5162 igneo

2224 5119 2344 5162 rrpts
2373 5119 2722 5159 purstuumum.
2757 5119 2881 5157 guto
2909 5119 3112 5146 uuuruts
3141 5119 3324 5160 uicere,
3349 5119 3658 5154 mummium
3695 5119 3712 5152 Ι
3753 5119 3848 5152 ηοο

2222 5163 2418 5215 ratione
2461 5163 2743 5215 litterarum
2781 5160 3077 5216 Graecarum
3116 5166 3207 5216 hoc
3248 5167 3570 5219 commisisse
3593 5171 3620 5223 ?
3673 5119 3850 5224 ευιο

2223 5248 2375 5286 sanus
2399 5232 2640 5301 quidem,
2668 5243 2721 5284 ut
2751 5243 2889 5300 puto.
2926 5233 3031 5286 Sed
3069 5235 3146 5286 liis
3169 5235 3471 5301 temporibus
3497 5240 3750 5294 stultum
3777 5243 3851 5293 ri-

2157 5359 2162 5362 _
2223 5300 2435 5373 dabatur
2465 5318 2562 5354 non
2605 5300 2674 5354 ibi
2701 5305 2976 5368 producere
2997 5304 3242 5370 syllabam
3274 5306 3356 5358 ubi
3384 5309 3649 5363 accentus
3681 5322 3845 5373 esset,

2219 5373 2337 5440 quia
2367 5371 2450 5432 hic
2503 5382 2575 5424 est
2604 5389 2712 5426 mos
2749 5373 2934 5441 lingula
2967 5373 3180 5428 Latinae.
3224 5376 3359 5428 Adeo
3400 5387 3453 5427 ut
3491 5375 3754 5434 Plautus
3798 5371 3850 5436 in

2216 5443 2533 5518 Iwc_secutus
2559 5444 2620 5518 sit
2652 5443 2897 5518 iudiciuin
2919 5442 3133 5518 vulgi...
3157 5445 3340 5518 Contra
3396 5457 3553 5518 relate
3624 5450 3846 5517 Plauti,

2216 5520 2268 5565 ut
2315 5514 2368 5565 in
2411 5514 2689 5580 quantitate
2717 5514 3061 5581 syllabarum,
3093 5517 3165 5569 sic
3192 5525 3238 5566 et
3278 5517 3331 5569 in
3375 5514 3849 5576 declinationibus

2216 5582 2523 5636 Latinismos
2574 5583 2924 5638 admittebant.
2986 5585 3228 5638 Dicebant
3283 5587 3416 5638 enim
3474 5585 3796 5648 Nestorem

2216 5650 2508 5718 Hectorem,
2531 5655 2783 5722 quomodo
2812 5666 3054 5710 rectorem
3071 5691 3089 5721 ,
3112 5671 3417 5722 mensorem,
3439 5665 3486 5710 et
3518 5634 3796 5716 siis-cili}:
3832 5634 3850 5660 '
