  <div class='ocr_page' id='page_1' title='image "/cluster/home/n/w/nwhite01/storage/ocr_20150623/59/hvd.32044073505257/445.png"; bbox 0 0 3970 6326; ppageno 0'>
   <div class='ocr_carea' id='block_1_1' title="bbox 505 344 2134 478">
    <p class='ocr_par' dir='ltr' id='par_1_1' title="bbox 505 378 2134 478">
     <span class='ocr_line' id='line_1_1' title="bbox 505 378 2134 478; baseline -0.028 0"><span class='ocrx_word' id='word_1_1' title='bbox 505 416 607 478; x_wconf 75' lang='lat' dir='ltr'><strong>us</strong></span> <span class='ocrx_word' id='word_1_2' title='bbox 1010 423 1018 430; x_wconf 84' lang='grc'><strong>·</strong></span> <span class='ocrx_word' id='word_1_3' title='bbox 1241 449 1247 455; x_wconf 89' lang='grc'>.</span> <span class='ocrx_word' id='word_1_4' title='bbox 1317 448 1323 453; x_wconf 85' lang='grc'><strong>.</strong></span> <span class='ocrx_word' id='word_1_5' title='bbox 1480 470 1487 475; x_wconf 21' lang='grc' dir='ltr'>δ</span> <span class='ocrx_word' id='word_1_6' title='bbox 1910 378 2134 439; x_wconf 73' lang='lat' dir='ltr'><strong>pauos</strong></span> 
     </span>
    </p>
   </div>
   <div class='ocr_carea' id='block_1_2' title="bbox 2248 344 3751 478">
    <p class='ocr_par' dir='ltr' id='par_1_2' title="bbox 2248 344 3751 432">
     <span class='ocr_line' id='line_1_2' title="bbox 2248 344 3751 432; baseline -0.015 0"><span class='ocrx_word' id='word_1_7' title='bbox 2248 370 2356 432; x_wconf 76' lang='lat' dir='ltr'><strong>LUS.</strong></span> <span class='ocrx_word' id='word_1_8' title='bbox 3647 344 3751 410; x_wconf 66' lang='grc'><strong>744</strong></span> 
     </span>
    </p>
   </div>
   <div class='ocr_carea' id='block_1_3' title="bbox 508 465 3749 591">
    <p class='ocr_par' dir='ltr' id='par_1_3' title="bbox 508 465 3749 591">
     <span class='ocr_line' id='line_1_3' title="bbox 508 465 3749 591; baseline -0.021 -5"><span class='ocrx_word' id='word_1_9' title='bbox 508 527 771 591; x_wconf 80' lang='lat' dir='ltr'><strong>Pamelius</strong></span> <span class='ocrx_word' id='word_1_10' title='bbox 807 518 1137 579; x_wconf 83' lang='lat' dir='ltr'><strong>Tertulliano</strong></span> <span class='ocrx_word' id='word_1_11' title='bbox 1163 511 1410 578; x_wconf 78' lang='lat' dir='ltr'><strong>ascribit,</strong></span> <span class='ocrx_word' id='word_1_12' title='bbox 1441 507 1584 564; x_wconf 87' lang='lat' dir='ltr'><strong>Elias</strong></span> <span class='ocrx_word' id='word_1_13' title='bbox 1610 501 1793 561; x_wconf 88' lang='lat' dir='ltr'><strong>Pinius</strong></span> <span class='ocrx_word' id='word_1_14' title='bbox 1822 495 2072 551; x_wconf 83' lang='lat' dir='ltr'><strong>Salviano</strong></span> <span class='ocrx_word' id='word_1_15' title='bbox 2100 495 2155 557; x_wconf 78' lang='grc' dir='ltr'>Α</span> <span class='ocrx_word' id='word_1_16' title='bbox 2177 491 2319 546; x_wconf 85' lang='lat' dir='ltr'><strong>milis</strong></span> <span class='ocrx_word' id='word_1_17' title='bbox 2362 484 2574 543; x_wconf 75' lang='lat' dir='ltr'><strong>licentia</strong></span> <span class='ocrx_word' id='word_1_18' title='bbox 2622 482 2674 536; x_wconf 93' lang='lat' dir='ltr'><strong>in</strong></span> <span class='ocrx_word' id='word_1_19' title='bbox 2701 473 2996 551; x_wconf 69' lang='lat' dir='ltr'><strong>quantitate</strong></span> <span class='ocrx_word' id='word_1_20' title='bbox 3026 468 3349 543; x_wconf 83' lang='lat' dir='ltr'><strong>syllabarum</strong></span> <span class='ocrx_word' id='word_1_21' title='bbox 3380 467 3496 523; x_wconf 90' lang='lat' dir='ltr'><strong>sine</strong></span> <span class='ocrx_word' id='word_1_22' title='bbox 3524 465 3749 531; x_wconf 80' lang='lat' dir='ltr'><strong>ratione,</strong></span> 
     </span>
     <span class='ocr_line' id='line_1_4' title="bbox 2039 558 3715 591; baseline 0 0"><span class='ocrx_word' id='word_1_23' title='bbox 2039 586 2050 591; x_wconf 85' lang='grc'><strong>-</strong></span> <span class='ocrx_word' id='word_1_24' title='bbox 2209 585 2221 591; x_wconf 87' lang='grc'><strong>-</strong></span> <span class='ocrx_word' id='word_1_25' title='bbox 2512 578 2525 591; x_wconf 74' lang='grc' dir='ltr'>ι</span> <span class='ocrx_word' id='word_1_26' title='bbox 2608 576 2622 589; x_wconf 79' lang='grc' dir='ltr'><strong><em>ο</em></strong></span> <span class='ocrx_word' id='word_1_27' title='bbox 2676 572 2905 591; x_wconf 34' lang='grc' dir='ltr'><strong>νηιμηη.</strong></span> <span class='ocrx_word' id='word_1_28' title='bbox 2965 582 3063 591; x_wconf 47' lang='grc' dir='ltr'><strong>--.Α</strong></span> <span class='ocrx_word' id='word_1_29' title='bbox 3088 578 3280 591; x_wconf 59' lang='grc' dir='ltr'><strong>...Μαι-η</strong></span> <span class='ocrx_word' id='word_1_30' title='bbox 3311 576 3433 591; x_wconf 68' lang='grc' dir='ltr'><strong>..ο-ιι-</strong></span> <span class='ocrx_word' id='word_1_31' title='bbox 3460 569 3535 591; x_wconf 65' lang='lat' dir='ltr'><strong>non</strong></span> <span class='ocrx_word' id='word_1_32' title='bbox 3572 558 3715 591; x_wconf 74' lang='grc' dir='ltr'><strong>ΔΙιΙιη</strong></span> 
     </span>
    </p>
   </div>
   <div class='ocr_carea' id='block_1_4' title="bbox 510 558 3749 682">
    <p class='ocr_par' dir='ltr' id='par_1_4' title="bbox 510 558 3749 682">
     <span class='ocr_line' id='line_1_5' title="bbox 510 558 1681 591; baseline -0.021 -5"><span class='ocrx_word' id='word_1_33' title='bbox 510 558 771 591; x_wconf 74' lang='lat' dir='ltr'><strong>ruulcuua</strong></span> <span class='ocrx_word' id='word_1_34' title='bbox 819 558 1137 579; x_wconf 68' lang='grc' dir='ltr'><strong>ιιιηιιιι--ν</strong></span> <span class='ocrx_word' id='word_1_35' title='bbox 1163 558 1410 578; x_wconf 62' lang='grc' dir='ltr'><strong>...ιω-ων,</strong></span> <span class='ocrx_word' id='word_1_36' title='bbox 1442 558 1581 564; x_wconf 38' lang='lat'><strong>._----~</strong></span> <span class='ocrx_word' id='word_1_37' title='bbox 1612 558 1630 561; x_wconf 31' lang='grc' dir='ltr'><em>θ</em></span> <span class='ocrx_word' id='word_1_38' title='bbox 1658 558 1681 559; x_wconf 51' lang='grc' dir='ltr'>η</span> 
     </span>
     <span class='ocr_line' id='line_1_6' title="bbox 510 558 3749 682; baseline -0.021 -3"><span class='ocrx_word' id='word_1_39' title='bbox 510 617 825 682; x_wconf 76' lang='lat' dir='ltr'><strong>Massiliensi</strong></span> <span class='ocrx_word' id='word_1_40' title='bbox 850 654 866 682; x_wconf 91' lang='lat'><strong>,</strong></span> <span class='ocrx_word' id='word_1_41' title='bbox 921 627 989 668; x_wconf 83' lang='lat' dir='ltr'><strong>ex</strong></span> <span class='ocrx_word' id='word_1_42' title='bbox 1035 608 1341 677; x_wconf 85' lang='lat' dir='ltr'><strong>conjectura</strong></span> <span class='ocrx_word' id='word_1_43' title='bbox 1384 600 1526 671; x_wconf 89' lang='lat' dir='ltr'><strong>quod</strong></span> <span class='ocrx_word' id='word_1_44' title='bbox 1577 598 1645 652; x_wconf 86' lang='lat' dir='ltr'><strong>de</strong></span> <span class='ocrx_word' id='word_1_45' title='bbox 1697 591 1950 650; x_wconf 83' lang='lat' dir='ltr'><strong>Salviano</strong></span> <span class='ocrx_word' id='word_1_46' title='bbox 2005 586 2079 639; x_wconf 86' lang='lat' dir='ltr'><strong>ait</strong></span> <span class='ocrx_word' id='word_1_47' title='bbox 2178 585 2295 640; x_wconf 88' lang='lat' dir='ltr'><strong>sine</strong></span> <span class='ocrx_word' id='word_1_48' title='bbox 2322 578 2565 648; x_wconf 78' lang='lat' dir='ltr'><strong>exemplo</strong></span> <span class='ocrx_word' id='word_1_49' title='bbox 2606 572 2930 639; x_wconf 88' lang='lat' dir='ltr'><strong>invaluerat,</strong></span> <span class='ocrx_word' id='word_1_50' title='bbox 2961 582 3067 639; x_wconf 89' lang='lat' dir='ltr'><strong>quo</strong></span> <span class='ocrx_word' id='word_1_51' title='bbox 3087 578 3282 637; x_wconf 79' lang='lat' dir='ltr'><strong>genere</strong></span> <span class='ocrx_word' id='word_1_52' title='bbox 3311 576 3437 618; x_wconf 91' lang='lat' dir='ltr'><strong>usus</strong></span> <span class='ocrx_word' id='word_1_53' title='bbox 3460 569 3541 617; x_wconf 87' lang='lat' dir='ltr'><strong>est</strong></span> <span class='ocrx_word' id='word_1_54' title='bbox 3567 558 3749 622; x_wconf 83' lang='lat' dir='ltr'><strong>Abbo,</strong></span> 
     </span>
    </p>
   </div>
   <div class='ocr_carea' id='block_1_5' title="bbox 513 667 2664 771">
    <p class='ocr_par' dir='ltr' id='par_1_5' title="bbox 513 667 2664 771">
     <span class='ocr_line' id='line_1_7' title="bbox 513 667 2664 771; baseline -0.024 -1"><span class='ocrx_word' id='word_1_55' title='bbox 513 667 865 771; x_wconf 58' lang='lat' dir='ltr'><strong>Gennadius;</strong></span> <span class='ocrx_word' id='word_1_56' title='bbox 898 704 963 759; x_wconf 89' lang='lat' dir='ltr'><strong>In</strong></span> <span class='ocrx_word' id='word_1_57' title='bbox 989 667 1173 758; x_wconf 69' lang='lat' dir='ltr'><strong>morem</strong></span> <span class='ocrx_word' id='word_1_58' title='bbox 1208 667 1502 753; x_wconf 71' lang='lat' dir='ltr'><strong>Graecorum</strong></span> <span class='ocrx_word' id='word_1_59' title='bbox 1533 708 1565 743; x_wconf 92' lang='lat' dir='ltr'><strong>a</strong></span> <span class='ocrx_word' id='word_1_60' title='bbox 1595 685 1844 757; x_wconf 83' lang='lat' dir='ltr'><strong>principio</strong></span> <span class='ocrx_word' id='word_1_61' title='bbox 1874 680 2079 735; x_wconf 74' lang='lat' dir='ltr'><strong>Genesis</strong></span> <span class='ocrx_word' id='word_1_62' title='bbox 2180 674 2375 742; x_wconf 86' lang='lat' dir='ltr'><strong>aliique</strong></span> <span class='ocrx_word' id='word_1_63' title='bbox 2412 667 2664 740; x_wconf 83' lang='lat' dir='ltr'><strong>aequales.</strong></span> 
     </span>
    </p>
   </div>
   <div class='ocr_carea' id='block_1_6' title="bbox 517 778 2083 880">
    <p class='ocr_par' dir='ltr' id='par_1_6' title="bbox 517 778 2083 880">
     <span class='ocr_line' id='line_1_8' title="bbox 517 778 2083 880; baseline -0.027 -15"><span class='ocrx_word' id='word_1_64' title='bbox 517 824 672 880; x_wconf 77' lang='lat' dir='ltr'><strong>usque</strong></span> <span class='ocrx_word' id='word_1_65' title='bbox 708 805 776 859; x_wconf 89' lang='lat' dir='ltr'><strong>ad</strong></span> <span class='ocrx_word' id='word_1_66' title='bbox 816 799 1155 857; x_wconf 78' lang='lat' dir='ltr'><strong>conditionem</strong></span> <span class='ocrx_word' id='word_1_67' title='bbox 1196 791 1347 863; x_wconf 87' lang='lat' dir='ltr'><strong>primi</strong></span> <span class='ocrx_word' id='word_1_68' title='bbox 1379 786 1615 856; x_wconf 83' lang='lat' dir='ltr'><strong>hominis_</strong></span> <span class='ocrx_word' id='word_1_69' title='bbox 1634 778 1909 849; x_wconf 86' lang='lat' dir='ltr'><strong>composuit</strong></span> <span class='ocrx_word' id='word_1_70' title='bbox 1941 787 2083 826; x_wconf 81' lang='lat' dir='ltr'><strong>versu</strong></span> 
     </span>
    </p>
   </div>
   <div class='ocr_carea' id='block_1_7' title="bbox 518 863 2085 973">
    <p class='ocr_par' dir='ltr' id='par_1_7' title="bbox 518 863 2085 973">
     <span class='ocr_line' id='line_1_9' title="bbox 518 863 2085 973; baseline -0.027 -18"><span class='ocrx_word' id='word_1_71' title='bbox 518 900 663 973; x_wconf 83' lang='lat' dir='ltr'><strong>quasi</strong></span> <span class='ocrx_word' id='word_1_72' title='bbox 690 888 1227 950; x_wconf 73' lang='lat' dir='ltr'><strong>hexaemeronlibrum</strong></span> <span class='ocrx_word' id='word_1_73' title='bbox 1254 897 1434 936; x_wconf 87' lang='lat' dir='ltr'><strong>unum.</strong></span> <span class='ocrx_word' id='word_1_74' title='bbox 1469 877 1681 937; x_wconf 77' lang='lat' dir='ltr'><strong>Mirum,</strong></span> <span class='ocrx_word' id='word_1_75' title='bbox 1714 872 1763 923; x_wconf 94' lang='lat' dir='ltr'><strong>ni</strong></span> <span class='ocrx_word' id='word_1_76' title='bbox 1798 863 2085 921; x_wconf 81' lang='lat' dir='ltr'><strong>Prudentia</strong></span> 
     </span>
    </p>
   </div>
   <div class='ocr_carea' id='block_1_8' title="bbox 519 962 2087 1061">
    <p class='ocr_par' dir='ltr' id='par_1_8' title="bbox 519 962 2087 1061">
     <span class='ocr_line' id='line_1_10' title="bbox 519 962 2087 1061; baseline -0.027 -15"><span class='ocrx_word' id='word_1_77' title='bbox 519 962 729 1061; x_wconf 74' lang='lat' dir='ltr'><strong>quoque</strong></span> <span class='ocrx_word' id='word_1_78' title='bbox 758 984 884 1040; x_wconf 82' lang='lat' dir='ltr'><strong>velit</strong></span> <span class='ocrx_word' id='word_1_79' title='bbox 923 979 1115 1049; x_wconf 87' lang='lat' dir='ltr'><strong>aliquis</strong></span> <span class='ocrx_word' id='word_1_80' title='bbox 1153 975 1293 1029; x_wconf 88' lang='lat' dir='ltr'><strong>hunc</strong></span> <span class='ocrx_word' id='word_1_81' title='bbox 1331 972 1525 1024; x_wconf 90' lang='lat' dir='ltr'><strong>librum</strong></span> <span class='ocrx_word' id='word_1_82' title='bbox 1568 962 1861 1018; x_wconf 74' lang='lat' dir='ltr'><strong>attriLuere</strong></span> <span class='ocrx_word' id='word_1_83' title='bbox 1914 973 1925 1006; x_wconf 89' lang='lat'><strong>:</strong></span> <span class='ocrx_word' id='word_1_84' title='bbox 1968 967 2087 1006; x_wconf 83' lang='lat' dir='ltr'><strong>nam</strong></span> 
     </span>
    </p>
   </div>
   <div class='ocr_carea' id='block_1_9' title="bbox 524 1050 2091 1137">
    <p class='ocr_par' dir='ltr' id='par_1_9' title="bbox 524 1050 2091 1137">
     <span class='ocr_line' id='line_1_11' title="bbox 524 1050 2091 1137; baseline -0.026 -1"><span class='ocrx_word' id='word_1_85' title='bbox 524 1050 683 1137; x_wconf 73' lang='lat' dir='ltr'><strong>etiam</strong></span> <span class='ocrx_word' id='word_1_86' title='bbox 714 1072 1018 1132; x_wconf 87' lang='lat' dir='ltr'><strong>Gennadius</strong></span> <span class='ocrx_word' id='word_1_87' title='bbox 1046 1070 1100 1123; x_wconf 89' lang='lat' dir='ltr'><strong>in</strong></span> <span class='ocrx_word' id='word_1_88' title='bbox 1126 1063 1401 1121; x_wconf 85' lang='lat' dir='ltr'><strong>Prudentii</strong></span> <span class='ocrx_word' id='word_1_89' title='bbox 1424 1059 1597 1127; x_wconf 88' lang='lat' dir='ltr'><strong>elogio</strong></span> <span class='ocrx_word' id='word_1_90' title='bbox 1618 1058 1692 1109; x_wconf 85' lang='lat' dir='ltr'><strong>ait</strong></span> <span class='ocrx_word' id='word_1_91' title='bbox 1724 1070 1738 1108; x_wconf 86' lang='lat'><strong>:</strong></span> <span class='ocrx_word' id='word_1_92' title='bbox 1771 1050 2091 1105; x_wconf 82' lang='lat' dir='ltr'><strong>Commenta-</strong></span> 
     </span>
    </p>
   </div>
   <div class='ocr_carea' id='block_1_10' title="bbox 526 1135 2095 1233">
    <p class='ocr_par' dir='ltr' id='par_1_10' title="bbox 526 1135 2095 1233">
     <span class='ocr_line' id='line_1_12' title="bbox 526 1135 2095 1233; baseline -0.025 -7"><span class='ocrx_word' id='word_1_93' title='bbox 526 1182 606 1226; x_wconf 83' lang='lat' dir='ltr'><strong>tas</strong></span> <span class='ocrx_word' id='word_1_94' title='bbox 626 1177 697 1225; x_wconf 65' lang='lat' dir='ltr'><strong>est</strong></span> <span class='ocrx_word' id='word_1_95' title='bbox 731 1176 778 1223; x_wconf 88' lang='lat' dir='ltr'><strong>et</strong></span> <span class='ocrx_word' id='word_1_96' title='bbox 805 1168 858 1219; x_wconf 88' lang='lat' dir='ltr'><strong>in</strong></span> <span class='ocrx_word' id='word_1_97' title='bbox 890 1176 1078 1217; x_wconf 84' lang='lat' dir='ltr'><strong>morem</strong></span> <span class='ocrx_word' id='word_1_98' title='bbox 1106 1157 1398 1233; x_wconf 63' lang='lat' dir='ltr'><strong>Grecorum</strong></span> <span class='ocrx_word' id='word_1_99' title='bbox 1440 1149 1791 1205; x_wconf 74' lang='lat' dir='ltr'><strong>Hexaemeron</strong></span> <span class='ocrx_word' id='word_1_100' title='bbox 1830 1142 1892 1194; x_wconf 85' lang='lat' dir='ltr'><strong>de</strong></span> <span class='ocrx_word' id='word_1_101' title='bbox 1921 1135 2095 1192; x_wconf 85' lang='lat' dir='ltr'><strong>mundi</strong></span> 
     </span>
    </p>
   </div>
   <div class='ocr_carea' id='block_1_11' title="bbox 529 1236 2095 1333">
    <p class='ocr_par' dir='ltr' id='par_1_11' title="bbox 529 1236 2095 1333">
     <span class='ocr_line' id='line_1_13' title="bbox 529 1236 2095 1333; baseline -0.023 -17"><span class='ocrx_word' id='word_1_102' title='bbox 529 1262 724 1333; x_wconf 74' lang='lat' dir='ltr'><strong>fabrica</strong></span> <span class='ocrx_word' id='word_1_103' title='bbox 752 1271 908 1327; x_wconf 76' lang='lat' dir='ltr'><strong>usque</strong></span> <span class='ocrx_word' id='word_1_104' title='bbox 935 1252 1001 1308; x_wconf 85' lang='lat' dir='ltr'><strong>ad</strong></span> <span class='ocrx_word' id='word_1_105' title='bbox 1027 1249 1363 1306; x_wconf 78' lang='lat' dir='ltr'><strong>conditionem</strong></span> <span class='ocrx_word' id='word_1_106' title='bbox 1397 1242 1544 1313; x_wconf 80' lang='lat' dir='ltr'><strong>primi</strong></span> <span class='ocrx_word' id='word_1_107' title='bbox 1579 1236 1794 1292; x_wconf 83' lang='lat' dir='ltr'><strong>hominis</strong></span> <span class='ocrx_word' id='word_1_108' title='bbox 1818 1242 1865 1287; x_wconf 90' lang='lat' dir='ltr'><strong>et</strong></span> <span class='ocrx_word' id='word_1_109' title='bbox 1901 1244 2095 1301; x_wconf 65' lang='lat' dir='ltr'><strong>pracva-</strong></span> 
     </span>
    </p>
   </div>
   <div class='ocr_carea' id='block_1_12' title="bbox 531 1319 2097 1417">
    <p class='ocr_par' dir='ltr' id='par_1_12' title="bbox 531 1319 2097 1417">
     <span class='ocr_line' id='line_1_14' title="bbox 531 1319 2097 1417; baseline -0.023 -10"><span class='ocrx_word' id='word_1_110' title='bbox 531 1319 835 1407; x_wconf 41' lang='lat' dir='ltr'><strong>ricationem&#39;</strong></span> <span class='ocrx_word' id='word_1_111' title='bbox 866 1348 997 1417; x_wconf 75' lang='lat' dir='ltr'><strong>ejus.</strong></span> <span class='ocrx_word' id='word_1_112' title='bbox 1041 1341 1212 1398; x_wconf 83' lang='lat' dir='ltr'><strong>Nolim</strong></span> <span class='ocrx_word' id='word_1_113' title='bbox 1255 1346 1434 1393; x_wconf 86' lang='lat' dir='ltr'><strong>tamen</strong></span> <span class='ocrx_word' id='word_1_114' title='bbox 1481 1331 1533 1387; x_wconf 89' lang='lat' dir='ltr'><strong>id</strong></span> <span class='ocrx_word' id='word_1_115' title='bbox 1564 1329 1810 1399; x_wconf 88' lang='lat' dir='ltr'><strong>cuiquam</strong></span> <span class='ocrx_word' id='word_1_116' title='bbox 1840 1322 2021 1377; x_wconf 81' lang='lat' dir='ltr'><strong>veniat</strong></span> <span class='ocrx_word' id='word_1_117' title='bbox 2045 1319 2097 1373; x_wconf 92' lang='lat' dir='ltr'><strong>in</strong></span> 
     </span>
    </p>
   </div>
   <div class='ocr_carea' id='block_1_13' title="bbox 2733 749 3192 809">
    <p class='ocr_par' dir='ltr' id='par_1_13' title="bbox 2733 749 3192 809">
     <span class='ocr_line' id='line_1_15' title="bbox 2733 749 3192 809; baseline -0.015 0"><span class='ocrx_word' id='word_1_118' title='bbox 2733 752 2961 809; x_wconf 86' lang='lat' dir='ltr'><strong>CAPUT</strong></span> <span class='ocrx_word' id='word_1_119' title='bbox 3003 749 3192 804; x_wconf 80' lang='lat' dir='ltr'><strong>XXVI.</strong></span> 
     </span>
    </p>
   </div>
   <div class='ocr_carea' id='block_1_14' title="bbox 2687 842 3266 899">
    <p class='ocr_par' dir='ltr' id='par_1_14' title="bbox 2687 842 3266 899">
     <span class='ocr_line' id='line_1_16' title="bbox 2687 842 3266 899; baseline -0.01 0"><span class='ocrx_word' id='word_1_120' title='bbox 2687 846 2741 899; x_wconf 82' lang='grc' dir='ltr'><em>Μ</em></span> <span class='ocrx_word' id='word_1_121' title='bbox 2745 856 2853 899; x_wconf 84' lang='lat' dir='ltr'><strong>etra</strong></span> <span class='ocrx_word' id='word_1_122' title='bbox 2897 842 3266 896; x_wconf 81' lang='lat' dir='ltr'><strong>Prudentiana.</strong></span> 
     </span>
    </p>
   </div>
   <div class='ocr_carea' id='block_1_15' title="bbox 2266 922 3764 1017">
    <p class='ocr_par' dir='ltr' id='par_1_15' title="bbox 2266 922 3764 1017">
     <span class='ocr_line' id='line_1_17' title="bbox 2266 922 3764 1017; baseline -0.016 -19"><span class='ocrx_word' id='word_1_123' title='bbox 2266 946 2424 1017; x_wconf 77' lang='lat'><strong>193</strong></span> <span class='ocrx_word' id='word_1_124' title='bbox 2450 942 2574 995; x_wconf 53' lang='lat' dir='ltr'><strong>&#39;Z‘ZI.</strong></span> <span class='ocrx_word' id='word_1_125' title='bbox 2617 938 2849 994; x_wconf 90' lang='lat' dir='ltr'><strong>Primum</strong></span> <span class='ocrx_word' id='word_1_126' title='bbox 2893 934 3050 989; x_wconf 89' lang='lat' dir='ltr'><strong>metri</strong></span> <span class='ocrx_word' id='word_1_127' title='bbox 3096 945 3262 1001; x_wconf 90' lang='lat' dir='ltr'><strong>genus</strong></span> <span class='ocrx_word' id='word_1_128' title='bbox 3292 927 3393 983; x_wconf 92' lang='lat' dir='ltr'><strong>ode</strong></span> <span class='ocrx_word' id='word_1_129' title='bbox 3424 925 3644 981; x_wconf 89' lang='lat' dir='ltr'><strong>tricolos</strong></span> <span class='ocrx_word' id='word_1_130' title='bbox 3679 922 3764 975; x_wconf 59' lang='lat' dir='ltr'><strong>tri:</strong></span> 
     </span>
    </p>
   </div>
   <div class='ocr_carea' id='block_1_16' title="bbox 2190 1015 3764 1106">
    <p class='ocr_par' dir='ltr' id='par_1_16' title="bbox 2190 1015 3764 1106">
     <span class='ocr_line' id='line_1_18' title="bbox 2190 1015 3764 1106; baseline -0.02 -13"><span class='ocrx_word' id='word_1_131' title='bbox 2190 1015 2463 1106; x_wconf 79' lang='lat' dir='ltr'><strong>strophos,</strong></span> <span class='ocrx_word' id='word_1_132' title='bbox 2511 1032 2661 1099; x_wconf 87' lang='lat' dir='ltr'><strong>cujus</strong></span> <span class='ocrx_word' id='word_1_133' title='bbox 2704 1028 2909 1098; x_wconf 90' lang='lat' dir='ltr'><strong>primus</strong></span> <span class='ocrx_word' id='word_1_134' title='bbox 2936 1036 3121 1077; x_wconf 87' lang='lat' dir='ltr'><strong>versus</strong></span> <span class='ocrx_word' id='word_1_135' title='bbox 3148 1030 3230 1075; x_wconf 87' lang='lat' dir='ltr'><strong>est</strong></span> <span class='ocrx_word' id='word_1_136' title='bbox 3273 1015 3560 1089; x_wconf 84' lang='lat' dir='ltr'><strong>Glyconius</strong></span> <span class='ocrx_word' id='word_1_137' title='bbox 3610 1029 3764 1082; x_wconf 88' lang='lat' dir='ltr'><strong>spon-</strong></span> 
     </span>
    </p>
   </div>
   <div class='ocr_carea' id='block_1_17' title="bbox 2194 1105 3765 1191">
    <p class='ocr_par' dir='ltr' id='par_1_17' title="bbox 2194 1105 3765 1191">
     <span class='ocr_line' id='line_1_19' title="bbox 2194 1105 3765 1191; baseline -0.018 -7"><span class='ocrx_word' id='word_1_138' title='bbox 2194 1105 2333 1191; x_wconf 80' lang='lat' dir='ltr'><strong>daeo,</strong></span> <span class='ocrx_word' id='word_1_139' title='bbox 2366 1122 2676 1181; x_wconf 88' lang='lat' dir='ltr'><strong>choriambo</strong></span> <span class='ocrx_word' id='word_1_140' title='bbox 2699 1129 2756 1174; x_wconf 91' lang='lat' dir='ltr'><strong>et</strong></span> <span class='ocrx_word' id='word_1_141' title='bbox 2798 1114 3075 1187; x_wconf 87' lang='lat' dir='ltr'><strong>Pyrrichio</strong></span> <span class='ocrx_word' id='word_1_142' title='bbox 3116 1127 3211 1166; x_wconf 94' lang='lat' dir='ltr'><strong>scu</strong></span> <span class='ocrx_word' id='word_1_143' title='bbox 3248 1107 3525 1179; x_wconf 65' lang='lat' dir='ltr'><strong>spondzeo,</strong></span> <span class='ocrx_word' id='word_1_144' title='bbox 3558 1115 3614 1160; x_wconf 90' lang='lat' dir='ltr'><strong>et</strong></span> <span class='ocrx_word' id='word_1_145' title='bbox 3638 1105 3765 1157; x_wconf 89' lang='lat' dir='ltr'><strong>duo-</strong></span> 
     </span>
    </p>
   </div>
   <div class='ocr_carea' id='block_1_18' title="bbox 2196 1195 3767 1289">
    <p class='ocr_par' dir='ltr' id='par_1_18' title="bbox 2196 1195 3767 1289">
     <span class='ocr_line' id='line_1_20' title="bbox 2196 1195 3767 1289; baseline -0.019 -14"><span class='ocrx_word' id='word_1_146' title='bbox 2196 1219 2295 1275; x_wconf 87' lang='lat' dir='ltr'><strong>bus</strong></span> <span class='ocrx_word' id='word_1_147' title='bbox 2331 1213 2570 1289; x_wconf 26' lang='lat' dir='ltr'><strong>‘dactylis</strong></span> <span class='ocrx_word' id='word_1_148' title='bbox 2620 1219 2904 1271; x_wconf 86' lang='lat' dir='ltr'><strong>constans;</strong></span> <span class='ocrx_word' id='word_1_149' title='bbox 2959 1201 3228 1259; x_wconf 89' lang='lat' dir='ltr'><strong>secundus</strong></span> <span class='ocrx_word' id='word_1_150' title='bbox 3279 1195 3663 1265; x_wconf 85' lang='lat' dir='ltr'><strong>Asclepiadeos</strong></span> <span class='ocrx_word' id='word_1_151' title='bbox 3709 1207 3767 1246; x_wconf 78' lang='lat' dir='ltr'><strong>ex</strong></span> 
     </span>
    </p>
   </div>
   <div class='ocr_carea' id='block_1_19' title="bbox 2198 1288 3772 1383">
    <p class='ocr_par' dir='ltr' id='par_1_19' title="bbox 2198 1288 3772 1383">
     <span class='ocr_line' id='line_1_21' title="bbox 2198 1288 3772 1383; baseline -0.019 -15"><span class='ocrx_word' id='word_1_152' title='bbox 2198 1288 2471 1383; x_wconf 68' lang='lat' dir='ltr'><strong>spondaeo,</strong></span> <span class='ocrx_word' id='word_1_153' title='bbox 2514 1303 2721 1360; x_wconf 90' lang='lat' dir='ltr'><strong>duobus</strong></span> <span class='ocrx_word' id='word_1_154' title='bbox 2747 1297 3092 1361; x_wconf 89' lang='lat' dir='ltr'><strong>choriambis,</strong></span> <span class='ocrx_word' id='word_1_155' title='bbox 3121 1302 3174 1349; x_wconf 90' lang='lat' dir='ltr'><strong>et</strong></span> <span class='ocrx_word' id='word_1_156' title='bbox 3205 1290 3501 1362; x_wconf 85' lang='lat' dir='ltr'><strong>Pyrricbio,</strong></span> <span class='ocrx_word' id='word_1_157' title='bbox 3548 1288 3685 1351; x_wconf 87' lang='lat' dir='ltr'><strong>sive,</strong></span> <span class='ocrx_word' id='word_1_158' title='bbox 3721 1294 3772 1339; x_wconf 92' lang='lat' dir='ltr'><strong>ut</strong></span> 
     </span>
    </p>
   </div>
   <div class='ocr_carea' id='block_1_20' title="bbox 2200 1377 3774 1472">
    <p class='ocr_par' dir='ltr' id='par_1_20' title="bbox 2200 1377 3774 1472">
     <span class='ocr_line' id='line_1_22' title="bbox 2200 1377 3774 1472; baseline -0.019 -13"><span class='ocrx_word' id='word_1_159' title='bbox 2200 1377 2359 1472; x_wconf 75' lang='lat' dir='ltr'><strong>vulgo</strong></span> <span class='ocrx_word' id='word_1_160' title='bbox 2388 1412 2528 1454; x_wconf 89' lang='lat' dir='ltr'><strong>nunc</strong></span> <span class='ocrx_word' id='word_1_161' title='bbox 2558 1392 2851 1457; x_wconf 89' lang='lat' dir='ltr'><strong>scanditur,</strong></span> <span class='ocrx_word' id='word_1_162' title='bbox 2894 1400 2959 1443; x_wconf 62' lang='lat' dir='ltr'><strong>ea</strong></span> <span class='ocrx_word' id='word_1_163' title='bbox 2991 1379 3539 1457; x_wconf 75' lang='lat' dir='ltr'><strong>Spondaeo,.dactylo,</strong></span> <span class='ocrx_word' id='word_1_164' title='bbox 3573 1377 3774 1448; x_wconf 78' lang='lat' dir='ltr'><strong>syllaba</strong></span> 
     </span>
    </p>
   </div>
   <div class='ocr_carea' id='block_1_21' title="bbox 535 1505 2100 1609">
    <p class='ocr_par' dir='ltr' id='par_1_21' title="bbox 535 1505 2100 1609">
     <span class='ocr_line' id='line_1_23' title="bbox 535 1505 2100 1609; baseline -0.023 -17"><span class='ocrx_word' id='word_1_165' title='bbox 535 1505 1028 1609; x_wconf 37' lang='lat' dir='ltr'><strong>praevaricationem</strong></span> <span class='ocrx_word' id='word_1_166' title='bbox 1087 1524 1247 1597; x_wconf 81' lang='lat' dir='ltr'><strong>primi</strong></span> <span class='ocrx_word' id='word_1_167' title='bbox 1307 1520 1542 1575; x_wconf 89' lang='lat' dir='ltr'><strong>hominis</strong></span> <span class='ocrx_word' id='word_1_168' title='bbox 1597 1515 1755 1582; x_wconf 89' lang='lat' dir='ltr'><strong>longe</strong></span> <span class='ocrx_word' id='word_1_169' title='bbox 1798 1505 2038 1580; x_wconf 77' lang='lat' dir='ltr'><strong>procedit</strong></span> <span class='ocrx_word' id='word_1_170' title='bbox 2086 1518 2100 1555; x_wconf 91' lang='lat'>:</span> 
     </span>
    </p>
   </div>
   <div class='ocr_carea' id='block_1_22' title="bbox 536 1595 2106 1694">
    <p class='ocr_par' dir='ltr' id='par_1_22' title="bbox 536 1595 2106 1694">
     <span class='ocr_line' id='line_1_24' title="bbox 536 1595 2106 1694; baseline -0.024 -12"><span class='ocrx_word' id='word_1_171' title='bbox 536 1595 776 1694; x_wconf 67' lang='lat' dir='ltr'><strong>adeoque</strong></span> <span class='ocrx_word' id='word_1_172' title='bbox 802 1635 976 1690; x_wconf 86' lang='lat' dir='ltr'><strong>neque</strong></span> <span class='ocrx_word' id='word_1_173' title='bbox 1021 1595 1273 1671; x_wconf 81' lang='lat' dir='ltr'><strong>Salviano</strong></span> <span class='ocrx_word' id='word_1_174' title='bbox 1304 1605 1621 1665; x_wconf 80' lang='lat' dir='ltr'><strong>Massiliensi</strong></span> <span class='ocrx_word' id='word_1_175' title='bbox 1663 1611 1805 1657; x_wconf 87' lang='lat' dir='ltr'><strong>recte</strong></span> <span class='ocrx_word' id='word_1_176' title='bbox 1836 1595 2106 1665; x_wconf 84' lang='lat' dir='ltr'><strong>adjudica-</strong></span> 
     </span>
    </p>
   </div>
   <div class='ocr_carea' id='block_1_23' title="bbox 526 1691 2108 1789">
    <p class='ocr_par' dir='ltr' id='par_1_23' title="bbox 526 1691 2108 1789">
     <span class='ocr_line' id='line_1_25' title="bbox 526 1691 2108 1789; baseline -0.025 -10"><span class='ocrx_word' id='word_1_177' title='bbox 526 1708 709 1786; x_wconf 22' lang='lat' dir='ltr'><strong>’bitur,</strong></span> <span class='ocrx_word' id='word_1_178' title='bbox 748 1718 837 1789; x_wconf 91' lang='lat' dir='ltr'><strong>qui</strong></span> <span class='ocrx_word' id='word_1_179' title='bbox 882 1714 1053 1770; x_wconf 89' lang='lat' dir='ltr'><strong>solum</strong></span> <span class='ocrx_word' id='word_1_180' title='bbox 1098 1722 1270 1779; x_wconf 90' lang='lat' dir='ltr'><strong>usque</strong></span> <span class='ocrx_word' id='word_1_181' title='bbox 1322 1705 1388 1759; x_wconf 87' lang='lat' dir='ltr'><strong>ad</strong></span> <span class='ocrx_word' id='word_1_182' title='bbox 1438 1699 1797 1757; x_wconf 85' lang='lat' dir='ltr'><strong>conditionem</strong></span> <span class='ocrx_word' id='word_1_183' title='bbox 1825 1737 1839 1762; x_wconf 94' lang='lat'><strong>,</strong></span> <span class='ocrx_word' id='word_1_184' title='bbox 1884 1691 1985 1745; x_wconf 90' lang='lat' dir='ltr'><strong>hoc</strong></span> <span class='ocrx_word' id='word_1_185' title='bbox 2026 1697 2108 1742; x_wconf 91' lang='lat' dir='ltr'><strong>est</strong></span> 
     </span>
    </p>
   </div>
   <div class='ocr_carea' id='block_1_24' title="bbox 537 1779 2105 1877">
    <p class='ocr_par' dir='ltr' id='par_1_24' title="bbox 537 1779 2105 1877">
     <span class='ocr_line' id='line_1_26' title="bbox 537 1779 2105 1877; baseline -0.025 -8"><span class='ocrx_word' id='word_1_186' title='bbox 537 1820 864 1869; x_wconf 67' lang='lat' dir='ltr'><strong>creationem</strong></span> <span class='ocrx_word' id='word_1_187' title='bbox 895 1804 1051 1877; x_wconf 87' lang='lat' dir='ltr'><strong>primi</strong></span> <span class='ocrx_word' id='word_1_188' title='bbox 1100 1799 1353 1863; x_wconf 85' lang='lat' dir='ltr'><strong>hominis,</strong></span> <span class='ocrx_word' id='word_1_189' title='bbox 1393 1793 1587 1847; x_wconf 90' lang='lat' dir='ltr'><strong>librum</strong></span> <span class='ocrx_word' id='word_1_190' title='bbox 1629 1802 1785 1842; x_wconf 89' lang='lat' dir='ltr'><strong>suum</strong></span> <span class='ocrx_word' id='word_1_191' title='bbox 1834 1779 2105 1853; x_wconf 78' lang='lat' dir='ltr'><strong>produxit;</strong></span> 
     </span>
    </p>
   </div>
   <div class='ocr_carea' id='block_1_25' title="bbox 2203 1466 3777 1562">
    <p class='ocr_par' dir='ltr' id='par_1_25' title="bbox 2203 1466 3777 1562">
     <span class='ocr_line' id='line_1_27' title="bbox 2203 1466 3777 1562; baseline -0.02 -12"><span class='ocrx_word' id='word_1_192' title='bbox 2203 1466 2360 1562; x_wconf 74' lang='lat' dir='ltr'><strong>longa</strong></span> <span class='ocrx_word' id='word_1_193' title='bbox 2389 1500 2443 1546; x_wconf 89' lang='lat' dir='ltr'><strong>et</strong></span> <span class='ocrx_word' id='word_1_194' title='bbox 2472 1486 2678 1542; x_wconf 91' lang='lat' dir='ltr'><strong>duobus</strong></span> <span class='ocrx_word' id='word_1_195' title='bbox 2704 1480 2929 1551; x_wconf 86' lang='lat' dir='ltr'><strong>dactylis</strong></span> <span class='ocrx_word' id='word_1_196' title='bbox 2954 1494 2968 1544; x_wconf 88' lang='lat'><strong>;</strong></span> <span class='ocrx_word' id='word_1_197' title='bbox 3011 1477 3201 1532; x_wconf 87' lang='lat' dir='ltr'><strong>tertius</strong></span> <span class='ocrx_word' id='word_1_198' title='bbox 3230 1470 3626 1551; x_wconf 81' lang='lat' dir='ltr'><strong>choriambicus</strong></span> <span class='ocrx_word' id='word_1_199' title='bbox 3654 1466 3777 1521; x_wconf 87' lang='lat' dir='ltr'><strong>Cal-</strong></span> 
     </span>
    </p>
   </div>
   <div class='ocr_carea' id='block_1_26' title="bbox 2206 1560 3779 1646">
    <p class='ocr_par' dir='ltr' id='par_1_26' title="bbox 2206 1560 3779 1646">
     <span class='ocr_line' id='line_1_28' title="bbox 2206 1560 3779 1646; baseline -0.017 -8"><span class='ocrx_word' id='word_1_200' title='bbox 2206 1560 2489 1640; x_wconf 78' lang='lat' dir='ltr'><strong>limachius</strong></span> <span class='ocrx_word' id='word_1_201' title='bbox 2534 1593 2603 1633; x_wconf 80' lang='lat' dir='ltr'><strong>ex</strong></span> <span class='ocrx_word' id='word_1_202' title='bbox 2632 1572 2907 1646; x_wconf 74' lang='lat' dir='ltr'><strong>spondam,</strong></span> <span class='ocrx_word' id='word_1_203' title='bbox 2959 1567 3126 1623; x_wconf 88' lang='lat' dir='ltr'><strong>tribus</strong></span> <span class='ocrx_word' id='word_1_204' title='bbox 3155 1563 3502 1628; x_wconf 88' lang='lat' dir='ltr'><strong>cboriambis,</strong></span> <span class='ocrx_word' id='word_1_205' title='bbox 3534 1571 3585 1615; x_wconf 88' lang='lat' dir='ltr'><strong>et</strong></span> <span class='ocrx_word' id='word_1_206' title='bbox 3614 1560 3779 1630; x_wconf 84' lang='lat' dir='ltr'><strong>Pyrri-</strong></span> 
     </span>
    </p>
   </div>
   <div class='ocr_carea' id='block_1_27' title="bbox 2208 1658 3783 1737">
    <p class='ocr_par' dir='ltr' id='par_1_27' title="bbox 2208 1658 3783 1737">
     <span class='ocr_line' id='line_1_29' title="bbox 2208 1658 3783 1737; baseline -0.015 -4"><span class='ocrx_word' id='word_1_207' title='bbox 2208 1678 2329 1733; x_wconf 92' lang='lat' dir='ltr'><strong>chio</strong></span> <span class='ocrx_word' id='word_1_208' title='bbox 2353 1692 2448 1731; x_wconf 89' lang='lat' dir='ltr'><strong>seu</strong></span> <span class='ocrx_word' id='word_1_209' title='bbox 2492 1671 2689 1727; x_wconf 88' lang='lat' dir='ltr'><strong>iambo.</strong></span> <span class='ocrx_word' id='word_1_210' title='bbox 2737 1666 2904 1737; x_wconf 86' lang='lat' dir='ltr'><strong>llujus</strong></span> <span class='ocrx_word' id='word_1_211' title='bbox 2934 1663 3146 1735; x_wconf 75' lang='lat' dir='ltr'><strong>generis</strong></span> <span class='ocrx_word' id='word_1_212' title='bbox 3180 1670 3263 1717; x_wconf 92' lang='lat' dir='ltr'><strong>est</strong></span> <span class='ocrx_word' id='word_1_213' title='bbox 3305 1658 3541 1730; x_wconf 70' lang='lat' dir='ltr'><strong>praelatio</strong></span> <span class='ocrx_word' id='word_1_214' title='bbox 3566 1670 3783 1727; x_wconf 88' lang='lat' dir='ltr'><strong>operum</strong></span> 
     </span>
    </p>
   </div>
   <div class='ocr_carea' id='block_1_28' title="bbox 2211 1750 3785 1824">
    <p class='ocr_par' dir='ltr' id='par_1_28' title="bbox 2211 1750 3785 1824">
     <span class='ocr_line' id='line_1_30' title="bbox 2211 1750 3785 1824; baseline -0.015 -1"><span class='ocrx_word' id='word_1_215' title='bbox 2211 1778 2334 1824; x_wconf 86' lang='lat' dir='ltr'><strong>ante</strong></span> <span class='ocrx_word' id='word_1_216' title='bbox 2380 1765 2573 1820; x_wconf 89' lang='lat' dir='ltr'><strong>librum</strong></span> <span class='ocrx_word' id='word_1_217' title='bbox 2630 1756 3074 1819; x_wconf 66' lang='lat' dir='ltr'><strong>Cathemerinmn,</strong></span> <span class='ocrx_word' id='word_1_218' title='bbox 3140 1753 3237 1805; x_wconf 88' lang='lat' dir='ltr'><strong>Per</strong></span> <span class='ocrx_word' id='word_1_219' title='bbox 3286 1750 3630 1821; x_wconf 84' lang='lat' dir='ltr'><strong>quinquennia</strong></span> <span class='ocrx_word' id='word_1_220' title='bbox 3688 1751 3785 1814; x_wconf 74' lang='lat' dir='ltr'><strong>iam</strong></span> 
     </span>
    </p>
   </div>
   <div class='ocr_carea' id='block_1_29' title="bbox 544 1842 3788 1963">
    <p class='ocr_par' dir='ltr' id='par_1_29' title="bbox 544 1842 3788 1963">
     <span class='ocr_line' id='line_1_31' title="bbox 544 1842 1849 1877; baseline -0.024 -8"><span class='ocrx_word' id='word_1_221' title='bbox 544 1842 864 1869; x_wconf 70' lang='grc' dir='ltr'><strong>υπαιιυιιῦιη</strong></span> <span class='ocrx_word' id='word_1_222' title='bbox 896 1842 1051 1877; x_wconf 61' lang='lat' dir='ltr'><strong>lanuu-</strong></span> <span class='ocrx_word' id='word_1_223' title='bbox 1100 1842 1353 1863; x_wconf 64' lang='grc' dir='ltr'><strong>..νη-...μιν</strong></span> <span class='ocrx_word' id='word_1_224' title='bbox 1393 1842 1487 1847; x_wconf 84' lang='grc'><strong><em>----</em></strong></span> <span class='ocrx_word' id='word_1_225' title='bbox 1506 1842 1586 1845; x_wconf 33' lang='grc' dir='ltr'><strong>-ηκ</strong></span> <span class='ocrx_word' id='word_1_226' title='bbox 1835 1842 1849 1853; x_wconf 77' lang='lat'>_</span> 
     </span>
     <span class='ocr_line' id='line_1_32' title="bbox 544 1842 3788 1963; baseline -0.021 -3"><span class='ocrx_word' id='word_1_227' title='bbox 544 1902 739 1959; x_wconf 90' lang='lat' dir='ltr'><strong>deinde</strong></span> <span class='ocrx_word' id='word_1_228' title='bbox 770 1912 959 1955; x_wconf 89' lang='lat' dir='ltr'><strong>versus</strong></span> <span class='ocrx_word' id='word_1_229' title='bbox 986 1906 1230 1963; x_wconf 85' lang='lat' dir='ltr'><strong>magnam</strong></span> <span class='ocrx_word' id='word_1_230' title='bbox 1255 1897 1459 1960; x_wconf 88' lang='lat' dir='ltr'><strong>partem</strong></span> <span class='ocrx_word' id='word_1_231' title='bbox 1489 1880 1709 1937; x_wconf 91' lang='lat' dir='ltr'><strong>omnino</strong></span> <span class='ocrx_word' id='word_1_232' title='bbox 1738 1875 1950 1942; x_wconf 81' lang='lat' dir='ltr'><strong>exleges</strong></span> <span class='ocrx_word' id='word_1_233' title='bbox 1970 1876 2112 1930; x_wconf 91' lang='lat' dir='ltr'><strong>sunt,</strong></span> <span class='ocrx_word' id='word_1_234' title='bbox 2146 1866 2192 1926; x_wconf 81' lang='grc' dir='ltr'><strong>Β</strong></span> <span class='ocrx_word' id='word_1_235' title='bbox 2218 1861 2413 1927; x_wconf 84' lang='lat' dir='ltr'><strong>decem,</strong></span> <span class='ocrx_word' id='word_1_236' title='bbox 2444 1867 2547 1913; x_wconf 90' lang='lat' dir='ltr'><strong>etc.</strong></span> <span class='ocrx_word' id='word_1_237' title='bbox 2578 1854 2689 1909; x_wconf 84' lang='lat' dir='ltr'><strong>lloc</strong></span> <span class='ocrx_word' id='word_1_238' title='bbox 2717 1850 3027 1906; x_wconf 90' lang='lat' dir='ltr'><strong>dulcissimo</strong></span> <span class='ocrx_word' id='word_1_239' title='bbox 3058 1846 3215 1902; x_wconf 91' lang='lat' dir='ltr'><strong>metri</strong></span> <span class='ocrx_word' id='word_1_240' title='bbox 3252 1859 3454 1915; x_wconf 77' lang='lat' dir='ltr'><strong>genere</strong></span> <span class='ocrx_word' id='word_1_241' title='bbox 3484 1842 3649 1897; x_wconf 86' lang='lat' dir='ltr'><strong>semel</strong></span> <span class='ocrx_word' id='word_1_242' title='bbox 3681 1850 3788 1895; x_wconf 88' lang='lat' dir='ltr'><strong>tan-</strong></span> 
     </span>
     <span class='ocr_line' id='line_1_33' title="bbox 2008 1938 3788 1963; baseline -0.025 37"><span class='ocrx_word' id='word_1_243' title='bbox 2008 1961 2040 1963; x_wconf 21' lang='lat'><strong>7‘</strong></span> <span class='ocrx_word' id='word_1_244' title='bbox 2228 1962 2232 1963; x_wconf 64' lang='grc'><strong><em>⁷</em></strong></span> <span class='ocrx_word' id='word_1_245' title='bbox 2572 1956 2585 1963; x_wconf 89' lang='lat'><em>‘</em></span> <span class='ocrx_word' id='word_1_246' title='bbox 2630 1947 2669 1963; x_wconf 81' lang='lat'>&quot;</span> <span class='ocrx_word' id='word_1_247' title='bbox 2704 1944 2946 1963; x_wconf 35' lang='lat' dir='ltr'><strong>“&quot;m‘h-A</strong></span> <span class='ocrx_word' id='word_1_248' title='bbox 3020 1954 3189 1963; x_wconf 59' lang='grc' dir='ltr'><strong>--Α---ι-</strong></span> <span class='ocrx_word' id='word_1_249' title='bbox 3234 1939 3299 1963; x_wconf 65' lang='grc' dir='ltr'><strong>λιι</strong></span> <span class='ocrx_word' id='word_1_250' title='bbox 3340 1938 3455 1963; x_wconf 62' lang='grc' dir='ltr'><strong>λιιι..</strong></span> <span class='ocrx_word' id='word_1_251' title='bbox 3486 1938 3788 1963; x_wconf 69' lang='grc' dir='ltr'><strong>..,,..-η,...,;,,</strong></span> 
     </span>
    </p>
   </div>
   <div class='ocr_carea' id='block_1_30' title="bbox 542 1961 2115 2056">
    <p class='ocr_par' dir='ltr' id='par_1_30' title="bbox 542 1961 2115 2056">
     <span class='ocr_line' id='line_1_34' title="bbox 542 1961 2115 2056; baseline -0.026 -5"><span class='ocrx_word' id='word_1_252' title='bbox 542 2002 598 2050; x_wconf 86' lang='lat' dir='ltr'><strong>et</strong></span> <span class='ocrx_word' id='word_1_253' title='bbox 611 1994 869 2056; x_wconf 81' lang='lat' dir='ltr'><strong>Juvenco,</strong></span> <span class='ocrx_word' id='word_1_254' title='bbox 888 1961 1178 2042; x_wconf 83' lang='lat' dir='ltr'><strong>Prudentio</strong></span> <span class='ocrx_word' id='word_1_255' title='bbox 1191 1980 1414 2048; x_wconf 88' lang='lat' dir='ltr'><strong>aliisque</strong></span> <span class='ocrx_word' id='word_1_256' title='bbox 1434 1970 1728 2043; x_wconf 67' lang='lat' dir='ltr'><strong>aequalibus</strong></span> <span class='ocrx_word' id='word_1_257' title='bbox 1751 1963 1978 2056; x_wconf 75' lang='lat' dir='ltr'><strong>indigni.</strong></span> <span class='ocrx_word' id='word_1_258' title='bbox 2004 1961 2115 2013; x_wconf 84' lang='lat' dir='ltr'><strong>Non</strong></span> 
     </span>
    </p>
   </div>
   <div class='ocr_carea' id='block_1_31' title="bbox 545 2047 2116 2150">
    <p class='ocr_par' dir='ltr' id='par_1_31' title="bbox 545 2047 2116 2150">
     <span class='ocr_line' id='line_1_35' title="bbox 545 2047 2116 2150; baseline -0.025 -9"><span class='ocrx_word' id='word_1_259' title='bbox 545 2084 732 2141; x_wconf 89' lang='lat' dir='ltr'><strong>dubito</strong></span> <span class='ocrx_word' id='word_1_260' title='bbox 766 2080 892 2150; x_wconf 91' lang='lat' dir='ltr'><strong>quin</strong></span> <span class='ocrx_word' id='word_1_261' title='bbox 929 2075 1081 2132; x_wconf 89' lang='lat' dir='ltr'><strong>multi</strong></span> <span class='ocrx_word' id='word_1_262' title='bbox 1104 2070 1443 2128; x_wconf 84' lang='lat' dir='ltr'><strong>librariorum</strong></span> <span class='ocrx_word' id='word_1_263' title='bbox 1469 2061 1671 2118; x_wconf 90' lang='lat' dir='ltr'><strong>incuria</strong></span> <span class='ocrx_word' id='word_1_264' title='bbox 1697 2047 1804 2112; x_wconf 69' lang='lat' dir='ltr'><strong>sini</strong></span> <span class='ocrx_word' id='word_1_265' title='bbox 1830 2051 2071 2109; x_wconf 88' lang='lat' dir='ltr'><strong>mendosi</strong></span> <span class='ocrx_word' id='word_1_266' title='bbox 2104 2066 2116 2102; x_wconf 93' lang='lat'>:</span> 
     </span>
    </p>
   </div>
   <div class='ocr_carea' id='block_1_32' title="bbox 548 2149 2122 2244">
    <p class='ocr_par' dir='ltr' id='par_1_32' title="bbox 548 2149 2122 2244">
     <span class='ocr_line' id='line_1_36' title="bbox 548 2149 2122 2244; baseline -0.024 -14"><span class='ocrx_word' id='word_1_267' title='bbox 548 2187 772 2244; x_wconf 87' lang='lat' dir='ltr'><strong>quorum</strong></span> <span class='ocrx_word' id='word_1_268' title='bbox 786 2149 974 2238; x_wconf 80' lang='lat' dir='ltr'><strong>plures</strong></span> <span class='ocrx_word' id='word_1_269' title='bbox 994 2181 1063 2221; x_wconf 76' lang='lat' dir='ltr'><strong>ex</strong></span> <span class='ocrx_word' id='word_1_270' title='bbox 1087 2162 1394 2230; x_wconf 89' lang='lat' dir='ltr'><strong>conjectura</strong></span> <span class='ocrx_word' id='word_1_271' title='bbox 1416 2156 1467 2209; x_wconf 91' lang='lat' dir='ltr'><strong>in</strong></span> <span class='ocrx_word' id='word_1_272' title='bbox 1482 2151 1698 2208; x_wconf 90' lang='lat' dir='ltr'><strong>schedis</strong></span> <span class='ocrx_word' id='word_1_273' title='bbox 1722 2149 1893 2201; x_wconf 83' lang='lat' dir='ltr'><strong>habeo</strong></span> <span class='ocrx_word' id='word_1_274' title='bbox 1913 2154 2122 2196; x_wconf 89' lang='lat' dir='ltr'><strong>correc-</strong></span> 
     </span>
    </p>
   </div>
   <div class='ocr_carea' id='block_1_33' title="bbox 551 2234 2125 2332">
    <p class='ocr_par' dir='ltr' id='par_1_33' title="bbox 551 2234 2125 2332">
     <span class='ocr_line' id='line_1_37' title="bbox 551 2234 2125 2332; baseline -0.022 -13"><span class='ocrx_word' id='word_1_275' title='bbox 551 2234 657 2318; x_wconf 54' lang='lat' dir='ltr'><strong>t-os.</strong></span> <span class='ocrx_word' id='word_1_276' title='bbox 669 2234 1143 2332; x_wconf 57' lang='lat' dir='ltr'><strong>l9&#39;iPlerumque</strong></span> <span class='ocrx_word' id='word_1_277' title='bbox 1159 2250 1421 2305; x_wconf 85' lang='lat' dir='ltr'><strong>ablativus</strong></span> <span class='ocrx_word' id='word_1_278' title='bbox 1437 2247 1488 2299; x_wconf 91' lang='lat' dir='ltr'><strong>in</strong></span> <span class='ocrx_word' id='word_1_279' title='bbox 1511 2261 1542 2297; x_wconf 91' lang='lat' dir='ltr'><strong>a</strong></span> <span class='ocrx_word' id='word_1_280' title='bbox 1559 2240 1863 2308; x_wconf 90' lang='lat' dir='ltr'><strong>corripitur,</strong></span> <span class='ocrx_word' id='word_1_281' title='bbox 1878 2234 2125 2305; x_wconf 85' lang='lat' dir='ltr'><strong>quamvis</strong></span> 
     </span>
    </p>
   </div>
   <div class='ocr_carea' id='block_1_34' title="bbox 553 2325 2123 2413">
    <p class='ocr_par' dir='ltr' id='par_1_34' title="bbox 553 2325 2123 2413">
     <span class='ocr_line' id='line_1_38' title="bbox 553 2325 2123 2413; baseline -0.022 -2"><span class='ocrx_word' id='word_1_282' title='bbox 553 2356 607 2411; x_wconf 89' lang='lat' dir='ltr'><strong>in</strong></span> <span class='ocrx_word' id='word_1_283' title='bbox 630 2325 1113 2410; x_wconf 51' lang='lat' dir='ltr'><strong>editis—emendatio</strong></span> <span class='ocrx_word' id='word_1_284' title='bbox 1135 2345 1308 2412; x_wconf 89' lang='lat' dir='ltr'><strong>aliqua</strong></span> <span class='ocrx_word' id='word_1_285' title='bbox 1340 2340 1495 2393; x_wconf 88' lang='lat' dir='ltr'><strong>luerit</strong></span> <span class='ocrx_word' id='word_1_286' title='bbox 1516 2336 1747 2413; x_wconf 86' lang='lat' dir='ltr'><strong>adhibita</strong></span> <span class='ocrx_word' id='word_1_287' title='bbox 1768 2341 1949 2385; x_wconf 89' lang='lat' dir='ltr'><strong>contra</strong></span> <span class='ocrx_word' id='word_1_288' title='bbox 1967 2325 2123 2383; x_wconf 88' lang='lat' dir='ltr'><strong>codd.</strong></span> 
     </span>
    </p>
   </div>
   <div class='ocr_carea' id='block_1_35' title="bbox 554 2422 1881 2511">
    <p class='ocr_par' dir='ltr' id='par_1_35' title="bbox 554 2422 1881 2511">
     <span class='ocr_line' id='line_1_39' title="bbox 554 2422 1881 2511; baseline -0.022 -8"><span class='ocrx_word' id='word_1_289' title='bbox 554 2460 685 2503; x_wconf 85' lang='lat' dir='ltr'><strong>mss.</strong></span> <span class='ocrx_word' id='word_1_290' title='bbox 715 2445 817 2500; x_wconf 87' lang='lat' dir='ltr'><strong>Sed</strong></span> <span class='ocrx_word' id='word_1_291' title='bbox 848 2440 974 2511; x_wconf 91' lang='lat' dir='ltr'><strong>quid</strong></span> <span class='ocrx_word' id='word_1_292' title='bbox 1009 2438 1169 2493; x_wconf 80' lang='lat' dir='ltr'><strong>iacias</strong></span> <span class='ocrx_word' id='word_1_293' title='bbox 1198 2430 1543 2489; x_wconf 60' lang='lat' dir='ltr'><strong>biswersibus</strong></span> <span class='ocrx_word' id='word_1_294' title='bbox 1580 2426 1650 2480; x_wconf 75' lang='grc'><strong>45</strong></span> <span class='ocrx_word' id='word_1_295' title='bbox 1690 2433 1745 2478; x_wconf 91' lang='lat' dir='ltr'><strong>et</strong></span> <span class='ocrx_word' id='word_1_296' title='bbox 1774 2422 1881 2477; x_wconf 63' lang='lat'><strong>44?</strong></span> 
     </span>
    </p>
   </div>
   <div class='ocr_carea' id='block_1_36' title="bbox 528 2536 1809 2613">
    <p class='ocr_par' dir='ltr' id='par_1_36' title="bbox 528 2536 1809 2613">
     <span class='ocr_line' id='line_1_40' title="bbox 528 2536 1809 2613; baseline -0.02 -3"><span class='ocrx_word' id='word_1_297' title='bbox 528 2608 531 2613; x_wconf 88' lang='grc'><strong>,</strong></span> <span class='ocrx_word' id='word_1_298' title='bbox 622 2558 807 2607; x_wconf 83' lang='lat' dir='ltr'><strong>Viritim</strong></span> <span class='ocrx_word' id='word_1_299' title='bbox 825 2553 1013 2603; x_wconf 91' lang='lat' dir='ltr'><strong>cunctis</strong></span> <span class='ocrx_word' id='word_1_300' title='bbox 1035 2560 1212 2613; x_wconf 84' lang='lat' dir='ltr'><strong>nomen</strong></span> <span class='ocrx_word' id='word_1_301' title='bbox 1235 2544 1362 2613; x_wconf 73' lang='lat' dir='ltr'><strong>quod</strong></span> <span class='ocrx_word' id='word_1_302' title='bbox 1389 2544 1660 2613; x_wconf 70' lang='lat' dir='ltr'><strong>permanet,</strong></span> <span class='ocrx_word' id='word_1_303' title='bbox 1688 2536 1809 2586; x_wconf 90' lang='lat' dir='ltr'><strong>indit</strong></span> 
     </span>
    </p>
   </div>
   <div class='ocr_carea' id='block_1_37' title="bbox 618 2602 1639 2678">
    <p class='ocr_par' dir='ltr' id='par_1_37' title="bbox 618 2602 1639 2678">
     <span class='ocr_line' id='line_1_41' title="bbox 618 2602 1639 2678; baseline -0.02 -10"><span class='ocrx_word' id='word_1_304' title='bbox 618 2602 848 2678; x_wconf 74' lang='lat' dir='ltr'><strong>Adamus,</strong></span> <span class='ocrx_word' id='word_1_305' title='bbox 873 2616 1049 2663; x_wconf 85' lang='lat' dir='ltr'><strong>donata</strong></span> <span class='ocrx_word' id='word_1_306' title='bbox 1071 2611 1161 2659; x_wconf 89' lang='lat' dir='ltr'><strong>sibi</strong></span> <span class='ocrx_word' id='word_1_307' title='bbox 1187 2602 1441 2671; x_wconf 84' lang='lat' dir='ltr'><strong>prudentia</strong></span> <span class='ocrx_word' id='word_1_308' title='bbox 1465 2602 1639 2651; x_wconf 90' lang='lat' dir='ltr'><strong>solers.</strong></span> 
     </span>
    </p>
   </div>
   <div class='ocr_carea' id='block_1_38' title="bbox 558 2662 2134 2795">
    <p class='ocr_par' dir='ltr' id='par_1_38' title="bbox 558 2662 2134 2795">
     <span class='ocr_line' id='line_1_42' title="bbox 558 2662 2134 2795; baseline -0.02 -15"><span class='ocrx_word' id='word_1_309' title='bbox 558 2727 797 2795; x_wconf 84' lang='lat' dir='ltr'><strong>Quatuor</strong></span> <span class='ocrx_word' id='word_1_310' title='bbox 820 2728 913 2776; x_wconf 90' lang='lat' dir='ltr'><strong>aut</strong></span> <span class='ocrx_word' id='word_1_311' title='bbox 941 2716 1173 2787; x_wconf 87' lang='lat' dir='ltr'><strong>quinque</strong></span> <span class='ocrx_word' id='word_1_312' title='bbox 1211 2725 1369 2766; x_wconf 89' lang='lat' dir='ltr'><strong>voces</strong></span> <span class='ocrx_word' id='word_1_313' title='bbox 1410 2716 1618 2762; x_wconf 89' lang='lat' dir='ltr'><strong>mutare</strong></span> <span class='ocrx_word' id='word_1_314' title='bbox 1647 2703 1831 2767; x_wconf 89' lang='lat' dir='ltr'><strong>debes,</strong></span> <span class='ocrx_word' id='word_1_315' title='bbox 1874 2713 1937 2754; x_wconf 91' lang='lat' dir='ltr'><strong>ac</strong></span> <span class='ocrx_word' id='word_1_316' title='bbox 1970 2662 2134 2753; x_wconf 47' lang='lat' dir='ltr'><strong>viind</strong></span> 
     </span>
    </p>
   </div>
   <div class='ocr_carea' id='block_1_39' title="bbox 560 2790 2137 2882">
    <p class='ocr_par' dir='ltr' id='par_1_39' title="bbox 560 2790 2137 2882">
     <span class='ocr_line' id='line_1_43' title="bbox 560 2790 2137 2882; baseline -0.018 -11"><span class='ocrx_word' id='word_1_317' title='bbox 560 2814 789 2872; x_wconf 77' lang='lat' dir='ltr'><strong>sufﬁciet</strong></span> <span class='ocrx_word' id='word_1_318' title='bbox 820 2810 914 2882; x_wconf 83' lang='grc' dir='ltr'><strong>(α).</strong></span> <span class='ocrx_word' id='word_1_319' title='bbox 943 2803 1256 2875; x_wconf 89' lang='lat' dir='ltr'><strong>llujusmodi</strong></span> <span class='ocrx_word' id='word_1_320' title='bbox 1286 2800 1524 2857; x_wconf 88' lang='lat' dir='ltr'><strong>carmina</strong></span> <span class='ocrx_word' id='word_1_321' title='bbox 1545 2797 1633 2868; x_wconf 91' lang='lat' dir='ltr'><strong>qui</strong></span> <span class='ocrx_word' id='word_1_322' title='bbox 1662 2811 1692 2849; x_wconf 91' lang='lat' dir='ltr'><strong>a</strong></span> <span class='ocrx_word' id='word_1_323' title='bbox 1720 2796 1980 2859; x_wconf 82' lang='lat' dir='ltr'><strong>Juvenco,</strong></span> <span class='ocrx_word' id='word_1_324' title='bbox 2015 2790 2137 2844; x_wconf 88' lang='lat' dir='ltr'><strong>Pru-</strong></span> 
     </span>
    </p>
   </div>
   <div class='ocr_carea' id='block_1_40' title="bbox 561 2883 2139 2972">
    <p class='ocr_par' dir='ltr' id='par_1_40' title="bbox 561 2883 2139 2972">
     <span class='ocr_line' id='line_1_44' title="bbox 561 2883 2139 2972; baseline -0.018 -10"><span class='ocrx_word' id='word_1_325' title='bbox 561 2906 763 2970; x_wconf 85' lang='lat' dir='ltr'><strong>dentio,</strong></span> <span class='ocrx_word' id='word_1_326' title='bbox 797 2899 1088 2972; x_wconf 89' lang='lat' dir='ltr'><strong>primisque</strong></span> <span class='ocrx_word' id='word_1_327' title='bbox 1107 2892 1423 2950; x_wconf 83' lang='lat' dir='ltr'><strong>Christianis</strong></span> <span class='ocrx_word' id='word_1_328' title='bbox 1442 2889 1612 2960; x_wconf 91' lang='lat' dir='ltr'><strong>poetis</strong></span> <span class='ocrx_word' id='word_1_329' title='bbox 1632 2885 1879 2957; x_wconf 92' lang='lat' dir='ltr'><strong>componi</strong></span> <span class='ocrx_word' id='word_1_330' title='bbox 1904 2883 2139 2953; x_wconf 89' lang='lat' dir='ltr'><strong>potuisse</strong></span> 
     </span>
    </p>
   </div>
   <div class='ocr_carea' id='block_1_41' title="bbox 562 2973 2141 3069">
    <p class='ocr_par' dir='ltr' id='par_1_41' title="bbox 562 2973 2141 3069">
     <span class='ocr_line' id='line_1_45' title="bbox 562 2973 2141 3069; baseline -0.018 -17"><span class='ocrx_word' id='word_1_331' title='bbox 562 3005 731 3069; x_wconf 82' lang='lat' dir='ltr'><strong>putet,</strong></span> <span class='ocrx_word' id='word_1_332' title='bbox 775 2995 819 3049; x_wconf 90' lang='lat' dir='ltr'><strong>is</strong></span> <span class='ocrx_word' id='word_1_333' title='bbox 848 2991 1038 3046; x_wconf 91' lang='lat' dir='ltr'><strong>similis</strong></span> <span class='ocrx_word' id='word_1_334' title='bbox 1070 2986 1330 3042; x_wconf 87' lang='lat' dir='ltr'><strong>videbitur</strong></span> <span class='ocrx_word' id='word_1_335' title='bbox 1355 2997 1475 3039; x_wconf 87' lang='lat' dir='ltr'><strong>esse</strong></span> <span class='ocrx_word' id='word_1_336' title='bbox 1508 2980 1711 3036; x_wconf 86' lang='lat' dir='ltr'><strong>homini</strong></span> <span class='ocrx_word' id='word_1_337' title='bbox 1758 2976 1847 3046; x_wconf 82' lang='lat' dir='ltr'><strong>qui</strong></span> <span class='ocrx_word' id='word_1_338' title='bbox 1876 2975 1943 3029; x_wconf 88' lang='lat' dir='ltr'><strong>de</strong></span> <span class='ocrx_word' id='word_1_339' title='bbox 1971 2973 2141 3043; x_wconf 91' lang='lat' dir='ltr'><strong>pictu-</strong></span> 
     </span>
    </p>
   </div>
   <div class='ocr_carea' id='block_1_42' title="bbox 563 3064 2143 3159">
    <p class='ocr_par' dir='ltr' id='par_1_42' title="bbox 563 3064 2143 3159">
     <span class='ocr_line' id='line_1_46' title="bbox 563 3064 2143 3159; baseline -0.019 -13"><span class='ocrx_word' id='word_1_340' title='bbox 563 3091 637 3147; x_wconf 88' lang='lat' dir='ltr'><strong>ris</strong></span> <span class='ocrx_word' id='word_1_341' title='bbox 668 3087 909 3159; x_wconf 88' lang='lat' dir='ltr'><strong>judicare</strong></span> <span class='ocrx_word' id='word_1_342' title='bbox 950 3083 1159 3145; x_wconf 87' lang='lat' dir='ltr'><strong>volens,</strong></span> <span class='ocrx_word' id='word_1_343' title='bbox 1218 3078 1501 3148; x_wconf 88' lang='lat' dir='ltr'><strong>imaginem</strong></span> <span class='ocrx_word' id='word_1_344' title='bbox 1553 3088 1709 3143; x_wconf 90' lang='lat' dir='ltr'><strong>quam</strong></span> <span class='ocrx_word' id='word_1_345' title='bbox 1752 3071 1923 3140; x_wconf 89' lang='lat' dir='ltr'><strong>pictor</strong></span> <span class='ocrx_word' id='word_1_346' title='bbox 1951 3064 2143 3135; x_wconf 85' lang='lat' dir='ltr'><strong>aliquis</strong></span> 
     </span>
    </p>
   </div>
   <div class='ocr_carea' id='block_1_43' title="bbox 566 3156 2137 3246">
    <p class='ocr_par' dir='ltr' id='par_1_43' title="bbox 566 3156 2137 3246">
     <span class='ocr_line' id='line_1_47' title="bbox 566 3156 2137 3246; baseline -0.019 -9"><span class='ocrx_word' id='word_1_347' title='bbox 566 3156 739 3236; x_wconf 82' lang='lat' dir='ltr'><strong>malus</strong></span> <span class='ocrx_word' id='word_1_348' title='bbox 759 3194 790 3234; x_wconf 90' lang='lat' dir='ltr'><strong>e</strong></span> <span class='ocrx_word' id='word_1_349' title='bbox 811 3177 965 3245; x_wconf 89' lang='lat' dir='ltr'><strong>vulgo</strong></span> <span class='ocrx_word' id='word_1_350' title='bbox 991 3172 1222 3235; x_wconf 77' lang='lat' dir='ltr'><strong>iecisset,</strong></span> <span class='ocrx_word' id='word_1_351' title='bbox 1246 3167 1499 3239; x_wconf 84' lang='lat' dir='ltr'><strong>Raphaeli</strong></span> <span class='ocrx_word' id='word_1_352' title='bbox 1515 3161 1765 3246; x_wconf 25' lang='lat' dir='ltr'><strong>{Urbinati</strong></span> <span class='ocrx_word' id='word_1_353' title='bbox 1785 3156 2137 3229; x_wconf 85' lang='lat' dir='ltr'><strong>adjudicaret.</strong></span> 
     </span>
    </p>
   </div>
   <div class='ocr_carea' id='block_1_44' title="bbox 2220 1938 3790 2013">
    <p class='ocr_par' dir='ltr' id='par_1_44' title="bbox 2220 1938 3790 2013">
     <span class='ocr_line' id='line_1_48' title="bbox 2220 1938 3790 2013; baseline -0.015 -4"><span class='ocrx_word' id='word_1_354' title='bbox 2220 1962 2330 2013; x_wconf 91' lang='lat' dir='ltr'><strong>tum</strong></span> <span class='ocrx_word' id='word_1_355' title='bbox 2354 1966 2480 2006; x_wconf 89' lang='lat' dir='ltr'><strong>usus</strong></span> <span class='ocrx_word' id='word_1_356' title='bbox 2509 1956 2589 2003; x_wconf 90' lang='lat' dir='ltr'><strong>est</strong></span> <span class='ocrx_word' id='word_1_357' title='bbox 2630 1944 2970 2009; x_wconf 87' lang='lat' dir='ltr'><strong>Prudentius,</strong></span> <span class='ocrx_word' id='word_1_358' title='bbox 3020 1954 3193 2010; x_wconf 90' lang='lat' dir='ltr'><strong>neque</strong></span> <span class='ocrx_word' id='word_1_359' title='bbox 3234 1939 3301 1992; x_wconf 89' lang='lat' dir='ltr'><strong>ab</strong></span> <span class='ocrx_word' id='word_1_360' title='bbox 3339 1938 3459 1992; x_wconf 90' lang='lat' dir='ltr'><strong>aliis</strong></span> <span class='ocrx_word' id='word_1_361' title='bbox 3486 1938 3790 2005; x_wconf 87' lang='lat' dir='ltr'><strong>usurpatum</strong></span> 
     </span>
    </p>
   </div>
   <div class='ocr_carea' id='block_1_45' title="bbox 2220 2019 3793 2107">
    <p class='ocr_par' dir='ltr' id='par_1_45' title="bbox 2220 2019 3793 2107">
     <span class='ocr_line' id='line_1_49' title="bbox 2220 2019 3793 2107; baseline -0.015 -8"><span class='ocrx_word' id='word_1_362' title='bbox 2220 2044 2352 2100; x_wconf 89' lang='lat' dir='ltr'><strong>illud</strong></span> <span class='ocrx_word' id='word_1_363' title='bbox 2399 2042 2534 2107; x_wconf 90' lang='lat' dir='ltr'><strong>scio,</strong></span> <span class='ocrx_word' id='word_1_364' title='bbox 2582 2019 2805 2106; x_wconf 57' lang='lat' dir='ltr'><strong>excepto</strong></span> <span class='ocrx_word' id='word_1_365' title='bbox 2855 2031 3272 2095; x_wconf 87' lang='lat' dir='ltr'><strong>Wandelbcrto,</strong></span> <span class='ocrx_word' id='word_1_366' title='bbox 3326 2028 3416 2097; x_wconf 87' lang='lat' dir='ltr'><strong>qui</strong></span> <span class='ocrx_word' id='word_1_367' title='bbox 3468 2035 3691 2081; x_wconf 85' lang='lat' dir='ltr'><strong>metrum</strong></span> <span class='ocrx_word' id='word_1_368' title='bbox 3742 2033 3793 2077; x_wconf 88' lang='lat' dir='ltr'><strong>et</strong></span> 
     </span>
    </p>
   </div>
   <div class='ocr_carea' id='block_1_46' title="bbox 2222 2116 3793 2192">
    <p class='ocr_par' dir='ltr' id='par_1_46' title="bbox 2222 2116 3793 2192">
     <span class='ocr_line' id='line_1_50' title="bbox 2222 2116 3793 2192; baseline -0.015 0"><span class='ocrx_word' id='word_1_369' title='bbox 2222 2135 2538 2192; x_wconf 78' lang='lat' dir='ltr'><strong>sententiam</strong></span> <span class='ocrx_word' id='word_1_370' title='bbox 2566 2128 2843 2185; x_wconf 57' lang='lat' dir='ltr'><strong>aemulatus</strong></span> <span class='ocrx_word' id='word_1_371' title='bbox 2864 2134 2964 2189; x_wconf 86' lang='lat' dir='ltr'><strong>est,</strong></span> <span class='ocrx_word' id='word_1_372' title='bbox 2996 2131 3051 2177; x_wconf 90' lang='lat' dir='ltr'><strong>ut</strong></span> <span class='ocrx_word' id='word_1_373' title='bbox 3073 2122 3243 2176; x_wconf 88' lang='lat' dir='ltr'><strong>dicam</strong></span> <span class='ocrx_word' id='word_1_374' title='bbox 3271 2120 3324 2174; x_wconf 89' lang='lat' dir='ltr'><strong>in</strong></span> <span class='ocrx_word' id='word_1_375' title='bbox 3347 2128 3638 2173; x_wconf 88' lang='lat' dir='ltr'><strong>comment.</strong></span> <span class='ocrx_word' id='word_1_376' title='bbox 3667 2116 3793 2170; x_wconf 84' lang='lat' dir='ltr'><strong>Pos-</strong></span> 
     </span>
    </p>
   </div>
   <div class='ocr_carea' id='block_1_47' title="bbox 2226 2208 3795 2283">
    <p class='ocr_par' dir='ltr' id='par_1_47' title="bbox 2226 2208 3795 2283">
     <span class='ocr_line' id='line_1_51' title="bbox 2226 2208 3795 2283; baseline -0.015 0"><span class='ocrx_word' id='word_1_377' title='bbox 2226 2236 2349 2283; x_wconf 88' lang='lat' dir='ltr'><strong>sunt</strong></span> <span class='ocrx_word' id='word_1_378' title='bbox 2377 2238 2561 2279; x_wconf 89' lang='lat' dir='ltr'><strong>omnes</strong></span> <span class='ocrx_word' id='word_1_379' title='bbox 2593 2223 2645 2277; x_wconf 89' lang='lat' dir='ltr'><strong>hi</strong></span> <span class='ocrx_word' id='word_1_380' title='bbox 2684 2234 2870 2276; x_wconf 88' lang='lat' dir='ltr'><strong>versus</strong></span> <span class='ocrx_word' id='word_1_381' title='bbox 2914 2217 3019 2271; x_wconf 90' lang='lat' dir='ltr'><strong>dici</strong></span> <span class='ocrx_word' id='word_1_382' title='bbox 3050 2211 3398 2268; x_wconf 82' lang='lat' dir='ltr'><strong>choriambici.</strong></span> <span class='ocrx_word' id='word_1_383' title='bbox 3432 2210 3538 2266; x_wconf 90' lang='lat' dir='ltr'><strong>Sed</strong></span> <span class='ocrx_word' id='word_1_384' title='bbox 3580 2212 3630 2262; x_wconf 92' lang='lat' dir='ltr'><strong>in</strong></span> <span class='ocrx_word' id='word_1_385' title='bbox 3660 2208 3795 2261; x_wconf 86' lang='lat' dir='ltr'><strong>idem</strong></span> 
     </span>
    </p>
   </div>
   <div class='ocr_carea' id='block_1_48' title="bbox 2228 2305 3799 2376">
    <p class='ocr_par' dir='ltr' id='par_1_48' title="bbox 2228 2305 3799 2376">
     <span class='ocr_line' id='line_1_52' title="bbox 2228 2305 3799 2376; baseline -0.017 -1"><span class='ocrx_word' id='word_1_386' title='bbox 2228 2334 2315 2376; x_wconf 92' lang='lat' dir='ltr'><strong>res</strong></span> <span class='ocrx_word' id='word_1_387' title='bbox 2346 2325 2455 2372; x_wconf 84' lang='lat' dir='ltr'><strong>tota</strong></span> <span class='ocrx_word' id='word_1_388' title='bbox 2485 2315 2693 2370; x_wconf 86' lang='lat' dir='ltr'><strong>recidit.</strong></span> <span class='ocrx_word' id='word_1_389' title='bbox 2728 2312 2780 2365; x_wconf 90' lang='lat' dir='ltr'><strong>In</strong></span> <span class='ocrx_word' id='word_1_390' title='bbox 2808 2308 2926 2371; x_wconf 86' lang='lat' dir='ltr'><strong>cod.</strong></span> <span class='ocrx_word' id='word_1_391' title='bbox 2969 2307 3085 2360; x_wconf 74' lang='lat' dir='ltr'><strong>‘v’at.</strong></span> <span class='ocrx_word' id='word_1_392' title='bbox 3115 2305 3445 2374; x_wconf 68' lang='lat' dir='ltr'><strong>1715glossa</strong></span> <span class='ocrx_word' id='word_1_393' title='bbox 3470 2310 3572 2365; x_wconf 90' lang='lat' dir='ltr'><strong>est,</strong></span> <span class='ocrx_word' id='word_1_394' title='bbox 3595 2314 3799 2354; x_wconf 88' lang='lat' dir='ltr'><strong>versum</strong></span> 
     </span>
    </p>
   </div>
   <div class='ocr_carea' id='block_1_49' title="bbox 2230 2390 3803 2477">
    <p class='ocr_par' dir='ltr' id='par_1_49' title="bbox 2230 2390 3803 2477">
     <span class='ocr_line' id='line_1_53' title="bbox 2230 2390 3803 2477; baseline -0.015 -12"><span class='ocrx_word' id='word_1_395' title='bbox 2230 2410 2521 2466; x_wconf 86' lang='lat' dir='ltr'><strong>secundum</strong></span> <span class='ocrx_word' id='word_1_396' title='bbox 2568 2406 2677 2460; x_wconf 90' lang='lat' dir='ltr'><strong>dici</strong></span> <span class='ocrx_word' id='word_1_397' title='bbox 2722 2399 3151 2477; x_wconf 75' lang='lat' dir='ltr'><strong>Asclepiadenm,</strong></span> <span class='ocrx_word' id='word_1_398' title='bbox 3195 2395 3315 2465; x_wconf 87' lang='lat' dir='ltr'><strong>quia</strong></span> <span class='ocrx_word' id='word_1_399' title='bbox 3346 2393 3503 2462; x_wconf 86' lang='lat' dir='ltr'><strong>hujus</strong></span> <span class='ocrx_word' id='word_1_400' title='bbox 3533 2392 3685 2445; x_wconf 88' lang='lat' dir='ltr'><strong>metri</strong></span> <span class='ocrx_word' id='word_1_401' title='bbox 3728 2390 3803 2442; x_wconf 89' lang='lat' dir='ltr'><strong>in-</strong></span> 
     </span>
    </p>
   </div>
   <div class='ocr_carea' id='block_1_50' title="bbox 2233 2480 3807 2564">
    <p class='ocr_par' dir='ltr' id='par_1_50' title="bbox 2233 2480 3807 2564">
     <span class='ocr_line' id='line_1_54' title="bbox 2233 2480 3807 2564; baseline -0.017 -4"><span class='ocrx_word' id='word_1_402' title='bbox 2233 2513 2424 2560; x_wconf 91' lang='lat' dir='ltr'><strong>ventor</strong></span> <span class='ocrx_word' id='word_1_403' title='bbox 2455 2500 2551 2554; x_wconf 85' lang='lat' dir='ltr'><strong>luit</strong></span> <span class='ocrx_word' id='word_1_404' title='bbox 2575 2495 2914 2564; x_wconf 66' lang='lat' dir='ltr'><strong>Aﬁsculapius</strong></span> <span class='ocrx_word' id='word_1_405' title='bbox 2936 2493 3079 2546; x_wconf 83' lang='lat' dir='ltr'><strong>[ilius</strong></span> <span class='ocrx_word' id='word_1_406' title='bbox 3108 2487 3385 2559; x_wconf 78' lang='lat' dir='ltr'><strong>Apollinis.</strong></span> <span class='ocrx_word' id='word_1_407' title='bbox 3415 2484 3519 2540; x_wconf 86' lang='lat' dir='ltr'><strong>Sed</strong></span> <span class='ocrx_word' id='word_1_408' title='bbox 3549 2484 3649 2537; x_wconf 90' lang='lat' dir='ltr'><strong>etsi</strong></span> <span class='ocrx_word' id='word_1_409' title='bbox 3679 2480 3807 2536; x_wconf 70' lang='lat' dir='ltr'><strong>1E5-</strong></span> 
     </span>
    </p>
   </div>
   <div class='ocr_carea' id='block_1_51' title="bbox 2233 2572 3808 2665">
    <p class='ocr_par' dir='ltr' id='par_1_51' title="bbox 2233 2572 3808 2665">
     <span class='ocr_line' id='line_1_55' title="bbox 2233 2572 3808 2665; baseline -0.018 -15"><span class='ocrx_word' id='word_1_410' title='bbox 2233 2594 2472 2665; x_wconf 76' lang='lat' dir='ltr'><strong>culzipius</strong></span> <span class='ocrx_word' id='word_1_411' title='bbox 2495 2591 2679 2646; x_wconf 66' lang='lat' dir='ltr'><strong>Grmce</strong></span> <span class='ocrx_word' id='word_1_412' title='bbox 2709 2590 2777 2643; x_wconf 91' lang='lat' dir='ltr'><strong>sit</strong></span> <span class='ocrx_word' id='word_1_413' title='bbox 2823 2586 3119 2649; x_wconf 80' lang='lat' dir='ltr'><strong>Asclepios,</strong></span> <span class='ocrx_word' id='word_1_414' title='bbox 3146 2588 3316 2634; x_wconf 88' lang='lat' dir='ltr'><strong>tamen</strong></span> <span class='ocrx_word' id='word_1_415' title='bbox 3342 2584 3524 2630; x_wconf 85' lang='lat' dir='ltr'><strong>auctor</strong></span> <span class='ocrx_word' id='word_1_416' title='bbox 3550 2572 3808 2627; x_wconf 74' lang='lat' dir='ltr'><strong>carmin?s</strong></span> 
     </span>
    </p>
   </div>
   <div class='ocr_carea' id='block_1_52' title="bbox 2237 2668 3811 2752">
    <p class='ocr_par' dir='ltr' id='par_1_52' title="bbox 2237 2668 3811 2752">
     <span class='ocr_line' id='line_1_56' title="bbox 2237 2668 3811 2752; baseline -0.017 -11"><span class='ocrx_word' id='word_1_417' title='bbox 2237 2688 2337 2741; x_wconf 86' lang='lat' dir='ltr'><strong>fuit</strong></span> <span class='ocrx_word' id='word_1_418' title='bbox 2370 2681 2708 2752; x_wconf 68' lang='lat' dir='ltr'><strong>Asclepiades</strong></span> <span class='ocrx_word' id='word_1_419' title='bbox 2741 2687 2913 2749; x_wconf 90' lang='lat' dir='ltr'><strong>poeta.</strong></span> <span class='ocrx_word' id='word_1_420' title='bbox 2946 2675 3002 2729; x_wconf 90' lang='lat' dir='ltr'><strong>ln</strong></span> <span class='ocrx_word' id='word_1_421' title='bbox 3037 2671 3296 2743; x_wconf 78' lang='lat' dir='ltr'><strong>Glyconio</strong></span> <span class='ocrx_word' id='word_1_422' title='bbox 3326 2668 3523 2737; x_wconf 86' lang='lat' dir='ltr'><strong>primus</strong></span> <span class='ocrx_word' id='word_1_423' title='bbox 3555 2679 3647 2734; x_wconf 85' lang='lat' dir='ltr'><strong>pes</strong></span> <span class='ocrx_word' id='word_1_424' title='bbox 3672 2679 3811 2718; x_wconf 89' lang='lat' dir='ltr'><strong>non-</strong></span> 
     </span>
    </p>
   </div>
   <div class='ocr_carea' id='block_1_53' title="bbox 2239 2757 3811 2847">
    <p class='ocr_par' dir='ltr' id='par_1_53' title="bbox 2239 2757 3811 2847">
     <span class='ocr_line' id='line_1_57' title="bbox 2239 2757 3811 2847; baseline -0.017 -15"><span class='ocrx_word' id='word_1_425' title='bbox 2239 2790 2507 2847; x_wconf 82' lang='lat' dir='ltr'><strong>nunquam</strong></span> <span class='ocrx_word' id='word_1_426' title='bbox 2537 2784 2620 2829; x_wconf 89' lang='lat' dir='ltr'><strong>est</strong></span> <span class='ocrx_word' id='word_1_427' title='bbox 2648 2773 2897 2833; x_wconf 89' lang='lat' dir='ltr'><strong>choreus,</strong></span> <span class='ocrx_word' id='word_1_428' title='bbox 2922 2781 3044 2821; x_wconf 89' lang='lat' dir='ltr'><strong>raro</strong></span> <span class='ocrx_word' id='word_1_429' title='bbox 3082 2761 3309 2818; x_wconf 90' lang='lat' dir='ltr'><strong>iambus.</strong></span> <span class='ocrx_word' id='word_1_430' title='bbox 3343 2757 3497 2811; x_wconf 82' lang='lat' dir='ltr'><strong>Ratio</strong></span> <span class='ocrx_word' id='word_1_431' title='bbox 3546 2769 3811 2810; x_wconf 67' lang='lat' dir='ltr'><strong>mensura:</strong></span> 
     </span>
    </p>
   </div>
   <div class='ocr_carea' id='block_1_54' title="bbox 2241 2848 3812 2928">
    <p class='ocr_par' dir='ltr' id='par_1_54' title="bbox 2241 2848 3812 2928">
     <span class='ocr_line' id='line_1_58' title="bbox 2241 2848 3812 2928; baseline -0.02 0"><span class='ocrx_word' id='word_1_432' title='bbox 2241 2871 2358 2927; x_wconf 76' lang='lat' dir='ltr'><strong>hmc</strong></span> <span class='ocrx_word' id='word_1_433' title='bbox 2401 2880 2484 2925; x_wconf 91' lang='lat' dir='ltr'><strong>est</strong></span> <span class='ocrx_word' id='word_1_434' title='bbox 2515 2886 2527 2920; x_wconf 90' lang='lat'><strong>:</strong></span> <span class='ocrx_word' id='word_1_435' title='bbox 2564 2868 2649 2920; x_wconf 77' lang='grc' dir='ltr'><strong>1ιι⁸</strong></span> <span class='ocrx_word' id='word_1_436' title='bbox 2678 2877 2884 2919; x_wconf 90' lang='lat' dir='ltr'><strong>versus.</strong></span> <span class='ocrx_word' id='word_1_437' title='bbox 2922 2860 3025 2914; x_wconf 88' lang='lat' dir='ltr'><strong>Per</strong></span> <span class='ocrx_word' id='word_1_438' title='bbox 3053 2851 3439 2928; x_wconf 87' lang='lat' dir='ltr'><strong>quin-quennia</strong></span> <span class='ocrx_word' id='word_1_439' title='bbox 3456 2848 3812 2922; x_wconf 82' lang='lat' dir='ltr'><strong>jam-decem;</strong></span> 
     </span>
    </p>
   </div>
   <div class='ocr_carea' id='block_1_55' title="bbox 2241 2941 3813 3028">
    <p class='ocr_par' dir='ltr' id='par_1_55' title="bbox 2241 2941 3813 3028">
     <span class='ocr_line' id='line_1_59' title="bbox 2241 2941 3813 3028; baseline -0.016 -9"><span class='ocrx_word' id='word_1_440' title='bbox 2241 2966 2334 3019; x_wconf 71' lang='lat'><strong>2“</strong></span> <span class='ocrx_word' id='word_1_441' title='bbox 2370 2977 2588 3020; x_wconf 86' lang='lat' dir='ltr'><strong>versus:</strong></span> <span class='ocrx_word' id='word_1_442' title='bbox 2626 2961 2699 3014; x_wconf 86' lang='lat' dir='ltr'><strong>Ni</strong></span> <span class='ocrx_word' id='word_1_443' title='bbox 2727 2957 2909 3028; x_wconf 71' lang='lat' dir='ltr'><strong>{al-lor</strong></span> <span class='ocrx_word' id='word_1_444' title='bbox 2940 2949 3398 3024; x_wconf 75' lang='lat' dir='ltr'><strong>fuimus-septimus</strong></span> <span class='ocrx_word' id='word_1_445' title='bbox 3426 2946 3690 3012; x_wconf 82' lang='lat' dir='ltr'><strong>in-super;</strong></span> <span class='ocrx_word' id='word_1_446' title='bbox 3724 2941 3813 2995; x_wconf 68' lang='lat'><strong>3‘“</strong></span> 
     </span>
    </p>
   </div>
   <div class='ocr_carea' id='block_1_56' title="bbox 2244 3032 3819 3115">
    <p class='ocr_par' dir='ltr' id='par_1_56' title="bbox 2244 3032 3819 3115">
     <span class='ocr_line' id='line_1_60' title="bbox 2244 3032 3819 3115; baseline -0.02 1"><span class='ocrx_word' id='word_1_447' title='bbox 2244 3074 2466 3115; x_wconf 85' lang='lat' dir='ltr'><strong>versus:</strong></span> <span class='ocrx_word' id='word_1_448' title='bbox 2512 3050 2905 3110; x_wconf 86' lang='lat' dir='ltr'><strong>Annum-cardo</strong></span> <span class='ocrx_word' id='word_1_449' title='bbox 2955 3046 3237 3103; x_wconf 84' lang='lat' dir='ltr'><strong>rotat-dum</strong></span> <span class='ocrx_word' id='word_1_450' title='bbox 3286 3038 3637 3112; x_wconf 76' lang='lat' dir='ltr'><strong>fruimur-sole</strong></span> <span class='ocrx_word' id='word_1_451' title='bbox 3679 3032 3819 3087; x_wconf 80' lang='lat' dir='ltr'><strong>voln-</strong></span> 
     </span>
    </p>
   </div>
   <div class='ocr_carea' id='block_1_57' title="bbox 2246 3153 3285 3207">
    <p class='ocr_par' dir='ltr' id='par_1_57' title="bbox 2246 3153 3285 3207">
     <span class='ocr_line' id='line_1_61' title="bbox 2246 3153 3285 3207; baseline -0.016 0"><span class='ocrx_word' id='word_1_452' title='bbox 2246 3154 2356 3207; x_wconf 87' lang='lat' dir='ltr'><strong>bili.</strong></span> <span class='ocrx_word' id='word_1_453' title='bbox 3278 3153 3285 3159; x_wconf 84' lang='lat'>&#39;</span> 
     </span>
    </p>
   </div>
   <div class='ocr_carea' id='block_1_58' title="bbox 567 3222 3823 3332">
    <p class='ocr_par' dir='ltr' id='par_1_58' title="bbox 567 3222 3823 3332">
     <span class='ocr_line' id='line_1_62' title="bbox 567 3222 1868 3245; baseline -0.016 -9"><span class='ocrx_word' id='word_1_454' title='bbox 567 3222 790 3236; x_wconf 76' lang='lat'><strong>........-..</strong></span> <span class='ocrx_word' id='word_1_455' title='bbox 822 3222 961 3245; x_wconf 58' lang='grc' dir='ltr'><strong>.-.ν</strong></span> <span class='ocrx_word' id='word_1_456' title='bbox 1207 3222 1221 3235; x_wconf 91' lang='grc'>,</span> <span class='ocrx_word' id='word_1_457' title='bbox 1328 3222 1345 3239; x_wconf 82' lang='grc'><em>,</em></span> <span class='ocrx_word' id='word_1_458' title='bbox 1520 3238 1523 3239; x_wconf 12' lang='grc' dir='ltr'><em>γ</em></span> <span class='ocrx_word' id='word_1_459' title='bbox 1854 3222 1868 3229; x_wconf 81' lang='lat'>_</span> 
     </span>
     <span class='ocr_line' id='line_1_63' title="bbox 567 3222 3823 3332; baseline -0.017 -4"><span class='ocrx_word' id='word_1_460' title='bbox 567 3272 776 3329; x_wconf 86' lang='lat' dir='ltr'><strong>Putavit</strong></span> <span class='ocrx_word' id='word_1_461' title='bbox 821 3267 1091 3332; x_wconf 85' lang='lat' dir='ltr'><strong>Barthius,</strong></span> <span class='ocrx_word' id='word_1_462' title='bbox 1123 3264 1287 3318; x_wconf 78' lang='lat' dir='ltr'><strong>fuisse</strong></span> <span class='ocrx_word' id='word_1_463' title='bbox 1311 3253 1454 3330; x_wconf 81' lang='lat' dir='ltr'><strong>apud</strong></span> <span class='ocrx_word' id='word_1_464' title='bbox 1483 3240 1691 3312; x_wconf 81' lang='lat' dir='ltr'><strong>veteres</strong></span> <span class='ocrx_word' id='word_1_465' title='bbox 1736 3250 2019 3307; x_wconf 88' lang='lat' dir='ltr'><strong>nonnullos</strong></span> <span class='ocrx_word' id='word_1_466' title='bbox 2052 3246 2140 3317; x_wconf 91' lang='lat' dir='ltr'><strong>qui</strong></span> <span class='ocrx_word' id='word_1_467' title='bbox 2168 3236 2216 3298; x_wconf 89' lang='lat' dir='ltr'><strong><em>C</em></strong></span> <span class='ocrx_word' id='word_1_468' title='bbox 2312 3245 2441 3299; x_wconf 70' lang='lat'><strong>222.</strong></span> <span class='ocrx_word' id='word_1_469' title='bbox 2484 3240 2806 3299; x_wconf 86' lang='lat' dir='ltr'><strong>Secundum</strong></span> <span class='ocrx_word' id='word_1_470' title='bbox 2864 3249 3032 3308; x_wconf 83' lang='lat' dir='ltr'><strong>genus</strong></span> <span class='ocrx_word' id='word_1_471' title='bbox 3094 3231 3199 3289; x_wconf 90' lang='lat' dir='ltr'><strong>ode</strong></span> <span class='ocrx_word' id='word_1_472' title='bbox 3250 3225 3579 3283; x_wconf 84' lang='lat' dir='ltr'><strong>monocolos.</strong></span> <span class='ocrx_word' id='word_1_473' title='bbox 3624 3222 3823 3278; x_wconf 73' lang='lat' dir='ltr'><strong>Versus</strong></span> 
     </span>
    </p>
   </div>
   <div class='ocr_carea' id='block_1_59' title="bbox 571 3339 2145 3426">
    <p class='ocr_par' dir='ltr' id='par_1_59' title="bbox 571 3339 2145 3426">
     <span class='ocr_line' id='line_1_64' title="bbox 571 3339 2145 3426; baseline -0.017 -9"><span class='ocrx_word' id='word_1_474' title='bbox 571 3359 935 3416; x_wconf 86' lang='lat' dir='ltr'><strong>maccarronice</strong></span> <span class='ocrx_word' id='word_1_475' title='bbox 959 3351 1348 3426; x_wconf 89' lang='lat' dir='ltr'><strong>quodammodo</strong></span> <span class='ocrx_word' id='word_1_476' title='bbox 1375 3362 1562 3403; x_wconf 89' lang='lat' dir='ltr'><strong>versus</strong></span> <span class='ocrx_word' id='word_1_477' title='bbox 1602 3344 1916 3407; x_wconf 87' lang='lat' dir='ltr'><strong>conderent,</strong></span> <span class='ocrx_word' id='word_1_478' title='bbox 1948 3339 2145 3411; x_wconf 88' lang='lat' dir='ltr'><strong>partim</strong></span> 
     </span>
    </p>
   </div>
   <div class='ocr_carea' id='block_1_60' title="bbox 571 3431 2150 3517">
    <p class='ocr_par' dir='ltr' id='par_1_60' title="bbox 571 3431 2150 3517">
     <span class='ocr_line' id='line_1_65' title="bbox 571 3431 2150 3517; baseline -0.017 -8"><span class='ocrx_word' id='word_1_479' title='bbox 571 3450 864 3510; x_wconf 81' lang='lat' dir='ltr'><strong>metrorum</strong></span> <span class='ocrx_word' id='word_1_480' title='bbox 895 3446 1123 3517; x_wconf 88' lang='lat' dir='ltr'><strong>legibus,</strong></span> <span class='ocrx_word' id='word_1_481' title='bbox 1151 3445 1344 3514; x_wconf 90' lang='lat' dir='ltr'><strong>partim</strong></span> <span class='ocrx_word' id='word_1_482' title='bbox 1375 3440 1550 3494; x_wconf 89' lang='lat' dir='ltr'><strong>soluta</strong></span> <span class='ocrx_word' id='word_1_483' title='bbox 1580 3431 1846 3499; x_wconf 84' lang='lat' dir='ltr'><strong>oratione,</strong></span> <span class='ocrx_word' id='word_1_484' title='bbox 1875 3431 2025 3499; x_wconf 89' lang='lat' dir='ltr'><strong>cujus</strong></span> <span class='ocrx_word' id='word_1_485' title='bbox 2059 3444 2150 3501; x_wconf 85' lang='lat' dir='ltr'><strong>ge-</strong></span> 
     </span>
    </p>
   </div>
   <div class='ocr_carea' id='block_1_61' title="bbox 573 3522 2152 3601">
    <p class='ocr_par' dir='ltr' id='par_1_61' title="bbox 573 3522 2152 3601">
     <span class='ocr_line' id='line_1_66' title="bbox 573 3522 2152 3601; baseline -0.018 0"><span class='ocrx_word' id='word_1_486' title='bbox 573 3544 715 3601; x_wconf 84' lang='lat' dir='ltr'><strong>neris</strong></span> <span class='ocrx_word' id='word_1_487' title='bbox 741 3551 821 3597; x_wconf 92' lang='lat' dir='ltr'><strong>est</strong></span> <span class='ocrx_word' id='word_1_488' title='bbox 837 3540 1233 3596; x_wconf 88' lang='lat' dir='ltr'><strong>Testamentum</strong></span> <span class='ocrx_word' id='word_1_489' title='bbox 1256 3532 1518 3588; x_wconf 88' lang='lat' dir='ltr'><strong>ludicrum</strong></span> <span class='ocrx_word' id='word_1_490' title='bbox 1537 3527 1707 3596; x_wconf 88' lang='lat' dir='ltr'><strong>Sergii</strong></span> <span class='ocrx_word' id='word_1_491' title='bbox 1728 3522 2073 3593; x_wconf 86' lang='lat' dir='ltr'><strong>Polensis,et,</strong></span> <span class='ocrx_word' id='word_1_492' title='bbox 2093 3529 2152 3574; x_wconf 91' lang='lat' dir='ltr'><strong>ut</strong></span> 
     </span>
    </p>
   </div>
   <div class='ocr_carea' id='block_1_62' title="bbox 573 3612 2153 3695">
    <p class='ocr_par' dir='ltr' id='par_1_62' title="bbox 573 3612 2153 3695">
     <span class='ocr_line' id='line_1_67' title="bbox 573 3612 2153 3695; baseline -0.017 -2"><span class='ocrx_word' id='word_1_493' title='bbox 573 3634 885 3695; x_wconf 89' lang='lat' dir='ltr'><strong>nonnemini</strong></span> <span class='ocrx_word' id='word_1_494' title='bbox 941 3630 1173 3695; x_wconf 86' lang='lat' dir='ltr'><strong>videtur,</strong></span> <span class='ocrx_word' id='word_1_495' title='bbox 1230 3639 1447 3681; x_wconf 92' lang='lat' dir='ltr'><strong>carmen</strong></span> <span class='ocrx_word' id='word_1_496' title='bbox 1495 3618 1934 3677; x_wconf 88' lang='lat' dir='ltr'><strong>Anacreonticum</strong></span> <span class='ocrx_word' id='word_1_497' title='bbox 1981 3612 2153 3668; x_wconf 87' lang='lat' dir='ltr'><strong>Annei</strong></span> 
     </span>
    </p>
   </div>
   <div class='ocr_carea' id='block_1_63' title="bbox 574 3705 2152 3787">
    <p class='ocr_par' dir='ltr' id='par_1_63' title="bbox 574 3705 2152 3787">
     <span class='ocr_line' id='line_1_68' title="bbox 574 3705 2152 3787; baseline -0.018 0"><span class='ocrx_word' id='word_1_498' title='bbox 574 3728 717 3787; x_wconf 84' lang='lat' dir='ltr'><strong>Flori</strong></span> <span class='ocrx_word' id='word_1_499' title='bbox 747 3726 814 3781; x_wconf 89' lang='lat' dir='ltr'><strong>ad</strong></span> <span class='ocrx_word' id='word_1_500' title='bbox 843 3717 1158 3787; x_wconf 79' lang='lat' dir='ltr'><strong>Adrianum,</strong></span> <span class='ocrx_word' id='word_1_501' title='bbox 1188 3728 1243 3774; x_wconf 90' lang='lat' dir='ltr'><strong>et</strong></span> <span class='ocrx_word' id='word_1_502' title='bbox 1290 3716 1567 3784; x_wconf 79' lang='lat' dir='ltr'><strong>Queroltts,</strong></span> <span class='ocrx_word' id='word_1_503' title='bbox 1612 3714 1795 3775; x_wconf 88' lang='lat' dir='ltr'><strong>drama</strong></span> <span class='ocrx_word' id='word_1_504' title='bbox 1826 3707 1893 3763; x_wconf 92' lang='lat' dir='ltr'><strong>ad</strong></span> <span class='ocrx_word' id='word_1_505' title='bbox 1932 3705 2152 3763; x_wconf 87' lang='lat' dir='ltr'><strong>Aulula-</strong></span> 
     </span>
    </p>
   </div>
   <div class='ocr_carea' id='block_1_64' title="bbox 575 3799 2154 3886">
    <p class='ocr_par' dir='ltr' id='par_1_64' title="bbox 575 3799 2154 3886">
     <span class='ocr_line' id='line_1_69' title="bbox 575 3799 2154 3886; baseline -0.018 -7"><span class='ocrx_word' id='word_1_506' title='bbox 575 3822 708 3879; x_wconf 87' lang='lat' dir='ltr'><strong>riam</strong></span> <span class='ocrx_word' id='word_1_507' title='bbox 730 3820 900 3876; x_wconf 88' lang='lat' dir='ltr'><strong>Plauti</strong></span> <span class='ocrx_word' id='word_1_508' title='bbox 930 3815 1284 3886; x_wconf 88' lang='lat' dir='ltr'><strong>compositum</strong></span> <span class='ocrx_word' id='word_1_509' title='bbox 1310 3826 1341 3865; x_wconf 91' lang='lat' dir='ltr'><strong>a</strong></span> <span class='ocrx_word' id='word_1_510' title='bbox 1370 3808 1522 3864; x_wconf 83' lang='lat' dir='ltr'><strong>Gilda</strong></span> <span class='ocrx_word' id='word_1_511' title='bbox 1551 3806 1823 3876; x_wconf 83' lang='lat' dir='ltr'><strong>Sapiente.</strong></span> <span class='ocrx_word' id='word_1_512' title='bbox 1852 3799 2003 3868; x_wconf 82' lang='lat' dir='ltr'><strong>Quod</strong></span> <span class='ocrx_word' id='word_1_513' title='bbox 2031 3799 2154 3855; x_wconf 90' lang='lat' dir='ltr'><strong>atti-</strong></span> 
     </span>
    </p>
   </div>
   <div class='ocr_carea' id='block_1_65' title="bbox 578 3890 2155 3976">
    <p class='ocr_par' dir='ltr' id='par_1_65' title="bbox 578 3890 2155 3976">
     <span class='ocr_line' id='line_1_70' title="bbox 578 3890 2155 3976; baseline -0.018 -6"><span class='ocrx_word' id='word_1_514' title='bbox 578 3923 671 3970; x_wconf 87' lang='lat' dir='ltr'><strong>net</strong></span> <span class='ocrx_word' id='word_1_515' title='bbox 696 3912 761 3966; x_wconf 88' lang='lat' dir='ltr'><strong>ad</strong></span> <span class='ocrx_word' id='word_1_516' title='bbox 798 3924 985 3966; x_wconf 85' lang='lat' dir='ltr'><strong>versus</strong></span> <span class='ocrx_word' id='word_1_517' title='bbox 1028 3906 1201 3976; x_wconf 90' lang='lat' dir='ltr'><strong>Sergii</strong></span> <span class='ocrx_word' id='word_1_518' title='bbox 1228 3902 1473 3959; x_wconf 89' lang='lat' dir='ltr'><strong>Polensis</strong></span> <span class='ocrx_word' id='word_1_519' title='bbox 1502 3896 1718 3970; x_wconf 89' lang='lat' dir='ltr'><strong>parasiti</strong></span> <span class='ocrx_word' id='word_1_520' title='bbox 1745 3904 1799 3949; x_wconf 92' lang='lat' dir='ltr'><strong>et</strong></span> <span class='ocrx_word' id='word_1_521' title='bbox 1844 3890 2119 3947; x_wconf 87' lang='lat' dir='ltr'><strong>histrionis</strong></span> <span class='ocrx_word' id='word_1_522' title='bbox 2139 3928 2155 3955; x_wconf 91' lang='lat'><strong>,</strong></span> 
     </span>
    </p>
   </div>
   <div class='ocr_carea' id='block_1_66' title="bbox 581 3984 2157 4069">
    <p class='ocr_par' dir='ltr' id='par_1_66' title="bbox 581 3984 2157 4069">
     <span class='ocr_line' id='line_1_71' title="bbox 581 3984 2157 4069; baseline -0.015 -12"><span class='ocrx_word' id='word_1_523' title='bbox 581 4011 911 4069; x_wconf 90' lang='lat' dir='ltr'><strong>compertum</strong></span> <span class='ocrx_word' id='word_1_524' title='bbox 940 3998 1049 4066; x_wconf 86' lang='lat' dir='ltr'><strong>jam</strong></span> <span class='ocrx_word' id='word_1_525' title='bbox 1084 4006 1185 4061; x_wconf 89' lang='lat' dir='ltr'><strong>est,</strong></span> <span class='ocrx_word' id='word_1_526' title='bbox 1207 4007 1301 4050; x_wconf 91' lang='lat' dir='ltr'><strong>eos</strong></span> <span class='ocrx_word' id='word_1_527' title='bbox 1329 3990 1522 4047; x_wconf 62' lang='lat' dir='ltr'><strong>sarculo</strong></span> <span class='ocrx_word' id='word_1_528' title='bbox 1550 4004 1617 4042; x_wconf 79' lang='lat' dir='ltr'><strong>xv</strong></span> <span class='ocrx_word' id='word_1_529' title='bbox 1648 3987 1807 4041; x_wconf 80' lang='lat' dir='ltr'><strong>fuisse</strong></span> <span class='ocrx_word' id='word_1_530' title='bbox 1839 3984 2027 4049; x_wconf 81' lang='lat' dir='ltr'><strong>factos,</strong></span> <span class='ocrx_word' id='word_1_531' title='bbox 2054 3994 2157 4035; x_wconf 91' lang='lat' dir='ltr'><strong>non</strong></span> 
     </span>
    </p>
   </div>
   <div class='ocr_carea' id='block_1_67' title="bbox 583 4071 2161 4157">
    <p class='ocr_par' dir='ltr' id='par_1_67' title="bbox 583 4071 2161 4157">
     <span class='ocr_line' id='line_1_72' title="bbox 583 4071 2161 4157; baseline -0.013 -10"><span class='ocrx_word' id='word_1_532' title='bbox 583 4092 862 4156; x_wconf 78' lang='lat' dir='ltr'><strong>conﬁctos,</strong></span> <span class='ocrx_word' id='word_1_533' title='bbox 906 4091 1089 4157; x_wconf 37' lang='lat' dir='ltr'><strong>utjpro</strong></span> <span class='ocrx_word' id='word_1_534' title='bbox 1115 4085 1345 4154; x_wconf 88' lang='lat' dir='ltr'><strong>antiquis</strong></span> <span class='ocrx_word' id='word_1_535' title='bbox 1375 4081 1798 4143; x_wconf 87' lang='lat' dir='ltr'><strong>venditarcntur,</strong></span> <span class='ocrx_word' id='word_1_536' title='bbox 1828 4075 1971 4146; x_wconf 91' lang='lat' dir='ltr'><strong>quod</strong></span> <span class='ocrx_word' id='word_1_537' title='bbox 2000 4071 2161 4141; x_wconf 87' lang='lat' dir='ltr'><strong>aliqui</strong></span> 
     </span>
    </p>
   </div>
   <div class='ocr_carea' id='block_1_68' title="bbox 585 4166 2161 4238">
    <p class='ocr_par' dir='ltr' id='par_1_68' title="bbox 585 4166 2161 4238">
     <span class='ocr_line' id='line_1_73' title="bbox 585 4166 2161 4238; baseline -0.012 -2"><span class='ocrx_word' id='word_1_538' title='bbox 585 4180 1040 4238; x_wconf 78' lang='lat' dir='ltr'><strong>existimaveram.</strong></span> <span class='ocrx_word' id='word_1_539' title='bbox 1097 4175 1295 4230; x_wconf 86' lang='lat' dir='ltr'><strong>Versus</strong></span> <span class='ocrx_word' id='word_1_540' title='bbox 1348 4173 1491 4227; x_wconf 86' lang='lat' dir='ltr'><strong>Flori</strong></span> <span class='ocrx_word' id='word_1_541' title='bbox 1534 4170 1601 4224; x_wconf 86' lang='lat' dir='ltr'><strong>ad</strong></span> <span class='ocrx_word' id='word_1_542' title='bbox 1649 4168 1937 4222; x_wconf 87' lang='lat' dir='ltr'><strong>Adrianum</strong></span> <span class='ocrx_word' id='word_1_543' title='bbox 1992 4166 2161 4234; x_wconf 85' lang='lat' dir='ltr'><strong>legem</strong></span> 
     </span>
    </p>
   </div>
   <div class='ocr_carea' id='block_1_69' title="bbox 587 4254 2164 4335">
    <p class='ocr_par' dir='ltr' id='par_1_69' title="bbox 587 4254 2164 4335">
     <span class='ocr_line' id='line_1_74' title="bbox 587 4254 2164 4335; baseline -0.015 -5"><span class='ocrx_word' id='word_1_544' title='bbox 587 4271 746 4330; x_wconf 88' lang='lat' dir='ltr'><strong>metri</strong></span> <span class='ocrx_word' id='word_1_545' title='bbox 772 4276 1027 4335; x_wconf 85' lang='lat' dir='ltr'><strong>servant,</strong></span> <span class='ocrx_word' id='word_1_546' title='bbox 1060 4265 1201 4335; x_wconf 91' lang='lat' dir='ltr'><strong>quod</strong></span> <span class='ocrx_word' id='word_1_547' title='bbox 1245 4274 1428 4319; x_wconf 87' lang='lat' dir='ltr'><strong>contra</strong></span> <span class='ocrx_word' id='word_1_548' title='bbox 1476 4260 1772 4322; x_wconf 87' lang='lat' dir='ltr'><strong>Barthium,</strong></span> <span class='ocrx_word' id='word_1_549' title='bbox 1821 4254 2164 4311; x_wconf 83' lang='lat' dir='ltr'><strong>Muratorium</strong></span> 
     </span>
    </p>
   </div>
   <div class='ocr_carea' id='block_1_70' title="bbox 588 4352 2165 4421">
    <p class='ocr_par' dir='ltr' id='par_1_70' title="bbox 588 4352 2165 4421">
     <span class='ocr_line' id='line_1_75' title="bbox 588 4352 2165 4421; baseline -0.013 -1"><span class='ocrx_word' id='word_1_550' title='bbox 588 4376 644 4421; x_wconf 94' lang='lat' dir='ltr'><strong>et</strong></span> <span class='ocrx_word' id='word_1_551' title='bbox 665 4364 797 4419; x_wconf 88' lang='lat' dir='ltr'><strong>alios</strong></span> <span class='ocrx_word' id='word_1_552' title='bbox 824 4362 979 4417; x_wconf 81' lang='lat' dir='ltr'><strong>facile</strong></span> <span class='ocrx_word' id='word_1_553' title='bbox 1008 4367 1151 4414; x_wconf 89' lang='lat' dir='ltr'><strong>esset</strong></span> <span class='ocrx_word' id='word_1_554' title='bbox 1179 4358 1567 4413; x_wconf 84' lang='lat' dir='ltr'><strong>demonstrare.</strong></span> <span class='ocrx_word' id='word_1_555' title='bbox 1599 4352 1960 4421; x_wconf 84' lang='lat' dir='ltr'><strong>Opportunius</strong></span> <span class='ocrx_word' id='word_1_556' title='bbox 1985 4363 2165 4405; x_wconf 85' lang='lat' dir='ltr'><strong>exem-</strong></span> 
     </span>
    </p>
   </div>
   <div class='ocr_carea' id='block_1_71' title="bbox 590 4443 2168 4529">
    <p class='ocr_par' dir='ltr' id='par_1_71' title="bbox 590 4443 2168 4529">
     <span class='ocr_line' id='line_1_76' title="bbox 590 4443 2168 4529; baseline -0.012 -17"><span class='ocrx_word' id='word_1_557' title='bbox 590 4457 737 4529; x_wconf 87' lang='lat' dir='ltr'><strong>plum</strong></span> <span class='ocrx_word' id='word_1_558' title='bbox 766 4465 847 4509; x_wconf 87' lang='lat' dir='ltr'><strong>est</strong></span> <span class='ocrx_word' id='word_1_559' title='bbox 877 4455 929 4507; x_wconf 92' lang='lat' dir='ltr'><strong>in</strong></span> <span class='ocrx_word' id='word_1_560' title='bbox 957 4451 1153 4506; x_wconf 89' lang='lat' dir='ltr'><strong>celebri</strong></span> <span class='ocrx_word' id='word_1_561' title='bbox 1194 4449 1283 4504; x_wconf 90' lang='lat' dir='ltr'><strong>illa</strong></span> <span class='ocrx_word' id='word_1_562' title='bbox 1320 4447 1576 4502; x_wconf 74' lang='lat' dir='ltr'><strong>Comoedia</strong></span> <span class='ocrx_word' id='word_1_563' title='bbox 1605 4444 1754 4498; x_wconf 87' lang='lat' dir='ltr'><strong>clodo</strong></span> <span class='ocrx_word' id='word_1_564' title='bbox 1784 4443 1927 4510; x_wconf 83' lang='lat' dir='ltr'><strong>pede,</strong></span> <span class='ocrx_word' id='word_1_565' title='bbox 1956 4444 2168 4507; x_wconf 77' lang='lat' dir='ltr'><strong>QUERO-</strong></span> 
     </span>
    </p>
   </div>
   <div class='ocr_carea' id='block_1_72' title="bbox 591 4533 2168 4609">
    <p class='ocr_par' dir='ltr' id='par_1_72' title="bbox 591 4533 2168 4609">
     <span class='ocr_line' id='line_1_77' title="bbox 591 4533 2168 4609; baseline -0.012 -5"><span class='ocrx_word' id='word_1_566' title='bbox 591 4562 709 4605; x_wconf 84' lang='lat' dir='ltr'><strong>ws.</strong></span> <span class='ocrx_word' id='word_1_567' title='bbox 736 4546 838 4602; x_wconf 90' lang='lat' dir='ltr'><strong>Alii</strong></span> <span class='ocrx_word' id='word_1_568' title='bbox 861 4543 1005 4599; x_wconf 88' lang='lat' dir='ltr'><strong>nulla</strong></span> <span class='ocrx_word' id='word_1_569' title='bbox 1035 4541 1191 4596; x_wconf 89' lang='lat' dir='ltr'><strong>metri</strong></span> <span class='ocrx_word' id='word_1_570' title='bbox 1230 4540 1345 4609; x_wconf 88' lang='lat' dir='ltr'><strong>lege</strong></span> <span class='ocrx_word' id='word_1_571' title='bbox 1385 4552 1573 4593; x_wconf 89' lang='lat' dir='ltr'><strong>versus</strong></span> <span class='ocrx_word' id='word_1_572' title='bbox 1611 4535 1898 4601; x_wconf 83' lang='lat' dir='ltr'><strong>faciebant,</strong></span> <span class='ocrx_word' id='word_1_573' title='bbox 1930 4533 2168 4603; x_wconf 70' lang='lat' dir='ltr'><strong>syllaba-</strong></span> 
     </span>
    </p>
   </div>
   <div class='ocr_carea' id='block_1_73' title="bbox 593 4599 3071 4701">
    <p class='ocr_par' dir='ltr' id='par_1_73' title="bbox 593 4599 3071 4701">
     <span class='ocr_line' id='line_1_78' title="bbox 593 4599 3071 4701; baseline -0.015 -3"><span class='ocrx_word' id='word_1_574' title='bbox 593 4657 713 4698; x_wconf 84' lang='lat' dir='ltr'><strong>rum</strong></span> <span class='ocrx_word' id='word_1_575' title='bbox 741 4649 888 4697; x_wconf 87' lang='lat' dir='ltr'><strong>certo</strong></span> <span class='ocrx_word' id='word_1_576' title='bbox 918 4652 1144 4693; x_wconf 87' lang='lat' dir='ltr'><strong>numero</strong></span> <span class='ocrx_word' id='word_1_577' title='bbox 1195 4634 1451 4701; x_wconf 88' lang='lat' dir='ltr'><strong>contenti,</strong></span> <span class='ocrx_word' id='word_1_578' title='bbox 1504 4642 1562 4687; x_wconf 91' lang='lat' dir='ltr'><strong>ut</strong></span> <span class='ocrx_word' id='word_1_579' title='bbox 1612 4627 2025 4686; x_wconf 87' lang='lat' dir='ltr'><strong>Commodianus</strong></span> <span class='ocrx_word' id='word_1_580' title='bbox 2072 4627 2170 4682; x_wconf 90' lang='lat' dir='ltr'><strong>sub</strong></span> <span class='ocrx_word' id='word_1_581' title='bbox 2198 4599 2249 4659; x_wconf 81' lang='lat' dir='ltr'><strong>D</strong></span> <span class='ocrx_word' id='word_1_582' title='bbox 2278 4620 2523 4687; x_wconf 65' lang='lat' dir='ltr'><strong>Eulaliae,</strong></span> <span class='ocrx_word' id='word_1_583' title='bbox 2546 4618 2743 4687; x_wconf 90' lang='lat' dir='ltr'><strong>quiest</strong></span> <span class='ocrx_word' id='word_1_584' title='bbox 2770 4610 3071 4680; x_wconf 84' lang='lat' dir='ltr'><strong>Peristeph.</strong></span> 
     </span>
    </p>
   </div>
   <div class='ocr_carea' id='block_1_74' title="bbox 594 4723 2173 4793">
    <p class='ocr_par' dir='ltr' id='par_1_74' title="bbox 594 4723 2173 4793">
     <span class='ocr_line' id='line_1_79' title="bbox 594 4723 2173 4793; baseline -0.011 -2"><span class='ocrx_word' id='word_1_585' title='bbox 594 4736 947 4791; x_wconf 86' lang='lat' dir='ltr'><strong>Constantino</strong></span> <span class='ocrx_word' id='word_1_586' title='bbox 997 4732 1373 4787; x_wconf 89' lang='lat' dir='ltr'><strong>instructiones</strong></span> <span class='ocrx_word' id='word_1_587' title='bbox 1418 4742 1543 4783; x_wconf 91' lang='lat' dir='ltr'><strong>suas</strong></span> <span class='ocrx_word' id='word_1_588' title='bbox 1590 4740 1746 4781; x_wconf 87' lang='lat' dir='ltr'><strong>versu</strong></span> <span class='ocrx_word' id='word_1_589' title='bbox 1800 4723 1951 4793; x_wconf 89' lang='lat' dir='ltr'><strong>quasi</strong></span> <span class='ocrx_word' id='word_1_590' title='bbox 2006 4724 2173 4778; x_wconf 82' lang='lat' dir='ltr'><strong>hexa-</strong></span> 
     </span>
    </p>
   </div>
   <div class='ocr_carea' id='block_1_75' title="bbox 596 4840 812 4886">
    <p class='ocr_par' dir='ltr' id='par_1_75' title="bbox 596 4840 812 4886">
     <span class='ocr_line' id='line_1_80' title="bbox 596 4840 812 4886; baseline -0.005 0"><span class='ocrx_word' id='word_1_591' title='bbox 596 4840 769 4886; x_wconf 87' lang='lat' dir='ltr'><strong>metro</strong></span> <span class='ocrx_word' id='word_1_592' title='bbox 798 4848 812 4885; x_wconf 74' lang='grc' dir='ltr'>ζ</span> 
     </span>
    </p>
   </div>
   <div class='ocr_carea' id='block_1_76' title="bbox 659 4917 1751 4977">
    <p class='ocr_par' dir='ltr' id='par_1_76' title="bbox 659 4917 1751 4977">
     <span class='ocr_line' id='line_1_81' title="bbox 659 4917 1751 4977; baseline -0.014 0"><span class='ocrx_word' id='word_1_593' title='bbox 659 4927 884 4977; x_wconf 65' lang='lat' dir='ltr'><strong>Praefatio</strong></span> <span class='ocrx_word' id='word_1_594' title='bbox 908 4930 1071 4975; x_wconf 88' lang='lat' dir='ltr'><strong>nostra</strong></span> <span class='ocrx_word' id='word_1_595' title='bbox 1092 4926 1214 4973; x_wconf 86' lang='lat' dir='ltr'><strong>viam</strong></span> <span class='ocrx_word' id='word_1_596' title='bbox 1241 4920 1426 4970; x_wconf 88' lang='lat' dir='ltr'><strong>erranti</strong></span> <span class='ocrx_word' id='word_1_597' title='bbox 1452 4917 1751 4965; x_wconf 88' lang='lat' dir='ltr'><strong>demonstrat</strong></span> 
     </span>
    </p>
   </div>
   <div class='ocr_carea' id='block_1_77' title="bbox 663 4975 1984 5051">
    <p class='ocr_par' dir='ltr' id='par_1_77' title="bbox 663 4975 1984 5051">
     <span class='ocr_line' id='line_1_82' title="bbox 663 4975 1984 5051; baseline -0.011 -15"><span class='ocrx_word' id='word_1_598' title='bbox 663 4975 1281 5051; x_wconf 67' lang='lat' dir='ltr'><strong>Respectumquebonum;</strong></span> <span class='ocrx_word' id='word_1_599' title='bbox 1302 4994 1411 5031; x_wconf 91' lang='lat' dir='ltr'><strong>cum</strong></span> <span class='ocrx_word' id='word_1_600' title='bbox 1437 4980 1630 5029; x_wconf 88' lang='lat' dir='ltr'><strong>venerit</strong></span> <span class='ocrx_word' id='word_1_601' title='bbox 1650 4975 1815 5027; x_wconf 64' lang='lat' dir='ltr'><strong>smculi</strong></span> <span class='ocrx_word' id='word_1_602' title='bbox 1837 4981 1984 5031; x_wconf 86' lang='lat' dir='ltr'><strong>meta,</strong></span> 
     </span>
    </p>
   </div>
   <div class='ocr_carea' id='block_1_78' title="bbox 601 5094 2173 5181">
    <p class='ocr_par' dir='ltr' id='par_1_78' title="bbox 601 5094 2173 5181">
     <span class='ocr_line' id='line_1_83' title="bbox 601 5094 2173 5181; baseline -0.011 -18"><span class='ocrx_word' id='word_1_603' title='bbox 601 5119 758 5180; x_wconf 89' lang='lat' dir='ltr'><strong>atque</strong></span> <span class='ocrx_word' id='word_1_604' title='bbox 780 5110 850 5164; x_wconf 89' lang='lat' dir='ltr'><strong>ita</strong></span> <span class='ocrx_word' id='word_1_605' title='bbox 873 5111 1093 5181; x_wconf 90' lang='lat' dir='ltr'><strong>reliqua.</strong></span> <span class='ocrx_word' id='word_1_606' title='bbox 1124 5108 1230 5163; x_wconf 89' lang='lat' dir='ltr'><strong>Sed</strong></span> <span class='ocrx_word' id='word_1_607' title='bbox 1256 5107 1389 5162; x_wconf 89' lang='lat' dir='ltr'><strong>liber</strong></span> <span class='ocrx_word' id='word_1_608' title='bbox 1416 5104 1468 5159; x_wconf 90' lang='lat' dir='ltr'><strong>in</strong></span> <span class='ocrx_word' id='word_1_609' title='bbox 1497 5101 1750 5163; x_wconf 90' lang='lat' dir='ltr'><strong>Genesin,</strong></span> <span class='ocrx_word' id='word_1_610' title='bbox 1791 5099 1943 5167; x_wconf 87' lang='lat' dir='ltr'><strong>cujus</strong></span> <span class='ocrx_word' id='word_1_611' title='bbox 1972 5094 2173 5165; x_wconf 64' lang='lat' dir='ltr'><strong>praebui</strong></span> 
     </span>
    </p>
   </div>
   <div class='ocr_carea' id='block_1_79' title="bbox 601 5192 2174 5273">
    <p class='ocr_par' dir='ltr' id='par_1_79' title="bbox 601 5192 2174 5273">
     <span class='ocr_line' id='line_1_84' title="bbox 601 5192 2174 5273; baseline -0.013 -15"><span class='ocrx_word' id='word_1_612' title='bbox 601 5203 893 5273; x_wconf 88' lang='lat' dir='ltr'><strong>specimen,</strong></span> <span class='ocrx_word' id='word_1_613' title='bbox 924 5216 1094 5270; x_wconf 89' lang='lat' dir='ltr'><strong>neque</strong></span> <span class='ocrx_word' id='word_1_614' title='bbox 1124 5200 1189 5254; x_wconf 90' lang='lat' dir='ltr'><strong>ad</strong></span> <span class='ocrx_word' id='word_1_615' title='bbox 1215 5198 1441 5269; x_wconf 90' lang='lat' dir='ltr'><strong>primum</strong></span> <span class='ocrx_word' id='word_1_616' title='bbox 1466 5208 1639 5265; x_wconf 85' lang='lat' dir='ltr'><strong>neque</strong></span> <span class='ocrx_word' id='word_1_617' title='bbox 1662 5193 1732 5255; x_wconf 81' lang='lat' dir='ltr'><strong>ad</strong></span> <span class='ocrx_word' id='word_1_618' title='bbox 1763 5192 1984 5246; x_wconf 86' lang='lat' dir='ltr'><strong>alterum</strong></span> <span class='ocrx_word' id='word_1_619' title='bbox 2006 5199 2174 5257; x_wconf 89' lang='lat' dir='ltr'><strong>genus</strong></span> 
     </span>
    </p>
   </div>
   <div class='ocr_carea' id='block_1_80' title="bbox 599 5277 2176 5364">
    <p class='ocr_par' dir='ltr' id='par_1_80' title="bbox 599 5277 2176 5364">
     <span class='ocr_line' id='line_1_85' title="bbox 599 5277 2176 5364; baseline -0.011 -15"><span class='ocrx_word' id='word_1_620' title='bbox 599 5303 826 5364; x_wconf 84' lang='lat' dir='ltr'><strong>spectat,</strong></span> <span class='ocrx_word' id='word_1_621' title='bbox 863 5292 957 5347; x_wconf 89' lang='lat' dir='ltr'><strong>sed</strong></span> <span class='ocrx_word' id='word_1_622' title='bbox 1005 5292 1170 5360; x_wconf 85' lang='lat' dir='ltr'><strong>magis</strong></span> <span class='ocrx_word' id='word_1_623' title='bbox 1195 5290 1263 5345; x_wconf 87' lang='lat' dir='ltr'><strong>ad</strong></span> <span class='ocrx_word' id='word_1_624' title='bbox 1312 5289 1559 5359; x_wconf 87' lang='lat' dir='ltr'><strong>sequiora</strong></span> <span class='ocrx_word' id='word_1_625' title='bbox 1592 5296 1850 5355; x_wconf 90' lang='lat' dir='ltr'><strong>tempora,</strong></span> <span class='ocrx_word' id='word_1_626' title='bbox 1881 5280 2075 5352; x_wconf 90' lang='lat' dir='ltr'><strong>quibus</strong></span> <span class='ocrx_word' id='word_1_627' title='bbox 2102 5277 2176 5332; x_wconf 87' lang='lat' dir='ltr'><strong>si-</strong></span> 
     </span>
    </p>
   </div>
   <div class='ocr_carea' id='block_1_81' title="bbox 675 5468 1571 5545">
    <p class='ocr_par' dir='ltr' id='par_1_81' title="bbox 675 5468 1571 5545">
     <span class='ocr_line' id='line_1_86' title="bbox 675 5468 1571 5545; baseline -0.01 -17"><span class='ocrx_word' id='word_1_628' title='bbox 675 5474 751 5545; x_wconf 89' lang='lat' dir='ltr'><strong>(a)</strong></span> <span class='ocrx_word' id='word_1_629' title='bbox 794 5474 996 5528; x_wconf 86' lang='lat' dir='ltr'><strong>Paucos</strong></span> <span class='ocrx_word' id='word_1_630' title='bbox 1022 5468 1225 5525; x_wconf 89' lang='lat' dir='ltr'><strong>similes</strong></span> <span class='ocrx_word' id='word_1_631' title='bbox 1248 5481 1533 5535; x_wconf 79' lang='lat' dir='ltr'><strong>excerpam</strong></span> <span class='ocrx_word' id='word_1_632' title='bbox 1559 5484 1571 5519; x_wconf 90' lang='lat'>:</span> 
     </span>
    </p>
   </div>
   <div class='ocr_carea' id='block_1_82' title="bbox 670 5575 1835 5640">
    <p class='ocr_par' dir='ltr' id='par_1_82' title="bbox 670 5575 1835 5640">
     <span class='ocr_line' id='line_1_87' title="bbox 670 5575 1835 5640; baseline -0.01 -5"><span class='ocrx_word' id='word_1_633' title='bbox 670 5583 869 5635; x_wconf 85' lang='lat' dir='ltr'><strong>Femina</strong></span> <span class='ocrx_word' id='word_1_634' title='bbox 894 5582 1166 5633; x_wconf 79' lang='lat' dir='ltr'><strong>fraudil‘eris</strong></span> <span class='ocrx_word' id='word_1_635' title='bbox 1187 5586 1369 5629; x_wconf 79' lang='lat' dir='ltr'><strong>misere</strong></span> <span class='ocrx_word' id='word_1_636' title='bbox 1390 5579 1595 5640; x_wconf 85' lang='lat' dir='ltr'><strong>decepta</strong></span> <span class='ocrx_word' id='word_1_637' title='bbox 1619 5575 1835 5625; x_wconf 86' lang='lat' dir='ltr'><strong>suadelis</strong></span> 
     </span>
    </p>
   </div>
   <div class='ocr_carea' id='block_1_83' title="bbox 1188 5639 1692 5703">
    <p class='ocr_par' dir='ltr' id='par_1_83' title="bbox 1188 5639 1692 5703">
     <span class='ocr_line' id='line_1_88' title="bbox 1188 5639 1692 5703; baseline -0.014 -11"><span class='ocrx_word' id='word_1_638' title='bbox 1188 5642 1272 5692; x_wconf 88' lang='lat' dir='ltr'><strong>Cui</strong></span> <span class='ocrx_word' id='word_1_639' title='bbox 1291 5641 1484 5703; x_wconf 88' lang='lat' dir='ltr'><strong>junctus</strong></span> <span class='ocrx_word' id='word_1_640' title='bbox 1508 5639 1692 5703; x_wconf 79' lang='lat' dir='ltr'><strong>Ahelus</strong></span> 
     </span>
    </p>
   </div>
   <div class='ocr_carea' id='block_1_84' title="bbox 671 5700 1746 5775">
    <p class='ocr_par' dir='ltr' id='par_1_84' title="bbox 671 5700 1746 5775">
     <span class='ocr_line' id='line_1_89' title="bbox 671 5700 1746 5775; baseline -0.006 -23"><span class='ocrx_word' id='word_1_641' title='bbox 671 5704 914 5775; x_wconf 39' lang='lat' dir='ltr'><strong>innocuas</strong></span> <span class='ocrx_word' id='word_1_642' title='bbox 935 5703 1083 5775; x_wconf 68' lang='lat' dir='ltr'><strong>multa</strong></span> <span class='ocrx_word' id='word_1_643' title='bbox 1116 5700 1341 5775; x_wconf 65' lang='lat' dir='ltr'><strong>servabat</strong></span> <span class='ocrx_word' id='word_1_644' title='bbox 1364 5714 1478 5749; x_wconf 87' lang='lat' dir='ltr'><strong>cura</strong></span> <span class='ocrx_word' id='word_1_645' title='bbox 1505 5700 1746 5775; x_wconf 60' lang='lat' dir='ltr'><strong>bidentes,</strong></span> 
     </span>
    </p>
   </div>
   <div class='ocr_carea' id='block_1_85' title="bbox 675 5757 1931 5820">
    <p class='ocr_par' dir='ltr' id='par_1_85' title="bbox 675 5757 1931 5820">
     <span class='ocr_line' id='line_1_90' title="bbox 675 5757 1931 5820; baseline -0.002 -9"><span class='ocrx_word' id='word_1_646' title='bbox 675 5764 770 5820; x_wconf 85' lang='lat' dir='ltr'><strong>Qui</strong></span> <span class='ocrx_word' id='word_1_647' title='bbox 791 5766 879 5812; x_wconf 84' lang='lat' dir='ltr'><strong>tibi</strong></span> <span class='ocrx_word' id='word_1_648' title='bbox 898 5779 989 5813; x_wconf 87' lang='lat' dir='ltr'><strong>ceu</strong></span> <span class='ocrx_word' id='word_1_649' title='bbox 1013 5764 1212 5811; x_wconf 88' lang='lat' dir='ltr'><strong>Domino</strong></span> <span class='ocrx_word' id='word_1_650' title='bbox 1234 5762 1483 5820; x_wconf 79' lang='lat' dir='ltr'><strong>subjectus</strong></span> <span class='ocrx_word' id='word_1_651' title='bbox 1507 5760 1626 5809; x_wconf 87' lang='lat' dir='ltr'><strong>colla</strong></span> <span class='ocrx_word' id='word_1_652' title='bbox 1663 5757 1931 5818; x_wconf 66' lang='lat' dir='ltr'><strong>prtebebit:</strong></span> 
     </span>
    </p>
   </div>
   <div class='ocr_carea' id='block_1_86' title="bbox 672 5820 1856 5883">
    <p class='ocr_par' dir='ltr' id='par_1_86' title="bbox 672 5820 1856 5883">
     <span class='ocr_line' id='line_1_91' title="bbox 672 5820 1856 5883; baseline -0.008 -8"><span class='ocrx_word' id='word_1_653' title='bbox 672 5822 799 5875; x_wconf 77' lang='lat' dir='ltr'><strong>Nam</strong></span> <span class='ocrx_word' id='word_1_654' title='bbox 818 5825 943 5874; x_wconf 87' lang='lat' dir='ltr'><strong>tnan</strong></span> <span class='ocrx_word' id='word_1_655' title='bbox 960 5824 1251 5883; x_wconf 76' lang='lat' dir='ltr'><strong>promeritus</strong></span> <span class='ocrx_word' id='word_1_656' title='bbox 1274 5823 1417 5881; x_wconf 80' lang='lat' dir='ltr'><strong>signo</strong></span> <span class='ocrx_word' id='word_1_657' title='bbox 1441 5822 1492 5871; x_wconf 78' lang='lat' dir='ltr'><strong>ﬁt</strong></span> <span class='ocrx_word' id='word_1_658' title='bbox 1513 5828 1656 5871; x_wconf 87' lang='lat' dir='ltr'><strong>notus</strong></span> <span class='ocrx_word' id='word_1_659' title='bbox 1676 5820 1856 5868; x_wconf 79' lang='lat' dir='ltr'><strong>inusta.</strong></span> 
     </span>
    </p>
   </div>
   <div class='ocr_carea' id='block_1_87' title="bbox 2248 3312 3824 3395">
    <p class='ocr_par' dir='ltr' id='par_1_87' title="bbox 2248 3312 3824 3395">
     <span class='ocr_line' id='line_1_92' title="bbox 2248 3312 3824 3395; baseline -0.019 1"><span class='ocrx_word' id='word_1_660' title='bbox 2248 3337 2460 3395; x_wconf 89' lang='lat' dir='ltr'><strong>iambici</strong></span> <span class='ocrx_word' id='word_1_661' title='bbox 2490 3333 2791 3390; x_wconf 76' lang='lat' dir='ltr'><strong>dimetri‘ex</strong></span> <span class='ocrx_word' id='word_1_662' title='bbox 2821 3331 3000 3386; x_wconf 90' lang='lat' dir='ltr'><strong>iambo</strong></span> <span class='ocrx_word' id='word_1_663' title='bbox 3024 3326 3157 3382; x_wconf 89' lang='lat' dir='ltr'><strong>locis</strong></span> <span class='ocrx_word' id='word_1_664' title='bbox 3184 3322 3421 3392; x_wconf 90' lang='lat' dir='ltr'><strong>paribus,</strong></span> <span class='ocrx_word' id='word_1_665' title='bbox 3454 3333 3519 3374; x_wconf 77' lang='lat' dir='ltr'><strong>ex</strong></span> <span class='ocrx_word' id='word_1_666' title='bbox 3550 3314 3725 3371; x_wconf 85' lang='lat' dir='ltr'><strong>iambo</strong></span> <span class='ocrx_word' id='word_1_667' title='bbox 3741 3312 3824 3368; x_wconf 89' lang='lat' dir='ltr'><strong>vel</strong></span> 
     </span>
    </p>
   </div>
   <div class='ocr_carea' id='block_1_88' title="bbox 2252 3406 3825 3501">
    <p class='ocr_par' dir='ltr' id='par_1_88' title="bbox 2252 3406 3825 3501">
     <span class='ocr_line' id='line_1_93' title="bbox 2252 3406 3825 3501; baseline -0.02 -14"><span class='ocrx_word' id='word_1_668' title='bbox 2252 3428 2504 3501; x_wconf 66' lang='lat' dir='ltr'><strong>spondzeo</strong></span> <span class='ocrx_word' id='word_1_669' title='bbox 2530 3427 2661 3482; x_wconf 89' lang='lat' dir='ltr'><strong>locis</strong></span> <span class='ocrx_word' id='word_1_670' title='bbox 2683 3422 2995 3493; x_wconf 89' lang='lat' dir='ltr'><strong>imparibus.</strong></span> <span class='ocrx_word' id='word_1_671' title='bbox 3022 3417 3188 3486; x_wconf 79' lang='lat' dir='ltr'><strong>Hujus</strong></span> <span class='ocrx_word' id='word_1_672' title='bbox 3210 3412 3422 3484; x_wconf 88' lang='lat' dir='ltr'><strong>generis</strong></span> <span class='ocrx_word' id='word_1_673' title='bbox 3450 3417 3575 3465; x_wconf 89' lang='lat' dir='ltr'><strong>sunt</strong></span> <span class='ocrx_word' id='word_1_674' title='bbox 3600 3406 3825 3477; x_wconf 87' lang='lat' dir='ltr'><strong>hymnus</strong></span> 
     </span>
    </p>
   </div>
   <div class='ocr_carea' id='block_1_89' title="bbox 2253 3497 3830 3591">
    <p class='ocr_par' dir='ltr' id='par_1_89' title="bbox 2253 3497 3830 3591">
     <span class='ocr_line' id='line_1_94' title="bbox 2253 3497 3830 3591; baseline -0.019 -13"><span class='ocrx_word' id='word_1_675' title='bbox 2253 3497 2307 3591; x_wconf 63' lang='grc' dir='ltr'><strong>ιζ</strong></span> <span class='ocrx_word' id='word_1_676' title='bbox 2336 3522 2393 3589; x_wconf 75' lang='lat'><strong>2,</strong></span> <span class='ocrx_word' id='word_1_677' title='bbox 2424 3520 2486 3574; x_wconf 80' lang='lat' dir='ltr'><strong>ll</strong></span> <span class='ocrx_word' id='word_1_678' title='bbox 2515 3527 2569 3574; x_wconf 85' lang='lat' dir='ltr'><strong>et</strong></span> <span class='ocrx_word' id='word_1_679' title='bbox 2596 3517 2663 3571; x_wconf 75' lang='lat' dir='ltr'><strong>ta</strong></span> <span class='ocrx_word' id='word_1_680' title='bbox 2684 3510 2813 3570; x_wconf 88' lang='lat' dir='ltr'><strong>libri</strong></span> <span class='ocrx_word' id='word_1_681' title='bbox 2853 3502 3298 3571; x_wconf 70' lang='lat' dir='ltr'><strong>Cathemerinwn,</strong></span> <span class='ocrx_word' id='word_1_682' title='bbox 3328 3513 3383 3558; x_wconf 82' lang='lat' dir='ltr'><strong>et</strong></span> <span class='ocrx_word' id='word_1_683' title='bbox 3411 3502 3640 3571; x_wconf 79' lang='lat' dir='ltr'><strong>hymnus</strong></span> <span class='ocrx_word' id='word_1_684' title='bbox 3669 3497 3705 3551; x_wconf 63' lang='grc' dir='ltr'>ε</span> <span class='ocrx_word' id='word_1_685' title='bbox 3729 3507 3781 3549; x_wconf 76' lang='grc' dir='ltr'>ει</span> <span class='ocrx_word' id='word_1_686' title='bbox 3801 3497 3830 3549; x_wconf 85' lang='lat'><strong>5</strong></span> 
     </span>
    </p>
   </div>
   <div class='ocr_carea' id='block_1_90' title="bbox 2255 3585 3833 3678">
    <p class='ocr_par' dir='ltr' id='par_1_90' title="bbox 2255 3585 3833 3678">
     <span class='ocr_line' id='line_1_95' title="bbox 2255 3585 3833 3678; baseline -0.021 -7"><span class='ocrx_word' id='word_1_687' title='bbox 2255 3585 2853 3678; x_wconf 35' lang='lat' dir='ltr'><strong>libri&#39;Peristephanmn.</strong></span> <span class='ocrx_word' id='word_1_688' title='bbox 2885 3601 3058 3656; x_wconf 90' lang='lat' dir='ltr'><strong>Pedes</strong></span> <span class='ocrx_word' id='word_1_689' title='bbox 3083 3611 3238 3669; x_wconf 87' lang='lat' dir='ltr'><strong>pares</strong></span> <span class='ocrx_word' id='word_1_690' title='bbox 3270 3590 3553 3663; x_wconf 88' lang='lat' dir='ltr'><strong>aliquando</strong></span> <span class='ocrx_word' id='word_1_691' title='bbox 3582 3596 3709 3642; x_wconf 86' lang='lat' dir='ltr'><strong>sunt</strong></span> <span class='ocrx_word' id='word_1_692' title='bbox 3742 3585 3833 3641; x_wconf 86' lang='lat' dir='ltr'><strong>tri-</strong></span> 
     </span>
    </p>
   </div>
   <div class='ocr_carea' id='block_1_91' title="bbox 2257 3680 3835 3775">
    <p class='ocr_par' dir='ltr' id='par_1_91' title="bbox 2257 3680 3835 3775">
     <span class='ocr_line' id='line_1_96' title="bbox 2257 3680 3835 3775; baseline -0.022 -13"><span class='ocrx_word' id='word_1_693' title='bbox 2257 3704 2505 3775; x_wconf 89' lang='lat' dir='ltr'><strong>brachys,</strong></span> <span class='ocrx_word' id='word_1_694' title='bbox 2529 3702 2761 3770; x_wconf 89' lang='lat' dir='ltr'><strong>impares</strong></span> <span class='ocrx_word' id='word_1_695' title='bbox 2775 3693 3030 3765; x_wconf 71' lang='lat' dir='ltr'><strong>anapmsti</strong></span> <span class='ocrx_word' id='word_1_696' title='bbox 3045 3702 3137 3747; x_wconf 90' lang='lat' dir='ltr'><strong>aut</strong></span> <span class='ocrx_word' id='word_1_697' title='bbox 3164 3686 3485 3754; x_wconf 85' lang='lat' dir='ltr'><strong>tribrachys.</strong></span> <span class='ocrx_word' id='word_1_698' title='bbox 3498 3680 3835 3737; x_wconf 88' lang='lat' dir='ltr'><strong>Scanduntur</strong></span> 
     </span>
    </p>
   </div>
   <div class='ocr_carea' id='block_1_92' title="bbox 2257 3770 3836 3852">
    <p class='ocr_par' dir='ltr' id='par_1_92' title="bbox 2257 3770 3836 3852">
     <span class='ocr_line' id='line_1_97' title="bbox 2257 3770 3836 3852; baseline -0.02 0"><span class='ocrx_word' id='word_1_699' title='bbox 2257 3798 2359 3852; x_wconf 88' lang='lat' dir='ltr'><strong>hoc</strong></span> <span class='ocrx_word' id='word_1_700' title='bbox 2386 3770 2544 3850; x_wconf 82' lang='lat' dir='ltr'><strong>modo</strong></span> <span class='ocrx_word' id='word_1_701' title='bbox 2571 3808 2585 3846; x_wconf 92' lang='lat'><strong>:</strong></span> <span class='ocrx_word' id='word_1_702' title='bbox 2614 3787 2891 3845; x_wconf 80' lang='lat' dir='ltr'><strong>Ales-die—i</strong></span> <span class='ocrx_word' id='word_1_703' title='bbox 2920 3785 3175 3839; x_wconf 75' lang='lat' dir='ltr'><strong>nun—tius.</strong></span> <span class='ocrx_word' id='word_1_704' title='bbox 3206 3779 3318 3835; x_wconf 84' lang='lat' dir='ltr'><strong>Nisi</strong></span> <span class='ocrx_word' id='word_1_705' title='bbox 3339 3772 3553 3845; x_wconf 89' lang='lat' dir='ltr'><strong>quando</strong></span> <span class='ocrx_word' id='word_1_706' title='bbox 3572 3770 3836 3839; x_wconf 86' lang='lat' dir='ltr'><strong>longiores</strong></span> 
     </span>
    </p>
   </div>
   <div class='ocr_carea' id='block_1_93' title="bbox 2261 3862 3838 3960">
    <p class='ocr_par' dir='ltr' id='par_1_93' title="bbox 2261 3862 3838 3960">
     <span class='ocr_line' id='line_1_98' title="bbox 2261 3862 3838 3960; baseline -0.023 -15"><span class='ocrx_word' id='word_1_707' title='bbox 2261 3888 2444 3960; x_wconf 85' lang='lat' dir='ltr'><strong>pedes,</strong></span> <span class='ocrx_word' id='word_1_708' title='bbox 2483 3896 2540 3940; x_wconf 89' lang='lat' dir='ltr'><strong>ut</strong></span> <span class='ocrx_word' id='word_1_709' title='bbox 2569 3884 2703 3949; x_wconf 80' lang='lat' dir='ltr'><strong>dixi,</strong></span> <span class='ocrx_word' id='word_1_710' title='bbox 2745 3880 2890 3937; x_wconf 88' lang='lat' dir='ltr'><strong>aliud</strong></span> <span class='ocrx_word' id='word_1_711' title='bbox 2917 3875 3206 3950; x_wconf 65' lang='lat' dir='ltr'><strong>poﬁtulent,</strong></span> <span class='ocrx_word' id='word_1_712' title='bbox 3228 3879 3289 3925; x_wconf 90' lang='lat' dir='ltr'><strong>ut</strong></span> <span class='ocrx_word' id='word_1_713' title='bbox 3318 3866 3565 3938; x_wconf 74' lang='lat' dir='ltr'><strong>Vigila-te</strong></span> <span class='ocrx_word' id='word_1_714' title='bbox 3588 3862 3838 3932; x_wconf 77' lang='lat' dir='ltr'><strong>iam-sam</strong></span> 
     </span>
    </p>
   </div>
   <div class='ocr_carea' id='block_1_94' title="bbox 2262 3982 2569 4053">
    <p class='ocr_par' dir='ltr' id='par_1_94' title="bbox 2262 3982 2569 4053">
     <span class='ocr_line' id='line_1_99' title="bbox 2262 3982 2569 4053; baseline -0.023 -15"><span class='ocrx_word' id='word_1_715' title='bbox 2262 3999 2354 4053; x_wconf 90' lang='lat' dir='ltr'><strong>pro</strong></span> <span class='ocrx_word' id='word_1_716' title='bbox 2366 3982 2569 4035; x_wconf 49' lang='lat' dir='ltr'><strong>erimus.</strong></span> 
     </span>
    </p>
   </div>
   <div class='ocr_carea' id='block_1_95' title="bbox 2334 4050 3844 4137">
    <p class='ocr_par' dir='ltr' id='par_1_95' title="bbox 2334 4050 3844 4137">
     <span class='ocr_line' id='line_1_100' title="bbox 2334 4050 3844 4137; baseline -0.018 -7"><span class='ocrx_word' id='word_1_717' title='bbox 2334 4074 2460 4130; x_wconf 73' lang='grc'><strong>225.</strong></span> <span class='ocrx_word' id='word_1_718' title='bbox 2501 4071 2738 4127; x_wconf 88' lang='lat' dir='ltr'><strong>Tertium</strong></span> <span class='ocrx_word' id='word_1_719' title='bbox 2768 4080 2937 4137; x_wconf 87' lang='lat' dir='ltr'><strong>genus</strong></span> <span class='ocrx_word' id='word_1_720' title='bbox 2975 4062 3079 4118; x_wconf 89' lang='lat' dir='ltr'><strong>ode</strong></span> <span class='ocrx_word' id='word_1_721' title='bbox 3104 4058 3436 4122; x_wconf 89' lang='lat' dir='ltr'><strong>monocolos,</strong></span> <span class='ocrx_word' id='word_1_722' title='bbox 3467 4068 3691 4111; x_wconf 90' lang='lat' dir='ltr'><strong>carmen</strong></span> <span class='ocrx_word' id='word_1_723' title='bbox 3726 4050 3844 4105; x_wconf 88' lang='lat' dir='ltr'><strong>dac-</strong></span> 
     </span>
    </p>
   </div>
   <div class='ocr_carea' id='block_1_96' title="bbox 2264 4143 3847 4241">
    <p class='ocr_par' dir='ltr' id='par_1_96' title="bbox 2264 4143 3847 4241">
     <span class='ocr_line' id='line_1_101' title="bbox 2264 4143 3847 4241; baseline -0.019 -15"><span class='ocrx_word' id='word_1_724' title='bbox 2264 4170 2481 4241; x_wconf 89' lang='lat' dir='ltr'><strong>tylicum</strong></span> <span class='ocrx_word' id='word_1_725' title='bbox 2510 4162 2828 4219; x_wconf 88' lang='lat' dir='ltr'><strong>alcmanium</strong></span> <span class='ocrx_word' id='word_1_726' title='bbox 2858 4158 3156 4213; x_wconf 89' lang='lat' dir='ltr'><strong>trimetrum</strong></span> <span class='ocrx_word' id='word_1_727' title='bbox 3185 4148 3730 4222; x_wconf 86' lang='lat' dir='ltr'><strong>hypercatalecticum</strong></span> <span class='ocrx_word' id='word_1_728' title='bbox 3752 4143 3847 4197; x_wconf 87' lang='lat' dir='ltr'><strong>tri-</strong></span> 
     </span>
    </p>
   </div>
   <div class='ocr_carea' id='block_1_97' title="bbox 2267 4237 3851 4327">
    <p class='ocr_par' dir='ltr' id='par_1_97' title="bbox 2267 4237 3851 4327">
     <span class='ocr_line' id='line_1_102' title="bbox 2267 4237 3851 4327; baseline -0.018 -11"><span class='ocrx_word' id='word_1_729' title='bbox 2267 4237 2365 4315; x_wconf 79' lang='lat' dir='ltr'><strong>bus</strong></span> <span class='ocrx_word' id='word_1_730' title='bbox 2393 4255 2637 4327; x_wconf 88' lang='lat' dir='ltr'><strong>dactylis,</strong></span> <span class='ocrx_word' id='word_1_731' title='bbox 2665 4262 2718 4307; x_wconf 88' lang='lat' dir='ltr'><strong>et</strong></span> <span class='ocrx_word' id='word_1_732' title='bbox 2762 4265 2863 4304; x_wconf 89' lang='lat' dir='ltr'><strong>una</strong></span> <span class='ocrx_word' id='word_1_733' title='bbox 2886 4248 3091 4319; x_wconf 85' lang='lat' dir='ltr'><strong>syllaba</strong></span> <span class='ocrx_word' id='word_1_734' title='bbox 3119 4252 3396 4301; x_wconf 86' lang='lat' dir='ltr'><strong>constans.</strong></span> <span class='ocrx_word' id='word_1_735' title='bbox 3435 4240 3603 4310; x_wconf 85' lang='lat' dir='ltr'><strong>Hujus</strong></span> <span class='ocrx_word' id='word_1_736' title='bbox 3631 4237 3851 4309; x_wconf 82' lang='lat' dir='ltr'><strong>generis</strong></span> 
     </span>
    </p>
   </div>
   <div class='ocr_carea' id='block_1_98' title="bbox 2270 4331 3853 4421">
    <p class='ocr_par' dir='ltr' id='par_1_98' title="bbox 2270 4331 3853 4421">
     <span class='ocr_line' id='line_1_103' title="bbox 2270 4331 3853 4421; baseline -0.016 -16"><span class='ocrx_word' id='word_1_737' title='bbox 2270 4350 2499 4421; x_wconf 85' lang='lat' dir='ltr'><strong>hymnus</strong></span> <span class='ocrx_word' id='word_1_738' title='bbox 2525 4348 2558 4401; x_wconf 76' lang='grc'><strong>5</strong></span> <span class='ocrx_word' id='word_1_739' title='bbox 2600 4340 3047 4408; x_wconf 88' lang='lat' dir='ltr'><strong>Cathemerinon,</strong></span> <span class='ocrx_word' id='word_1_740' title='bbox 3080 4338 3171 4407; x_wconf 89' lang='lat' dir='ltr'><strong>qui</strong></span> <span class='ocrx_word' id='word_1_741' title='bbox 3202 4349 3233 4388; x_wconf 91' lang='lat' dir='ltr'><strong>a</strong></span> <span class='ocrx_word' id='word_1_742' title='bbox 3277 4331 3531 4389; x_wconf 76' lang='lat' dir='ltr'><strong>Ricciolio</strong></span> <span class='ocrx_word' id='word_1_743' title='bbox 3575 4332 3631 4384; x_wconf 91' lang='lat' dir='ltr'><strong>in</strong></span> <span class='ocrx_word' id='word_1_744' title='bbox 3671 4343 3853 4385; x_wconf 74' lang='lat' dir='ltr'><strong>exem-</strong></span> 
     </span>
    </p>
   </div>
   <div class='ocr_carea' id='block_1_99' title="bbox 2272 4420 3854 4511">
    <p class='ocr_par' dir='ltr' id='par_1_99' title="bbox 2272 4420 3854 4511">
     <span class='ocr_line' id='line_1_104' title="bbox 2272 4420 3854 4511; baseline -0.018 -16"><span class='ocrx_word' id='word_1_745' title='bbox 2272 4420 2415 4511; x_wconf 89' lang='lat' dir='ltr'><strong>plum</strong></span> <span class='ocrx_word' id='word_1_746' title='bbox 2461 4434 2795 4507; x_wconf 89' lang='lat' dir='ltr'><strong>producitur,</strong></span> <span class='ocrx_word' id='word_1_747' title='bbox 2861 4431 2952 4485; x_wconf 91' lang='lat' dir='ltr'><strong>ubi</strong></span> <span class='ocrx_word' id='word_1_748' title='bbox 3000 4442 3158 4484; x_wconf 90' lang='lat' dir='ltr'><strong>versu</strong></span> <span class='ocrx_word' id='word_1_749' title='bbox 3210 4426 3281 4481; x_wconf 75' lang='lat'><strong>‘28</strong></span> <span class='ocrx_word' id='word_1_750' title='bbox 3311 4442 3325 4477; x_wconf 88' lang='lat'><strong>:</strong></span> <span class='ocrx_word' id='word_1_751' title='bbox 3360 4423 3610 4492; x_wconf 74' lang='lat' dir='ltr'><strong>Sertaque</strong></span> <span class='ocrx_word' id='word_1_752' title='bbox 3644 4420 3854 4489; x_wconf 78' lang='lat' dir='ltr'><strong>mystica</strong></span> 
     </span>
    </p>
   </div>
   <div class='ocr_carea' id='block_1_100' title="bbox 2273 4508 3853 4599">
    <p class='ocr_par' dir='ltr' id='par_1_100' title="bbox 2273 4508 3853 4599">
     <span class='ocr_line' id='line_1_105' title="bbox 2273 4508 3853 4599; baseline -0.018 -14"><span class='ocrx_word' id='word_1_753' title='bbox 2273 4508 2525 4599; x_wconf 76' lang='lat' dir='ltr'><strong>dactylico</strong></span> <span class='ocrx_word' id='word_1_754' title='bbox 2552 4526 2744 4580; x_wconf 72' lang='lat' dir='ltr'><strong>Texerc</strong></span> <span class='ocrx_word' id='word_1_755' title='bbox 2775 4523 2923 4575; x_wconf 86' lang='lat' dir='ltr'><strong>docta</strong></span> <span class='ocrx_word' id='word_1_756' title='bbox 2972 4521 3075 4590; x_wconf 88' lang='lat' dir='ltr'><strong>liga</strong></span> <span class='ocrx_word' id='word_1_757' title='bbox 3125 4516 3374 4585; x_wconf 85' lang='lat' dir='ltr'><strong>strophio,</strong></span> <span class='ocrx_word' id='word_1_758' title='bbox 3425 4522 3480 4567; x_wconf 88' lang='lat' dir='ltr'><strong>et</strong></span> <span class='ocrx_word' id='word_1_759' title='bbox 3525 4513 3767 4580; x_wconf 83' lang='lat' dir='ltr'><strong>hymnus</strong></span> <span class='ocrx_word' id='word_1_760' title='bbox 3800 4508 3853 4560; x_wconf 87' lang='lat' dir='ltr'><strong>S.</strong></span> 
     </span>
    </p>
   </div>
   <div class='ocr_carea' id='block_1_101' title="bbox 3116 4597 3860 4672">
    <p class='ocr_par' dir='ltr' id='par_1_101' title="bbox 3116 4597 3860 4672">
     <span class='ocr_line' id='line_1_106' title="bbox 3116 4597 3860 4672; baseline -0.019 -10"><span class='ocrx_word' id='word_1_761' title='bbox 3116 4610 3173 4672; x_wconf 78' lang='lat'><strong>&#39;5,</strong></span> <span class='ocrx_word' id='word_1_762' title='bbox 3226 4609 3278 4660; x_wconf 89' lang='lat' dir='ltr'><strong>in</strong></span> <span class='ocrx_word' id='word_1_763' title='bbox 3327 4604 3477 4672; x_wconf 87' lang='lat' dir='ltr'><strong>cujus</strong></span> <span class='ocrx_word' id='word_1_764' title='bbox 3511 4601 3616 4655; x_wconf 80' lang='lat' dir='ltr'><strong>line</strong></span> <span class='ocrx_word' id='word_1_765' title='bbox 3653 4618 3667 4653; x_wconf 89' lang='lat'><strong>:</strong></span> <span class='ocrx_word' id='word_1_766' title='bbox 3706 4597 3860 4652; x_wconf 72' lang='lat' dir='ltr'><strong>Texta</strong></span> 
     </span>
    </p>
   </div>
   <div class='ocr_carea' id='block_1_102' title="bbox 2278 4688 3863 4786">
    <p class='ocr_par' dir='ltr' id='par_1_102' title="bbox 2278 4688 3863 4786">
     <span class='ocr_line' id='line_1_107' title="bbox 2278 4688 3863 4786; baseline -0.02 -17"><span class='ocrx_word' id='word_1_767' title='bbox 2278 4716 2439 4786; x_wconf 82' lang='lat' dir='ltr'><strong>feram</strong></span> <span class='ocrx_word' id='word_1_768' title='bbox 2474 4711 2599 4781; x_wconf 85' lang='lat' dir='ltr'><strong>pede</strong></span> <span class='ocrx_word' id='word_1_769' title='bbox 2642 4706 2916 4775; x_wconf 84' lang='lat' dir='ltr'><strong>dactylico.</strong></span> <span class='ocrx_word' id='word_1_770' title='bbox 2961 4702 3085 4757; x_wconf 87' lang='lat' dir='ltr'><strong>llaec</strong></span> <span class='ocrx_word' id='word_1_771' title='bbox 3120 4708 3203 4754; x_wconf 91' lang='lat' dir='ltr'><strong>est</strong></span> <span class='ocrx_word' id='word_1_772' title='bbox 3228 4695 3439 4752; x_wconf 89' lang='lat' dir='ltr'><strong>scansio</strong></span> <span class='ocrx_word' id='word_1_773' title='bbox 3472 4711 3485 4745; x_wconf 87' lang='lat'>:</span> <span class='ocrx_word' id='word_1_774' title='bbox 3531 4690 3576 4745; x_wconf 91' lang='grc'>0</span> <span class='ocrx_word' id='word_1_775' title='bbox 3610 4688 3863 4755; x_wconf 73' lang='lat' dir='ltr'><strong>cruci-fer</strong></span> 
     </span>
    </p>
   </div>
   <div class='ocr_carea' id='block_1_103' title="bbox 2280 4804 3581 4860">
    <p class='ocr_par' dir='ltr' id='par_1_103' title="bbox 2280 4804 3581 4860">
     <span class='ocr_line' id='line_1_108' title="bbox 2280 4804 3581 4860; baseline -0.022 -2"><span class='ocrx_word' id='word_1_776' title='bbox 2280 4804 2722 4860; x_wconf 80' lang='lat' dir='ltr'><strong>bone-lucisa-tor.</strong></span> <span class='ocrx_word' id='word_1_777' title='bbox 3568 4844 3581 4857; x_wconf 27' lang='grc' dir='ltr'>ἢ</span> 
     </span>
    </p>
   </div>
   <div class='ocr_carea' id='block_1_104' title="bbox 2350 4874 3867 4963">
    <p class='ocr_par' dir='ltr' id='par_1_104' title="bbox 2350 4874 3867 4963">
     <span class='ocr_line' id='line_1_109' title="bbox 2350 4874 3867 4963; baseline -0.019 -11"><span class='ocrx_word' id='word_1_778' title='bbox 2350 4897 2474 4952; x_wconf 65' lang='lat'><strong>924.</strong></span> <span class='ocrx_word' id='word_1_779' title='bbox 2516 4898 2770 4963; x_wconf 85' lang='lat' dir='ltr'><strong>Quartum</strong></span> <span class='ocrx_word' id='word_1_780' title='bbox 2795 4903 2961 4960; x_wconf 87' lang='lat' dir='ltr'><strong>genus</strong></span> <span class='ocrx_word' id='word_1_781' title='bbox 2994 4885 3094 4940; x_wconf 91' lang='lat' dir='ltr'><strong>ode</strong></span> <span class='ocrx_word' id='word_1_782' title='bbox 3126 4879 3456 4937; x_wconf 91' lang='lat' dir='ltr'><strong>monocolos.</strong></span> <span class='ocrx_word' id='word_1_783' title='bbox 3487 4876 3702 4930; x_wconf 74' lang='lat' dir='ltr'><strong>Versus</strong></span> <span class='ocrx_word' id='word_1_784' title='bbox 3744 4874 3867 4927; x_wconf 87' lang='lat' dir='ltr'><strong>hen-</strong></span> 
     </span>
    </p>
   </div>
   <div class='ocr_carea' id='block_1_105' title="bbox 2281 4965 3871 5062">
    <p class='ocr_par' dir='ltr' id='par_1_105' title="bbox 2281 4965 3871 5062">
     <span class='ocr_line' id='line_1_110' title="bbox 2281 4965 3871 5062; baseline -0.024 -11"><span class='ocrx_word' id='word_1_785' title='bbox 2281 4989 2604 5062; x_wconf 86' lang='lat' dir='ltr'><strong>decasyllabi</strong></span> <span class='ocrx_word' id='word_1_786' title='bbox 2630 4981 3074 5042; x_wconf 88' lang='lat' dir='ltr'><strong>antonomastice,</strong></span> <span class='ocrx_word' id='word_1_787' title='bbox 3103 4977 3215 5030; x_wconf 81' lang='lat' dir='ltr'><strong>sive</strong></span> <span class='ocrx_word' id='word_1_788' title='bbox 3255 4968 3519 5031; x_wconf 85' lang='lat' dir='ltr'><strong>Phalecii,</strong></span> <span class='ocrx_word' id='word_1_789' title='bbox 3552 4967 3653 5036; x_wconf 85' lang='lat' dir='ltr'><strong>qui</strong></span> <span class='ocrx_word' id='word_1_790' title='bbox 3678 4965 3871 5020; x_wconf 84' lang='lat' dir='ltr'><strong>habent</strong></span> 
     </span>
    </p>
   </div>
   <div class='ocr_carea' id='block_1_106' title="bbox 2283 5054 3867 5156">
    <p class='ocr_par' dir='ltr' id='par_1_106' title="bbox 2283 5054 3867 5156">
     <span class='ocr_line' id='line_1_111' title="bbox 2283 5054 3867 5156; baseline -0.024 -14"><span class='ocrx_word' id='word_1_791' title='bbox 2283 5054 2616 5156; x_wconf 35' lang='lat' dir='ltr'><strong>spondvteum,</strong></span> <span class='ocrx_word' id='word_1_792' title='bbox 2645 5075 2934 5145; x_wconf 75' lang='lat' dir='ltr'><strong>deetylum,</strong></span> <span class='ocrx_word' id='word_1_793' title='bbox 2973 5069 3128 5141; x_wconf 77' lang='lat'><strong>199</strong></span> <span class='ocrx_word' id='word_1_794' title='bbox 3155 5074 3211 5121; x_wconf 90' lang='lat' dir='ltr'><strong>et</strong></span> <span class='ocrx_word' id='word_1_795' title='bbox 3235 5078 3341 5120; x_wconf 89' lang='lat' dir='ltr'><strong>tres</strong></span> <span class='ocrx_word' id='word_1_796' title='bbox 3371 5064 3618 5117; x_wconf 80' lang='lat' dir='ltr'><strong>choreus.</strong></span> <span class='ocrx_word' id='word_1_797' title='bbox 3665 5054 3867 5112; x_wconf 75' lang='lat' dir='ltr'><strong>[lende-</strong></span> 
     </span>
    </p>
   </div>
   <div class='ocr_carea' id='block_1_107' title="bbox 2281 5148 3871 5246">
    <p class='ocr_par' dir='ltr' id='par_1_107' title="bbox 2281 5148 3871 5246">
     <span class='ocr_line' id='line_1_112' title="bbox 2281 5148 3871 5246; baseline -0.021 -13"><span class='ocrx_word' id='word_1_798' title='bbox 2281 5148 2581 5246; x_wconf 77' lang='lat' dir='ltr'><strong>casyllabos</strong></span> <span class='ocrx_word' id='word_1_799' title='bbox 2620 5178 2776 5225; x_wconf 88' lang='lat' dir='ltr'><strong>vocat</strong></span> <span class='ocrx_word' id='word_1_800' title='bbox 2821 5164 3144 5223; x_wconf 84' lang='lat' dir='ltr'><strong>Prudentius</strong></span> <span class='ocrx_word' id='word_1_801' title='bbox 3170 5160 3203 5213; x_wconf 84' lang='grc'><strong>5</strong></span> <span class='ocrx_word' id='word_1_802' title='bbox 3248 5157 3441 5211; x_wconf 88' lang='lat' dir='ltr'><strong>Perist.</strong></span> <span class='ocrx_word' id='word_1_803' title='bbox 3472 5166 3593 5207; x_wconf 88' lang='lat' dir='ltr'><strong>cum</strong></span> <span class='ocrx_word' id='word_1_804' title='bbox 3621 5148 3871 5209; x_wconf 86' lang='lat' dir='ltr'><strong>Catullo,</strong></span> 
     </span>
    </p>
   </div>
   <div class='ocr_carea' id='block_1_108' title="bbox 2281 5244 3870 5332">
    <p class='ocr_par' dir='ltr' id='par_1_108' title="bbox 2281 5244 3870 5332">
     <span class='ocr_line' id='line_1_113' title="bbox 2281 5244 3870 5332; baseline -0.025 -5"><span class='ocrx_word' id='word_1_805' title='bbox 2281 5282 2338 5329; x_wconf 90' lang='lat' dir='ltr'><strong>et</strong></span> <span class='ocrx_word' id='word_1_806' title='bbox 2365 5244 2485 5325; x_wconf 77' lang='lat' dir='ltr'><strong>aliis</strong></span> <span class='ocrx_word' id='word_1_807' title='bbox 2523 5262 2793 5332; x_wconf 89' lang='lat' dir='ltr'><strong>antiquis:</strong></span> <span class='ocrx_word' id='word_1_808' title='bbox 2848 5255 3035 5310; x_wconf 86' lang='lat' dir='ltr'><strong>Dulces</strong></span> <span class='ocrx_word' id='word_1_809' title='bbox 3086 5246 3535 5317; x_wconf 75' lang='lat' dir='ltr'><strong>hendecasyllabos</strong></span> <span class='ocrx_word' id='word_1_810' title='bbox 3584 5244 3870 5307; x_wconf 49' lang='lat' dir='ltr'><strong>revolvens.</strong></span> 
     </span>
    </p>
   </div>
   <div class='ocr_carea' id='block_1_109' title="bbox 2288 5418 3875 5511">
    <p class='ocr_par' dir='ltr' id='par_1_109' title="bbox 2288 5418 3875 5511">
     <span class='ocr_line' id='line_1_114' title="bbox 2288 5418 3875 5511; baseline -0.019 -11"><span class='ocrx_word' id='word_1_811' title='bbox 2288 5446 2352 5500; x_wconf 87' lang='lat' dir='ltr'><strong>Et</strong></span> <span class='ocrx_word' id='word_1_812' title='bbox 2380 5453 2437 5497; x_wconf 90' lang='lat' dir='ltr'><strong>ut</strong></span> <span class='ocrx_word' id='word_1_813' title='bbox 2460 5442 2608 5511; x_wconf 89' lang='lat' dir='ltr'><strong>plura</strong></span> <span class='ocrx_word' id='word_1_814' title='bbox 2629 5439 2844 5511; x_wconf 89' lang='lat' dir='ltr'><strong>brevius</strong></span> <span class='ocrx_word' id='word_1_815' title='bbox 2869 5435 3211 5511; x_wconf 71' lang='lat' dir='ltr'><strong>complectar,</strong></span> <span class='ocrx_word' id='word_1_816' title='bbox 3242 5430 3297 5509; x_wconf 79' lang='lat' dir='ltr'><strong>in</strong></span> <span class='ocrx_word' id='word_1_817' title='bbox 3332 5434 3545 5511; x_wconf 71' lang='lat' dir='ltr'><strong>daturus</strong></span> <span class='ocrx_word' id='word_1_818' title='bbox 3568 5440 3600 5475; x_wconf 91' lang='lat' dir='ltr'><strong>a</strong></span> <span class='ocrx_word' id='word_1_819' title='bbox 3624 5418 3875 5503; x_wconf 45' lang='lat' dir='ltr'><strong>produci-</strong></span> 
     </span>
    </p>
   </div>
   <div class='ocr_carea' id='block_1_110' title="bbox 2288 5493 3877 5579">
    <p class='ocr_par' dir='ltr' id='par_1_110' title="bbox 2288 5493 3877 5579">
     <span class='ocr_line' id='line_1_115' title="bbox 2288 5493 3877 5579; baseline -0.018 -10"><span class='ocrx_word' id='word_1_820' title='bbox 2288 5527 2395 5578; x_wconf 89' lang='lat' dir='ltr'><strong>tur,</strong></span> <span class='ocrx_word' id='word_1_821' title='bbox 2426 5493 2712 5579; x_wconf 68' lang='lat' dir='ltr'><strong>corripitur</strong></span> <span class='ocrx_word' id='word_1_822' title='bbox 2741 5525 2785 5562; x_wconf 76' lang='grc' dir='ltr'><strong><em>ιε</em></strong></span> <span class='ocrx_word' id='word_1_823' title='bbox 2808 5510 2860 5561; x_wconf 88' lang='lat' dir='ltr'><strong>in</strong></span> <span class='ocrx_word' id='word_1_824' title='bbox 2885 5493 3250 5579; x_wconf 63' lang='lat' dir='ltr'><strong>praesentibus,</strong></span> <span class='ocrx_word' id='word_1_825' title='bbox 3285 5499 3341 5551; x_wconf 92' lang='lat' dir='ltr'><strong>in</strong></span> <span class='ocrx_word' id='word_1_826' title='bbox 3372 5494 3626 5577; x_wconf 52' lang='lat' dir='ltr'><strong>tentatus;</strong></span> <span class='ocrx_word' id='word_1_827' title='bbox 3661 5493 3717 5545; x_wconf 88' lang='lat' dir='ltr'><strong>in</strong></span> <span class='ocrx_word' id='word_1_828' title='bbox 3754 5504 3877 5557; x_wconf 80' lang='lat' dir='ltr'><strong>pra:-</strong></span> 
     </span>
    </p>
   </div>
   <div class='ocr_carea' id='block_1_111' title="bbox 2287 5566 3879 5647">
    <p class='ocr_par' dir='ltr' id='par_1_111' title="bbox 2287 5566 3879 5647">
     <span class='ocr_line' id='line_1_116' title="bbox 2287 5566 3879 5647; baseline -0.018 -10"><span class='ocrx_word' id='word_1_829' title='bbox 2287 5566 2486 5639; x_wconf 75' lang='lat' dir='ltr'><strong>senlant</strong></span> <span class='ocrx_word' id='word_1_830' title='bbox 2507 5622 2522 5647; x_wconf 92' lang='lat'><strong>,</strong></span> <span class='ocrx_word' id='word_1_831' title='bbox 2554 5566 2589 5630; x_wconf 79' lang='grc' dir='ltr'><strong>(ἶ</strong></span> <span class='ocrx_word' id='word_1_832' title='bbox 2614 5580 2663 5632; x_wconf 87' lang='lat' dir='ltr'><strong>in</strong></span> <span class='ocrx_word' id='word_1_833' title='bbox 2697 5566 2924 5642; x_wconf 72' lang='lat' dir='ltr'><strong>laturus;</strong></span> <span class='ocrx_word' id='word_1_834' title='bbox 2954 5566 3263 5647; x_wconf 70' lang='lat' dir='ltr'><strong>producitur</strong></span> <span class='ocrx_word' id='word_1_835' title='bbox 3283 5587 3314 5621; x_wconf 89' lang='lat' dir='ltr'><strong>a</strong></span> <span class='ocrx_word' id='word_1_836' title='bbox 3348 5568 3579 5645; x_wconf 74' lang='lat' dir='ltr'><strong>primum</strong></span> <span class='ocrx_word' id='word_1_837' title='bbox 3618 5566 3669 5615; x_wconf 85' lang='lat' dir='ltr'><strong>in</strong></span> <span class='ocrx_word' id='word_1_838' title='bbox 3699 5575 3879 5613; x_wconf 79' lang='lat' dir='ltr'><strong>caren-</strong></span> 
     </span>
    </p>
   </div>
   <div class='ocr_carea' id='block_1_112' title="bbox 2287 5637 3882 5716">
    <p class='ocr_par' dir='ltr' id='par_1_112' title="bbox 2287 5637 3882 5716">
     <span class='ocr_line' id='line_1_117' title="bbox 2287 5637 3882 5716; baseline -0.018 -9"><span class='ocrx_word' id='word_1_839' title='bbox 2287 5659 2387 5716; x_wconf 87' lang='lat' dir='ltr'><strong>tia,</strong></span> <span class='ocrx_word' id='word_1_840' title='bbox 2441 5669 2473 5705; x_wconf 92' lang='lat' dir='ltr'><strong>a</strong></span> <span class='ocrx_word' id='word_1_841' title='bbox 2510 5637 2575 5704; x_wconf 46' lang='lat' dir='ltr'><strong>&#39;in</strong></span> <span class='ocrx_word' id='word_1_842' title='bbox 2601 5652 2862 5712; x_wconf 81' lang='lat' dir='ltr'><strong>acumine,</strong></span> <span class='ocrx_word' id='word_1_843' title='bbox 2907 5637 3025 5699; x_wconf 59' lang='lat' dir='ltr'><strong>o&#39;iu</strong></span> <span class='ocrx_word' id='word_1_844' title='bbox 3075 5640 3366 5704; x_wconf 76' lang='lat' dir='ltr'><strong>columbas;</strong></span> <span class='ocrx_word' id='word_1_845' title='bbox 3396 5648 3450 5691; x_wconf 89' lang='lat' dir='ltr'><strong>ct</strong></span> <span class='ocrx_word' id='word_1_846' title='bbox 3496 5637 3563 5687; x_wconf 90' lang='lat' dir='ltr'><strong>ita</strong></span> <span class='ocrx_word' id='word_1_847' title='bbox 3612 5637 3882 5685; x_wconf 74' lang='lat' dir='ltr'><strong>sexcenta</strong></span> 
     </span>
    </p>
   </div>
   <div class='ocr_carea' id='block_1_113' title="bbox 2288 5721 3130 5792">
    <p class='ocr_par' dir='ltr' id='par_1_113' title="bbox 2288 5721 3130 5792">
     <span class='ocr_line' id='line_1_118' title="bbox 2288 5721 3130 5792; baseline -0.014 -14"><span class='ocrx_word' id='word_1_848' title='bbox 2288 5725 2415 5792; x_wconf 82' lang='lat' dir='ltr'><strong>alia,</strong></span> <span class='ocrx_word' id='word_1_849' title='bbox 2445 5736 2564 5792; x_wconf 79' lang='lat' dir='ltr'><strong>quae</strong></span> <span class='ocrx_word' id='word_1_850' title='bbox 2593 5721 2789 5788; x_wconf 88' lang='lat' dir='ltr'><strong>passim</strong></span> <span class='ocrx_word' id='word_1_851' title='bbox 2821 5724 3130 5776; x_wconf 86' lang='lat' dir='ltr'><strong>occurrunt.</strong></span> 
     </span>
    </p>
   </div>
  </div>
