3970 6326
216 368 324 423 τις

1606 352 2119 410 PROLEGOMENA.

3393 357 3495 412 746

221 480 392 548 Hujus
432 479 650 548 generis
683 476 840 532 Cath.
885 475 1116 546 hymnus
1146 473 1201 538 4,
1245 470 1435 525 Perist.
1464 469 1519 525 5.
1554 469 1887 529 Scansio-‘A
1914 467 2049 523 dus:
2078 466 2123 519 0
2179 464 2499 520 Na-sare-ne
2536 463 3353 524 lux-Bethlem-Verbum-Patris
3401 472 3495 541 (ὁ).

223 571 307 623 nis
354 570 493 624 ratio
546 570 703 623 haec:
756 562 1249 621 Pastis-visceri-bus
1296 563 1341 615 ci
1366 590 1383 603 -
1410 562 1814 632 lioque-sumpto.

223 663 483 731 Exempla
502 670 627 715 sunt
643 659 836 729 pedum
850 655 1071 725 dactyli,
1090 654 1296 719 chorei,
1314 653 1474 709 iambi
1491 654 1660 724 primo
1676 654 1815 709 loco.

295 754 423 807 225.
465 755 718 820 Quintum
743 765 909 820 genus
936 747 1041 803 ode
1063 748 1395 812 monocolos,
1418 762 1607 802 versus
1638 746 1823 801 Ascle—

228 844 430 911 piadei,
464 851 521 897 ut
565 844 617 897 in
673 841 847 910 primo
892 852 1089 907 genere
1117 852 1304 891 versus
1333 837 1618 891 secundus.
1650 836 1822 905 Hujus

225 933 445 1003 generis
489 933 722 1001 hymnus
749 930 784 984 5
812 929 969 983 Cath.
998 946 1010 981 :
1040 927 1282 981 Inventor
1312 927 1455 981 rutili
1479 968 1491 992 ,
1525 927 1631 983 dua:
1655 928 1783 982 bone
1805 972 1820 996 ,

227 1024 463 1090 luminis,
490 1031 545 1077 et
574 1021 821 1090 praefatio
853 1019 943 1074 lib.
978 1035 993 1072 l
1029 1018 1153 1076 adv.
1182 1019 1587 1088 Symmachum.

303 1114 436 1168 226.
474 1113 698 1168 Sextum
743 1125 913 1181 genus
959 1110 1060 1164 ode
1107 1110 1436 1164 monocolos.
1469 1110 1665 1165 Versus
1696 1112 1826 1166 iatn-

231 1206 348 1259 biei
382 1203 757 1261 AnacreOntici
782 1242 797 1265 ,
830 1203 942 1257 sive
981 1201 1195 1255 iambici
1224 1199 1441 1255 dimetri
1471 1201 1714 1255 catalecti
1760 1218 1824 1257 ex

234 1297 415 1351 tribus
441 1295 629 1348 iambis
656 1302 710 1349 et
735 1293 961 1363 syllaba,
989 1291 1078 1361 qui
1107 1290 1370 1358 recipiunt
1398 1290 1567 1359 prima
1595 1302 1648 1346 et
1674 1292 1828 1347 tertia

233 1385 365 1441 sede
418 1384 749 1454 spondaaum.
789 1383 959 1451 Hujus
997 1381 1206 1451 generis
1235 1381 1464 1452 hymnus
1487 1382 1518 1436 6
1553 1382 1823 1450 Cathem.,

231 1478 395 1542 Ades,
422 1476 581 1530 Pater
605 1491 860 1547 supreme,
894 1474 982 1545 qui
1013 1476 1084 1529 ita
1114 1473 1387 1529 scanditur
1414 1491 1426 1526 :
1452 1474 1829 1539 Ades,-Pater-

234 1584 501 1636 supre—me
531 1566 630 1636 (α).

310 1660 443 1713 227.
481 1658 781 1728 Septimum
813 1672 982 1727 genus
1010 1655 1115 1712 ode
1144 1656 1473 1712 monocolos.
1513 1656 1709 1712 Versus
1748 1672 1832 1713 se-

236 1752 381 1807 narii
410 1750 621 1806 iambici
648 1790 666 1815 ,
708 1751 823 1804 sive
870 1748 1087 1803 iambici
1124 1748 1344 1802 trimetri
1394 1747 1741 1803 acatalectici.
1776 1748 1832 1802 Si

1996 559 2155 629 200
2180 557 2306 613 228.
2348 557 2606 612 Octavum
2638 571 2809 626 genus
2837 556 2939 611 ode
2969 557 3174 613 dicolos
3222 568 3497 615 tetrastro-

1925 648 2307 717 phos.-Versus
2338 657 2448 702 tres
2492 648 2646 716 primi
2683 647 2958 715 Sapphici,
3007 658 3230 715 quartus
3276 653 3503 721 quisque

1924 739 2182 795 Adonius.
2238 738 2489 809 Sapphici
2560 739 2733 808 primo
2790 739 2908 794 loco
2958 739 3158 795 habent
3203 741 3500 808 choreum,

1925 829 2161 885 secundo
2213 829 2566 897 spondaaum,
2632 829 2790 883 tertio
2852 830 3162 901 dac1ylum,
3214 843 3405 902 quarto
3452 844 3509 890 et

1926 922 2111 990 quinto
2155 921 2437 975 choreum.
2489 920 2731 975 Adonius
2757 922 2971 992 dactylo
3012 932 3067 977 et
3096 925 3351 993 spondaeo
3379 941 3508 981 con-

1928 1022 2052 1068 stat.
2088 1012 2257 1081 Hujus
2304 1012 2517 1082 generis
2562 1012 2793 1083 hymnus
2842 1016 2874 1069 8
2904 1014 3170 1081 Cathem.,
3218 1025 3273 1072 et
3304 1018 3333 1072 4
3362 1018 3511 1073 Peri-

1928 1104 2104 1175 steph.
2154 1092 2414 1159 Mensura)
2463 1105 2653 1159 modus
2687 1105 2773 1160 hic
2811 1122 2822 1158 :
2851 1104 3351 1162 Christe-servo-rum
3378 1109 3514 1180 regi-

1898 1255 1900 1259 ν
1932 1212 2043 1250 men
2084 1205 2339 1250 tu-orum.
2370 1196 2428 1250 In
2456 1196 2664 1251 Advnio
2690 1204 2889 1263 autem,
2921 1196 3055 1269 Lege
3096 1216 3339 1255 co-erces.
3382 1201 3514 1256 Pru-

1930 1285 2145 1341 dentius
2177 1286 2494 1361 his‘legibus
2522 1301 2581 1342 se
2625 1287 2910 1343 obstrinxit
2936 1330 2949 1354 ,
2994 1294 3242 1357 quamvis
3270 1294 3514 1348 nonnulli

1931 1380 2160 1435 secunda
2206 1380 2334 1436 sede
2369 1381 2626 1435 choreum
2656 1389 2711 1435 et
2739 1381 3009 1452 dactylum
3052 1382 3382 1449 admiserint,
3420 1386 3515 1441 Sc-

1933 1486 2070 1526 neca
2099 1486 2227 1525 vero
2272 1471 2444 1540 primo
2474 1472 2591 1525 loco
2620 1471 2949 1540 spondzeum,
2984 1471 3275 1541 dactylum,
3308 1486 3361 1530 et
3389 1490 3514 1529 ana-

1938 1571 2185 1630 paestum,
2217 1562 2457 1617 secundo
2481 1562 2734 1616 iambunk

2004 1652 2126 1706 229.
2172 1651 2379 1706 Nonum
2428 1667 2596 1720 genus
2645 1654 2748 1707 ode
2798 1656 3108 1709 monocolos
3135 1697 3147 1718 ,
3178 1672 3297 1726 qum
3342 1657 3520 1712 minus

1938 1744 2073 1798 bene
2111 1760 2139 1800 a
2188 1743 2551 1799 Chamillardo
2604 1744 2929 1814 tristrophos
2979 1748 3305 1816 appellatur;
3347 1765 3524 1820 neque

239 1842 369 1913 puri
399 1843 533 1907 sint,
566 1841 814 1896 omnibus
842 1840 974 1895 locis
1015 1839 1220 1894 iambos
1245 1837 1553 1908 requirunt,
1585 1839 1629 1891 si
1658 1838 1832 1905 mixti,
1866 1853 1915 1914 Β
1940 1834 2080 1889 enim
2107 1834 2256 1903 plura
2282 1834 2373 1889 hic
2404 1844 2529 1890 sunt
2555 1835 2787 1891 diversae
2816 1838 3015 1906 speciei
3043 1840 3303 1894 carmina.
3324 1841 3525 1897 Versus

239 1935 514 2005 recipiunt
557 1934 689 1989 locis
740 1932 1030 2002 imparibus
1081 1923 1386 2001 tribrachyn
1412 1971 1429 1997 ,
1477 1929 1786 1999 spondatum
1812 1971 1828 1997 ,

240 2035 581 2095 anapaestum
607 2065 623 2090 ,
654 2023 923 2092 dactylum
951 2065 965 2088 ,
998 2030 1053 2077 et
1100 2035 1223 2075 raro
1254 2020 1789 2090 proceleusmaticum
1816 2038 1830 2085 ;

238 2120 383 2176 locis
409 2119 624 2189 paribus
650 2117 859 2171 iambos
887 2115 999 2170 fere
1030 2114 1249 2178 habent,
1273 2113 1367 2168 sed
1392 2113 1677 2167 admittunt
1708 2113 1837 2168 sede

241 2212 491 2280 secunda
520 2255 535 2277 ,
566 2217 751 2280 quarta
781 2216 837 2263 et
865 2216 1015 2263 sexta
1068 2207 1398 2275 tribrachyn.
1434 2204 1597 2273 llujus
1626 2206 1837 2273 generis

240 2278 485 2372 hymnus
531 2301 560 2352 7
584 2278 923 2364 llatliemer.,
958 2298 1191 2367 hymnus
1234 2295 1300 2350 10
1344 2295 1566 2360 Perist.,
1600 2294 1840 2362 praefatio

240 2391 496 2446 Hamart.
528 2401 583 2445 et
632 2389 875 2460 praefatio
904 2385 1361 2458 Psychomaehiae.
1390 2384 1693 2440 Scandendi
1725 2400 1841 2438 mo-

320 2504 407 2573 (a)
429 2501 817 2556 Chamillardus
845 2515 947 2553 non
979 2499 1191 2573 videtur
1216 2496 1497 2573 admittere
1524 2496 1677 2573 tertia
1705 2497 1847 2573 sede.

242 2566 591 2641 spondazum,
622 2588 777 2640 quem
807 2573 1018 2641 agnovit
1050 2569 1236 2641 Aldus.
1271 2567 1554 2621 llicciolins
1583 2566 1832 2632 advertit,

238 2638 602 2703 Prudentium
636 2638 809 2711 primo
837 2638 1249 2711 loco'recepisse
1280 2646 1651 2711 anapmstum;
1694 2641 1834 2706 quod

239 2716 477 2787 quidem
508 2708 701 2779 saepius
731 2712 883 2777 fecit,
915 2721 968 2787 et
1009 2726 1129 2764 eum
1164 2708 1426 2787 iambicus
1454 2708 1833 2787 dimetsraca-

239 2778 485 2842 t'alectus
513 2778 840 2845 anaptestum
887 2782 1052 2849 prima
1085 2780 1213 2833 sede
1241 2779 1517 2849 admittat,
1571 2778 1700 2832 nihil
1731 2788 1828 2844 est,

237 2874 354 2912 cur
406 2856 457 2908 id
504 2854 729 2908 iambico
756 2848 985 2906 dimetro
1011 2851 1269 2904 eatalecto
1297 2848 1655 2918 denegemus;
1700 2864 1834 2916 prte-

232 2927 449 2983 sertim
498 2940 611 2978 cum
653 2932 841 2977 auctor
880 2920 1132 2975 carminis
1160 2922 1437 2973 Anacreon
1483 2919 1675 2987 passim
1708 2934 1836 2973 ana-

192 3008 433 3069 rpxsto
482 2995 647 3069 prima
696 2994 819 3069 sede
869 3000 1066 3045 utatur.
1107 2991 1259 3058 Quod
1308 2998 1484 3043 autem
1516 2989 1827 3057 spondmum

222 3064 379 3124 loco
418 3066 570 3119 tertio
599 3064 870 3129 posuerit,
902 3078 1009 3115 non
1051 3074 1178 3131 puto
1208 3076 1391 3131 verum
1439 3076 1451 3111 ε
1497 3074 1619 3131 nam
1650 3075 1838 3131 versus

226 3140 394 3195 L52:
424 3136 523 3202 Qui
548 3134 699 3198 millei
717 3150 804 3204 per
842 3129 1128 3186 meandros
1158 3130 1467 3199 spondaaum
1497 3129 1713 3204 quidem
1742 3129 1840 3184 ha-

226 3213 344 3266 bet
404 3200 559 3260 tertia
606 3200 886 3259 sedezsed
930 3204 1048 3264 quis
1096 3212 1244 3255 certo
1288 3215 1532 3254 asserere
1575 3200 1768 3265 valeat,
1812 3215 1842 3252 a

228 3276 558 3335 Prudentia
584 3291 626 3328 ιε
656 3276 707 3327 in
755 3274 1042 3328 nueandros
1088 3287 1191 3325 non
1237 3272 1397 3324 fuisse
1439 3280 1745 3335 correptum
1775 3270 1845 3324 ob

229 3315 512 3404 $335.31.]
542 3345 887 3414 sequentem?
926 3344 1054 3414 Nam
1085 3343 1134 3394 id
1163 3342 1282 3414 fecit
1319 3343 1368 3393 in
1412 3315 1761 3414 rompheali“
1794 3349 1849 3394 et
1870 3315 1918 3379 (ἶ

233 3424 299 3475 in
364 3415 563 3470 eodem
596 3410 857 3470 vocabulo
889 3413 1180 3466 :llwandros
1219 3412 1399 3480 hymn.
1436 3412 1467 3464 7
1490 3410 1670 3477 (23th.,
1702 3425 1846 3465 vers.

234 3490 395 3546 124.
458 3486 652 3539 Ventris
685 3486 971 3538 mwandros
998 3483 1237 3536 circuibat
1273 3481 1464 3534 tortiles
1491 3520 1505 3541 ,
1546 3495 1849 3549 quanquam

233 3562 482 3615 variant
536 3554 632 3609 hoc
676 3557 793 3609 loco
818 3556 1050 3608 codices.
1079 3553 1183 3606 Sed
1230 3560 1375 3605 certe
1409 3550 1565 3604 valde
1595 3552 1847 3605 uSitatum

233 3642 340 3687 est
368 3626 758 3695 diphthongum
792 3626 842 3678 in
858 3623 1124 3679 vocabulis
1155 3621 1354 3679 Graecis
1395 3621 1464 3675 ob
1494 3621 1735 3675 vocalem
1764 3635 1854 3676 se—

236 3706 527 3772 quentem
554 3696 768 3763 corripi.

324 3771 421 3839 (b)
449 3767 560 3819 Non
590 3760 865 3839 assequor,
892 3764 1015 3832 quid
1047 3764 1147 3839 sibi
1175 3760 1568 3816 Chamillardus
1596 3762 1849 3839 voluerit,

233 3832 408 3898 duis).
442 3840 544 3891 hoc
569 3832 797 3904 explicat
824 3850 1013 3905 genus.
1047 3832 1179 3905 Sunt
1221 3848 1393 3885 omnes
1435 3848 1607 3886 versus
1647 3834 1851 3905 iambici

244 3907 622 3980 Hipponactei
634 3902 860 3980 "trimetr'i
900 3902 1161 3980 acatalecti
1189 3911 1420 3980 :reefplo
1450 3912 1617 3957 tamen
1647 3904 1700 3955 in
1728 3904 1853 3957 locis

242 3970 560 4052 imparibus
591 3970 743 4052 etiam
769 3976 1028 4052 spondam.
1056 3973 1282 4027 Carmen
1313 3970 1854 4052 Hipponacteumjo-

237 4042 381 4107 cari
427 4050 562 4101 sciet
590 4042 869 4100 iambicum
904 4045 1199 4098 trimetrum
1226 4043 1613 4106 catalecticum,
1647 4053 1704 4097 ut
1737 4042 1854 4096 Ter-

238 4141 355 4177 nas
398 4119 580 4171 vetusti
607 4118 811 4186 congios
834 4114 1066 4169 Falerni.
1089 4113 1194 4186 Sed
1225 4113 1383 4167 missa
1415 4113 1511 4167 hac
1540 4114 1605 4166 de
1636 4115 1854 4186 nomine

234 4190 577 4262 quaestione
599 4229 613 4251 ,
637 4184 854 4262 senarii
902 4184 1111 4262 iambici
1145 4199 1248 4262 non
1296 4187 1465 4262 solum
1498 4184 1807 4262 spondteum
1835 4223 1850 4248 ,

236 4253 455 4331 [Seque
484 4258 609 4331 solis
637 4258 765 4310 locis
793 4256 1084 4331 imparibus
1122 4256 1256 4331 alios
1300 4253 1462 4321 pedes
1506 4262 1697 4331 prmter
1724 4255 1855 4331 iam-

238 4324 405 4388 bm'n
440 4327 717 4394 recipiunt,
750 4325 890 4395 quod
923 4324 1445 4395 advertendumhest,
1480 4338 1546 4377 ne
1576 4325 1628 4378 in
1667 4325 1854 4379 iambi-

238 4404 351 4457 εἰς
409 4393 629 4451 senariis
660 4393 931 4450 Prudentii
980 4410 1219 4449 errorem
1270 4393 1463 4461 aliquis
1516 4403 1699 4461 putet,
1732 4410 1853 4448 cum

235 4471 420 4527 alios
456 4468 610 4534 pedes
649 4465 1077 4535 deprehenderit.
1104 4463 1349 4518 Comicus
1383 4463 1662 4518 liberiores
1694 4464 1855 4535 luisse

230 4531 609 4607 compertum
662 4531 745 4590 est
768 4576 783 4600 ,
837 4536 924 4605 qui
959 4535 1224 4603 prioribus
1249 4535 1485 4602 quinque
1518 4535 1647 4588 locis
1688 4531 1853 4599 spon-

232 4616 426 4669 dznos
458 4649 470 4671 .
499 4607 735 4676 dactylos
760 4649 774 4672 ,
808 4615 1104 4672 anapmstos
1131 4645 1145 4669 ,
1174 4612 1230 4658 et
1260 4619 1637 4676 nonnunquam
1670 4619 1856 4676 proce-

1942 1926 2196 1981 trochaiei
2226 1927 2550 1983 Archilochii
2581 1938 2788 1999 septem
2828 1930 3072 1998 pedibus,
3102 1941 3152 1985 et
3182 1948 3288 1986 una
3319 1934 3526 2003 syllaba

1942 2032 2250 2077 constantes
2292 2039 2305 2077 :
2347 2022 2527 2091 pedes
2560 2031 2688 2077 sunt
2732 2023 2951 2077 trochaai
2979 2064 2994 2088 ,
3031 2025 3119 2094 qui
3150 2025 3332 2081 chorei
3363 2029 3527 2082 etiam

1942 2115 2215 2180 dicuntur,
2260 2116 2392 2170 locis
2441 2115 2659 2184 paribus
2702 2116 2989 2184 spondmus
3034 2118 3313 2186 recipitur.
3357 2118 3527 2188 llujus
3566 2152 3589 2159 -

1943 2205 2154 2274 generis
2199 2207 2427 2275 hymnus
2455 2206 2487 2260 9
2512 2204 2667 2259 Cath.
2710 2216 2765 2260 ct
2798 2208 2821 2260 1
2859 2208 3160 2277 Peristeph.
3193 2209 3268 2263 Ita
3289 2218 3293 2223 ’
3316 2211 3527 2265 scandi-

1947 2306 2062 2352 tur:
2083 2297 2162 2351 Da
2188 2315 2337 2366 pu-er
2366 2299 2644 2369 ple-ctrum
2669 2299 2967 2353 cho-reis-ut
2995 2316 3193 2354 ca-nam
3218 2301 3524 2370 ﬁ-deli-bus.

1949 2388 2277 2444 Prudentius
2306 2389 2444 2443 hanc
2475 2390 2645 2459 legem
2677 2390 2961 2460 servat(c).

1948 2500 1998 2579 in
2042 2504 2280 2579 carmine
2326 2503 2394 2557 de
2442 2504 2635 2558 litteris
2665 2514 2719 2558 et
2765 2505 3354 2579 depedibusexempla
3384 2528 3529 2579 qua:-

1945 2571 2068 2624 dam
2102 2574 2303 2647 profert
2348 2590 2363 2630 :
2407 2597 2436 2632 η
2468 2584 2513 2627 et
2545 2599 2602 2637 ω,
2649 2591 2762 2643 qua:
2806 2571 2925 2629 bina
2969 2578 3180 2647 pedibus
3226 2571 3532 2637 stibmiitunt

1945 2643 2385 2707 tempora-Sicut
2433 2660 2629 2709 unum;
2678 2662 2913 2699 numerus
2963 2643 3232 2711 antequam
3275 2654 3531 2706 secundus

1946 2714 2171 2789 pro-didit
2198 2743 2261 2789 ,__-
2282 2712 2478 2767 Forma
2522 2715 2639 2768 talis
2664 2724 2750 2789 ‘est
2780 2718 2991 2770 minoris
3018 2759 3031 2781 ,
3060 2720 3283 2772 animum
3322 2724 3530 2789 quando

1944 2784 2333 2861 dicimustNam
2371 2796 2548 2861 quater
2574 2785 2953 2861 reciprocantur
2984 2805 3221 2861 numerus
3258 2798 3304 2842 et
3331 2784 3530 2861 tempus

1944 2852 2219 2930 duplex-is
2248 2855 2341 2930 erit
2368 2852 2702 2930 ἁγάπαςστοςέ,
2744 2858 3069 2930 υξάςεηᾳιιοίί
3090 2860 3184 2913 iste
3211 2878 3296 2930 pes
3318 2863 3382 2913 sit
3405 2852 3532 2915 tem-

1947 2939 2147 2992 porum.
2176 2924 2513 2988 Prudentius,
2538 2925 2736 2993 hymno
2761 2926 2793 2979 9
2815 2924 3082 2991 Catliem.,
3106 2924 3376 2985 aut'tertia
3404 2933 3532 2987 sede

1946 2994 2266 3070 spondeum
2312 2995 2549 3070 recepit,
2586 3002 2691 3070 aut
2716 3011 2756 3070 u_
2781 2995 3007 3063 primum
3040 2998 3090 3050 in
3133 2999 3337 3070 lugubri
3364 3003 3531 3056 corri-

1948 3064 2096 3134 puit,
2128 3063 2267 3134 quod
2315 3068 2484 3133 magis
2528 3062 2660 3117 mihi
2708 3062 2921 3133 placere
2969 3062 3368 3123 ostendi'nnm.
3399 3070 3527 3127 209.

1950 3133 2154 3207 Verum
2176 3134 2230 3207 in
2258 3134 2448 3207 eodem
2480 3136 2699 3205 hymno,
2733 3151 2875 3207 vers.
2910 3138 3000 3201 40,
3047 3138 3332 3207 spondmus
3360 3142 3411 3193 in
3443 3156 3527 3195 sc-
3566 3146 3573 3149 “

1951 3204 2071 3258 dem
2112 3206 2350 3275 quintam
2398 3204 2708 3259 immittitur
2752 3224 2763 3257 :
2810 3204 3092 3260 Extimum'
3119 3211 3267 3262 vestis
3315 3223 3534 3266 sacratis

1952 3277 2130 3345 furtim
2159 3276 2340 3347 mulier
2366 3276 2557 3347 attigit.
2602 3276 2756 3330 Vers.
2796 3277 2916 3343 105,
2973 3279 3088 3333 loco
3117 3288 3268 3333 sexto
3297 3289 3380 3334 est
3404 3296 3533 3334 ana-

1954 3356 2148 3413 paestus
2172 3390 2187 3411 ,
2236 3346 2360 3400 Pou
2387 3388 2401 3412 ,
2454 3346 2507 3400 ut
2534 3362 2767 3400 occasum
2791 3348 2993 3400 resolvit
3020 3392 3034 3414 ,
3064 3350 3176 3403 vita:
3201 3360 3245 3403 et
3275 3352 3534 3405 hominem

1950 3416 2207 3487 reddidit;
2243 3431 2305 3470 ac
2329 3417 2575 3470 similiter
2603 3418 2847 3487 dactylus
2878 3418 3073 3487 hymno
3104 3422 3125 3473 1
3158 3420 3351 3474 Perist.
3386 3438 3528 3476 vers.

1951 3485 2021 3560 (ξῦ
2041 3503 2075 3560 7:
2119 3486 2337 3560 Tempus
2376 3497 2449 3540 est
2479 3486 2584 3560 Deo
2613 3485 2843 3560 rependi,
2874 3485 3123 3557 quidquid
3169 3501 3239 3543 est
3269 3494 3534 3560 proprium

1954 3504 2021 3540 oo
2063 3504 2075 3538 :
2123 3504 2337 3555 lentth
2376 3504 2449 3540 est
2479 3504 2584 3540 ueo
2613 3504 2843 3609 reperiat,
2874 3504 3122 3557 quiaquia
3169 3504 3239 3543 est
3269 3507 3533 3560 praprmm

1954 3556 2069 3609 Dei.
2112 3554 2275 3627 Albid.,
2326 3571 2469 3611 vers.
2497 3556 2608 3627 A70,
2703 3558 2980 3627 rlbrachys
3025 3560 3203 3626 quinta
3255 3563 3384 3614 sede
3422 3578 3433 3613 :
3468 3561 3533 3614 Et

1953 3625 2158 3695 chalybs
2207 3627 2385 3679 attrita
2424 3625 2559 3679 colla
2612 3626 2847 3696 gravibus
2894 3625 3053 3680 ambit
3080 3629 3304 3682 circulis.
3340 3630 3414 3683 Ex
3445 3631 3531 3684 his

1955 3698 2128 3767 solum
2175 3705 2257 3749 est
2288 3704 2489 3767 contra
2541 3696 2753 3767 regulas
2800 3698 3084 3765 spondaaus
3135 3698 3250 3751 loco
3309 3702 3527 3767 quinto,

1957 3766 2134 3836 furtim
2184 3768 2235 3818 in
2284 3766 2372 3837 illo
2386 3780 2555 3837 fersu
2582 3806 2597 3831 ,
2630 3765 2893 3837 Extimuit:
2933 3767 3081 3819 vestis
3106 3765 3534 3837 sacratis—furtim

1956 3837 2137 3889 mulier
2165 3836 2353 3905 attigit.
2385 3835 2633 3891 Fortasse
2669 3835 2869 3889 librarii
2916 3837 3078 3889 verba
3111 3835 3449 3903 traiecerunt,
3479 3852 3535 3893 et

1957 3922 2053 3976 pro
2080 3906 2257 3959 mulier
2289 3905 2465 3977 furtim
2482 3906 2649 3977 attigit
2666 3919 2769 3959 non
2798 3906 2929 3977 eliso
2958 3922 3005 3956 ni
3031 3906 3081 3958 in
3112 3906 3311 3971 furtim,
3339 3925 3533 3977 posue-

1959 3975 2105 4038 runt,
2137 3988 2195 4030 ut
2238 3991 2379 4029 nunc
2430 3975 2643 4044 legitur.
2697 3975 2846 4041 Quod
2876 3977 2919 4027 si
2949 3977 3249 4045 evangeliea
3279 3975 3376 4031 vox
3408 3979 3535 4033 reti-

1960 4046 2131 4118 nenda
2160 4047 2249 4107 sit,
2268 4046 2473 4118 melius
2504 4046 2867 4118 emendarem,
2896 4045 3078 4118 mulier
3105 4046 3282 4113 furtim
3303 4051 3532 4118 contigit.

1958 4117 2170 4171 Dubitet
2208 4116 2400 4188 aliquis
2428 4133 2498 4188 an
2530 4116 2845 4188 Prudentius
2876 4117 3169 4188 scripserit,
3202 4122 3331 4188 forte
3358 4116 3538 4173 mulier

1957 4188 2121 4257 attigit
2147 4229 2161 4253 ,
2208 4186 2301 4257 sed
2334 4186 2397 4241 ad
2425 4186 2694 4256 Evangelii
2743 4187 3102 4241 narrationem
3134 4186 3300 4256 magis
3327 4191 3536 4244 accedit

1959 4256 2155 4327 furtim.
2186 4256 2419 4323 Wasius,
2452 4271 2569 4323 cap.
2609 4258 2630 4310 1
2664 4257 2728 4311 de
2756 4257 2961 4312 Licent.
3004 4267 3111 4311 vet.
3160 4270 3302 4323 poet.
3356 4262 3534 4323 tradit,

1958 4328 2098 4394 apud
2133 4328 2461 4396 antiquiores
2492 4327 2826 4397 spondzeum,
2860 4338 2951 4397 aut
2980 4328 3093 4396 ejus
3122 4330 3377 4381 vicarium
3409 4347 3537 4382 ana-

1961 4408 2184 4467 paestum
2237 4398 2493 4452 trochaici
2524 4396 2806 4452 ’ca'rminis
2867 4396 3023 4451 sedes
3079 4398 3293 4467 quasvis
3346 4410 3539 4466 praeter

1962 4470 2200 4525 ultimam
2247 4470 2390 4523 nullo
2437 4469 2746 4523 discrimine.
2784 4468 3081 4522 obsedisse.
3136 4469 3248 4523 Hac
3294 4480 3537 4523 veterum

1961 4538 2077 4607 lege
2121 4553 2217 4593 seu
2263 4541 2647 4593 consuetudine
2694 4540 2747 4591 in
2780 4538 3067 4592 Prudentio
3098 4540 3315 4592 retineri
3361 4548 3540 4606 potest

1908 4661 1917 4671 ,
1961 4610 2134 4680 furtim
2176 4609 2357 4662 mulier
2391 4609 2578 4680 attigit.
2612 4609 2724 4680 .lam
2756 4623 2942 4680 versus
2971 4608 3032 4680 hi
3065 4607 3340 4671 trochaici,
3375 4618 3539 4660 tetra-

237 4674 634 4739 leusruaticos
683 4676 1056 4730 immittebant.
1122 4676 1319 4745 Quarta
1367 4674 1495 4728 sede
1545 4674 2116 4745 spondreumDmetri
2161 4678 2454 4732 catalcctici
2478 4674 2505 4738 ,⁷
2528 4678 2717 4745 integri
2766 4676 3034 4731 scribendi
3083 4686 3244 4738 sunt.
3293 4680 3539 4744 quamvis

234 4747 1011 4823 sas-piusjntrusitausonius
1042 4745 1104 4823 in_
1122 4744 1273 4823 Ludo
1299 4752 1502 4823 septem
1530 4744 1853 4823 sapientum,
1890 4811 1896 4817 ‘

232 4813 439 4894 quem
470 4818 708 4894 Scaliger
737 4816 830 4894 lib.
873 4831 925 4869 vt
959 4814 1329 4894 Poetieeshac
1355 4813 1423 4867 de
1449 4828 1607 4894 causa
1635 4815 1687 4868 in
1714 4814 1857 4884 judi-

229 4884 414 4949 éium
466 4884 641 4941 vocat}
675 4890 743 4940 At
770 4887 1042 4940 Ausonius
1071 4886 1156 4940 vel
1205 4884 1326 4939 ideo
1363 4885 1604 4938 excusari
1652 4894 1854 4952 posset,

233 4967 393 5035 quia
435 4960 486 5012 in
514 4973 581 5011 eo
611 4957 846 5035 carmine
874 4954 1264 5035 quasicomice
1298 4954 1555 5035 loquitur,
1578 4954 1858 5035 Sapientes

233 5024 303 5087 iis
372 5042 600 5084 scenam
652 5024 910 5080 inducens
937 5067 950 5089 ,
997 5034 1050 5079 et
1094 5028 1208 5093 ipse
1233 5024 1471 5091 Scaliger
1513 5035 1697 5077 contra
1727 5025 1856 5078 Era-

230 5116 453 5158 smum
500 5099 599 5151 lib.
633 5113 701 5150 vn
727 5139 741 5161 ,
793 5112 912 5165 pag.
942 5095 1065 5160 926,
1097 5094 1298 5163 tradit,
1356 5096 1406 5148 in
1444 5094 1692 5165 pluribus
1718 5094 1858 5162 apud

234 5178 546 5229 Senecam
584 5164 808 5221 senariis
840 5182 944 5220 non
973 5168 1285 5221 observatas
1317 5164 1484 5233 magis
1524 5165 1668 5233 leges
1698 5179 1858 5229 qitam

230 5248 301 5298 in
342 5237 642 5294 comoediis
674 5250 762 5290 aut
787 5238 837 5289 in
870 5237 1084 5289 fabulis.
1112 5237 1263 5302 Quod
1293 5238 1484 5288 attinet
1508 5235 1573 5286 ad
1618 5234 1860 5289 Pruden-

232 5317 410 5367 tium
443 5308 665 5361 dnbium
698 5323 799 5360 non
829 5316 911 5360 est
936 5307 1062 5374 quin
1098 5306 1242 5372 leges
1268 5305 1677 5367 observaverit,
1726 5318 1857 5369 quas

229 5379 466 5449 tragici
499 5384 694 5449 segem.
724 5377 937 5449 lambiei
988 5374 1184 5431 senarii
1210 5374 1512 5442 exemplum
1542 5388 1604 5428 es
1635 5388 1700 5428 eo
1731 5374 1863 5447 petit

230 5445 442 5508 Beda.
478 5447 611 5501 Vide
640 5445 943 5513 noun-242.

333 5520 427 5584 (ε)
472 5519 591 5571 Non
640 5518 741 5570 erit
788 5530 1239 5584 supervacaneum
1268 5528 1511 5583 quaerere
1537 5554 1551 5579 ,
1582 5527 1648 5566 an
1675 5514 1730 5584 in
1763 5513 1862 5567 hoc

226 5611 309 5649 ca
323 5578 530 5663 nmine
571 5590 717 5663 locus
739 5588 816 5663 _sit
846 5578 963 5639 aliis
1003 5585 1225 5663 pedibus
1250 5628 1263 5650 ,
1285 5578 1498 5663 'quibus
1540 5578 1862 5663 Prudentius

224 5661 590 5728 aliquando;
619 5656 777 5728 fuerit
813 5656 1186 5728 usus._Aiunt,
1236 5654 1506 5728 rarissime
1539 5654 1862 5728 antiquiores

226 5724 551 5807 pos—uisse.
582 5726 713 5779 locis
766 5726 1055 5807 imparibus
1100 5726 1407 5807 tribrachyn
1430 5765 1444 5786 ,
1468 5738 1601 5806 .raro
1647 5724 1863 5807 pnribus

226 5794 415 5861 ξοιζιε
455 5796 618 5865 pedes
646 5796 897 5863 δρομαίεο
936 5810 1234 5863 compares.
1269 5794 1619 5849 Terentianus
1653 5795 1864 5848 Maurus

537 5889 803 5947 Pnnon.
852 5886 1010 5945 LIX.

1962 4750 2088 4804 olim
2118 4750 2278 4803 etiam
2307 4763 2338 4801 a
2367 4747 2661 4802 trivialibus
2692 4749 2861 4816 poetis
2886 4747 2939 4801 in
2966 4745 3197 4816 medium
3229 4745 3539 4802 scinderen-

1966 4830 2069 4884 tur,
2103 4816 2242 4886 quod
2276 4822 2480 4871 notavit
2518 4815 2807 4871 Salmasius
2854 4819 2904 4869 in
2952 4815 3192 4886 Flavium
3228 4816 3532 4885 Vopiscum.

1962 4888 2097 4943 Hinc
2123 4885 2326 4941 factum
2377 4888 2589 4956 opinor,
2623 4897 2678 4939 ut
2716 4895 2885 4953 poeta:
2915 4885 3226 4949 Christiani,
3258 4886 3345 4954 qui
3379 4889 3536 4954 vulgo

1963 4971 2089 5012 suos
2137 4958 2168 5008 h
2212 4970 2364 5010 mnos
2409 4957 2703 5011 cantandos
2748 4964 3114 5024 exponerent,
3154 4956 3262 5023 jam
3299 4966 3538 5024 tempore

1966 5027 2121 5079 Beda:
2174 4972 2272 5079 bos
2299 5042 2488 5079 versus
2532 5026 2852 5079 dividerent.
2889 5024 3020 5078 Vide
3049 5026 3150 5078 alia
3180 5042 3297 5079 qua:
3343 5028 3409 5079 de
3437 5026 3538 5079 huc

1966 5027 2121 5082 Beda:
2174 5024 2272 5081 hos
2299 5042 2488 5081 versus
2532 5026 2852 5080 dividerent.
2889 5024 3020 5078 Vide
3049 5026 3150 5078 alia
3180 5042 3297 5093 qua:
3343 5028 3409 5081 de
3437 5026 3540 5081 hcc

1964 5112 2160 5168 genere
2207 5096 2363 5150 metri
2407 5105 2798 5168 commentatus
2829 5108 2945 5148 sum
2978 5095 3029 5168 in
3053 5096 3291 5168 dissert.
3337 5097 3403 5151 de
3436 5098 3539 5167 Ity-

1968 5165 2104 5222 inuis
2136 5168 2333 5222 eceles.
2365 5166 2672 5230 num.22l,
2699 5175 2750 5219 et
2781 5180 2955 5234 seqq.,
2978 5165 3064 5218 ubi
3098 5166 3151 5219 in
3181 5178 3301 5219 uota
3332 5184 3363 5219 a
3390 5165 3537 5219 nunt.

1964 5238 2089 5301 225,
2136 5240 2372 5307 corrigas
2415 5236 2571 5290 velim
2617 5249 2852 5289 errorem
2902 5239 3019 5307 sive
3060 5237 3395 5306 typographi,
3430 5238 3543 5290 sive

1967 5306 2197 5369 calami,
2232 5306 2468 5375 Meyerus
2518 5314 2693 5359 notum
2737 5322 2844 5358 esse
2888 5306 2962 5359 ait
3011 5309 3309 5376 spondwum
3346 5315 3542 5357 tantum

1969 5378 2241 5431 admisceri
2289 5375 2415 5429 locis
2440 5376 2743 5445 imparibus,
2776 5376 2911 5444 lege,
2955 5376 3080 5428 locis
3104 5377 3339 5445 paribus,
3387 5385 3442 5427 ut
3470 5390 3539 5429 ex

1970 5461 2217 5503 sermOoe
2241 5447 2593 5516 consequenti
2627 5456 2779 5515 potes
2810 5446 3123 5516 intelligere.
3159 5446 3327 5516 Simili
3359 5460 3542 5516 errore

1973 5533 2093 5588 pag.
2123 5517 2246 5588 199,
2272 5515 2571 5577 num.'255.
2599 5516 2827 5588 positum
2858 5524 2940 5570 est
2971 5518 3020 5588 in
3046 5515 3273 5588 iantl'icis
3304 5515 3543 5567 trinietiis

1930 5654 1933 5657 _
1973 5584 2070 5655 pro
2097 5587 2323 5641 iambicis
2344 5588 2610 5641 dimetris:
2633 5602 2751 5655 quae
2779 5586 2887 5657 duo
2906 5601 2933 5637 a
2966 5584 3341 5657 fecundissinto
3366 5594 3538 5650 poeta,

1973 5653 2207 5726 mihique
2231 5657 2555 5711 amicissimo
2584 5653 2663 5711 cl.
2686 5655 2961 5711 Dominico
2985 5653 3191 5708 Naxera
3221 5663 3418 5713 notata,
3451 5670 3543 5707 no~

1974 5728 2044 5781 lui
2072 5742 2166 5782 nec
2192 5728 2348 5781 debui
2383 5730 2672 5796 praeterire.

3120 5873 3196 5932 2's
