3970 6326
513 345 610 406 ³117

1914 333 2359 392 PBUDENTIUS.

3680 337 3762 394 7-l8

583 465 739 536 201
761 453 886 516 230.
927 461 1198 516 Decimum
1226 471 1393 528 genus
1423 455 1524 510 ode
1551 451 1883 509 monocolos.
1908 450 2109 503 Versus
2132 451 2182 507 Α
2212 461 2303 501 sus
2332 443 2576 515 dactyliei
2607 441 2931 499 Archilochii
2961 443 3310 508 acatalectici,
3339 459 3469 512 quos
3501 446 3552 499 in
3579 446 3763 502 decimo

517 573 698 614 omnes
749 563 872 609 sunt
919 553 1224 622 anapastici
1271 549 1486 605 dimetri
1515 544 1840 603 catalectici;
1882 559 1911 597 a
1968 541 2104 595 Cha-

517 649 767 706 millardo
795 647 1006 701 trimetri
1037 645 1266 698 catalecti
1296 643 1564 703 dicuntur,
1597 640 1688 710 qui
1721 638 1950 692 fortasse
1973 635 2080 688 seri

519 743 685 812 pserit
709 750 799 794 aut
827 739 1064 795 scribere
1093 737 1342 801 voluerit,
1379 735 1600 796 dimetri,
1635 732 1717 786 vel
1763 729 1976 784 trimetri
2006 727 2104 796 hy-

521 831 910 902 percatalectici.
953 828 1212 884 Constant
1263 827 1435 880 tribus
1491 824 1746 894 pedibus,
1781 831 1833 876 et
1863 820 2100 890 syllaba:

522 927 688 996 pedes
721 934 844 979 sunt
871 924 1126 991 anapaesti
1155 966 1169 989 ,
1221 933 1435 991 recepto
1477 921 1650 987 primo
1681 919 1798 972 loco
1825 917 2098 986 spondeo,

523 1030 582 1073 ut
611 1019 796 1076 statuit
819 1015 1242 1077 Chamillardns;
1285 1013 1378 1067 sed
1414 1013 1576 1067 Aldus
1604 1011 1770 1092 addit,
1799 1010 1937 1078 apud
1968 1009 2101 1063 Pru-

523 1115 763 1171 dentium
795 1112 1104 1181 spondzeum
1136 1110 1296 1162 etiam
1328 1107 1561 1161 secunda
1588 1105 1715 1160 sede
1746 1103 1942 1164 induci,
1967 1102 2107 1172 quod

526 1222 710 1261 rerum
735 1215 839 1261 est.
870 1203 1036 1272 Hujus
1075 1201 1288 1272 generis
1321 1201 1552 1268 hymnus
1585 1197 1651 1251 10
1678 1196 1858 1259 Cath.,
1905 1195 1996 1264 qui
2036 1194 2107 1246 ita

527 1299 834 1354 scanditur:
861 1296 998 1349 Deus
1016 1296 1208 1362 i-gnee,
1235 1293 1692 1361 fons-auima-rum
1727 1288 1823 1358 (a).

597 1389 722 1441 9.31.
769 1385 1116 1442 Undecimum
1166 1397 1336 1450 genus
1382 1381 1485 1434 ode
1531 1381 1734 1434 dicolos
1781 1377 2104 1445 distrophos.

534 1478 728 1531 Versus
779 1476 983 1544 primus
1029 1484 1114 1529 est
1162 1473 1463 1528 trochaicus
1529 1470 1837 1539 Euripidius
1883 1469 2109 1522 dimeter

531 1569 818 1622 catalectus
860 1583 922 1620 ex
974 1567 1142 1619 tribus
1183 1565 1396 1618 choreis
1419 1605 1433 1627 ,
1465 1575 1518 1616 et
1549 1561 1775 1632 syllaba,
1810 1569 2026 1626 recepto
2057 1558 2106 1611 in

531 1659 762 1713 secunda
813 1658 939 1712 sede
984 1657 1256 1726 spondam.
1290 1655 1488 1709 Versus
1539 1653 1805 1707 secundus
1853 1649 2110 1703 iambicus

531 1752 772 1804 trimeter
803 1748 1146 1802 catalccticus
1173 1746 1564 1815 Hipponacteos
1599 1759 1672 1824 ex
1709 1742 1944 1810 quinque
1975 1740 2109 1792 iam-

2211 540 2398 605 quinto
2444 551 2636 606 genere
2679 533 2930 603 explicui.
2967 533 3138 601 Hujus
3184 535 3396 603 generis
3446 535 3667 605 hymnus
3714 541 3765 593 l3

2200 630 2405 684 ‘Perist.
2438 630 2494 685 S.
2525 627 2778 698 Cypriani
2807 645 2818 678 :
2846 625 3049 679 Punica
3077 634 3214 679 terra
3245 625 3382 691 tulit,
3408 645 3508 696 quo
3534 630 3766 696 splendeat

2211 737 2375 785 omne,
2397 719 2646 788 quidquid
2669 733 2880 786 usquam
2909 728 3003 770 est.

2283 811 2408 864 237.
2453 810 2724 864 Decimum
2771 808 3060 877 septimum
3101 822 3271 876 genus
3313 808 3417 862 ode
3464 812 3764 864 monocolos.

2151 897 2154 900 ’
2216 903 2416 956 Versus
2439 900 2623 955 alcaici
2643 899 2890 968 dactylici
2915 913 2977 951 ex
3003 898 3176 967 primo
3199 899 3472 968 spoudteo,
3499 902 3581 956 vel
3599 902 3768 968 iambo,

2211 992 2447 1049 secundo
2493 991 2668 1045 iambo
2691 1030 2704 1054 ,
2738 1005 2940 1044 caesura
2981 990 3137 1059 longa
3165 1032 3178 1052 ,
3212 999 3265 1043 et
3294 991 3503 1045 duobus
3551 993 3768 1064 dactylis.

2212 1087 2378 1156 Hujus
2425 1085 2638 1154 generis
2686 1086 2915 1154 hymnus
2963 1085 3020 1138 S.
3075 1083 3296 1152 Agnetis
3343 1083 3407 1136 M
3457 1083 3770 1153 Peristeph.,

2212 1181 2365 1248 cujus
2407 1179 2522 1233 haec
2559 1189 2641 1232 est
2682 1176 2933 1232 scansio:
2961 1175 3770 1245 Agnes-septil-erum-romule‘-in
3804 1176 3811 1183 '

2213 1275 2381 1326 domo.

2283 1365 2411 1418 238.
2453 1362 2726 1416 Decimum
2759 1370 3006 1415 octavum
3039 1375 3207 1430 genus
3231 1359 3330 1413 ode
3357 1360 3582 1414 dicolos.
3604 1360 3774 1414 Versus

2217 1456 2416 1524 primus
2443 1462 2528 1508 est
2556 1452 2800 1508 senarius
2844 1451 3122 1515 iambicus,
3153 1451 3221 1504 de
3248 1464 3352 1518 quo
3383 1450 3434 1504 in
3463 1452 3684 1519 septimo
3702 1467 3775 1520 ge-

2216 1564 2363 1602 nere.
2378 1547 2570 1600 Versns
2593 1546 2856 1600 secundus
2878 1543 3133 1598 iambicus
3155 1543 3404 1610 dimetc'r,
3425 1544 3494 1597 de
3513 1559 3619 1613 quo
3639 1545 3682 1596 in
3709 1560 3776 1597 sc-

2214 1640 2390 1692 cundo
2416 1653 2634 1707 genere.
2687 1637 2855 1706 Hujus
2885 1638 3096 1707 generis
3122 1635 3367 1706 pradatio
3394 1637 3773 1705 Apotheoscos:

2220 1730 2308 1784 Est
2339 1746 2452 1783 vera
2482 1733 2654 1782 secta?
2691 1738 2758 1794 te,
2784 1730 3040 1798 magister,
3069 1726 3610 1783 consula-ﬂectamus
3627 1746 3776 1783 serva-

535 1844 639 1906 bis,
671 1851 723 1895 et
752 1841 977 1910 syllaba,
1007 1811 1340 1906 spondteo-in
1371 1836 1539 1904 prima
1580 1849 1642 1886 ac
1661 1818 1825 1886 tertia
1857 1830 1983 1884 sede
2013 1829 2107 1882 ad-
2142 1811 2189 1871 Β
2216 1837 2328 1874 mus
2357 1823 2507 1888 ﬁdem
2527 1822 2552 1873 Ρ
2615 1877 2618 1880 .

535 1936 722 1988 misso.
753 1933 919 2001 Hujus
945 1932 1156 2000 generis
1185 1929 1308 1994 ode,
1340 1931 1391 1982 in
1423 1943 1522 1996 qua
1556 1927 1876 1980 Prudentius
1903 1926 1971 1980 de
2005 1927 2114 1978 suis

536 2024 808 2094 opusculis
865 2024 1114 2091 loquitur,
1165 2021 1318 2075 nobis
1349 2021 1577 2090 epilogus
1617 2019 1782 2086 operis
1828 2018 1945 2071 aliis
1983 2033 2115 2086 pra:—

535 2119 659 2186 [atio
691 2117 806 2170 libri
856 2115 1077 2169 Peristh.
1113 2113 1396 2168 St'anditur
1448 2113 1650 2180 primus
1679 2126 1864 2165 versus
1897 2110 1995 2164 hac
2034 2124 2115 2162 ra-

535 2210 679 2261 ιὶωιιρ
723 2225 736 2259 :
784 2204 1048 2259 Immo-lat
1084 2205 1218 2256 De-o
1253 2203 1459 2265 Pa-tri;
1498 2201 1761 2256 secundus
1793 2201 1859 2254 ita
1907 2217 1918 2251 :
1964 2199 2117 2252 Pius-

537 2298 737 2363 ﬁde-lis
763 2295 1306 2362 in-nocens-pudi-cus
1330 2294 1425 2360 (b).
1795 2289 1800 2292 ’

607 2387 734 2438 232.
780 2385 1161 2439 Duodecimqu
1207 2381 1377 2452 genus
1425 2383 1527 2437 ode
1558 2383 1886 2436 monocolos.
1923 2383 2118 2436 Versus

540 2487 664 2551 sunt
727 2475 1006 2546 Glyconii,
1077 2484 1133 2528 ut
1200 2475 1401 2544 primus
1456 2488 1642 2528 versus
1692 2474 1898 2540 generis
1941 2474 2116 2542 primi.

542 2568 710 2638 Hujus
734 2569 945 2638 generis
976 2569 1208 2638 hymnus
1241 2569 1270 2619 7
1305 2567 1627 2636 Peristeph.,
1663 2565 1922 2636 Insignem
1956 2567 2121 2618 meriti

543 2661 706 2712 virum
731 2701 746 2724 ,
795 2669 851 2714 et
880 2659 1271 2728 prailatiolibri
1305 2674 1338 2712 ιι
1367 2666 1549 2712 contra
1579 2657 1958 2726 Symmachum
1980 2697 1993 2720 ,
2030 2655 2120 2710 Si-

543 2766 682 2811 mon,
707 2765 854 2817 quam
883 2749 1100 2801 vocitant
1134 2746 1365 2802 Petrum.

613 2819 736 2894 Q55.
783 2839 1051 2892 Decimum
1083 2837 1296 2891 tertium
1325 2850 1493 2903 genus
1523 2849 1713 2890 versus
1740 2834 1980 2903 elegiaci.
2013 2833 2120 2887 Hu-

539 2917 627 2997 jus
668 2931 879 3000 generis
925 2929 1153 2999 hymnus
1197 2928 1230 2983 8
1260 2925 1684 2996 Peristephanmn
1715 2971 1728 2993 ,
1781 2925 1850 2979 de
1902 2926 2021 2978 loco
2071 2925 2122 2977 in

545 3039 650 3092 quo
697 3033 957 3092 martyres
1003 3023 1142 3090 passi
1172 3030 1322 3084 sunt;
1366 3019 1596 3088 hymnus
1632 3018 1688 3071 ll
1725 3016 2120 3086 Peristephan.,

545 3119 598 3172 iu
632 3118 842 3172 laudem
875 3117 932 3171 S.
964 3115 1256 3186 Hippolyti.
1282 3113 1446 3183 Cujus
1475 3113 1762 3181 explicatio
1805 3128 1923 3165 cum
1969 3111 2124 3166 obvia

545 3223 600 3263 et
633 3219 755 3264 nota
788 3210 876 3270 sit.
907 3217 1019 3261 tuto
1037 3174 1086 3258 'a'
1103 3174 1258 3260 nobis
1290 3205 1618 3273 praetermitti
1649 3211 1840 3270 potest.
1967 3226 1970 3228 η
2152 3174 2196 3235 C

620 3301 777 3370 202
803 3297 926 3350 254.
974 3297 1242 3350 Decimum
1285 3302 1530 3362 quartum
1572 3306 1754 3362 genus.
1780 3290 1880 3344 ode
1923 3290 2126 3344 dicolus

550 3389 878 3459 distrophos.
935 3389 1130 3443 Versus
1179 3386 1382 3454 primus
1437 3385 1746 3440 hexametcr
1793 3402 1805 3437 :
1861 3383 2128 3439 secundus

549 3482 808 3536 iambicus
837 3480 1079 3534 senarius
1101 3521 1114 3543 ,
1145 3478 1212 3533 de
1245 3493 1350 3547 quo
1378 3491 1538 3545 supra
1573 3480 1622 3530 in
1652 3489 1850 3545 genere
1879 3476 2126 3543 septimo.

549 3573 720 3642 Hujus
749 3571 961 3642 generis
989 3571 1216 3641 hymnus
1248 3568 1280 3623 9
1307 3567 1607 3638 Peristeph.
1641 3566 1697 3622 S.
1729 3566 1991 3624 Cassiani.

621 3666 750 3720 255.
796 3665 1070 3718 Decimum
1099 3662 1341 3732 quintum
1370 3675 1539 3732 genus
1582 3658 1682 3715 ode
1705 3658 1909 3714 dieolos
1935 3657 2127 3713 distro-

551 3759 712 3829 phos.
746 3757 941 3812 Versus
973 3757 1172 3825 primus
1197 3753 1488 3824 dactylicus
1513 3752 1899 3826 _Archilochius
1943 3753 2128 3820 hepta-

549 3857 744 3914 meter,
777 3857 834 3901 ut
864 3845 1101 3931 nonnulli
1147 3845 1472 3899 recentiores
1502 3851 1713 3906 vocant,
1757 3844 1844 3912 qui
1875 3858 1901 3895 a
1934 3841 2129 3895 veteri-

546 3940 649 3995 bus
681 3942 868 3994 melius
891 3935 1084 3992 dicitur
1113 3939 1421 3991 hexametcr
1451 3935 1643 3988 herous
1675 3933 2126 4004 perittosyllabns,

553 4041 804 4084 conslans
859 4039 1062 4095 septem
1113 4028 1372 4096 pedibus,
1425 4039 1649 4094 quarunt
1699 4034 1926 4094 quatuor
1974 4023 2129 4092 primi

553 4123 772 4190 dactyli,
806 4131 914 4173 tres
946 4120 1197 4187 postremi
1233 4118 1473 4172 trochzei.
1523 4117 1662 4169 Loco
1693 4115 2022 4186 dactyloruin
2053 4116 2132 4169 in-

555 4213 674 4265 duci
709 4219 930 4279 possunt
959 4210 1213 4278 sponda-i.
1242 4208 1440 4262 Versus
1473 4207 1738 4260 secundus
1769 4217 1846 4260 est
1877 4206 2132 4260 iambicus

557 4303 803 4355 trimeter
854 4301 1182 4362 catalectus,
1234 4298 1297 4351 de
1346 4313 1450 4366 quo
1501 4299 1552 4349 in
1605 4312 1799 4364 genere
1830 4296 2128 4352 undecimo.

557 4395 726 4459 Hujus
777 4393 992 4460 generis
1039 4394 1263 4458 hymnus
1319 4391 1386 4442 12
1438 4388 1740 4454 Peristeph.
1793 4389 1843 4440 in
1878 4389 2130 4442 honorem

689 4483 1049 4552 apostolorum
1100 4480 1240 4532 Petri
1271 4487 1321 4532 et
1354 4478 1519 4532 Pauli.
1553 4477 1786 4529 Primum
1820 4494 2032 4530 versum
2063 4479 2136 4531 ita'

559 4574 736 4627 metiri
783 4581 990 4641 Oportet
1036 4588 1047 4623 :
1092 4568 1219 4623 Plus
1261 4569 1437 4622 soli-to
1476 4578 1679 4619 coeount
1719 4567 2162 4644 od-gaudiu,-die

561 4665 902 4732 u-mice-quid
949 4665 1030 4715 sit.
1066 4662 1382 4715 Prudentius
1428 4660 1563 4713 hanc
1615 4659 1784 4727 legem
1834 4669 2029 4718 servat,
2079 4673 2134 4712 ut

563 4759 734 4825 primo
760 4797 774 4820 ,
821 4754 1060 4808 secundo
1083 4794 1096 4816 ,
1149 4764 1200 4806 ct
1231 4761 1421 4819 quarto
1451 4752 1567 4804 loco
1595 4767 1804 4818 semper
1848 4751 2132 4821 dactylum,
2179 4785 2186 4793 ι

563 4848 721 4901 tertio
748 4859 960 4913 semper
989 4844 1301 4912 spondzcum
1333 4842 1598 4894 adhibeat.

631 4938 756 4992 9.56.
801 4935 1076 4989 Decimum
1104 4945 1311 4989 sextum
1343 4948 1508 5001 genus
1531 4934 1631 4986 ode
1661 4937 1984 4989 monocolos.
2010 4941 2135 4992 Ver-

633 5070 708 5140 (a)
736 5073 1003 5145 Barthius,
1037 5072 1127 5126 lih.
1161 5089 1266 5145 xxi,
1295 5089 1413 5145 cap.
1440 5075 1475 5145 gi
1505 5075 1790 5128 Adversar.
1838 5075 1888 5127 in
1919 5080 2127 5145 exposi-

563 5143 706 5194 tione
756 5142 911 5209 hujus
961 5143 1138 5209 hymni
1194 5143 1563 5209 Prudentiani,
1613 5145 1859 5198 observat
1907 5142 2133 5202 metrum

561 5227 681 5265 esse
713 5210 1023 5282 luiiehribus
1051 5213 1326 5268 cantilenis
1357 5223 1560 5281 aptum,
1595 5223 1650 5267 ct
1679 5215 2131 5282 antiquissimum,

561 5293 619 5352 ut
667 5279 850 5352 videre
902 5282 1023 5352 licet
1064 5283 1115 5334 in
1165 5279 1406 5338 versibus
1453 5284 1651 5338 Graecis
1683 5279 1946 5339 Timothei
1995 5279 2133 5352 apud

560 5351 884 5406 Macrobium
914 5393 951 5420 ,ν
977 5350 1067 5403 lib.
1120 5367 1226 5415 vn,
1259 5368 1375 5417 cap.
1415 5355 1509 5417 l6,
1545 5369 1696 5407 usum
1729 5353 1866 5420 apud
1919 5350 2136 5410 Latinos

562 5423 864 5476 celebrasse
912 5418 1205 5492 Varronem
1254 5424 1307 5476 in
1365 5423 1693 5492 Margopoli,
1746 5418 1998 5486 secutos,
2047 5428 2136 5492 qui

564 5509 703 5546 nunc
733 5501 960 5556 exstent,
996 5491 1310 5546 Martialium
1338 5491 1605 5559 Capellam
1637 5494 1727 5548 lib.
1760 5511 1794 5548 ιι
1817 5537 1832 5559 ,
1863 5491 2137 5551 Terentia-

563 5580 688 5634 num
723 5565 772 5634 in
805 5561 1169 5634 descriptione
1204 5564 1506 5631 anapzcstici
1556 5565 1848 5619 catalectici
1879 5607 1891 5624 .
1924 5568 2012 5634 qui
2043 5570 2136 5622 Se-

565 5632 676 5684 ieui
707 5633 905 5699 aliquot
935 5631 1192 5698 ejusmodi
1239 5649 1419 5687 versus
1451 5635 1672 5689 inseruit
1696 5676 1710 5697 ,
1759 5644 1810 5689 ct
1853 5631 2131 5690 Boethium
2159 5631 2166 5637 ’

566 5700 656 5752 lib.
708 5718 760 5753 ιιι
795 5701 858 5754 de
883 5700 1097 5753 Consul.
1131 5703 1332 5755 Philos.
1366 5714 1536 5757 metro
1568 5722 1614 5757 ν.
1654 5707 1906 5760 Boethius
1955 5707 2005 5759 in
2049 5723 2136 5761 se-

569 5770 737 5821 cunda
787 5771 912 5822 sede
945 5771 1105 5821 utitur
1134 5773 1291 5824 etiam
1323 5773 1577 5835 Spondteo
1623 5793 1632 5824 :
1682 5774 1851 5826 Foedis
1880 5777 2136 5829 submittat

2287 1912 2488 1966 Caetera
2505 1913 2738 1967 carmina
2753 1923 2875 1966 sunt
2905 1913 3113 1968 heroica
3126 1928 3286 1967 versu
3313 1913 3647 1978 hexametro,
3663 1915 3780 1978 Apo-

2218 2006 2423 2070 theosis,
2460 2003 2881 2074 Hamartigenia,
2921 2003 3343 2074 Psychomachia,
3381 2004 3519 2057 Libri
3562 2007 3778 2058 adversus

2222 2095 2584 2164 Symmachum
2605 2136 2619 2159 ,
2665 2103 2719 2150 et
2750 2094 3110 2148 Dittochwum.
3146 2096 3389 2148 Mensura
3424 2110 3610 2150 rcrsus
3640 2096 3779 2148 hexa-

2221 2189 2376 2242 metri
2405 2189 2574 2243 notior
2603 2197 2684 2242 e.~t
2711 2196 2869 2257 quam
2903 2199 2958 2242 ut
2984 2204 3012 2241 a
3045 2189 3196 2243 nobis
3225 2189 3416 2245 debeat
3447 2189 3655 2259 exponi.

2771 2299 2994 2356 CAPUT
3036 2301 3248 2356 XXVII.

2724 2395 2971 2452 Latinitas
3015 2393 3304 2450 Prudentii.

2295 2489 2452 2560 203
2493 2486 2615 2541 259.
2662 2487 2859 2542 Horatii
2892 2488 3155 2542 sententia
3186 2496 3305 2542 nota
3347 2499 3425 2543 est
3459 2504 3471 2539 :

2781 2578 3104 2627 Mediocrihus
3128 2592 3240 2628 esse
3263 2580 3413 2640 poetis

2290 2642 2392 2690 Non
2420 2641 2594 2688 homini
2616 2654 2655 2698 s,
2683 2653 2777 2688 non
2801 2641 2886 2700 dii,
2913 2653 3006 2688 non
3032 2639 3318 2689 concessere
3340 2639 3588 2689 columnte.

2227 2747 2282 2802 Si
2315 2755 2468 2816 poeta
2495 2745 2715 2800 Latinus
2745 2745 2980 2813 optimus
3019 2761 3124 2800 non
3147 2756 3248 2811 est,
3277 2746 3363 2814 qui
3394 2745 3670 2815 Augustrra
3701 2744 3789 2799 La-

2230 2840 2325 2894 tiui
2354 2839 2613 2894 sermonis
2644 2839 2903 2908 elegantia
2957 2854 3060 2892 non
3093 2839 3314 2902 eminet,
3362 2838 3644 2892 concedam
3688 2840 3790 2893 lor-

2229 2940 2370 2986 tassc
2411 2932 2734 2984 mediocrem
2787 2939 2998 2998 poetam
3059 2931 3218 2984 fuisse
3277 2930 3643 2986 Prudentium.
3695 2929 3791 2986 Sed

2231 3024 2434 3080 Horatii
2470 3023 2748 3076 sententia:
2787 3036 3052 3090 opponam
3087 3023 3257 3090 locum
3287 3022 3560 3076 Ciceronis
3584 3037 3648 3076 ex
3671 3021 3793 3075 Ora-

2235 3115 2422 3168 tore'in
2453 3114 2740 3184 principio:
2763 3113 2896 3167 Nam
2927 3115 2978 3168 in
2999 3115 3154 3185 poetis
3175 3132 3277 3168 non
3303 3115 3524 3170 Homero
3551 3117 3646 3170 soli
3667 3117 3796 3168 locus

2229 3217 2301 3261 est
2333 3206 2408 3276 (ut
2440 3206 2498 3257 de
2519 3203 2709 3258 Crarcis
2740 3205 2935 3273 loquar)
2964 3217 3049 3258 au!
3081 3207 3403 3271 Archilocho,
3431 3217 3517 3259 aut
3541 3206 3794 3274 Saphocli,

2229 3306 2316 3352 aut
2350 3295 2608 3359 Pindaro;
2636 3296 2725 3349 sed
2751 3295 2932 3348 horum
2961 3297 3037 3349 uel
3083 3299 3337 3362 secundis,
3391 3297 3468 3350 rel
3497 3298 3643 3350 etiam
3669 3297 3797 3365 infra

2229 3390 2493 3442 secundos.
2531 3387 2638 3440 Nec
2666 3403 2779 3439 vero
2803 3388 3122 3440 Aristotelem
3147 3389 3197 3440 in
3221 3389 3544 3459 philoso;zhia
3568 3389 3800 3444 deterruit

2230 3496 2261 3532 α
2288 3479 2547 3532 scribendo
2578 3477 2859 3545 amplitudo
2896 3478 3124 3531 Platonis
3169 3496 3186 3530 :
3219 3497 3308 3532 nec
3367 3481 3475 3548 ipse
3521 3482 3802 3534 Aristoteles

2230 3570 2521 3625 admirabili
2550 3573 2770 3640 quadam
2799 3572 3028 3632 scicntia,
3060 3582 3104 3623 et
3135 3571 3279 3638 copia
3308 3582 3607 3624 cwterorum
3645 3572 3755 3624 stud
3776 3586 3802 3618 a

2230 3663 2482 3716 restinxit.
2515 3661 2624 3717 Nec
2644 3663 2809 3715 solum
2839 3662 2898 3713 ab
2932 3663 3133 3728 aptimis
3177 3663 3360 3714 studiis
3390 3663 3564 3714 erce!!!
3583 3675 3691 3714 ntes
3721 3661 3804 3712 riri

2233 3753 2460 3805 deterriti
2490 3769 2589 3804 non
2640 3763 2779 3818 sunt,
2828 3755 2917 3805 sed
2948 3769 3007 3805 ne
3049 3753 3254 3821 opiﬁces
3297 3753 3494 3820 quidem
3538 3770 3594 3805 se
3624 3745 3806 3805 artibus

2231 3845 2336 3897 suis
2364 3854 2696 3910 removerunt,
2727 3845 2813 3914 qui
2853 3853 2939 3895 aut
2967 3843 3156 3913 Ialysi,
3185 3861 3333 3912 quem
3375 3844 3546 3896 Rhodi
3579 3846 3803 3904 ridimus,

2233 3954 2332 3991 non
2374 3947 2662 4005 potuerunt,
2695 3947 2784 3989 aut
2814 3936 2930 3990 Coae
2980 3936 3189 3989 Veneris
3236 3921 3674 4003 pulchritudinem
3705 3935 3807 3988 imi-

2239 4029 2334 4080 tari
2365 4043 2380 4079 :
2409 4043 2500 4079 nec
2529 4026 2808 4079 simulacro
2831 4025 2971 4080 lovis
2997 4027 3239 4096 Olympii,
3265 4035 3351 4078 aut
3381 4024 3683 4100 Doryphori
3710 4035 3810 4078 sta-

2237 4130 2324 4173 tua
2369 4120 2592 4173 deterriti
2624 4121 2822 4186 reliqui,
2862 4122 3025 4172 minus
3057 4120 3250 4189 experti
3279 4128 3415 4182 sunt,
3452 4121 3580 4188 quid
3610 4121 3810 4187 e/ﬁrere.

2235 4224 2324 4266 aut
2353 4229 2449 4280 quo
2503 4213 2737 4281 progredi
2782 4220 2982 4278 possent
3022 4228 3038 4262 :
3091 4225 3305 4276 quorum
3355 4219 3496 4261 tanta
3544 4210 3817 4261 multitudo

2236 4306 2352 4372 fuit,
2388 4311 2530 4354 tanta
2558 4304 2606 4353 iu
2635 4318 2726 4354 suo
2757 4305 3002 4370 cujusque
3030 4316 3209 4368 genere
3239 4300 3373 4363 laus,
3405 4308 3456 4350 ut
3485 4316 3605 4352 cum
3630 4314 3818 4351 summa

2237 4397 2558 4459 miraremur,
2593 4396 2834 4463 inferiora
2879 4403 3044 4444 tamen
3088 4393 3434 4461 probaremus.
3467 4390 3669 4447 Cicero
3715 4390 3820 4446 suis

2239 4488 2559 4555 carminibus
2608 4487 2778 4541 locum
2829 4487 3140 4554 qumsivisse
3187 4484 3498 4538 nonncmini
3555 4483 3820 4539 videbitur

2240 4593 2358 4631 cum
2385 4578 2541 4646 poetis
2572 4577 2706 4643 inira
2732 4576 2977 4629 secundos
3007 4576 3178 4626 locum
3211 4589 3330 4627 esse
3356 4575 3564 4627 statuit.
3603 4573 3710 4629 Sed
3742 4588 3823 4626 res

2241 4672 2310 4723 ita
2346 4686 2401 4723 sc
2433 4669 2629 4723 habet:
2665 4669 2718 4721 in
2767 4667 3054 4721 l’rndcntio
3083 4682 3201 4719 cum
3244 4676 3437 4720 czelcra
3475 4668 3658 4720 omnia
3701 4668 3819 4728 sint,

2239 4776 2355 4829 quae
2397 4770 2607 4828 poetam
2661 4758 2913 4812 eximium
2970 4762 3341 4822 constituunt,
3399 4760 3441 4810 si
3499 4759 3828 4825 purissimus

2241 4865 2417 4906 sermo
2452 4852 2736 4918 Augustaeo
2759 4849 2954 4902 saeculo
2979 4850 3206 4902 usitatus
3226 4848 3382 4908 desit.
3415 4863 3518 4901 non
3545 4859 3830 4916 pr0pterea

2240 4959 2360 4998 eum
2403 4942 2658 4995 inutiliter
2687 4940 2966 5007 legendum
2999 4954 3117 4992 esse
3139 4951 3328 5008 arguas
3360 4937 3427 4990 ab
3458 4938 3541 5001 iis,
3584 4939 3677 5007 qui
3713 4953 3832 5009 poe-

2244 5081 2471 5134 habenis.

2317 5149 2390 5219 (b)
2415 5147 2806 5202 Chamillardus
2831 5146 2988 5219 aliter
3012 5145 3176 5219 voluit
3194 5146 3510 5219 hosycrsus
3531 5149 3833 5218 appellare,

2246 5215 2458 5274 versum
2484 5219 2713 5285 primum
2743 5215 3027 5270 iambicum
3048 5215 3446 5270 Archilochium
3469 5215 3833 5273 acatalcctuiii

2244 5305 2306 5344 ex
2337 5290 2720 5357 amphitnacro,
2747 5296 2799 5338 ct
2821 5286 3027 5340 duobus
3051 5286 3260 5357 iambis,
3285 5287 3511 5357 alterum
3542 5288 3835 5342 iambicum

2247 5355 2641 5428 Archilochium
2690 5359 2985 5428 trimetrum
3052 5355 3421 5428 catalecticum
3471 5374 3532 5412 ex
3607 5359 3839 5428 pedibus

2246 5446 2380 5496 quos
2409 5427 2657 5480 diximus.
2711 5427 2874 5495 Magis
2907 5427 3097 5498 places
3124 5425 3316 5498 nomen
3367 5428 3508 5497 quod
3551 5425 3836 5498 posuimus

2250 5495 2537 5552 Mauutiu‘m
2569 5500 2734 5551 l'erme
2761 5498 2947 5551 secuti.
2983 5495 3046 5548 Et
3079 5495 3398 5566 Prudentius
3427 5495 3697 5566 ipse'ait:
3735 5496 3839 5549 Nos

2241 5573 2363 5622 citos
2394 5566 2960 5630 iambicos-Sacrorum,
2994 5576 3038 5618 et
3059 5565 3287 5620 rotatiles
3329 5565 3652 5632 mouimus;
3700 5570 3837 5636 quml

2239 5639 2307 5761 die
2341 5640 2492 5762 haijus
2522 5639 2639 5691 ollae
2689 5637 2929 5691 versibus
2958 5653 3056 5706 ego
3084 5636 3306 5706 accipio,
3352 5637 3609 5710 quidquid
3647 5651 3840 5690 eontra

2241 5725 2270 5761 a
2300 5711 2331 5762 ii
2402 5709 2614 5762 ixcrint.

2241 5710 2331 5763 alii
2363 5709 2614 5762 dixerint.
