3970 6326
173 378 266 444 755‘

680 498 841 571 203
884 507 1172 557 nanaxus

173 600 300 651 Inter
331 596 633 666 euangelicos
672 594 826 666 virtut,
885 593 971 659 qui
1004 592 1245 666 insignes
1297 592 1451 643 libros
1506 594 1724 644 carmine

466 661 725 719 ediderunt
757 661 1101 715 Prudentium
1128 671 1405 715 enumerat.

171 760 256 819 (De
280 758 421 807 lnstit.
449 755 610 805 cleric.
640 753 720 801 lib.
743 766 807 813 nt,
829 765 934 814 cap.
964 751 1037 813 18,
1066 751 1203 809 etde
1224 750 1337 801 0rd.
1355 763 1477 801 sacr.
1498 764 1600 814 cap.
1626 750 1720 813 l2.)

235 861 328 916 Sed
355 870 405 915 et
448 858 694 914 Clemens
728 855 1076 919 Prudentius.
1098 856 1488 910 disertissimus
1513 897 1528 921 ,
1560 867 1721 925 atque

168 951 619 1008 christianissimus
656 957 815 1018 poeta
848 949 904 1001 in
936 948 1035 1002 hac
1061 947 1448 1018 significatione
1473 962 1718 1017 pompam

170 1046 331 1116 posuit
354 1047 403 1099 in
433 1044 567 1099 libro
593 1042 1050 1113 Psychomachiae.

799 1151 1070 1203 INCERTI.

498 1236 610 1301 (Ex
640 1234 744 1285 cod'.
768 1248 861 1285 ms.
888 1235 995 1285 Vat.
1032 1233 1178 1284 Alex.
1204 1236 1311 1285 521.
1342 1237 1356 1295 )

217 1321 322 1371 Haec
360 1320 495 1383 lege,
516 1321 599 1381 qui
621 1317 946 1383 rectumlidei
969 1318 1039 1366 vis
1061 1330 1268 1383 noscere
1294 1317 1496 1383 callem:

272 1378 451 1443 Quiqu'e
473 1378 722 1430 'héresum
747 1378 921 1443 sollers
938 1379 1116 1443 spicula
1142 1379 1270 1443 vafra
1293 1381 1436 1440 fugis.

219 1440 299 1493 Hic
319 1440 399 1493 tibi
420 1444 605 1505 peccati
626 1442 807 1505 veteris
829 1440 1066 1501 pandetur
1085 1442 1240 1501 origo,

269 1505 353 1555 Hic
376 1502 495 1553 nova
522 1506 597 1552 vis
615 1504 760 1550 animi
786 1510 995 1551 monstra
1016 1511 1219 1549 veterna
1238 1502 1405 1564 iugans

215 1568 430 1616 Funditus
454 1566 583 1614 idolii
610 1566 762 1612 virtus
785 1576 957 1611 eversa
978 1564 1160 1623 jacebit
1186 1578 1196 1611 :

268 1630 332 1677 Ac
352 1630 546 1688 penitus
566 1628 681 1676 tetri
702 1626 865 1688 lingua
889 1630 1079 1688 teretur
1106 1624 1259 1684 hydri.

219 1686 407 1752 inclytus
427 1690 505 1737 hic
530 1694 710 1748 martyr
737 1686 923 1752 elingui
947 1686 1168 1733 concinet
1191 1698 1299 1742 ore,

267 1749 569 1811 Heroumque
598 1762 714 1797 acer
727 1749 834 1811 rite
858 1758 1058 1795 canetur
1090 1760 1233 1807 agon.

212 1807 500 1862 Christisonis'
514 1811 703 1873 hymnis
726 1808 835 1857 libri
859 1812 1007 1873 prima
1031 1821 1114 1855 ora
1136 1807 1372 1856 resultant
1396 1820 1407 1853 :

266 1873 433 1922 Finalis
453 1871 587 1922 vario
606 1884 742 1919 musa
766 1881 942 1917 canore
970 1871 1094 1917 boat.

209 1935 334 1997 Hunc
358 1943 427 1994 tu,
451 1947 643 1997 quasso,
667 1931 904 1993 frequens
920 1930 1109 1997 mellito
1131 1935 1330 1989 gutture
1355 1934 1517 1997 ructes
1539 1946 1552 1990 ;

260 1996 390 2046 Hunc.
410 1993 588 2046 verses
610 1993 787 2051 animo,
810 1993 1027 2041 moribus
1048 1993 1178 2040 hunc
1213 1999 1399 2040 teneas.
1464 1996 1471 2001 ‘

209 2058 363 2119 Deque
390 2059 482 2106 imo
503 2060 562 2106 in
584 2057 755 2106 C(Bllllll
779 2056 982 2119 su5pirta
1018 2061 1217 2119 pectore
1237 2053 1409 2119 fundas

259 2113 347 2168 P'ro
368 2133 465 2180 me,
490 2130 685 2181 proque
723 2113 964 2177 meo,'qui
990 2113 1124 2165 nutat
1146 2116 1265 2176 haec,
1291 2113 1467 2164 famulo
1492 2114 1584 2175 (ti).

691 2241 697 2247 ι
745 2218 1085 2270 DUNGALUS

158 2310 377 2363 Aduersus
393 2308 677 2363 Claudium
691 2306 995 2359 Taurinens.
1012 2304 1162 2373 plura
1178 2320 1209 2355 α
1228 2302 1515 2357 Prudentia
1531 2304 1704 2368 sumit,

475 2378 739 2447 pracipue
761 2392 918 2445 prope
944 2376 1117 2442 ﬁnem,
1142 2375 1226 2428 ubi
1256 2376 1348 2427 ait.

214 2472 448 2527 Aurelius
474 2469 808 2525 Prudentius
834 2468 1080 2522 Clemens
1112 2512 1125 2535 ,
1170 2468 1248 2521 vir
1273 2466 1576 2521 consularis
1608 2466 1707 2537 (li),

157 2577 207 2616 ac
232 2546 531 2617 Hiberorum
578 2560 974 2615 eruditissimus
1000 2599 1015 2624 ,
1061 2557 1249 2613 eodem
1289 2556 1411 2625 fidei
1448 2570 1510 2611 ac
1548 2556 1712 2610 devo-

156 2655 291 2709 tionis
311 2654 485 2709 studio
522 2654 761 2723 flagrans
781 2696 794 2719 ,
825 2651 990 2705 multa
1029 2651 1095 2705 de
1128 2658 1436 2705 sanctorum
1466 2648 1713 2703 laudibus

155 2747 715 2815 intercessionibusque
762 2742 1061 2814 postulandi
1106 2743 1331 2797 metrico
1376 2743 1538 2812 209
1563 2748 1710 2795 textu

155 2840 443 2908 composuit.
477 2839 629 2893 ilinc
663 2837 794 2890 mira
825 2834 1123 2901 humilitate
1148 2832 1541 2888 substernendo
1565 2832 1628 2885 ad
1652 2846 1711 2887 se

156 2946 445 2996 conversus,
470 2943 742 2998 suamque
769 2928 1063 2982 adhortans
1092 2928 1349 2993 animam,
1386 2924 1459 2979 ait
1488 2926 1539 2977 in
1569 2939 1711 2993 prce-

156 3026 326 3080 fatione
351 3024 466 3079 libri
512 3042 524 3076 :
572 3022 731 3091 Atqui
780 3020 883 3075 fine
923 3020 1023 3075 sub
1054 3021 1270 3083 ultimo,
1310 3026 1461 3073 etc...
1495 3017 1623 3071 Item
1648 3016 1712 3071 de

155 3115 200 3169 S.
225 3114 477 3170 Laurentii
506 3112 766 3182 passione
795 3111 973 3166 verbis
996 3110 1201 3165 ornatis
1223 3110 1326 3176 ait,
1356 3116 1461 3164 etc.

582 3224 916 3277 NOTKERL’S
940 3224 1281 3275 BALBULUS.

525 3310 680 3375 (Not.
706 3309 771 3359 de
794 3308 896 3361 Vir.
924 3308 1064 3357 illust.
1093 3320 1196 3370 cap.
1222 3307 1267 3356 7.
1294 3308 1309 3366 )

215 3392 263 3447 Si
293 3407 413 3449 vero
442 3393 615 3447 etiam
638 3400 806 3445 metra
838 3388 1180 3459 requisieris,
1219 3403 1322 3441 non
1345 3396 1470 3442 sunt
1498 3387 1589 3442 tibi
1620 3402 1713 3441 nc-

159 3489 374 3541 cessaria:
402 3486 696 3557 gentilium
724 3481 915 3536 fabula:
940 3522 955 3545 ,
987 3481 1080 3536 sed
1116 3480 1281 3535 babes
1308 3480 1359 3535 in
1387 3478 1709 3533 Christiani-

159 3585 249 3633 tate
274 3578 757 3647 prudentissimum
784 3574 1131 3629 Prudentium
1153 3573 1219 3627 de
1257 3572 1439 3626 mundi
1468 3571 1709 3636 exordio,

160 3670 213 3722 dc
238 3672 578 3742 martyribus,
614 3668 681 3723 de
712 3666 952 3721 laudibus
986 3666 1103 3731 Dei,
1134 3664 1199 3720 dc
1232 3665 1472 3735 patribus
1496 3664 1627 3718 Novi
1656 3672 1709 3718 et

165 3760 691 3819 i'eterisTcstamenti
716 3759 1023 3815 dulcissime
1050 3758 1432 3822 modulantem,
1460 3758 1715 3812 virtutum

160 3856 453 3909 ctvitiorum
494 3856 649 3910 inter
685 3868 744 3907 se
769 3851 1048 3907 conflictus
1079 3850 1405 3920 tropologica
1433 3849 1719 3905 dulcedine

160 3948 447 4002 suavissime
463 3945 857 4017 proferentem,
888 3952 1075 3998 contra
1107 3943 1388 3998 iiazreticos
1410 3952 1463 3996 et
1486 3957 1720 4013 paganos

160 4039 387 4093 acerrime
418 4044 774 4107 pugnantem.

408 4127 633 4177 DRUNO
674 4125 975 4175 ANTISTES
1018 4123 1443 4175 COLONIENSIS.

211 4210 303 4270 {lix
328 4212 507 4275 Georg.
538 4211 772 4259 Fabricio
796 4208 853 4257 ad
874 4209 1097 4271 hymnum
1118 4207 1172 4259 Δ.
1205 4208 1264 4256 D.
1294 4222 1371 4256 vni
1393 4208 1484 4255 cal.
1511 4207 1617 4256 Jan.
1644 4207 1660 4270 )

218 4311 327 4366 2“.
362 4314 563 4369 Locum
590 4313 643 4365 in
669 4311 997 4367 eruditorum
1021 4308 1360 4365 bibliothecis
1375 4318 1427 4364 et
1450 4310 1505 4362 in
1530 4309 1728 4364 animis

161 4455 316 4518 tuatus
342 4460 415 4503 est
440 4451 613 4505 verba
645 4493 658 4511 ,
700 4462 816 4517 qua:
848 4463 969 4502 mox
1006 4448 1296 4516 proferam.
1329 4448 1403 4503 De
1432 4448 1714 4518 Agobardo

162 4516 264 4568 vide
293 4531 583 4575 comment.
624 4516 804 4588 hymn.
830 4534 921 4583 vn,
963 4534 1101 4574 vers.
1140 4519 1275 4583 160;
1308 4518 1376 4573 de
1407 4516 1555 4589 Lupo
1588 4518 1735 4575 Fer»

162 4591 357 4641 rariensi
398 4592 650 4644 llamart.
678 4603 818 4642 vers.
845 4589 897 4641 2.

221 4660 286 4730 (να)
307 4660 412 4715 Hoc
444 4662 783 4730 epigramma
813 4700 826 4722 ,
856 4673 891 4724 a.
911 4660 980 4712 cl.
1012 4658 1198 4713 Teolio
1243 4660 1568 4723 exscriptum
1593 4700 1606 4724 ,
1656 4660 1724 4714 ad

162 4729 369 4784 codicem
390 4729 568 4797 ipsum
610 4731 911 4797 recognovi.
932 4731 983 4783 In
1009 4732 1182 4798 primo
1206 4746 1364 4785 versu
1394 4730 1521 4784 nihil
1551 4739 1721 4797 muto,

165 4802 377 4865 quamvis
415 4804 467 4855 in
503 4799 698 4855 codice
727 4801 1013 4867 repererim
1043 4800 1300 4853 dinoscere
1326 4816 1423 4868 pro
1454 4816 1658 4854 noscere
1706 4816 1723 4852 :

166 4876 234 4921 est
265 4873 396 4924 enim
439 4886 602 4925 error
633 4871 891 4923 :uctricus
932 4870 1112 4923 famuli
1139 4872 1227 4939 qui
1260 4871 1373 4924 lucc
1404 4870 1641 4935 notabat,
1670 4879 1728 4924 ut

164 4954 346 5006 acquum
377 4952 461 4996 est
481 4942 781 5008 conjicere.
814 4939 867 4992 in
902 4954 1052 4993 versu
1080 4941 1113 4994 9
1142 4955 1170 4992 a
1197 4940 1384 4994 Teolio
1415 4941 1728 4995 omissaest

164 5023 244 5079 vox
270 5009 398 5077 libri,
436 5014 491 5065 in
535 5012 596 5063 11
630 5026 730 5062 vox
756 5010 1010 5077 frequens,
1044 5024 1161 5079 qua:
1198 5019 1374 5064 tamen
1406 5020 1529 5063 sunt
1560 5010 1612 5063 in
1637 5024 1726 5063 co-

165 5078 265 5131 dice
286 5120 300 5143 ,
323 5092 371 5133 et
419 5084 541 5134 sine
586 5080 780 5149 quibus
811 5094 994 5133 versus
1028 5078 1449 5149 claudicantLIn
1477 5094 1633 5133 versu
1661 5079 1728 5149 10

163 5150 269 5213 legit
288 5152 501 5205 Teolius
528 5146 759 5216 ln'aliis,
794 5164 894 5217 ego
908 5166 971 5203 ex
1000 5151 1321 5204 membranis
1334 5146 1557 5210 Finalis,
1580 5147 1726 5218 quod

166 5220 303 5285 exigit
353 5233 627 5281 metrum,
675 5230 728 5274 et
767 5224 1072 5273 sententia:
1131 5236 1251 5273 nam
1301 5219 1551 5287 praecedit
1611 5219 1727 5271 libri

164 5289 293 5353 primi
319 5306 427 5352 ora,
454 5292 543 5345 cui
580 5301 835 5343 consonat
866 5288 1065 5343 Finatis
1089 5307 1254 5344 musa.
1278 5290 1584 5344 lndicantur
1610 5304 1727 5341 om-

165 5362 237 5411 nia
278 5360 554 5415 Prudentii
590 5360 823 5431 carmina
854 5375 917 5413 eo
959 5360 1147 5431 ordine
1186 5377 1290 5431 quo
1332 5361 1382 5414 in
1416 5361 1515 5413 hoc
1543 5359 1728 5431 codice

167 5430 494 5485 continentur
526 5450 541 5485 :
576 5432 624 5483 1.
650 5430 976 5502 _Citristisoni
1028 5429 1233 5502 hymni,
1288 5433 1388 5485 hoc
1412 5439 1495 5484 est
1533 5429 1729 5502 Cathe-

162 5502 390 5570 merinmu
425 5502 569 5555 liber
597 5517 611 5563 ;
640 5500 693 5553 2.
723 5500 1084 5570 Apotheosis;
1120 5503 1172 5555 5.
1210 5500 1638 5563 llamartigenia;
1670 5500 1722 5570 4.

165 5568 610 5643 Psycbomacliia;
662 5570 712 5623 5.
773 5568 918 5627 Libri
969 5582 1153 5643 contra
1174 5571 1615 5643 iSymmachum;
1672 5569 1726 5643 (ὅ.

165 5636 452 5702 Bottianus;
478 5644 536 5693 Τ.
574 5642 998 5708 Peristephanmn
1026 5659 1040 5705 ;
1088 5642 1141 5697 8.
1172 5636 1369 5696 Finalis
1402 5655 1550 5695 musa
1579 5639 1728 5693 vario

161 5724 340 5765 canore
359 5755 374 5770 .
406 5712 557 5777 quod
587 5724 663 5765 est
689 5713 1059 5766 Dittochzeum.

194 5782 291 5855 ⁸(ὁ)
339 5782 607 5855 Dubitare
630 5784 819 5855 aliquis
863 5784 1047 5855 possit,
1076 5784 1141 5849 ah
1172 5796 1200 5834 a
1233 5796 1390 5835 manu
1418 5779 1638 5855 Dungali
1660 5780 1730 5855 sit

163 5849 224 5899 τὶν
252 5852 572 5915 consularis,
605 5865 666 5906 an
696 5849 867 5907 solum
892 5852 956 5909 γ.
990 5854 1075 5917 C.,
1102 5866 1235 5916 quas
1258 5861 1410 5906 notas
1436 5850 1627 5911 aliquis
1660 5849 1725 5902 li-

550 6000 575 6009 ο
592 6004 595 6007 .
634 6007 641 6012 ,

1531 382 2055 441 PRULEGOMENA.

1752 507 1799 562 Α
1830 502 2033 570 piorum
2078 502 2269 555 merito
2312 510 2455 556 tenet
2485 482 2881 572 (Prudentius),
2935 509 2991 555 ut
3030 502 3157 556 olim
3203 504 3403 567 tenuit;

1748 4554 1804 4617 D

3301 388 3401 445 754

1828 608 1947 645 nam
1989 592 2181 646 'Bruuo
2224 594 2447 647 antistes
2499 594 2838 647 Coloniensis
2862 637 2876 660 ,
2908 593 3014 647 dux
3045 593 3325 659 Saxonize,
3352 608 3407 649 et

1826 682 2053 737 Othonis
2086 684 2101 737 ι
2137 684 2475 753 imperatoris
2499 683 2665 739 frater
2685 726 2700 750 ,
2732 684 2848 754 ejus
2879 686 3131 739 volumen
3161 686 3405 740 ecclesiis

1824 774 2078 827 omnibus
2102 774 2339 840 donavit,
2372 785 2425 828 et
2456 774 2569 843 ipse
2600 776 2846 829 manibus
2875 789 3088 844 semper
3116 776 3301 830 lenuit.
3337 773 3404 828 In

1823 865 2046 936 ejusdem
2080 866 2336 920 Brunonis
2374 866 2519 929 Vita,
2544 878 2752 922 auctore
2774 868 2997 939 Iiotgera
3027 870 3210 937 aequali
3237 878 3283 922 et
3311 871 3402 921 do-

1824 958 2027 1011 mestico
2049 958 2207 1023 illius,
2237 959 2376 1027 apud
2392 958 2631 1014 Bolland.
2657 960 2725 1011 ad
2754 960 2887 1013 diem
2912 962 2967 1015 11
3012 962 3242 1014 Octobris
3300 961 3397 1016 Ubi

1821 1049 1993 1118 prima
2032 1052 2395 1119 grammatica:
2444 1051 2574 1105 artis
2612 1052 2911 1107 rudimenta
2952 1054 3225 1122 percepit,
3260 1052 3401 1107 sicut

1820 1142 1886 1195 ab
1918 1142 2035 1210 ipso
2066 1142 2117 1195 in
2157 1142 2251 1196 Dei
2280 1142 2661 1212 omnipotentis
2687 1144 2911 1213 gloriam
2946 1144 3047 1198 hoc
3086 1145 3279 1213 sapius
3310 1161 3373 1197 ru

1823 1236 2062 1288 minante
2115 1234 2418 1315 didicimus,
2473 1236 2822 1291 Prudentium
2871 1246 3105 1305 poetam,
3159 1237 3401 1291 tradente

1823 1324 2080 1392 magistro
2105 1368 2119 1393 ,
2164 1324 2339 1395 legere
2366 1326 2549 1395 coepit.
2584 1327 2682 1393 Qui
2710 1328 2850 1382 sicut
2874 1336 2955 1381 cst
2979 1337 3033 1383 et
3058 1328 3191 1392 fide,
3220 1329 3397 1382 inten-

1821 1418 2070 1487 tioneque
2100 1418 2394 1472 catholicus
2434 1426 2489 1472 et
2528 1418 2857 1487 eloquentia.
2894 1419 3228 1487 veritaleque
3257 1434 3397 1487 prac-

1817 1510 2025 1577 cipuus,
2084 1519 2137 1564 et
2182 1504 2886 1580 metrorum'librorumque
2929 1511 3391 1580 elegantissimus,

1818 1606 1961 1652 tanta
2006 1614 2128 1653 mox
2165 1601 2451 1656 dulcedine
2482 1602 2661 1671 palato
2692 1602 2871 1655 cordis
2897 1600 3012 1668 ejus
3048 1602 3394 1670 complacuit,

1818 1699 1875 1744 ut
1900 1692 2010 1759 jam
2042 1708 2149 1746 non
2182 1701 2386 1746 tantum
2415 1692 2747 1747 exteriorum
2775 1691 3062 1745 verborum
3090 1692 3389 1755 scientiam,

1817 1798 1999 1838 verum
2017 1784 2190 1838 intimi
2207 1784 2493 1839 medullam
2519 1798 2709 1839 sensus
2724 1794 2776 1837 et
2802 1791 3001 1847 nectar,
3023 1793 3077 1837 ut
3106 1783 3175 1836 ita
3197 1783 3392 1846 dicai‘n,

1739 1874 2228 1952 BJiquidissimum
2283 1876 2470 1945 majori
2517 1872 2685 1945 quam'
2718 1874 2821 1929 dici
2880 1874 3089 1945 possit,
3142 1874 3395 1929 aviditate

1814 1969 2069 2027 hauriret.
2107 1970 2295 2024 Postea
2328 1969 2533 2023 nullum
2565 1968 2778 2038 penitus
2800 1976 2915 2022 erat
2940 1968 3236 2023 studiorum
3259 1967 3393 2022 libe-

1814 2062 2002 2116 ralium
2032 2078 2201 2131 genus
2229 2064 2283 2116 in
2310 2063 2457 2117 omni
2490 2062 2673 2119 Graeca
2704 2063 2788 2118 vel
2816 2063 3005 2117 Latina
3050 2064 3349 2132 eloquentia
3374 2104 3389 2129 ,

1814 2155 1958 2223 quod
1980 2156 2177 2225 ingenii
2210 2156 2293 2210 sui
2322 2157 2660 2211 vivacitatem
2691 2156 2967 2227 aufugeret
2992 2157 3087 2227 (c).

1974 2340 1979 2343 .
2014 2292 2176 2363 210
2202 2300 2295 2362 (Ex
2325 2302 2491 2351 codice
2516 2301 2728 2352 Goldasti
2764 2303 2889 2365 apud
2924 2302 3199 2352 Weitzium.

2000 2384 2240 2447 incipiunt
2263 2385 2387 2434 tituli
2413 2384 2525 2433 libri
2553 2385 2783 2435 Manualis
2807 2389 3000 2447 ammni,

2000 2446 2229 2507 Exceptis
2289 2459 2376 2495 uos
2398 2450 2617 2507 personis
2641 2448 2919 2496 tetrasticha
2943 2446 3188 2498 claudunt.

2000 2506 2189 2556 Primus
2213 2462 2330 2556 A333
2354 2508 2480 2556 elato
2511 2509 2574 2556 de
2597 2510 2795 2556 crimine
2826 2516 3002 2556 narrat.
3025 2516 3079 2556 et
3100 2509 3188 2556 Eva

1998 2506 2189 2557 Primus
2213 2506 2330 2557 Adae
2354 2506 2480 2556 elato
2511 2509 2574 2558 de
2597 2510 2795 2558 crimine
2826 2516 3002 2565 narrat,
3025 2516 3079 2558 et
3100 2509 3211 2559 Evze
3241 2550 3250 2559 .

2000 2568 2122 2617 Tum
2161 2569 2441 2631 singillatim
2468 2578 2718 2631 numerata
2741 2571 2975 2618 vocabula
2998 2573 3147 2620 multa

2001 2630 2201 2680 Provida
2222 2630 2443 2693 persona:
2479 2630 2644 2691 pandit
2666 2632 2925 2693 descriptio
2949 2633 3175 2695 rhythmi.
3212 2692 3215 2693 ν

2402 2730 2811 2781 SIGEBERTUS.

2246 2818 2263 2876 (
2291 2817 2344 2865 In
2369 2816 2605 2866 Chronico
2627 2818 2685 2865 ad
2708 2829 2784 2865 an.
2811 2817 2921 2870 595.
2948 2822 2967 2878 )

1886 2898 1945 2955 ln
1962 2899 2212 2969 HiSpania
2240 2899 2561 2961 Prudentius
2593 2910 2748 2968 poeta
2775 2902 2971 2971 lyricus
2997 2901 3182 2957 claret.

2247 3011 2488 3061 PE'I‘RUS
2526 3012 2960 3064 VENERABILIS.

2121 3095 2139 3155 (
2160 3092 2263 3143 Lib.
2285 3109 2351 3154 nt,
2378 3094 2523 3157 epist.
2547 3095 2630 3156 24,
2666 3094 2728 3144 de
2749 3095 3046 3158 Symmacho.

1890 3178 1948 3233 Ei
1977 3186 2030 3233 et
2076 3192 2229 3246 prosa
2257 3187 2309 3233 et
2345 3187 2517 3232 metro
2558 3186 2665 3232 tam
2702 3179 3043 3247 supradictus
3071 3178 3396 3235 venerabilis

1738 3250 1785 3313 (ἶ
1818 3272 1975 3326 Pater
2004 3270 2346 3341 (Ambrosius)
2386 3286 2544 3341 quam
2589 3277 2770 3325 noster
2818 3271 3037 3341 insignis
3083 3280 3236 3341 poeta
3275 3272 3400 3327 Pru-

1817 3362 2034 3417 dentius
2063 3362 2435 3431 potentissime
2466 3361 2876 3431 responderunt.

2249 3454 2580 3524 RUPERTUS
2599 3472 2967 3525 'i‘UlTlENSiS.

1969 3558 1989 3623 (
2013 3557 2127 3619 Cap.
2154 3557 2214 3607 10
2238 3594 2251 3618 ,
2274 3558 2360 3608 lib.
2384 3573 2451 3617 vr,
2476 3556 2538 3605 de
2563 3556 2765 3619 Operib.
2791 3556 3001 3620 Spiritus
3034 3560 3202 3607 sancti.
3230 3559 3247 3619 )

2022 3638 2104 3693 Ex
2130 3642 2316 3709 hymno
2348 3639 2409 3693 S.
2440 3638 2580 3693 Petri
2604 3640 2774 3708 plures
2805 3655 2975 3692 uersus
3007 3642 3181 3693 sumit.

1893 3754 2065 3824 Super
2095 3752 2195 3806 hoc
2222 3752 2437 3821 quidam
2466 3749 2637 3804 fidelis
2666 3757 2720 3803 et
2740 3749 2793 3803 in
2831 3750 2931 3803 fide
2954 3750 3253 3813 laudabilis,
3281 3765 3397 3805 meo

3372 2661 3407 2690 ΤΞ

3426 2707 3443 2844 ἒ

3434 2906 3441 2925 .

1826 3846 1958 3900 trice
2007 3858 2207 3899 canens
2239 3844 2311 3897 ita
2343 3842 2523 3895 dixit:
2572 3839 2775 3909 Figitur
2812 3855 2939 3909 ergo
2984 3856 3171 3895 manus
3216 3840 3402 3896 subter
3502 3838 3507 3841 “

1822 3940 1936 3995 sola
1965 3954 2152 3995 versus
2183 3940 2235 3993 in
2265 3950 2540 3993 cacumen;

2150 4026 2524 4079 VINCENTIUS
2563 4025 3088 4077 BELLOVACENSIS.

2156 4113 2171 4170 (
2201 4111 2306 4159 Lib.
2338 4123 2433 4182 xvii
2454 4108 2651 4171 Specul.
2677 4109 2789 4158 hist.
2818 4120 2921 4171 cap.
2950 4108 3027 4157 62.
3052 4108 3067 4168 )

1899 4215 2223 4271 Prudentius
2250 4215 2438 4269 librum
2466 4214 2746 4269 metricum
2776 4212 2844 4269 de
2870 4211 3131 4270 Conflictu
3155 4215 3402 4271 vitiorum

1833 4288 2172 4364 etivirtutum
2214 4308 2486 4377 eleganter
2514 4306 2835 4376 composuit.

1824 4449 2035 4503 brarius
2058 4448 2198 4503 male
2212 4448 2526 4516 explicuerit
2556 4450 2632 4501 vir
2660 4452 2969 4505 consularis.
2991 4453 3064 4506 Ex
3093 4454 3214 4509 aliis
3240 4455 3374 4509 codd
3392 4494 3407 4507 .

1828 4535 1961 4575 mss.
2010 4530 2064 4575 et
2114 4522 2265 4573 lsone
2312 4527 2558 4581 constat,
2596 4522 2703 4586 jam
2732 4522 2857 4575 olim
2894 4522 3031 4576 hunc
3061 4537 3299 4578 errorem
3340 4528 3407 4579 de

1830 4590 2107 4645 Prudentii
2135 4590 2412 4645 c0tisulatu
2440 4589 2755 4654 invaluisse,
2790 4602 2843 4644 ut
2872 4592 2979 4646 dixi
3004 4608 3148 4646 num.
3182 4596 3272 4648 51.
3305 4594 3407 4647 Ita-

1829 4677 1934 4730 que
1962 4674 2067 4716 non
2097 4661 2268 4715 audeo
2293 4660 2593 4727 improbare
2615 4661 2895 4716 lectionem
2915 4678 3071 4731 quam
3097 4665 3146 4716 in
3173 4665 3406 4730 editione

1830 4732 2053 4801 Dungali
2084 4731 2317 4799 reperio.
2883 4798 2893 4801 _
2966 4796 2969 4797 ν

1901 4798 1976 4872 (ei
2016 4801 2349 4872 Saeculumx
2382 4816 2486 4854 non
2528 4802 2693 4857 fuisse
2720 4815 2825 4855 tam
2847 4798 3129 4872 obscurum
3155 4811 3207 4856 et
3238 4803 3404 4871 impc-

1830 4873 1987 4926 ritum
2011 4887 2170 4939 quam
2196 4871 2346 4923 multi
2369 4872 2593 4938 jactant,
2621 4887 2690 4940 ex
2718 4872 2817 4925 hoc
2844 4871 3064 4940 aliisque
3088 4888 3407 4927 monumen-

1832 4944 1900 4995 tis
1929 4940 2184 5009 arguebat
2206 4941 2274 4995 cl.
2293 4940 2491 5008 Joseph
2518 4939 2779 5003 Petiscus,
2800 4939 3045 5008 egregius
3070 4944 3120 4995 in
3143 4943 3223 4996 his
3248 4945 3407 4997 rebus

1826 5012 1987 5081 judex
2014 5047 2040 5075 ,-
2064 5026 2289 5082 quocum
2322 5014 2539 5065 minime
2568 5020 2690 5064 sunt
2718 5011 3026 5064 conferendi
3051 5014 3289 5082 plerique
3316 5030 3407 5067 eo-

1832 5097 1948 5135 rum
1985 5082 2078 5149 qui
2110 5081 2463 5153 ignorantiam
2506 5091 2560 5134 et
2602 5081 2979 5153 obscuritatem
3012 5081 3251 5138 511301“er
3287 5100 3408 5153 pa;-

1831 5154 1931 5205 sim
1958 5161 2201 5217 crepant,
2232 5152 2344 5204 sive
2370 5165 2559 5217 graves
2589 5151 2867 5211 scientias,
2913 5152 3027 5206 sive
3050 5169 3215 5219 genus
3247 5150 3408 5207 omne.

1830 5221 2127 5275 litterarum
2156 5221 2509 5274 ammniorum
2540 5223 2870 5273 consideres.
2907 5220 3108 5276 Flornit
3130 5227 3291 5277 etiam
3317 5243 3399 5278 co-

1831 5292 1955 5347 dem
2005 5292 2202 5346 szeculo
2233 5290 2787 5362 poctriaﬁoswitha,
2823 5307 3103 5348 sermones
3136 5298 3408 5362 utriusque

1833 5363 2051 5431 linguze'
2087 5363 2284 5415 Latina:
2336 5371 2402 5432 et
2435 5359 2645 5432 Grgccze
2693 5362 2880 5427 docta,
2941 5379 3059 5429 qua:
3119 5359 3406 5432 panegyriu

1833 5433 2056 5485 Othonis
2092 5431 2467 5500 imperatoris,
2503 5430 2680 5485 fratris
2708 5430 3165 5498 Brunonis,versu
3193 5430 3408 5487 heroico

1832 5502 2162 5571 composuit,
2199 5512 2252 5555 et
2283 5501 2593 5569 martyrium
2630 5503 2685 5553 Β.
2717 5501 2912 5568 Pelagii
2939 5541 2952 5564 ,
2980 5504 3125 5569 pueri
3159 5504 3406 5570 llispaui,

1833 5572 2020 5625 eodem
2050 5583 2224 5625 metro
2256 5571 2577 5637 descripsit:
2609 5571 2747 5638 quod
2773 5586 2957 5634 poema
2989 5589 3014 5621 :i
3052 5572 3410 5627 litillantlianis

1832 5656 1931 5711 pro
1961 5642 2095 5696 actis
2143 5640 2467 5694 autlienticis
2512 5640 2567 5693 S.
2612 5641 2805 5707 Pelagii
2832 5641 3078 5709 martyris
3104 5644 3409 5708 exhibetur,

1835 5727 1939 5784 non
1967 5713 2147 5784 minus
2176 5726 2332 5784 quam
2360 5712 2573 5775 livmni,
2606 5711 2801 5778 qtt'bus
2832 5712 2963 5768 alios
2988 5723 3248 5784 martyres
3280 5714 3410 5769 Pru-

1835 5782 2047 5840 dentius
2071 5782 2381 5837 celebravit.
