3970 6326
481 321 579 376 155

958 505 1152 564 (Chron.
1180 503 1268 551 sub
1295 512 1417 548 anno
1439 498 1567 557 ΜΟ.)

553 611 933 672 Prudentium,
977 589 1188 676 poetam
1222 605 1574 658 Christianum
1603 642 1616 663 ,
1650 600 1821 652 virum
1875 596 2052 663 utique
2109 616 2113 620 ν

485 702 818 760 sxrcularium
873 695 1169 753 litterarum
1199 696 1632 756 scientissimum,
1673 706 1765 759 per
1810 689 1906 742 ltos
1941 687 2054 739 dies

486 792 736 849 claruisse
761 831 776 855 ,
815 798 867 843 et
917 790 966 842 in
1005 788 1174 855 pretio
1207 787 1396 848 luisse,
1433 783 1646 836 tradunt
1677 780 1814 848 :qui
1842 787 1895 831 et
1928 791 2057 828 non-

487 887 630 940 nulla
663 885 714 937 in
746 880 936 936 divinis
973 879 1126 932 laude
1154 877 1465 947 dignissima
1490 875 1807 943 composuit.

766 992 780 1054 (
811 991 862 1038 In
887 990 1050 1038 codice
1083 988 1288 1047 Bongar.
1327 986 1448 1046 apud
1477 981 1785 1045 Weitzium.)

492 1078 576 1126 2i5
614 1073 874 1123 Prudentis
911 1071 1123 1124 metrici,
1152 1069 1363 1130 prudens
1387 1075 1436 1114 et
1456 1065 1898 1130 nomenliahentis.

612 1137 702 1194 Qui
723 1137 818 1197 jam
840 1135 1094 1197 transactis
1118 1127 1312 1197 vetulus
1335 1128 1737 1197 quinquennibus
1755 1127 1906 1183 annis,

613 1188 925 1248 Confitiissunt
953 1191 1182 1251 populum
1201 1191 1327 1238 delet
1347 1198 1393 1236 to
1416 1190 1526 1248 jure
1551 1188 1819 1251 regendum

614 1250 1154 1319 Spirituiparcns’s‘ese
1177 1253 1231 1319 ad
1258 1253 1454 1319 lltCllOl'il
1485 1250 1668 1319 roranti

615 1312 849 1373 tonsilia,
865 1316 954 1363 hoc
976 1319 1167 1373 Scr-trm
1183 1312 1333 1368 libris,
1357 1324 1550 1369 unoque
1583 1312 1820 1373 io‘umen,

617 1382 789 1428 Divina
816 1371 861 1425 in
881 1371 1068 1424 cunctis
1090 1377 1145 1421 sit
1167 1376 1282 1420 imet
1303 1375 1553 1420 sant-tione
1581 1371 1793 1425 i'arente,

619 1443 930 1491 Communem
955 1437 1138 1483 cunctis
1168 1435 1446 1493 conscripsit
1473 1435 1526 1479 ad
1553 1431 1826 1493 utilitatem,

619 1502 679 1551 Et
701 1514 787 1564 pro
814 1507 1046 1564 perpetua
1073 1509 1223 1544 meret
1240 1494 1302 1543 de
1327 1491 1420 1555 puli
1447 1491 1676 1564 rapienda

751 1598 759 1608 .
786 1551 829 1608 ,ἶ
855 1595 867 1608 .
892 1551 1044 1620 pictor
1078 1570 1244 1606 merce
1268 1592 1278 1602 .
1300 1593 1308 1602 .
1327 1551 1343 1601 ”.
1366 1569 1377 1602 ;
1407 1551 1548 1602 minis
1573 1554 1714 1614 hujus
1737 1551 1826 1612 (a).

749 1666 904 1736 211
927 1667 1137 1720 MARTY
1151 1664 1474 1720 ROLOGIUM
1498 1661 1828 1716 ROMANUM.

920 1755 1016 1818 (2i
1039 1752 1146 1803 Jan.
1173 1752 1236 1802 de
1260 1751 1311 1800 8.
1337 1751 1614 1800 Vincentio.
1641 1749 1657 1810 )

511 1939 808 2010 luculenter
837 1953 1076 2007 vetslbus
1099 1947 1429 2017 exsequitur.

997 2069 1241 2123 PETRUS
1286 2067 1592 2121 cnmrrcs.
1669 2135 1677 2144 .

787 2164 803 2225 (
830 2161 936 2210 Lib.
965 2174 991 2208 ν
1023 2159 1086 2208 de
1107 2154 1272 2206 Poetis
1293 2155 1497 2215 Latinis,
1522 2167 1628 2215 cap.
1654 2151 1733 2202 90.
1763 2152 1778 2209 )

579 2249 702 2304 246.
747 2236 1016 2318 leguntur
1040 2246 1214 2301 adhuc
1254 2243 1420 2314 ipsius
1451 2247 1693 2311 poemata
1719 2235 1866 2289 vario
1888 2247 2086 2304 genere

479 2409 483 2414 ἡ
515 2342 810 2394 carminum
863 2339 1154 2408 composita
1180 2378 1192 2400 ,
1226 2336 1418 2405 quibus
1450 2332 1602 2386 facile
1646 2327 1856 2399 probari
1891 2334 2086 2395 potest,

517 2451 635 2487 enin
660 2433 871 2504 quidem
898 2447 992 2503 pro
1025 2429 1328 2487 conditione
1359 2438 1655 2494 temporum
1691 2421 1927 2475 maxime
1958 2434 2091 2487 prar-

517 2528 717 2582 stitisse
747 2529 882 2580 inter
911 2525 1248 2579 Christianos
1278 2532 1462 2590 poetas
1491 2561 1504 2582 ,
1539 2533 1642 2571 non
1672 2515 1832 2569 modo
1870 2513 2092 2568 eruditis

519 2619 798 2672 verborum
833 2617 1012 2686 liguris
1038 2660 1051 2684 ,
1082 2613 1174 2670 sed
1203 2614 1360 2669 etiam
1392 2611 1652 2680 gravitate
1681 2607 2086 2662 sententiarum.

1039 2745 1242 2795 ALDUS
1270 2742 1587 2793 ROMANUS.

1012 2829 1026 2892 (
1057 2829 1110 2878 In
1147 2829 1251 2877 Vita
1287 2826 1558 2876 Prudenlii.
1587 2825 1598 2884 )

590 2933 710 2987 Fuit
731 2936 889 2987 homo
912 2933 1236 3002 ingeniosus,
1262 2931 1440 2999 gravis
1463 2939 1515 2984 et
1538 2908 1743 2982 ornatis
1770 2925 2007 2980 moribus
2036 2939 2098 2978 ac

519 3024 835 3081 Christianae
867 3024 1136 3094 religionis
1168 3021 1678 3077 observantissimus
1706 3060 1719 3084 ,
1753 3017 1893 3086 quod
1924 3031 1989 3069 ex
2020 3015 2098 3083 ip-

521 3119 629 3171 sius
656 3119 906 3187 operibus
939 3117 1092 3170 facile
1119 3124 1200 3169 est
1224 3127 1575 3182 cognoscere.

1869 294 2312 353 PliUDENTIUS.

862 419 1194 472 PHILIPPUS
1228 413 1679 467 BERGOMENSIS.
2076 415 2126 472 Α

920 1773 1016 1818 [13
1039 1773 1146 1803 illi.
1173 1773 1236 1840 ue
1261 1773 1311 1800 ε.
1345 1773 1614 1800 Vinculum.
1643 1773 1657 1810 ι
2109 1773 2158 1833 Β

573 1863 738 1934 Cujus
784 1860 1048 1932 passionis
1104 1856 1335 1913 nobilem
1391 1852 1718 1923 triumphum
1761 1848 2080 1906 Prudentius
2107 1874 2116 1886 ι

3621 277 3706 332 Ἰιῦ

2551 398 2838 449 liRASML'S
2871 389 3362 445 ROTE'RODAMUS.

2618 480 2708 541 (in
2747 477 2949 541 quadam
2988 473 3222 537 apologis.
3253 473 3268 534 )

2230 565 2545 621 Prudentius
2577 571 2730 631 poeta
2783 568 2987 613 tantum
3038 558 3250 624 spirans
3301 564 3410 607 tum
3458 543 3718 606 sanctimo-

2159 662 2261 714 nias
2292 699 2307 721 ,
2338 668 2447 710 tum
2478 669 2643 709 sacrae
2674 649 2991 707 eruditionis
3013 690 3026 714 ,
3062 657 3121 701 ut
3150 655 3420 701 mereatur
3459 645 3597 698 inter
3615 657 3720 711 gra-

2161 753 2408 806 vissimos
2445 747 2700 803 Ecclesia:
2731 745 2980 798 doctores
3009 739 3349 794 annumerari
3374 738 3476 807 (ὁ).

2590 808 2904 885 caeneus
2931 829 3278 880 numerus.

2475 921 2490 983 (
2515 921 2643 970 Com.
2673 920 2717 966 in
2745 923 2914 979 poetas
2940 915 3140 972 Christ.,
3177 923 3284 974 pag.
3315 911 3389 958 i7.
3417 911 3432 970 )

2236 1006 2360 1058 247.
2402 1003 2590 1057 Eidem
2622 997 2951 1069 (Prudentia)
2998 995 3184 1048 tribuit
3212 992 3528 1061 gravitatem
3572 1000 3621 1043 et
3645 990 3732 1044 εις.

2169 1097 2398 1167 gantiam
2427 1091 2623 1147 alicubi
2655 1088 2919 1143 Caesarius
2944 1103 2957 1145 :
2994 1087 3247 1155 pietatem
3271 1093 3325 1138 et
3356 1083 3598 1136 animum
3624 1097 3735 1134 rere

2171 1187 2530 1242 Christianum
2584 1183 2784 1236 [iit-ins.
2839 1179 2990 1233 l‘lunc
3041 1191 3204 1232 unum
3255 1177 3538 1245 legendum
3572 1184 3740 1230 censet

2174 1282 2333 1334 Vires
2363 1278 2438 1345 (id
2471 1287 2571 1328 nan
2611 1275 2807 1328 invenio
2829 1314 2843 1338 ,
2876 1289 3034 1338 neque
3058 1272 3120 1324 iis
3145 1268 3397 1340 congruit,
3425 1286 3541 1338 qua’
3559 1269 3669 1321 aliis
3696 1271 3742 1321 in

2176 1373 2300 1424 locis
2327 1366 2674 1434 docetVives).
2705 1363 3164 1419 Tribuunteidem
3198 1363 3436 1417 nonnulli
3460 1362 3742 1414 Romanam

2177 1463 2559 1531 eloquentiam,
2608 1467 2696 1512 aut
2756 1467 2900 1512 certe
2950 1457 3021 1511 illi
3067 1457 3444 1525 propinquam.
3495 1455 3747 1510 Leonardi

2179 1551 2495 1618 Querretani
2523 1592 2536 1614 ,
2589 1547 2823 1603 hominis
2853 1547 3099 1611 obscuri,
3137 1560 3332 1600 nomen
3380 1559 3484 1600 non
3518 1545 3749 1600 novisse-

2182 1658 2321 1710 mns,
2378 1643 2475 1695 nisi
2527 1641 2664 1695 male
2717 1637 2973 1694 sensisset
3017 1637 3085 1693 de
3134 1637 3451 1693 Pru‘dentio.
3508 1636 3677 1693 Lilius
3709 1638 3754 1691 ei

2186 1736 2400 1789 multam
2451 1731 2804 1788 eruditionem
2856 1745 2918 1784 ac
2965 1731 3165 1784 variam
3218 1729 3438 1784 ascribit
3479 1729 3622 1783 :sed
3657 1729 3758 1784 elo-

2186 1826 2400 1896 quentia
2448 1838 2510 1878 ac
2540 1824 2731 1892 lingua:
2763 1821 3008 1878 castitate
3043 1819 3126 1876 vel
3169 1835 3355 1891 parum
3387 1819 3653 1887 valuisse,
3684 1818 3760 1876 vel

2188 1917 2362 1990 potius
2391 1926 2450 1970 ea
2490 1914 2789 1981 neglexisse
2827 1913 2902 1967 ait
2944 1929 2954 1964 :
2987 1920 3236 1967 neutrum
3287 1910 3492 1966 homini
3546 1923 3644 1966 nec
3687 1911 3762 1965 di-

2187 2015 2352 2072 serto.
2380 2020 2480 2061 nec
2507 2004 2736 2075 eleganti
2758 2047 2771 2072 ,
2808 2011 2863 2058 ut
2895 2011 2949 2060 et
2972 2001 3039 2058 de
3074 2001 3380 2073 eloquentia
3405 2010 3460 2056 et
3487 1999 3556 2058 de
3582 2004 3765 2058 oratio-

2191 2099 2272 2153 nis
2295 2099 2522 2168 puritate
2550 2095 2769 2164 indicet,
2802 2091 3144 2149 concedimus
3175 2091 3267 2161 (c).

2809 2203 3155 2255 GlSElJNL’S.

2480 2292 2497 2346 (
2523 2290 2578 2338 in
2604 2291 2746 2351 epist.
2772 2288 2982 2338 dedicat.
3009 2289 3176 2348 primae
3200 2287 3440 2335 editionis.
3467 2286 3485 2346 )

2265 2379 2422 2448 212
2448 2374 2573 2428 2&8.
2610 2371 2858 2427 Aurelius
2887 2369 3204 2426 Prudentius
3227 2369 3474 2431 Clemens
3507 2368 3576 2420 ob
3609 2367 3774 2420 inrre~

2195 2467 2355 2522 dibile
2385 2466 2592 2534 pietatis
2615 2465 2870 2528 studium,
2896 2477 3262 2530 summamque
3283 2459 3774 2514 laudatissimarum

2197 2559 2542 2614 scientiarum
2575 2557 2930 2626 cognitionem
2968 2555 3123 2609 unice
3150 2553 3620 2622 suspiciendas...
3649 2552 3779 2606 Cum

2199 2655 2328 2706 mira
2344 2651 2692 2718 etsingularis
2708 2654 2757 2702 in
2775 2664 2838 2703 eo
2854 2650 2922 2703 sit
2939 2664 3112 2702 rerum
3131 2647 3434 2717 praestantia
3449 2662 3512 2700 ac
3525 2647 3778 2709 varietas,

2199 2744 2527 2797 ornamentis
2557 2751 2732 2794 tamen
2761 2756 2823 2794 ac
2849 2741 3137 2794 luminibus
3159 2740 3350 2806 partim
3381 2752 3409 2790 a
3440 2753 3498 2792 sc
3525 2737 3780 2796 inventis,

2200 2833 2391 2904 partim
2437 2849 2503 2887 ex
2546 2833 2814 2887 uberrimo
2854 2818 3093 2887 veterum
3141 2829 3286 2885 fonte
3330 2830 3532 2883 haustis
3575 2829 3784 2897 singula

2203 2935 2470 2994 utcunque
2515 2924 2721 2994 gravia,
2773 2934 2823 2978 et
2877 2925 3040 2976 ardua
3072 2923 3331 2976 concinne
3359 2930 3656 2990 ornateque
3703 2923 3784 2973 de

2207 3016 2402 3083 pingit,
2431 3030 2497 3068 ac
2541 3015 2922 3082 persequitur,
2960 3013 3305 3067 nihilosecius
3336 3022 3597 3082 perpetuo
3647 3013 3787 3065 intra

2205 3108 2473 3161 cancellos
2499 3122 2666 3160 auerte
2691 3106 2959 3176 religionis
2989 3121 3106 3160 sese
3134 3106 3414 3159 continens
3448 3106 3529 3173 (d)

594 3291 667 3352 (α)
709 3288 763 3340 in
790 3288 972 3341 codice
993 3325 1008 3348 ,
1043 3299 1198 3350 quem
1245 3281 1488 3352 Barthius
1519 3279 1730 3352 viditet
1758 3292 1970 3352 caseum
1999 3291 2093 3347 ap-
2121 3280 2168 3342 C
2200 3290 2309 3352 eia
2335 3283 2602 3335 communi
2633 3297 2916 3346 puerorum
2947 3292 3102 3350 captu
3133 3283 3401 3342 abstrusa,
3434 3281 3672 3334 nondum
3703 3298 3786 3347 po-

523 3347 703 3425 pellat,
736 3357 824 3410 lib.
860 3371 951 3418 vn,
1133 3355 1220 3414 4'2,
1266 3351 1542 3425 legebatur
1569 3369 1598 3425 Ξ
1630 3347 1937 3425 Prudentius
1961 3352 2093 3425 apti-

525 3419 633 3478 inus
661 3435 831 3495 poeta,
860 3423 1228 3495 eruditissimus
1230 3422 1540 3495 _theolOgus_.
1672 3419 2099 3495 aliis__codicihus

526 3498 643 3548 vide
661 3489 822 3561 supra
856 3503 966 3546 toto
1003 3507 1120 3558 rap.
1151 3493 1204 3561 4.
1229 3489 1558 3544 Τεειὶηἱοηὶιι
1594 3489 1810 3561 Honorii
1836 3492 2102 3557 Augusto-

525 3559 780 3619 dunensis
809 3574 859 3618 et
884 3560 1161 3618 Tritltemii
1191 3561 1310 3615 dedi
1342 3577 1486 3614 num.
1523 3561 1582 3614 Gl
1608 3570 1659 3613 et
1683 3559 1770 3613 62.

598 3635 671 3701 (b)
711 3635 762 3686 In
786 3650 903 3700 cap.
926 3649 1012 3688 xtv
1038 3631 1288 3687 Joannis:
1319 3629 1625 3684 Prudentius
1651 3635 1722 3682 vir
1748 3629 1922 3701 quouis
1951 3631 2101 3682 etiam

527 3699 712 3760 sozculo
741 3699 873 3758 inter
906 3707 1083 3759 doctos
1106 3703 1470 3756 numerandus.
1494 3703 1565 3754 De
1599 3701 1780 3758 rucris
1813 3699 2103 3752 liberaliter

529 3775 867 3829 instituendis
904 3795 914 3828 :
959 3773 1081 3828 Jam
1123 3775 1166 3828 si
1197 3774 1309 3841 quis
1347 3771 1722 3832 Prudentium,
1773 3787 1928 3822 unum
1974 3772 2104 3822 inter

528 3846 842 3901 Christianos
872 3863 983 3899 vere
1019 3847 1297 3914 facundum
1329 3855 1525 3909 poetam
1554 3846 1679 3914 volet
1695 3857 1950 3914 enarrare
1974 3882 1987 3902 ,
2019 3841 2102 3892 Iit-

529 3928 658 3969 terar
707 3917 857 3968 etiam
886 3911 1098 3967 arcanas
1143 3915 1328 3965 callent
1368 3921 1580 3974 (morlr‘l.
1607 3911 1742 3963 Vide
1773 3911 1931 3963 etiam
1963 3912 2104 3975 ejus-

529 3987 650 4039 dem
675 3984 1058 4045 Ecclesiasten,
1078 3993 1132 4036 et
1155 3981 1349 4046 Adagia
1379 3982 1571 4035 Ciiilid.
1605 3997 1676 4045 tv,
1708 3990 1850 4032 cent.
1875 3978 1927 4041 5’,
1957 3996 2102 4034 num.

533 4058 587 4116 i,
617 4055 704 4107 ubi
733 4055 941 4121 egregie
962 4055 1054 4114 ait,
1089 4054 1139 4105 in
1170 4053 1386 4114 Basilio,
1415 4052 1641 4104 Nazianz
1665 4065 1768 4121 -no,
1798 4051 2102 4121 Ambrosio,

535 4123 816 4177 Prudentia
837 4165 850 4184 ,
875 4123 1150 4176 Lactantio
1190 4121 1488 4190 linguarum
1520 4136 1579 4173 ac
1615 4120 1872 4186 politioris
1907 4121 2108 4173 littera-

535 4207 666 4248 turae
691 4194 1049 4262 cognitionem
1083 4191 1202 4244 ideo
1229 4191 1464 4244 caruisse
1503 4190 1701 4242 invidia
1723 4229 1735 4250 ,
1767 4191 1885 4256 quia
1907 4191 2107 4242 servivit

551 4266 724 4318 :ietati.

551 4283 582 4317 η
617 4283 724 4316 tau.

535 4283 552 4333 1
589 4283 674 4403 e(c)
699 4333 780 4403 Et
802 4333 853 4384 in
883 4328 1584 4403 praelatignc‘Expositionis
1612 4330 1662 4379 in
1693 4328 1922 4403 hymnos
1949 4345 2110 4403 quos-

535 4398 665 4457 dam
696 4401 1013 4455 Prudentii:
1075 4398 1356 4452 Prudentia
1399 4400 1625 4449 adimunt
1679 4399 1964 4452 doctrinam
2017 4400 2112 4450 viri

539 4474 736 4526 obscuri
767 4471 1064 4524 Leonardus
1095 4469 1435 4534 Querretanns
1449 4477 1495 4521 et
1521 4465 1706 4522 Petrus
1735 4468 2108 4531 Summontius,

536 4545 680 4613 eique
706 4543 832 4596 nihil
858 4541 1145 4609 relinquunt
1190 4549 1376 4613 praeter
1417 4538 1604 4613 nudant
1654 4539 1976 4613 religionem,
2013 4555 2114 4613 qua

2204 3351 2278 3404 tui
2307 3352 2561 3421 reperire.
2598 3351 2652 3406 Si
2683 3352 2749 3404 de
2779 3351 3066 3420 Apotheosi
3104 3354 3356 3420 loquitur,
3381 3352 3463 3421 (ut
3491 3367 3676 3405 revera
3713 3353 3787 3405 lo-

2203 3421 2407 3489 quitur)
2436 3420 2607 3476 fateor
2636 3423 2878 3488 quaedam
2912 3438 3031 3476 esse
3063 3423 3130 3477 ab
3159 3425 3346 3476 usitata
3381 3420 3670 3489 puerorum
3706 3438 3790 3474 co-

2204 3492 2440 3560 gnitione
2480 3493 2719 3545 nonnihil
2755 3502 2959 3547 remota
2987 3534 3000 3556 ,
3035 3509 3156 3560 qum
3194 3493 3444 3547 nimirum
3469 3494 3792 3561 qumsliones

2207 3563 2272 3613 de
2305 3562 2496 3614 diriure
2529 3563 2714 3616 iriadis
2757 3563 2986 3616 essentia
3027 3576 3404 3616 controversis
3432 3573 3787 3616 conceruunt.

2208 3633 2311 3686 Sed
2341 3632 2654 3699 quantulum
2703 3635 2775 3694 id,
2809 3635 3029 3699 «μετρεοτ
3081 3633 3189 3685 lmo
3225 3634 3266 3685 si
3327 3634 3376 3686 in
3432 3634 3545 3697 ipso
3575 3632 3790 3686 dicendi

2208 3702 2438 3754 artificio
2461 3703 2590 3755 nihil
2616 3706 3031 3771 reqnirerenms,
3064 3712 3257 3766 quanta
3283 3703 3484 3771 maiore
3517 3703 3792 3762 lacilitate.

2207 3782 2404 3839 quanto
2432 3773 2678 3826 uberiore
2721 3775 3022 3839 reipublicae
3065 3773 3380 3828 Christianae
3412 3774 3582 3827 fructu
3619 3775 3737 3827 hate
3763 3787 3789 3823 a

2214 3844 2395 3909 pueris
2423 3843 2863 3905 addiscctentur,
2904 3860 3060 3912 quam
3094 3860 3242 3896 vanae
3271 3844 3374 3897 illa:
3403 3854 3683 3911 poetarum
3724 3843 3793 3896 hi-

2211 3915 2413 3976 storiu',
2439 3928 2529 3964 seu
2556 3917 2727 3980 potius
2756 3914 2964 3978 l'almize,
2998 3915 3048 3967 in
3081 3916 3270 3982 quibus
3310 3929 3413 3966 non
3439 3915 3629 3980 exigua
3665 3923 3795 3967 tem-

2215 3991 2355 4050 poris
2389 3984 2561 4049 portio
2596 3984 2899 4037 miserrime
2941 3987 3256 4037 conteritur.
3291 3983 3627 4038 Accederent
3678 3985 3794 4035 alia:

2211 4053 2620 4106 commoditates
2643 4053 2809 4106 multo
2830 4057 3101 4118 ntaxlmaa,
3118 4069 3259 4122 “quas
3284 4054 3369 4107 hic
3391 4069 3679 4108 recensere
3705 4070 3795 4106 ne-
3833 4057 3847 4071 ‘

2213 4139 2315 4190 que
2362 4123 2520 4188 hujus
2545 4132 2624 4176 est
2661 4124 2793 4186 loci,
2836 4139 3006 4188 neque
3039 4125 3204 4178 nostri
3235 4124 3483 4178 instituti.
3539 4125 3605 4178 Ut
3644 4124 3797 4193 igitur

2215 4194 2278 4245 ad
2333 4193 2681 4246 Prudentium
2733 4193 2981 4254 redeam,
3024 4198 3121 4246 etsi
3155 4195 3302 4247 nulla
3329 4194 3474 4261 jnsta
3503 4195 3576 4248 sit
3603 4210 3794 4253 causa,

2218 4275 2312 4314 cur
2343 4263 2581 4314 omniurn
2631 4264 2876 4317 manilms
2910 4272 3112 4318 teratur
3141 4307 3154 4326 ,
3183 4279 3338 4333 quam
3374 4265 3510 4332 quod
3545 4279 3653 4316 non
3691 4266 3799 4317 lere

2209 4335 2285 4384 sit
2328 4334 2726 4385 incitamentum
2769 4333 2832 4386 ad
2869 4334 3237 4387 honestissima
3273 4349 3498 4401 quaupte
3523 4335 3795 4394 tentanda,

2217 4411 2365 4455 certe
2410 4403 2490 4455 vel
2528 4419 2629 4455 una
2685 4405 2797 4457 inec
2845 4402 2979 4456 ratio
3032 4409 3160 4458 satis
3210 4405 3387 4457 valere
3429 4405 3800 4458 debeat.l\"am

2221 4473 2404 4542 (libeat
2437 4475 2617 4538 paucis
2667 4473 2902 4543 evagari)
2933 4475 3054 4542 quid
3111 4490 3212 4528 non
3257 4485 3494 4540 castum,
3532 4475 3664 4542 quid
3700 4491 3798 4528 nun

2224 4547 2395 4604 pium,
2455 4544 2576 4612 quid
2609 4558 2710 4595 non
2762 4553 3000 4598 sanctum
3045 4546 3096 4598 in
3140 4561 3204 4598 eo
3235 4557 3314 4598 est
3371 4562 3474 4598 non
3522 4545 3797 4609 reperire?

541 4607 630 4700 nos
655 4613 869 4700 conlen'l'i
910 4607 1080 4700 sumus
1104 4653 1117 4673 ,
1148 4622 1191 4662 et
1228 4610 1398 4700 virum
1412 4608 1558 4660 illum
1580 4607 1840 4700 nobilitate
1867 4618 1911 4660 et
1943 4609 2114 4660 erudi-
2141 4638 2197 4700 Β
2223 4607 2487 4700 Tottrs‘est
2513 4612 2563 4700 in
2593 4613 2812 4694 agendis
2833 4614 2939 4696 Deo
2961 4617 3166 4697 gratiis,
3191 4616 3409 4700 ejusque
3439 4607 3799 4700 muniﬁcentia

540 4685 672 4736 tione
701 4683 1192 4745 excellentissimum,
1235 4680 1475 4744 majorem
1515 4687 1770 4747 putamus,
1803 4695 1955 4747 quam
2000 4695 2112 4729 um-

542 4757 642 4806 brat
666 4753 770 4807 illa:
798 4753 1011 4804 viderint
1036 4792 1050 4814 ,
1093 4762 1138 4803 et
1168 4749 1283 4816 plus
1312 4748 1493 4820 habere
1516 4745 1694 4800 ueteris
1721 4745 1985 4820 elegan’iw
2009 4749 2114 4802 Ro-

541 4839 726 4885 mame,
756 4838 906 4890 quam
951 4823 1049 4890 ipsi
1093 4829 1181 4872 aut
1216 4819 1554 4887 intellexerint
1580 4858 1594 4880 ,
1627 4830 1714 4870 aut
1744 4819 1958 4873 assecuti
1988 4821 2108 4872 sint.

543 4892 734 4945 Iterum
770 4889 834 4944 in
880 4889 1081 4957 praefat.
1126 4889 1190 4942 ad
1235 4893 1486 4956 hymnum
1529 4889 1591 4941 A.
1626 4890 1685 4941 I)‘.
1717 4907 1805 4944 vni
1848 4893 1949 4943 cal.
1986 4890 2106 4943 .lan.

545 4962 607 5013 In
628 4960 827 5030 publica
867 4975 1080 5012 (evasura
1106 4962 1320 5030 usitatas
1349 4960 1471 5012 olim
1500 4959 1782 5012 studiorum
1823 4960 2114 5029 liberalia»:

544 5025 758 5083 honores
787 5030 1064 5096 petentibus
1102 5029 1258 5099 fuisse
1299 5030 1560 5098 preposita
1583 5032 1793 5099 Aurelii
1843 5025 2114 5099 Prudentii

454 5152 463 5159 ,
542 5103 730 5166 scripta
752 5141 765 5163 ,
795 5116 820 5152 e
844 5100 960 5152 viris
995 5097 1305 5153 doctissimis
1331 5097 1541 5158 Andrecr
1563 5097 1846 5153 Comitiano
1870 5142 1882 5164 ,
1907 5110 1954 5152 et
1983 5097 2117 5153 ϐαδ-

543 5187 664 5239 pare
697 5169 918 5223 Bornero
955 5169 1248 5224 adolescens
1276 5170 1470 5236 audivi,
1497 5170 1654 5238 idque
1674 5172 1736 5223 ab
1760 5172 1821 5223 iis
1849 5172 2120 5237 probatum

545 5243 700 5309 fuisse
721 5240 944 5294 memini.

619 5313 694 5380 (d)
728 5309 794 5364 Et
825 5311 874 5363 in
908 5311 1009 5362 line
1033 5309 1535 5364 adbotationum.—
1556 5311 1681 5361 Nam
1717 5311 1855 5380 styio
1884 5310 1961 5360 sic
1989 5310 2121 5380 satis

549 5395 846 5448 pPJ'Spccin,
903 5395 1006 5433 non
1058 5395 1379 5448 magnopere
1411 5382 1464 5432 in
1504 5396 1562 5433 re
1590 5379 1940 5432 laborandum
1991 5379 2116 5444 fuit,

547 5457 728 5526 utpou‘:
751 5450 938 5526 limiti,
960 5461 1022 5526 Aet
1049 5451 1216 5526 cuivis
1251 5463 1392 5526 nota.
1443 5449 1623 5517 Neque
1653 5451 1793 5526 enim
1817 5450 1908 5526 _(nt
1935 5457 1990 5502 et
2017 5448 2118 5502 hoc

551 5516 714 5572 libere
734 5519 927 5585 dicam)
960 5523 1007 5572 in
1043 5536 1103 5568 ro
1123 5519 1295 5574 adhuc
1328 5516 1550 5573 Erasmo
1579 5520 1828 5574 assenli’ri
1861 5532 2072 5583 possunt
2097 5563 2111 5584 ,

549 5588 636 5661 qni
669 5588 718 5661 i_u
750 5589 986 5661 apologia
1032 5592 1256 5661 quadam
1285 5600 1468 5644 eontra
1495 5589 1771 5642 Latomum
1801 5601 1956 5661 negat
1989 5589 2116 5661 Pru-

550 5653 783 5730 dentium
818 5653 993 5730 pueris
1017 5653 1406 5730 pib‘tiltitlmltlillli
1434 5675 1572 5720 esse,
1603 5661 1740 5724 quod
1765 5674 1792 5710 a
1818 5653 1943 5710 solis
1964 5659 2112 5711 tlteo-

553 5719 682 5785 lugis
715 5719 870 5789 queat
914 5719 1153 5790 intelligi.
1187 5733 1310 5789 ane
1351 5719 1565 5780 tandem
1595 5719 1697 5779 sint
1727 5729 1812 5779 illa
1859 5731 2108 5792 obscura,

2224 4681 2593 4749 amplilicanda
2611 4681 2808 4737 {etiam
2839 4685 3188 4740 minutissima
3216 4686 3265 4737 in
3286 4685 3426 4738 illius
3445 4685 3656 4738 laudem
3679 4701 3801 4739 con-

2227 4750 2698 4822 vcrtit.l\iartyres
2729 4765 3056 4820 praeterea...
3103 4759 3211 4809 suis
3242 4754 3481 4808 laudibus
3504 4766 3799 4808 exornat...

2225 4821 2361 4888 Quid
2414 4821 2512 4893 hoc
2556 4823 2670 4875 fieri
2705 4833 2876 4892 potest
2916 4823 3256 4893 religiosius?
3307 4826 3442 4890 Quid
3495 4824 3713 4893 dignius
3755 4825 3800 4876 in

2226 4891 2526 4964 exetnplum
2559 4893 2733 4947 trahi?
2765 4891 3041 4948 Postremo
3068 4896 3281 4964 quando
3313 4893 3384 4948 illi
3409 4911 3526 4948 cum
3558 4891 3799 4948 Ῑιειειιιιιιε

2227 4977 2310 5017 res
2343 4971 2422 5015 est
2464 4963 2574 5017 sire
2601 4964 2823 5017 internis
2852 4963 3096 5032 corporis
3135 4965 3293 5032 (vitia
3313 5005 3344 5025 ,ς
3367 4966 3644 5033 animique
3673 4981 3797 5018 con-

2227 5033 2588 5101 cupiscentias
2621 5035 2879 5102 intelligo)
2913 5039 3023 5088 sive.
3056 5037 3322 5095 externis.
3353 5051 3544 5102 nempe
3582 5035 3795 5087 lucreti-

2231 5104 2327 5167 cis,
2361 5105 2474 5157 sive
2522 5104 2769 5172 gentibus
2804 5104 3061 5158 idolorum
3096 5106 3386 5158 cultoribus
3414 5147 3427 5167 ,
3463 5107 3597 5157 Deus
3634 5106 3795 5164 hunc,

2230 5183 2427 5240 quanta
2457 5176 2616 5226 animi
2659 5175 2932 5228 alacritate
2971 5191 3064 5229 eos
3103 5176 3446 5243 aggreditur?
3477 5191 3582 5243 quo
3609 5175 3799 5227 ardOre

2230 5243 2534 5312 depugnat,
2569 5259 2630 5296 ac
2662 5245 3001 5310 prosternit?
3038 5247 3253 5298 Militem
3283 5245 3429 5298 dicas
3462 5245 3638 5297 adhuc
3663 5258 3794 5299 esse.

2232 5322 2589 5385 nonpoetatn.
2619 5312 2681 5365 Et
2711 5316 2759 5366 in
2781 5315 3078 5385 pra'fatio'ne
3105 5320 3338 5368 secundo:
3360 5312 3798 5385 editionis._Ma-,.'is

2231 5383 2356 5436 illud
2393 5384 2556 5437 miror
2581 5426 2594 5447 ,
2636 5399 2741 5451 quo
2767 5383 2920 5452 pacto
2955 5385 3162 5438 tremuli
3199 5389 3426 5450 pectoris
3459 5401 3589 5437 vena
3621 5383 3676 5437 in
3703 5394 3798 5436 tam

2233 5456 2399 5518 varia,
2453 5465 2505 5508 et.
2539 5468 2669 5507 nova
2699 5469 2876 5508 rerum
2927 5458 3164 5508 maxime
3196 5455 3479 5506 ardnarnm
3524 5461 3799 5522 pertracta-

2232 5525 2376 5577 tione
2409 5541 2674 5590 nunquam
2707 5525 2977 5579 exaruerit
3001 5566 3013 5587 ,
3048 5541 3303 5592 nusquam
3331 5523 3590 5578 defecerit
3615 5566 3629 5589 ,
3664 5530 3798 5592 certe

2227 5595 2315 5659 qui
2346 5610 2408 5647 ex
2441 5597 2584 5647 omni
2621 5597 2930 5663 posteritate
2961 5612 3078 5650 cum
3112 5612 3175 5649 eo
3211 5595 3354 5664 paria
3387 5593 3573 5649 fecerit
3596 5638 3609 5660 ,
3636 5591 3799 5646 adhuc

2229 5664 2335 5715 vidi
2373 5665 2660 5715 neminem.
2880 5706 2888 5715 .

2229 5679 2335 5715 νιυι
2373 5680 2660 5718 "Clnlllt‘lll.
