3970 6326
144 272 236 326 757

621 381 871 432 MARCUS
899 383 1251 433 HOPPERLJS.

143 469 151 526 ι
177 465 223 513 In
249 464 536 526 praefatione
566 463 833 574 l’rudcntLo
848 466 1135 586 lpriciilx'a)ad
1159 465 1392 513 Joannem
1419 466 1718 528 llutlolpltum

755 540 780 574 a
891 537 912 572 r
936 539 987 574 ac
1007 541 1039 575 ι.

755 537 814 574 ab
851 537 1039 575 Erlacll.

200 607 330 661 9.49.
378 606 453 660 De
481 616 702 661 auctore
750 608 879 674 hoc,
930 623 1089 677 quem
1122 619 1270 664 tuum
1297 625 1416 666 csse
1439 612 1592 672 volo,
1635 611 1716 666 vel

138 699 597 755 lucubrationibus
629 699 747 768 eius
793 700 935 770 quod
987 703 1148 756 multa
1179 703 1353 757 dicam
1377 745 1390 770 ,
1416 704 1550 758 nihil
1583 720 1717 773 opus

137 807 246 846 esse
280 799 442 859 puto;
475 807 596 846 cum
627 803 694 847 eo
719 805 932 862 semper
963 794 1080 849 loco
1101 809 1129 848 a
1161 795 1260 863 piis
1295 806 1348 851 et
1370 797 1592 850 eruditis
1624 799 1717 850 ha-

139 885 271 938 bitus
299 885 370 938 sit
395 925 411 948 ,
442 899 547 953 quo
571 883 744 954 quivis
775 885 931 951 alius,
957 887 1250 956 quamlibet
1278 889 1454 943 clarus
1474 931 1486 952 ,
1513 900 1669 960 poeta
1697 907 1711 944 :

137 976 237 1028 imo
270 981 422 1029 tanto
450 975 651 1044 majore
677 975 868 1046 dignus
899 979 1071 1045 pretio
1102 987 1152 1032 et
1186 977 1389 1032 honore
1418 973 1574 1050 213
1611 995 1714 1049 quo

135 1064 271 1117 circa
304 1079 427 1133 qua:
457 1074 701 1120 versatur
726 1106 740 1128 ,
770 1077 1084 1134 argumenta
1110 1107 1124 1131 ,
1157 1083 1314 1138 quam
1355 1085 1715 1138 quorumcun-

135 1171 234 1224 que
259 1156 598 1212 ethnicorum
623 1198 639 1223 ,
671 1157 932 1213 nobiliora
953 1201 968 1224 ,
1002 1162 1268 1215 sanctiora
1301 1174 1352 1215 et
1383 1161 1594 1215 utiliora
1628 1165 1720 1216 ha-

134 1247 372 1300 bentur:
418 1257 473 1301 ut
513 1260 631 1317 qute
680 1265 743 1304 ex
796 1251 1107 1306 sincerioris
1161 1252 1443 1322 theologia:
1475 1254 1712 1308 fontibus

135 1338 386 1408 pleraque
411 1339 587 1395 omnia
621 1341 896 1411 desumpta
929 1345 1074 1409 sint,
1106 1352 1160 1399 et
1189 1347 1366 1399 omnis
1393 1347 1604 1415 generis
1636 1348 1706 1415 pii

135 1432 372 1485 exercitii
403 1433 678 1487 materiam
704 1443 758 1488 et
777 1448 993 1488 causam
1024 1435 1297 1503 prmbeant
1329 1437 1429 1507 (α).

244 1529 247 1531 ’
582 1523 854 1573 JACOBUS
891 1524 1278 1575 SPIEGELIUS.

505 1609 520 1667 (
551 1605 602 1654 In
621 1619 794 1654 comm.
820 1608 979 1670 hymni
1003 1609 1144 1657 Omni
1171 1611 1303 1658 hora.
1329 1613 1340 1671 )

371 1656 606 1753 Quorum
637 1656 980 1760 (lyricorum)
1012 1656 1256 1760 princeps
1304 1656 1444 1761 apud
1489 1695 1709 1750 Graecos

133 1775 407 1838 Pindarus,
436 1777 573 1845 apud
605 1755 820 1832 Latinos
861 1755 1106 1834 Horatius
1145 1755 1284 1836 inter
1325 1755 1568 1838 ethnicos
1604 1802 1617 1837 :
1651 1794 1709 1839 ut
1744 1755 1804 1818 Β.

131 1868 449 1922 Prudentius
503 1872 642 1925 inter
669 1885 782 1938 eos,
817 1872 906 1940 qui
938 1872 987 1925 in
1030 1874 1139 1926 veri
1157 1874 1267 1940 ,Dei
1309 1877 1702 1932 venerationem

135 1965 323 2027 pietate
358 1966 543 2033 plenos
578 1967 829 2024 modulati
866 1977 991 2021 sunt
1031 1967 1275 2037 hymnos.

699 2057 819 2107 NlC.
848 2059 1158 2110 HEINSIUS.

133 2139 144 2194 (
172 2137 217 2184 lu
245 2143 394 2201 epist.
421 2141 583 2190 dedis.
607 2156 708 2190 suae
735 2145 962 2192 editionis
1001 2144 1251 2195 Prudentii
1276 2147 1334 2194 ad
1360 2146 1714 2199 Ferdmandum

535 2203 811 2264 episcopum
832 2205 1277 2255 Paderbonensem.
1298 2207 1315 2270 )

192 2286 472 2338 Aurelium
501 2279 847 2340 Prudentium
878 2288 1344 2360 Clementemquo
1378 2309 1532 2346 nemo
1570 2305 1711 2348 vete-

129 2387 230 2424 rum
274 2379 472 2442 majore
517 2391 638 2430 cum
687 2392 935 2432 successu
991 2382 1171 2448 poesiu
1217 2382 1505 2436 Christiani
1557 2400 1713 2454 argu'

129 2467 288 2517 tuenti
313 2467 454 2519 dedit
473 2467 756 2534 excultam,
773 2479 862 2524 aut
884 2471 1234 2526 laudabiliora
1257 2475 1502 2544 exemplo
1534 2476 1708 2538 famzo,

129 2570 180 2605 ac
209 2558 517 2631 posteritati
542 2560 951 2624 commendavit,
975 2572 1076 2615 clc.
1107 2563 1255 2616 llunc
1283 2574 1334 2616 tu
1365 2556 1571 2634 poetam
1602 2568 1707 2633 jam

126 2647 183 2697 ah
224 2663 408 2715 ungue
463 2658 648 2703 tenero
693 2651 1006 2706 familiarem
1060 2654 1322 2719 habuisti;
1355 2656 1492 2711 hunc
1535 2669 1706 2712 tecum

126 2741 192 2792 sic
220 2757 244 2791 a
265 2739 524 2794 dmiratus
560 2753 638 2795 est
681 2745 847 2797 Lucas
879 2744 965 2798 ille
998 2755 1114 2799 tuus
1149 2746 1474 2812 llolstenius,
1509 2750 1703 2802 claris-

125 2831 232 2884 simi
279 2833 354 2884 ινιτ
386 2835 637 2898 nominis,
671 2846 724 2888 ιιι
749 2837 976 2890 animam
1004 2838 1116 2904 “jam
1146 2853 1309 2908 agens
1339 2855 1397 2892 εις)
1431 2843 1704 2898 moribun-

128 2919 234 2984 dus,
269 2938 368 2990 per
408 2933 460 2976 te
487 2923 587 2977 sibi
618 2940 678 2978 ex
701 2926 1088 2981 Cathemerinis
1119 2928 1394 2998 hymnum,
1428 2934 1515 3001 qui
1547 2948 1701 2987 exse—

129 3011 251 3077 riuiis
297 3014 680 3068 defunctorum
711 3018 884 3083 datur,
927 3018 1139 3072 recitari
1170 3021 1414 3085 voluerit,
1446 3033 1600 3093 atque
1637 3039 1702 3078 eo

1531 272 1890 328 l’RULEGOM
1900 273 1984 329 EN
1992 278 2050 330 Α.

3293 287 3398 344 758

1744 389 1796 450 Α
1823 391 2157 456 proponitur.
2193 392 2417 445 Faveliis
2448 393 2544 459 illi,
2575 395 2782 462 opinor,
2820 406 2870 448 ct
2903 398 3167 452 hominem
3198 399 3393 464 ingenii

1825 494 1885 531 ac
1919 481 2128 548 pietatis
2153 477 2342 551 gloria
2367 483 2666 550 ﬂorentem,
2703 488 2789 553 qtti
2837 489 3168 555 superiorum
3200 496 3400 554 tempe-

1824 587 1940 626 rum
1974 574 2164 640 injuria
2191 575 2464 642 tantisper,
2491 577 2674 644 qutlil,
2709 578 2933 646 benigne
2975 588 3030 631 ut
3066 587 3288 633 ca-teros
3317 595 3404 634 so-

1824 665 1921 730 les,
1963 666 2189 732 accipies
2223 665 2332 742 _(b).
2381 666 2443 719 Et
2495 668 2544 720 in
2581 669 2693 721 Vita
2725 669 2884 739 214
2927 670 3232 724 Prudentii:
3268 671 3399 725 illud

1823 755 2034 820 mirere,
2072 757 2196 810 licet
2243 757 2310 809 dc
2344 756 2501 810 variis
2533 757 2826 813 hairesibus
2859 763 3018 812 multa
3063 761 3284 823 dixerit,
3321 771 3400 814 ta-

1822 860 1941 898 men
1976 846 2143 913 ipsum
2179 847 2328 910 nihil,
2367 848 2507 915 quod
2555 849 2606 901 in
2653 849 2970 904 deteriorem
3003 852 3166 918 accipi
3200 862 3396 919 partem

1827 945 2027 1001 posset,
2081 947 2170 990 aut
2220 938 2418 991 erroris
2453 939 2769 1006 insimulari,
2801 942 3097 1009 SCI'lpSiSSP.
3128 943 3262 1008 Quin
3292 944 3398 998 imo

1824 1037 2068 1094 tanquam
2103 1044 2296 1098 θορυνο
2329 1028 2471 1082 fonte
2505 1029 2718 1084 haurire
2758 1046 2818 1085 ex
2854 1031 2994 1084 illius
3039 1034 3246 1100 scriptis
3279 1051 3398 1100 pns-

1822 1135 2009 1172 sumus
2036 1122 2212 1173 omnia
2243 1129 2438 1174 sancta-
2472 1121 2722 1174 Ecclesia:
2751 1120 3004 1176 Romana:
3031 1125 3304 1192 dogmata;
3337 1143 3398 1178 ac

1821 1200 2148 1280 potissimum
2200 1229 2259 1265 ea
2312 1229 2429 1281 qum
2477 1211 2753 1267 Trinitatis
2783 1215 3090 1283 mysterium
3133 1224 3394 1283 spectant,

1819 1302 2014 1355 Christi
2067 1305 2392 1356 nativitatem
2443 1303 2907 1372 divinitatemque;
2945 1305 3119 1358 Mariae
3169 1305 3398 1374 Virginis

1820 1391 2197 1460 integritatem,
2255 1394 2452 1446 cultum
2510 1403 2846 1456 sanctorum;
2897 1393 3210 1462 illorumque
3261 1395 3396 1462 apud

1820 1481 1982 1533 Deum
2027 1483 2271 1550 gratiam,
2305 1491 2358 1534 et
2408 1492 2742 1549 pon'statetn.
2791 1484 2922 1536 llinc
2952 1493 3211 1553 quotquot
3251 1483 3398 1538 luere

1821 1569 2038 1623 litterati
2068 1569 2188 1634 viri,
2220 1571 2586 1625 auctoritatem
2617 1571 2886 1625 Prudentii
2915 1573 3132 1627 minime
3157 1584 3395 1628 conteru-

1821 1658 2046 1712 nendam
2078 1659 2360 1712 duxerunt.

2250 1749 2311 1797 Μ.
2336 1749 2393 1798 D.
2417 1749 2669 1799 ιιιιιιειι
2695 1754 2745 1800 S.
2769 1752 2887 1801 LP.
2911 1753 2967 1802 Β.

1828 1855 1842 1912 (
1872 1853 1922 1902 ln
1949 1854 2224 1913 praefatione
2253 1855 2474 1921 editionis
2500 1854 2749 1921 Prudentii
2773 1865 2897 1907 anno
2941 1860 3078 1921 1701,
3119 1854 3224 1909 cum
3270 1865 3394 1912 notis

2347 1917 2529 1965 Heinsii
2556 1927 2606 1966 et
2629 1917 2843 1967 aliorum.
2875 1921 2890 1981 )

1895 2019 2018 2073 252.
2050 2021 2248 2074 Aurelii
2283 2019 2554 2075 Prudentii
2595 2021 2883 2079 Clementis
2925 2041 3082 2094 opera
3129 2035 3271 2081 tanto
3299 2030 3394 2080 mi-

1825 2124 1956 2162 nore
1987 2098 2450 2164 commendatione
2475 2122 2652 2181 egent,
2671 2125 2869 2184 quanto
2887 2117 3050 2185 magis
3078 2133 3134 2171 se
3157 2120 3221 2171 ah
3249 2121 3393 2172 omni

1824 2217 1936 2256 ξιξιό
1955 2217 2016 2256 ex
2039 2219 2142 2269 quo
2172 2203 2373 2271 scripta
2403 2213 2526 2258 sunt
2546 2208 3005 2262 commendarunt.
3034 2209 3220 2266 Nullus
3248 2219 3393 2265 certe

1824 2305 2094 2362 poetarum
2127 2294 2546 2350 Christianorum
2581 2309 2661 2352 est
2703 2299 2902 2368 antiqui
2933 2299 3073 2354 illius
3119 2303 3388 2371 temporis,

1819 2401 1939 2440 cum
1972 2400 2076 2454 quo
2101 2389 2478 2456 ntm‘componi
2504 2390 2698 2458 possit:
2727 2406 2896 2460 neque
2923 2393 3201 2461 quisquam
3233 2395 3390 2448 etiam

1819 2478 1904 2546 qui
1940 2479 2141 2546 piorum
2174 2487 2226 2532 et
2254 2478 2581 2533 eruditorum
2616 2481 2859 2536 manibus
2901 2483 3225 2551 frequentius
3251 2494 3389 2537 lera-

1817 2582 1921 2634 tur,
1954 2579 2042 2622 aut
2072 2572 2122 2623 in
2151 2584 2306 2638 quem
2331 2586 2487 2625 curas
2518 2587 2640 2625 suas
2672 2574 2880 2642 utrique
2905 2575 3246 2628 contulerint.
3283 2575 3390 2628 Hoc

1817 2663 1974 2716 toties
1996 2660 2232 2728 repetita:
2261 2660 2399 2714 illius
2431 2661 2717 2729 editiones,
2737 2673 2787 2715 et
2817 2677 2845 2715 a
2868 2663 3108 2730 plurimis
3127 2674 3386 2733 suscepta-

1815 2754 1867 2804 in
1900 2752 2044 2804 illum
2078 2750 2480 2813 illnstrationes,
2514 2761 2564 2804 et
2590 2754 2888 2820 conscripta
2930 2762 3187 2809 testantur
3217 2755 3386 2810 adno-

1812 2853 1936 2895 tata.

2423 2910 2781 2962 CELLAHIUS.

2213 2989 2229 3050 (
2263 2990 2312 3038 In
2338 2992 2520 3052 praefat.
2561 3004 2660 3041 suae
2697 2994 2939 3042 editionis.
2972 2996 2986 3055 )

129 3115 266 3167 parte
318 3106 372 3157 in
427 3106 678 3161 solatium
733 3109 854 3162 vitae
906 3111 1140 3163 melioris
1172 3123 1346 3165 mente
1379 3119 1608 3179 erectus,
1644 3129 1703 3170 ac
1732 3115 1781 3178 C
1880 3096 2006 3152 255°
2031 3095 2459 3153 ChrlSlianomm
2492 3106 2764 3165 Poetarum
2794 3097 3086 3166 “hminem
3114 3098 3386 3154 Aurelium

131 3193 224 3248 [leo
247 3198 442 3265 plenus
481 3201 782 3267 exspirarit.
1161 3254 1170 3261 .

662 3290 1160 3342 CIIAMILLARDUS.

398 3375 413 3435 (
443 3374 494 3422 ln
523 3376 723 3435 epistola
763 3376 917 3426 dedic.
944 3379 1001 3424 ad
1041 3377 1392 3440 Delphinum.)

185 3457 307 3512 25L
337 3459 565 3513 Summo
589 3461 683 3513 l‘uit
704 3460 1019 3514 Prudentius
1046 3465 1180 3530 apud
1213 3463 1496 3518 Arcadium
1515 3475 1567 3519 et
1590 3467 1696 3520 Ηο-

127 3548 320 3600 norium
359 3549 413 3601 in
443 3550 638 3617 pretio,
671 3552 789 3619 quia
824 3552 949 3618 ipsis
977 3555 1304 3620 exemplum,
1330 3557 1467 3624 quod
1501 3573 1694 3626 seque-

125 3648 316 3705 rentur,
356 3641 410 3693 in
441 3641 813 3696 describendis
845 3643 950 3696 illis
982 3643 1258 3697 catholica:
1297 3647 1571 3715 religionis
1605 3649 1697 3701 he-

127 3731 290 3782 roibus
328 3733 684 3800 proponebat.
725 3732 864 3786 Idem
912 3734 1004 3787 tibi
1049 3748 1077 3786 a
1127 3749 1335 3788 summo
1392 3738 1480 3791 illo
1542 3754 1691 3806 poeta

187 3892 258 3954 (ιι)
295 3892 479 3957 Pergit
525 3891 802 3958 lloliperus
834 3889 1157 3957 singulorum
1190 3893 1484 3946 carminum
1538 3910 1699 3961 argu-

125 3970 290 4012 menta
344 3962 655 4022 exiliatiare.
703 3961 838 4034 Nam
879 3970 929 4034 ut
960 3961 1271 4032 singulorum
1318 3963 1528 4034 singulis
1560 3967 1705 4032 quasi

125 4032 276 4081 rerbis
307 4038 672 4098 opusculorum
725 4031 988 4100 periochas
1034 4031 1415 4100 eoguoscendas
1441 4036 1530 4085 tibi
1558 4031 1701 4086 exhi-

125 4102 258 4170 reum,
281 4117 299 4153 :
331 4103 476 4154 trisne
521 4103 689 4153 carnis
734 4103 974 4153 adversus
1003 4102 1433 4170 concupiscentias
1472 4106 1707 4157 armari?

127 4166 181 4239 lu
239 4169 804 4239 Psychomacltia,quw
849 4173 1014 4237 prima
1067 4166 1309 4232 occurrit,
1361 4183 1406 4224 te
1453 4184 1700 4227 exercete.

131 4238 212 4291 i’is
266 4239 475 4293 Domini
507 4245 662 4293 nostri
693 4240 819 4295 Jesu
867 4239 1056 4294 Christi
1087 4241 1338 4294 miracula
1361 4251 1404 4293 et
1435 4243 1699 4308 immensa,

123 4326 239 4382 quis
283 4310 508 4363 humano
558 4314 728 4380 generi
782 4312 1037 4382 prwstjtit,
1091 4310 1332 4377 beneficia
1381 4329 1699 4382 cognoscere,

124 4370 397 4446 laudesque
421 4383 531 4448 ejus
558 4370 882 4435 "decantare?
911 4370 1311 4462 Cat/ieiunium»
1329 4370 1571 4462 rrepEtito.
1607 4370 1702 4462 _Vis
1731 4402 1785 4462 Ι)

125 4461 414 4504 sanctorum
460 4461 745 4520 martyrum
797 4450 1038 4520 exemplis
1083 4452 1237 4518 ﬁdem
1289 4461 1335 4504 et
1368 4450 1700 4506 constantiam

125 4528 249 4570 luant
281 4522 336 4576 in
383 4524 626 4592 religione
656 4522 945 4575 Christiana
985 4521 1348 4573 corroborari?
1377 4520 1704 4589 Peristep/ra-

128 4605 222 4640 ιιωη
253 4591 514 4659 inspieiro.
554 4591 646 4645 Vis
675 4592 1022 4645 hwreticorum
1053 4592 1184 4658 falsa
1223 4593 1383 4661 vitare
1425 4593 1704 4661 dogmata?

129 4658 433 4732 :lpotlieosin
475 4674 521 4716 et
575 4661 999 4732 Hamartigeniau
1056 4662 1229 4732 legito.
1282 4658 1372 4713 Vis
1421 4658 1703 4716 horrendas

126 4731 384 4794 gentilium
413 4733 791 4797 superstitiones
819 4731 864 4785 et
885 4731 1207 4784 idololatrias
1234 4747 1347 4782 cum
1377 4733 1704 4786 detestatione

128 4801 403 4870 admirari?
426 4803 503 4856 Ea
527 4818 640 4864 qua:
667 4811 843 4855 contra
869 4800 1232 4870 Symmachum
1263 4802 1461 4869 scripsit
1516 4820 1703 4870 cogno-

129 4869 261 4941 scito.
303 4871 395 4926 νὴ
425 4875 634 4941 denique
657 4887 831 4925 sacras
856 4869 1112 4939 utriusque
1144 4869 1446 4924 Testamenti
1467 4869 1701 4925 histerias

127 4940 169 4988 ἐν
190 4941 400 5014 ἐπιτομῇ
425 4940 682 5014 memoria:
719 4942 1004 4995 mandare?
1031 4941 1363 5011 Enchiridion
1413 4942 1581 5011 (quod
1613 4960 1703 5012 po-

128 5018 358 5082 stremum
379 5013 480 5082 est)
502 5013 731 5067 evolrilo.
921 5062 927 5068 .

190 5079 261 5146 (ὁ)
290 5080 346 5136 In
382 5079 691 5150 praefatione
711 5081 1098 5134 Chamillardus
1121 5081 1297 5134 laudat
1328 5083 1376 5134 in
1411 5082 1704 5135 Prudentio

128 5150 351 5204 studium
399 5154 604 5221 insigne
631 5153 926 5219 religionis,
967 5152 1221 5204 dectrinaa
1258 5151 1444 5221 miram
1475 5152 1702 5204 varieta-

127 5227 247 5276 tem.
287 5220 521 5288 magnos,
551 5222 669 5276 illos
717 5223 954 5287 spiritus,
985 5221 1175 5290 quibus
1217 5220 1467 5273 afllantur
1499 5232 1700 5286 poetae;

127 5289 379 5358 quidquid
420 5296 469 5345 in
503 5294 704 5346 Graecis
735 5307 796 5344 ac
829 5289 1029 5344 Latinis
1065 5294 1234 5358 poetis
1266 5306 1507 5351 Sparsum
1541 5306 1602 5342 ac
1628 5291 1704 5342 fu-

129 5375 239 5411 sum
271 5371 381 5423 est,
429 5378 592 5415 unum
647 5361 990 5416 Prudentium
1037 5364 1111 5413 ait
1139 5361 1421 5424 collegi-se
1450 5375 1706 5425 compen—

131 5429 321 5498 dioque
357 5443 768 5498 repraasmttasse
806 5448 819 5484 :
855 5433 1131 5485 Erasmum
1163 5441 1216 5485 et
1261 5431 1528 5483 llcinsium
1563 5432 1706 5482 locu-

128 5493 328 5572 tionum
382 5493 702 5564 Latinarum,
738 5517 868 5572 quas
901 5501 1232 5555 imitarentur
1258 5500 1380 5568 ipsi,
1435 5499 1630 5572 formas
1655 5511 1706 5572 et

127 5567 337 5632 lepores
381 5585 409 5623 a
455 5567 906 5627 Prudentio'esse
939 5579 1209 5624 mutuatos
1243 5589 1253 5620 :
1282 5567 1608 5636 praeclarum
1640 5569 1707 5622 de

128 5637 420 5693 l‘rudentio
461 5642 713 5710 judicium
760 5645 942 5697 tulisse
973 5652 1081 5693 tres
1102 5639 1533 5710 sapientissimos
1562 5640 1704 5693 viros

127 5709 470 5766 serenissitni
508 5713 751 5776 Delphini
797 5712 1170 5767 adolescenti-.3
1221 5713 1371 5764 bonis
1418 5709 1623 5764 artibus
1654 5719 1710 5764 et

1813 3189 2159 3244 Prudentium
2183 3189 2510 3246 Clementem
2536 3187 2684 3241 vides
2701 3187 2845 3241 curis
2866 3188 3061 3242 nostris
3079 3187 3268 3244 factum
3291 3204 3385 3244 ex-

1812 3281 2170 3348 plicatiorem.
2204 3282 2338 3335 Dum
2369 3284 2419 3334 in
2449 3281 2608 3350 215
2634 3279 2772 3332 votis
2813 3277 2993 3342 habui,
3024 3288 3082 3332 ut
3123 3294 3244 3334 cum
3273 3281 3388 3335 Vir-

1811 3375 1958 3444 gilio,
1975 3375 2193 3430 Horatio
2219 3392 2279 3430 ac
2301 3375 2558 3430 Cicerone
2584 3375 2634 3428 in
2657 3372 2973 3428 Christianis
3002 3373 3202 3429 scholis
3227 3376 3386 3429 etiam

1814 3466 2076 3520 Minucius
2111 3467 2286 3530 Felix,
2317 3475 2371 3520 et
2387 3465 2689 3519 Lactantius
2711 3479 2773 3519 ac
2800 3464 3131 3518 ‘Prudentius
3158 3459 3383 3534 conjun-

1808 3569 2019 3625 gantur,
2063 3558 2390 3625 utjuventus
2433 3566 2613 3609 nostra
2655 3570 2741 3609 res
2771 3555 3022 3610 Ecclesia:
3063 3557 3292 3625 antiquae
3334 3567 3384 3611 et

1804 3649 1920 3717 ejus
1951 3649 2187 3704 divinum
2221 3664 2455 3712 sensum,
2487 3655 2541 3702 et
2571 3631 2835 3702 moresac
2864 3647 2967 3700 fata
3006 3657 3148 3703 recte
3188 3663 3383 3718 cogno-

1806 3751 1922 3795 scat
1948 3742 2042 3809 (ε).

1819 3895 2007 3948 litteris
2059 3893 2355 3946 imbueme
2407 3893 2701 3960 praefectos,
2732 3891 2977 3946 Carolum
3024 3892 3380 3945 Sancta-Mau-

1825 3979 2012 4028 rarum,
2049 3963 2390 4016 Montauscrii
2415 3964 2625 4018 ducem.
2652 3961 2903 4015 Jacolmm
2937 3961 3228 4029 Benignum
3259 3962 3384 4015 Bos:

1814 4036 2064 4094 suelium,
2100 4044 2147 4085 ct
2183 4033 2392 4086 Petrum
2423 4031 2695 4086 Danielum
2727 4032 2997 4096 linelium,
3021 4033 3108 4096 qui
3149 4030 3384 4086 Pruden-

1815 4105 1943 4155 tium
1975 4103 2040 4156 ad
2087 4118 2236 4156 nsum
2293 4102 2530 4165 Delphici
2586 4105 2983 4156 commentariis
3015 4103 3382 4156 illustrandum

1812 4184 2154 4227 censuerunt.
2192 4172 2335 4224 lianc
2358 4173 2702 4226 Cliamillardi
2733 4174 3016 4225 editionem
3051 4181 3196 4224 tanto
3223 4188 3385 4240 appa-

1815 4255 1931 4295 ratn
1984 4255 2339 4311 procuratam,
2368 4253 2420 4294 et
2467 4262 2491 4293 a
2528 4243 2700 4294 multis
2752 4258 2887 4294 ltlllIC
2919 4243 3229 4310 expolitam,
3257 4245 3383 4296 olim

1811 4315 2070 4366 rerudere
2117 4315 2498 4380 cogitaveram,
2533 4314 2671 4376 quod
2724 4317 2789 4363 ita
2824 4323 3070 4380 oportere
3094 4311 3386 4380 judicassct

1811 4385 1891 4436 vir
1928 4385 2206 4449 omnigena
2257 4385 2555 4437 eruditione
2605 4383 3005 4436 celeberrimus.
3041 4383 3144 4436 Sed
3185 4384 3252 4436 ab
3284 4384 3383 4438 hoc

1809 4454 2035 4507 consilio
2065 4454 2224 4506 multa
2262 4470 2346 4508 me
2375 4455 2764 4507 deterruerunt.
2800 4453 3033 4506 l’rimum
3086 4453 3248 4505 editio
3298 4454 3382 4506 illa

1811 4523 2127 4577 Parisiensis
2160 4523 2494 4590 potissimum
2525 4527 2774 4589 tlthEl‘illll‘
2807 4523 2868 4574 ad
2900 4523 3088 4575 seriem
3112 4523 3383 4587 complen-

1808 4594 1929 4646 dam
1960 4592 2212 4646 similium
2261 4593 2583 4655 editionum;
2616 4593 2799 4643 eadem
2834 4593 2970 4660 typis
2997 4593 3112 4642 aliis
3158 4591 3380 4657 repetita

1807 4665 2109 4716 vilesceret.
2157 4663 2354 4714 Deinde
2406 4662 2770 4727 interpretatio
2818 4675 2958 4727 sa~pe
3008 4661 3228 4712 obscura
3275 4671 3377 4722 est,

1808 4734 2074 4786 interdum
2106 4732 2435 4798 imperfecta,
2466 4731 2552 4782 ubi
2585 4743 2758 4783 autem
2789 4731 3007 4796 optima,
3034 4729 3161 4782 solis
3206 4732 3380 4795 pueris

1809 4803 1974 4855 utilis.
2003 4801 2136 4853 Tum
2193 4799 2432 4867 plurimae
2483 4810 2620 4853 nota:
2659 4801 2708 4852 in
2761 4801 2918 4852 rebus
2970 4799 3287 4865 pervulgatis
3319 4814 3380 4852 ac

1808 4873 2053 4925 contritis
2088 4881 2398 4934 versantur;
2428 4871 2624 4922 ιιι-ἰιίοω
2655 4880 2812 4932 notae,
2846 4883 2905 4920 ex
2937 4868 3151 4920 Heinsio
3180 4868 3378 4934 petitas,

1808 4958 1913 4994 non
1939 4948 2061 4994 sunt
2087 4956 2116 4993 a
2149 4940 2322 5000 nobis,
2355 4941 2441 5007 qui
2493 4939 2651 4991 codd.
2701 4953 2826 4989 mss.
2863 4937 3242 5000 consuluimus,
3287 4953 3378 4991 ex-

1809 5011 2124 5073 serihendte,
2174 5009 2264 5062 sed
2291 5011 2345 5066 in
2378 5023 2598 5060 eratncn
2658 5007 2924 5059 vocandae.
2963 5007 3126 5060 Postr-
3151 5024 3236 5061 mo
3268 5007 3381 5061 loca

1809 5095 1974 5133 sacrm
2025 5080 2335 5148 Scriptum,
2391 5088 2441 5128 et
2482 5078 2577 5129 SS.
2616 5077 2828 5148 Patrum
2877 5077 3265 5148 Chamillardus
3318 5095 3380 5132 ex

1811 5152 2040 5204 fontibus
2065 5146 2167 5203 non
2194 5147 2575 5215 limpidissimis
2596 5147 2905 5214 plerumque
2935 5146 3233 5214 descripsit.
3262 5150 3382 5200 lla-c

1809 5223 1984 5271 omnia
2036 5220 2252 5279 singulis
2309 5219 2438 5270 locis
2469 5215 2511 5268 si
2545 5217 2610 5268 ab
2652 5231 2735 5277 eo,
2765 5217 2852 5283 qui
2899 5219 3188 5270 editionem
3242 5219 3381 5270 Cha-

1809 5289 2040 5342 millardi
2075 5286 2734 5358 reprmsentaret,silentio
2763 5289 3176 5358 prmterirentur,
3203 5289 3380 5358 cteteri

1811 5356 2195 5426 indiligentiam
2244 5364 2556 5411 accusarent
2587 5375 2596 5406 :
2633 5359 2675 5408 si
2712 5365 3040 5420 notarentur,
3059 5356 3271 5408 tmdium
3307 5357 3382 5408 in-

1809 5429 2071 5482 credibile
2099 5439 2171 5480 tot
2205 5444 2377 5480 rerum
2411 5427 2754 5493 repetitiones
2797 5427 2977 5478 lectori
3012 5435 3276 5491 parerent.

1884 5497 1957 5568 (ο)
2007 5499 2141 5568 [turdi
2178 5513 2316 5550 nunc
2364 5512 2480 5563 quae
2518 5495 2804 5568 Prudentia
2834 5495 3004 5568 ριν]ἱοὶ
3029 5496 3183 5568 dicat
3217 5497 3384 5568 Cella-

1811 5564 1974 5622 riu's':
2015 5567 2321 5627 Prudentia,
2362 5571 2569 5636 ejusque
2612 5566 2662 5615 iu
2702 5564 2888 5616 scholis
2928 5565 3038 5617 usui
3083 5567 3183 5617 duo
3233 5566 3384 5634 objici

1812 5642 2043 5707 equidem
2075 5653 2174 5690 non
2204 5635 2404 5707 ignoro,
2439 5635 2664 5707 uidelicet
2700 5641 2960 5707 utrumque
2985 5637 3091 5700 ejus
3119 5639 3385 5707 ἀνςμαὶῐαν

1814 5705 1914 5764 tam
1943 5707 2111 5774 metri,
2145 5709 2194 5760 in
2221 5706 2411 5760 ercis
2433 5706 2648 5758 numini?
2669 5705 2940 5773 vocabulis,
2968 5722 3113 5770 qtiam
3138 5705 3385 5776 religiosa:
