3970 6326
552 395 654 451 759

858 505 1127 556 JOANNES
1165 500 1405 553 PE’l‘RUS
1440 492 1855 548 LlEDEWlGlliS.

1059 588 1074 649 (
1100 588 1157 637 In
1179 588 1287 638 Vita
1312 582 1586 634 Prudentii.
1614 577 1631 641 )

625 698 752 753 254.
793 696 895 751 Tot
923 694 1093 764 elogia
1132 702 1264 764 quot
1293 688 1594 745 testimonia
1621 683 1736 751 ejus
1766 688 1996 736 exstant.
2024 679 2132 746 Ego

556 806 683 846 vero
713 804 935 843 acumen
965 788 1082 856 ejus
1123 786 1176 840 in
1231 784 1389 838 rebus
1435 780 1665 835 maxime
1694 774 1859 830 sacris
1881 818 1894 842 ,
1928 783 1981 826 et
2012 786 2135 840 pru-

555 882 787 935 dentiam
809 880 1121 933 diviniorem
1149 918 1163 942 ,
1197 890 1352 945 quam
1396 868 1715 935 theologiam
1756 865 2001 929 dicimus,
2043 860 2135 916 ad-

554 974 717 1026 miror
740 973 790 1026 in
824 972 915 1025 illo
944 985 1047 1024 nou
1080 969 1257 1023 minus
1299 980 1455 1035 qttam
1485 962 1710 1016 aestimo.

1040 1074 1390 1129 EBMANUEL
1427 1071 1627 1120 RISCO.

986 1164 1001 1225 (
1027 1164 1163 1212 Tom.
1208 1159 1332 1210 XXX
1357 1158 1495 1217 HiSp.
1536 1168 1657 1203 sacr.
1688 1155 1704 1215 )

634 1252 897 1306 liaviendo
921 1267 985 1320 yo
1007 1250 1240 1317 cotejado
1272 1247 1347 1299 los
1369 1247 1622 1297 diserlrsos
1649 1241 1712 1293 de
1759 1246 1961 1292 uueslro
1990 1244 2136 1305 poeta

555 1363 613 1398 en
647 1349 789 1416 favor
812 1345 873 1397 de
896 1346 945 1397 la
968 1348 1017 1413 fe
1059 1359 1150 1395 con
1193 1342 1269 1395 los
1308 1340 1514 1393 escritos
1542 1339 1602 1388 de
1651 1334 1727 1386 los
1768 1332 1989 1399 teoloyos
2028 1346 2137 1382 mas

555 1442 729 1493 doctos
760 1439 823 1491 de
844 1447 971 1491 estos
1005 1438 1280 1506 tiempos...
1316 1432 1377 1483 Ite
1418 1429 1647 1492 Itallado,
1677 1442 1774 1496 que
1824 1425 1966 1478 trahe
2000 1421 2137 1474 Pru-

557 1531 736 1583 dencio
766 1528 911 1582 (odos
939 1529 1016 1581 los
1038 1534 1384 1597 arguntentos,
1418 1539 1509 1574 con
1538 1537 1635 1586 que
1663 1518 1762 1588 ltoy
1812 1534 1864 1571 se
1905 1517 2139 1568 vindicati

558 1622 620 1673 de
671 1622 745 1673 las
786 1619 1117 1671 cavilaciones
1163 1616 1405 1669 hereticas
1448 1612 1524 1664 los
1578 1612 1787 1679 dogmas
1830 1610 1893 1661 de
1937 1616 2140 1659 nuestra

562 1722 708 1765 smtla
732 1712 781 1773 fe
804 1709 900 1778 (τι).

801 1800 1084 1851 CAROLUS
1116 1795 1516 1847 AUGUSTINUS
1544 1790 1888 1842 ANSALDLTS.

648 1904 663 1964 (
691 1901 743 1949 ln
768 1898 955 1962 praefat.
982 1897 1039 1947 ad
1062 1897 1335 1964 versionem
1364 1893 1574 1964 italicam
1611 1890 1842 1938 librorum
1878 1891 2044 1936 contra

1142 1956 1495 2019 Symmachum.
1528 1954 1542 2013 )

634 2066 797 2135 Spero
826 2064 917 2117 clte
963 2072 1105 2133 quest
1142 2078 1295 2132 opera
1320 2062 1397 2114 sia
1424 2076 1514 2127 per
1556 2058 1766 2110 riuscire
1810 2072 1909 2109 non
1964 2055 2140 2121 a/fatto'

555 2161 758 2223 inutile,
789 2155 969 2227 perché
1016 2155 1143 2208 oltre
1187 2155 1386 2208 l‘essere
1437 2149 1904 2204 convincentissiuta
1937 2164 2023 2215 per
2053 2147 2143 2201 ab-

558 2252 747 2303 battere
774 2249 813 2301 il
839 2248 1175 2317 gentilesimo,
1200 2247 1299 2298 ella
1352 2245 1377 2296 ὲ
1407 2260 1586 2308 sparsa
1618 2242 1671 2293 di
1720 2240 1850 2296 tanti
1881 2239 2009 2292 lumi
2037 2250 2141 2292 teo-

556 2342 727 2410 logici,
753 2339 954 2405 morali,
1001 2338 1152 2406 ﬁsici,
1202 2336 1417 2405 politici,
1467 2336 1660 2401 storici,
1692 2333 1782 2385 clte
1810 2336 1911 2400 pub
1942 2334 2143 2403 giovare

555 2449 588 2485 a
616 2432 902 2499 qualtmque
921 2436 1053 2481 stato
1085 2428 1139 2480 di
1167 2442 1399 2497 persone,
1423 2443 1450 2479 e
1472 2424 1652 2493 perciti:
1674 2425 1724 2477 vi
1769 2425 1812 2476 si
1838 2440 2017 2495 scapre
2041 2441 2141 2477 una

557 2534 693 2578 certa
726 2522 961 2584 unzione,
998 2519 1061 2573 ed
1102 2534 1204 2572 uno
1239 2518 1417 2588 spirito
1461 2516 1545 2570 del
1577 2514 2016 2580 Clu'istianesimo,
2052 2515 2143 2569 cite

554 2628 751 2681 sempre
784 2611 871 2679 piit
896 2612 1155 2678 couferma
1186 2608 1324 2660 uella
1347 2594 1463 2661 vera
1490 2607 1755 2675 religione,
1783 2604 1845 2657 ed
1868 2621 2027 2675 ognor
2058 2607 2143 2673 piit

561 2701 814 2773 persuade
845 2699 934 2754 ηιμ
956 2700 1328 2767 adempimento
1356 2699 1417 2752 de
1436 2698 1715 2752 Christiani
1736 2697 1925 2749 doceri.

918 2816 1079 2888 216
1104 2822 1196 2873 CL.
1238 2817 1474 2868 JOSEPH
1510 2817 1795 2877 TEOLIUS.

557 2903 575 2961 (
605 2903 657 2952 in
681 2903 846 2955 limine
870 2907 1164 2967 praafationis
1186 2906 1243 2954 ad
1272 2918 1440 2955 novam
1467 2903 1783 2952 Parmensem
1823 2904 2103 2953 editionem.
2126 2904 2141 2963 )

627 2987 755 3043 Inde
795 2989 1030 3057 profecto
1082 3004 1267 3045 omnes
1312 2987 1648 3056 intelligent,
1700 2986 1886 3057 quanti
1930 2988 2138 3041 habitus

554 3081 843 3151 quantique
867 3082 1135 3137 faciendus
1158 3082 1227 3135 sit
1259 3080 1560 3150 huiusmodi
1599 3089 1822 3143 auctor;
1875 3093 2139 3150 quamque

552 3171 619 3227 de
652 3174 863 3240 pietate,
898 3174 966 3229 de
1018 3175 1295 3244 religione,
1327 3175 1393 3228 de
1424 3172 1743 3238 eruditione,
1793 3173 1860 3227 de
1912 3173 2133 3227 historia

554 3266 914 3321 ecclesiastica
936 3266 1298 3321 benemeritus
1330 3266 1484 3318 fuerit
1512 3281 1525 3329 ;
1578 3265 1647 3317 ita
1705 3275 1761 3317 ut
1804 3264 2002 3333 pudere
2029 3267 2142 3333 plc-

556 3370 747 3423 rosque
772 3356 1191 3411 Christianorum
1232 3356 1423 3409 debeat
1448 3356 1497 3407 in
1547 3354 1769 3422 impuris
1800 3355 2139 3425 profanisque

553 3448 725 3513 poetis
753 3447 842 3501 diu
891 3448 1220 3516 multumque
1259 3455 1517 3510 versatos,
1553 3444 1692 3499 hunc
1720 3460 1785 3498 ne
1832 3447 1995 3500 semel
2022 3445 2138 3515 qui-

551 3538 673 3593 dem
701 3541 959 3610 attigisse,
981 3554 1007 3591 a
1023 3538 1419 3608 cujuslectione
1441 3551 1545 3591 non
1572 3535 1889 3590 eruditiores
1906 3545 2131 3592 tantum.

552 3629 644 3684 sed
688 3632 848 3685 etiam
872 3630 1234 3703 religiosiores
1259 3628 1654 3683 discessissent.

621 3722 748 3778 255.
791 3725 1011 3778 Demum
1057 3724 1318 3787 aliorum,
1367 3722 1455 3791 qui
1498 3718 1844 3773 Prudentium
1892 3720 2134 3776 laudibus

550 3824 677 3870 sunt
704 3819 991 3884 prosecuti,
1024 3817 1266 3871 iudicabo
1297 3814 1531 3868 nomina.
1563 3811 1714 3881 Apud
1750 3811 2030 3867 Weitzium
2081 3815 2130 3868 in

550 3904 699 3960 Votis
730 3908 1007 3962 doctorum
1038 3907 1273 3961 virorum
1299 3905 1350 3957 in
1373 3903 1490 3971 ejus
1519 3918 1709 3958 novam
1736 3904 2049 3969 editionem,
2081 3914 2135 3959 ct

549 3997 602 4049 in
628 3997 821 4066 Elogiis
848 4000 1119 4052 Prudentii
1139 3996 1413 4053 Cunradus
1440 3995 1844 4052 Rittershusius.
1875 3997 2133 4067 Georgius

551 4089 770 4157 Remus,
803 4092 1106 4144 Fridericus
1127 4092 1527 4155 Taubmannus,
1554 4092 1788 4147 Adamus
1817 4093 2132 4149 Theodorus

549 4180 787 4245 Siberus,
812 4184 881 4237 M.
904 4182 1129 4237 Michael
1148 4183 1439 4249 Piccartus,
1459 4185 1795 4239 Christianus
1812 4186 2128 4250 Becmanus,

547 4270 780 4325 Joannes
835 4271 1151 4328 Franciscus
1217 4273 1612 4330 Mirandulanus
1646 4317 1660 4340 ,
1717 4275 2131 4346 Clll’iSlOphOl‘US

546 4361 785 4431 Mylreus,
819 4362 1060 4417 Andreas
1091 4364 1424 4434 Tiraquellus
1456 4365 1565 4432 lC.,
1597 4367 1825 4422 Obertus
1866 4369 2129 4437 Gifanius,

549 4453 847 4509 Hadrianus
863 4456 1167 4519 Turnebus,
1186 4456 1859 4527 CltristophorusColerus,
1876 4462 2133 4517 Melchior

1946 369 2399 440 Puttom't'tus.

2155 472 2205 545 Α
2236 490 2448 542 testium
2480 485 2735 547 veritatis,
2770 483 2947 536 Caesar
2980 478 3242 534 Baronius
3266 519 3281 541 ,
3310 478 3545 531 Joannes
3592 476 3816 528 Ludovi-

3720 354 3811 408 κο

2235 595 2328 634 cus
2351 578 2531 642 Vives,
2559 576 2838 630 Matthzeus
2867 574 3178 635 Dresserus,
3230 571 3498 625 Henricus
3525 568 3782 622 Beberius
3802 606 3815 630 ,

2235 670 2519 725 Zacharias
2544 669 2741 723 Victor.
2764 666 3012 721 Barthius
3041 666 3093 719 in
3127 664 3485 730 Adversariis,
3511 678 3629 733 quze.
3651 662 3818 715 Weit-

2236 765 2347 818 sius
2379 778 2482 816 non
2514 762 2726 830 allegat,
2751 759 3045 827 smpissime
3077 757 3425 823 Prudentium
3471 756 3733 819 nominat,
3762 769 3821 807 ac

2235 855 2322 909 vix
2351 868 2581 922 unquam
2604 853 2719 906 sine
2747 850 2993 905 maximis
3020 850 3287 914 laudibus,
3314 862 3449 919 quas
3470 848 3685 917 partim,
3704 861 3821 900 cutn

2237 944 2448 998 occasio
2474 943 2622 1008 tulit,
2655 941 2902 1006 exhibui,
2951 942 3141 1008 partim
3180 939 3445 995 exhibebo
3472 940 3525 993 in
3551 953 3825 992 commen-

2238 1033 2552 1088 tariis.‘Alia
2592 1032 2763 1101 elogia
2792 1031 3018 1100 sparsim
3055 1030 3177 1085 dedi
3203 1029 3255 1084 in
3312 1029 3733 1100 prolegomenis,
3774 1037 3825 1081 et

2240 1142 2381 1197 sape
2412 1128 2463 1180 in
2507 1125 2907 1180 commentariis
2955 1125 3096 1179 ultro
3150 1125 3376 1178 aliorum
3424 1122 3588 1177 verba
3630 1122 3825 1175 exscri-

2241 1220 2384 1285 bam,
2418 1218 2607 1283 quibus
2639 1216 2957 1270 Prudentius
2988 1215 3310 1270 celebratur.
3338 1211 3652 1281 ,Consulere
3668 1212 3824 1266 etiam

2243 1321 2392 1380 potes
2422 1311 2710 1379 scriptores
2741 1308 2985 1362 Historiae
3001 1307 3408 1369 ecclesiasticas,
3434 1306 3526 1374 qui
3550 1318 3691 1372 pene
3720 1314 3828 1356 om:

2244 1418 2339 1457 nes
2369 1401 2641 1457 Prudentii
2674 1400 3000 1464 doctrinam,
3052 1399 3323 1467 ingenium
3379 1404 3437 1452 et
3465 1396 3826 1465 eloquentiam

2243 1494 2642 1549 commendant.
2684 1491 2835 1546 Adde
2859 1490 3159 1560 theologos,
3206 1490 3297 1559 qui
3346 1488 3461 1557 ejus
3500 1488 3828 1542 carminibus

2244 1588 2489 1655 dogmata
2543 1584 2818 1653 religionis
2847 1583 3125 1637 catholicas
3154 1580 3509 1644 conﬁrmant,
3568 1577 3828 1648 imprimis

2245 1679 2552 1748 Dionysium
2586 1676 2881 1741 Petavium,
2906 1675 2996 1744 qtti
3022 1687 3166 1742 stepe
3195 1671 3544 1726 Prudentium
3570 1670 3827 1740 appellat,

2244 1779 2300 1823 et
2328 1770 2394 1823 de
2423 1770 2519 1824 SS.
2546 1767 2806 1823 Triuitate
2830 1766 3099 1820 disserens
3150 1763 3243 1818 lib.
3277 1779 3309 1816 ν
3332 1806 3347 1829 ,
3405 1776 3527 1829 cap.
3568 1762 3626 1826 9,
3683 1778 3827 1815 num.

2172 1851 2221 1910 Β
2248 1865 2334 1929 17,
2365 1864 2593 1932 elogium
2625 1876 2730 1915 non
2762 1862 2981 1928 vulgare
3017 1856 3291 1912 Prudentii
3318 1856 3502 1925 paucis
3528 1854 3617 1909 bis
3657 1855 3831 1909 verbis

2245 1957 2559 2012 contexuit:
2594 1954 2857 2008 Postremo
2899 1969 3013 2021 qua:
3040 1953 3103 2005 de
3141 1951 3315 2003 diuina
3355 1950 3683 2020 generatione
3714 1948 3833 2001 hnc-

2248 2066 2401 2118 usque
2428 2048 2648 2118 longiori
2695 2046 3039 2114 disputatione
3077 2043 3441 2115 percurrimus,
3471 2042 3704 2096 versibus
3743 2040 3833 2093 ali-

2244 2152 2364 2211 quot
2396 2139 2685 2209 complexus
2715 2144 2786 2191 est
2809 2135 3144 2200 Prudentius,
3164 2150 3287 2203 quos
3316 2134 3398 2186 ltic
3437 2133 3626 2186 melius
3679 2134 3743 2185 sit
3787 2150 3832 2183 a-

2246 2236 2461 2289 scribere
2492 2250 2508 2286 :
2542 2232 2656 2286 Hoc
2683 2233 2848 2285 solum
2874 2231 3084 2293 scimus,
3109 2238 3215 2283 etc.
3260 2226 3491 2281 Ascribit
3532 2240 3726 2281 verStts
3760 2227 3834 2279 vi-

2245 2327 2372 2398 ginti
2399 2326 2533 2380 duos
2563 2339 2627 2379 ex
2652 2322 2847 2392 Apoth.
2872 2336 2901 2375 a
2925 2335 3064 2375 vers.
3107 2319 3234 2373 268.
3265 2318 3489 2372 Plurimi
3542 2307 3725 2372 etiam
3762 2318 3833 2371 in-

2247 2429 2504 2489 terpretes
2534 2432 2698 2471 sacra:
2736 2415 3023 2483 Scriptura:
3066 2411 3338 2467 Prudentii
3398 2425 3586 2464 versus
3620 2424 3829 2464 summa

2246 2528 2364 2567 cum
2392 2510 2626 2565 auctoris
2656 2506 2813 2561 laude
2842 2504 2905 2557 ad
2936 2502 3248 2577 c'xplieanda
3291 2501 3406 2555 loca
3430 2499 3673 2554 difﬁcilia
3707 2516 3831 2569 pro-

2246 2603 2443 2659 ferunt.
2477 2600 2752 2655 Nonnemo
2776 2596 3025 2660 afﬁrmat,
3067 2594 3133 2649 ab
3162 2592 3309 2647 Estio
3350 2592 3702 2646 Prudentium
3744 2592 3836 2645 Ita-

2249 2694 2418 2749 bitum
2451 2708 2547 2763 pro
2579 2692 2781 2760 optimo
2807 2703 3079 2743 sacrarum
3096 2685 3491 2754 Scripturaruzn
3511 2684 3834 2753 interprete,

2246 2796 2301 2843 et
2322 2785 2478 2853 hujus
2501 2794 2733 2838 mentem
2763 2781 3069 2849 frequenter
3111 2787 3429 2834 creterorum
3473 2777 3719 2831 omnium
3741 2778 3836 2832 Pa-

2248 2890 2385 2934 trum
2417 2888 2521 2931 tam
2554 2875 2863 2930 Griecorum
2895 2890 3053 2943 quam
3074 2873 3384 2927 Latinorum
3411 2871 3595 2925 sensui
3627 2870 3833 2924 Estium

2245 2970 2545 3041 prmtulisse
2574 2969 2626 3022 itt
2645 2966 3028 3022 commentario
3057 2964 3214 3035 217
3245 2963 3589 3032 epistolarunt
3620 2972 3835 3031 aposto-

2246 3070 2462 3123 licarum
2496 3085 2507 3120 :
2536 3065 2678 3136 quod
2702 3080 2800 3134 ego
2820 3079 2940 3118 cum
2971 3061 3245 3116 Prudentii
3279 3069 3389 3114 tum
3429 3044 3564 3113 E’stii
3591 3074 3756 3113 causa
3786 3065 3837 3111 et

2244 3163 2429 3231 cupio,
2473 3169 2528 3215 et
2562 3173 2757 3213 censeo
2806 3170 2927 3212 esse
2973 3155 3184 3209 falsum.
3233 3153 3450 3222 Legesis
3509 3166 3659 3204 num.
3712 3151 3833 3205 156.

2170 3228 2215 3292 C
2248 3228 2546 3323 Scriptores
2568 3250 2641 3304 illi
2684 3251 2771 3318 qui
2803 3248 3144 3317 antiquitates
3199 3245 3498 3307 Romanas,
3530 3244 3835 3310 praesertim

2246 3361 2444 3410 sacras,
2473 3345 2763 3407 illustrant,
2815 3340 3013 3407 passim
3041 3337 3319 3393 celebrant
3350 3334 3737 3399 Prudentium,
3781 3343 3833 3387 ut

2245 3438 2452 3491 Marcus
2482 3433 2746 3493 Antonius
2798 3431 3099 3495 Boldettus,
3127 3428 3214 3498 qui
3268 3426 3363 3481 lib.
3419 3442 3433 3478 t
3487 3425 3833 3480 Observatio-

2243 3544 2392 3590 num,
2424 3542 2543 3596 cap.
2591 3526 2679 3590 95,
2716 3526 2782 3579 de
2830 3524 2968 3577 vasis
3022 3523 3321 3590 disputans,
3368 3518 3559 3587 quibus
3613 3518 3833 3588 sanguis

2241 3632 2535 3691 martyrum
2594 3619 2643 3673 iu
2686 3616 2949 3686 sepulcris
2978 3624 3302 3679 asservatur,
3354 3611 3432 3664 sic
3478 3611 3596 3664 ait:
3634 3609 3739 3665 Pii;
3780 3612 3833 3664 di

2243 3717 2361 3787 ogni
2386 3716 2518 3767 altro
2546 3729 2667 3782 pero
2692 3728 2752 3764 ne
2801 3710 2854 3778 fa
2883 3710 3062 3760 cltiara
3092 3704 3476 3769 testimonianza
3507 3704 3548 3756 il
3589 3719 3698 3756 non
3724 3705 3832 3763 ,τιραὶ

2240 3809 2547 3862 abbastanza
2574 3804 2746 3858 lodato
2774 3801 3086 3856 Prudeuzio.
3124 3799 3196 3852 Ita
3227 3797 3388 3853 etiam
3420 3811 3613 3850 omnes
3638 3797 3716 3851 illi
3742 3795 3830 3864 qui

2239 3896 2923 3965 bibliothecasedidcrunt,
2958 3893 3047 3946 ubi
3100 3891 3247 3945 locus
3289 3889 3480 3957 aliquis
3535 3888 3830 3941 Prttdentio

2238 4008 2357 4049 esse
2380 3992 2570 4063 potuit,
2602 3987 2898 4059 prtescrtim
2935 3985 3021 4053 qui
3049 3983 3115 4037 de
3132 3980 3483 4050 scriptoribus
3537 3979 3829 4033 ecclesias-

2240 4088 2357 4142 ticis
2380 4087 2543 4141 libros
2574 4081 2869 4153 peculiares
2899 4076 3191 4144 elucubrati
3219 4084 3365 4141 sunt,
3401 4074 3451 4127 in
3474 4072 3676 4143 quibus
3696 4072 3831 4127 etui~

2237 4186 2327 4233 net
2358 4175 2696 4233 doctissimus
2750 4170 3081 4231 Ceillierius,
3126 4166 3372 4221 maximis
3411 4179 3534 4219 eum
3572 4163 3829 4218 laudibus

2236 4274 2595 4327 celebrarunt.
2629 4266 2810 4335 Neque
2862 4261 3138 4317 omittendi
3180 4267 3303 4313 sunt
3354 4256 3712 4325 scriptionum
3762 4254 3829 4308 li-

2237 4363 2560 4431 turgicarum
2593 4370 2863 4422 auctores,
2888 4357 2975 4425 qui
2997 4370 3140 4423 saepe
3170 4361 3379 4423 poetam
3430 4358 3680 4403 nostrum
3714 4346 3830 4401 exi-

2237 4458 2345 4512 mio
2373 4456 2551 4525 aliquo
2605 4454 2780 4523 elogio
2834 4458 3262 4522 prosequuntur,
3322 4443 3643 4500 nominatim
3698 4456 3830 4497 vero

546 4546 828 4602 Goldastus
858 4548 1315 4614 Haitninsfeldius,
1343 4548 1547 4617 Gaspar
1578 4548 1845 4612 Barthius,
1888 4552 1947 4605 P.
1980 4553 2131 4609 Chri-
2158 4572 2213 4631 D
2238 4551 2510 4625 piissimus
2543 4544 2827 4603 eardinalis
2866 4545 3012 4598 Bona
3043 4541 3141 4609 (ὑ).

548 4641 832 4709 stopltorus
863 4640 1102 4708 Brower,
1136 4640 1493 4696 Bernardinus
1521 4640 1587 4696 de
1615 4640 1817 4694 Bustis.
1854 4640 2135 4712 Catalogus

546 4800 876 4853 invocattouis
902 4813 921 4852 :
943 4813 1159 4862 quorum
1198 4797 1413 4849 alterunt
1448 4798 1751 4849 decrescente
1792 4812 1845 4848 tn
1875 4795 2121 4849 Romanis

546 4870 828 4936 Grmcitati,
861 4870 1074 4923 alterum
1098 4869 1319 4920 nascenti
1345 4867 1728 4933 superstitioni,
1759 4878 2031 4937 utrumque
2048 4867 2123 4920 sic

547 4941 855 5010 temporibus
876 4939 1229 5010 imputandum
1252 4947 1349 5000 est,
1381 4946 1426 4990 et
1460 4952 1573 5007 qua:
1624 4938 1940 4992 incommode
1991 4954 2123 5010 ngu-

547 5006 803 5077 nuu'quam
836 5010 984 5073 dixit,
1011 5009 1128 5061 aliis
1170 5010 1354 5076 ubique
1385 5006 1508 5060 locis
1544 5019 1648 5059 tum
1679 5010 1884 5071 puriore
1916 5008 1979 5061 de
2015 5006 2123 5061 Deo

546 5088 592 5128 et
620 5082 776 5130 sacris
798 5095 967 5141 sensu,
996 5088 1102 5131 tum
1131 5079 1353 5147 legitimo
1375 5078 1689 5147 elegantiqu
1713 5088 1873 5131 metro
1891 5093 2128 5147 compen-

545 5159 741 5199 santur.
775 5148 932 5200 Vides
964 5151 1353 5202 heterodoxum
1380 5149 1648 5201 hominem
1680 5148 1823 5201 ultro
1843 5148 2121 5211 fatentem,

546 5233 667 5295 eum
713 5216 947 5294 Ecclesia
1005 5219 1266 5295 catholica
1311 5218 1652 5295 Prudentium
1704 5218 1775 5295 de
1819 5227 2123 5295 sanctorum

546 5287 1299 5366 invocatique“sentirenEjus
1353 5289 1654 5342 notationes
1704 5287 1991 5366 Prudentio
2033 5301 2127 5340 ve-

546 5355 750 5427 terique
794 5354 1044 5408 Ecclesia;
1098 5356 1442 5412 adversantes
1500 5357 1813 5427 opportunis
1860 5358 1989 5411 locis
2035 5372 2122 5412 re-

544 5423 810 5477 fellemus.

572 5566 583 5574 '
615 5493 689 5562 (α)
731 5491 919 5546 Riscus
946 5493 998 5548 in
1036 5494 1346 5574 tlteologieis
1368 5497 1671 5574 disciplinis
1701 5495 2121 5574 tradendisplm

544 5566 735 5617 rimum
767 5574 1026 5628 versatus,
1063 5564 1327 5634 Hispania:
1360 5569 1535 5621 Sacra:
1584 5575 1701 5633 post
1728 5567 1796 5617 cl.
1833 5566 2117 5619 I'lenricunt

543 5633 731 5714 Floret
750 5633 1195 5714 .t'iraeclarissimus
1216 5639 1561 5714 continuatur
1580 5637 1867 5714 (religiosa:
1904 5635 2119 5714 familia:

541 5705 1055 5783 Augustinianorum
1080 5716 1381 5783 utrumque
1412 5708 1511 5783 huc
1532 5706 1695 5783 decus
1722 5706 1878 5758 debet
1926 5705 2118 5783 llispa-

543 5773 650 5840 uia)
684 5773 905 5840 plurima
937 5773 1082 5826 addit
1135 5776 1200 5829 tle
1243 5774 1511 5828 Prudentii
1566 5777 1887 5841 eloquentia,
1939 5775 2115 5828 erudi-

541 5848 709 5912 tione,
740 5844 946 5911 poetica
968 5844 1122 5900 laude
1150 5854 1201 5902 et
1224 5846 1361 5917 stylo
1390 5860 1543 5915 puro,
1590 5860 1651 5897 ac
1683 5843 1819 5898 faciti
1841 5858 1995 5910 supra
2030 5846 2109 5900 sui

2315 4642 2440 4698 256.
2484 4643 2662 4696 Poetae
2688 4634 2973 4694 Christiani
3004 4643 3235 4695 veteres,
3291 4630 3378 4689 aui
3424 4635 3551 4695 post
3579 4626 3829 4682 Pruden-

2228 4800 2325 4853 αινὶ
2355 4804 2566 4865 captum
2586 4835 2601 4859 ,
2636 4802 2687 4846 ut
2719 4792 2797 4865 ad_
2817 4792 3153 4865 Augustazatn
3204 4793 3542 4865 uattnttatem
3574 4795 3827 4863 accesse-

2230 4871 2331 4929 rit;
2367 4854 2522 4935 Qtlem
2549 4854 2718 4935 solum
2752 4862 2818 4935 ab
2850 4854 2924 4935 iis
2951 4858 3331 4935 exponendum
3378 4863 3583 4935 censet,
3609 4854 3703 4921 qui
3740 4867 3827 4907 re-

2234 4927 2433 5008 ligione
2459 4934 2736 5008 catholica
2776 4930 2965 5008 imbuti
3012 4929 3188 5008 studia
3238 4927 3495 5007 doctrinm
3537 4937 3711 5008 sacrm
3744 4937 3831 4977 re-

2232 4997 2548 5064 co'nditioris
2580 5004 2769 5058 litteris
2810 4999 3214 5055 humanioribus
3242 4997 3595 5064 conjttngunt.

2306 5062 2381 5149 (li)
2426 5077 2602 5131 Videri
2634 5083 2807 5140 potest
2831 5073 3062 5149 Thomas
3088 5069 3235 5149 Pope
3261 5062 3466 5149 [limini
3498 5068 3550 5145 in
3577 5062 3826 5149 Qen‘sura

2234 5132 2527 5205 cel‘ebrittm
2557 5132 2862 5208 auctorum,
2888 5150 2943 5195 et
2970 5132 3238 5194 Adrianus
3272 5137 3459 5208 Baillet
3507 5135 3561 5208 in
3592 5132 3825 5208 iudiciis

2239 5203 2946 5284 uirorumsapientum,qui
3003 5212 3142 5284 inter
3189 5206 3458 5284 Prudentii
3508 5203 3827 5284 laudatores

2236 5297 2481 5344 recenset
2507 5274 2889 5339 Tt'trnebumet
2916 5282 3240 5349 Scaligerum
3292 5278 3477 5349 lilium,
3503 5290 3562 5349 _a
3580 5274 3825 5349 Aquibus

2233 5341 2450 5428 ἐειεῇαηέ
2470 5368 2617 5428 poeta
2645 5356 2857 5419 dicitur,
2887 5341 3455 5428 adtlitqvttehltntonium
3484 5345 3552 5398 de
3574 5341 3819 5404 Godeau,

2239 5418 2486 5483 lla'ritletn
2511 5426 2827 5496 Chytreutn,
2851 5418 3112 5496 et_0la_u_tn
3138 5418 3492 5496 Borricitium,
3513 5428 3820 5496 quanquam

2236 5482 2316 5553 his
2348 5482 2570 5567 opponit
2597 5482 3093 5567 itettatuinuﬂapin,
3144 5501 3211 5567 et‘
3244 5489 3541 5567 Philippum
3578 5484 3727 5567 Erit}
3757 5482 3817 5535 S.

2226 5570 2307 5631 1.,
2338 5553 2561 5639 quorum
2592 5566 2675 5639 hic
2697 5553 3546 5639 Sidoniicomparationeminter
3578 5553 3822 5639 Pruden-

2229 5624 2368 5692 ιὶυἰιί
2392 5648 2447 5692 et
2470 5638 2745 5691 Horatium
2776 5634 2979 5701 rejicit,
3005 5624 3093 5685 ille
3130 5647 3234 5684 non
3260 5630 3420 5682 audet
3466 5624 3819 5701 Prudentium

2228 5712 2367 5763 inter
2394 5710 2562 5762 bonos
2588 5715 2773 5774 poetas
2818 5692 3104 5774 collocare.
3155 5702 3348 5755 COttler
3384 5712 3546 5774 .nutn.
3596 5692 3727 5756 241,
3766 5702 3820 5745 et

2213 5780 2418 5853 judicia
2452 5766 2888 5847 gravissimorum
2920 5773 3152 5827 virorum
3195 5786 3316 5841 qua:
3365 5766 3630 5821 dedimus.
