3970 6326
197 414 289 468 “itii

1569 396 1932 452 PROLECOM
1943 398 2093 458 ENA.

3352 358 3468 457 τῷ

196 522 318 572 tium
362 516 711 583 scripserunt,
742 512 982 580 plerique
1015 510 1159 563 illum
1197 518 1317 563 sunt
1374 507 1581 571 imitati,
1610 510 1761 577 quasi
1794 515 1845 572 Α
1873 510 2024 579 Prag.
2055 552 2069 573 ,
2133 510 2466 577 Angelicum,
2530 508 2945 563 Alexandrinum
2976 552 2989 573 ,
3039 511 3396 567 Mariettinum
3434 558 3447 578 ,

196 623 311 659 eum
342 619 566 675 poeseos
616 602 938 657 Christiana:
984 610 1261 669 parentem
1314 610 1685 669 agnoscerem,
1719 612 1770 653 et

195 698 430 767 quamvis
460 694 818 764 quorumdam
850 692 988 745 fama
1017 692 1245 745 obscura
1291 692 1381 755 sit,
1417 702 1594 745 tamen
1646 692 1776 743 nihil

198 788 316 843 inde
348 786 623 841 Prudentii
646 785 831 854 gloria:
852 782 1173 847 detrahitur,
1203 782 1652 851 quemadmodum
1683 797 1784 859 ne-O

193 895 290 948 que
317 878 524 946 Virgilii
554 888 609 931 et
630 876 857 930 aliorum
880 883 1122 928 veterum
1160 889 1386 942 quorum
1423 888 1611 928 versus
1632 886 1778 942 scepe

192 978 362 1039 poeta:
419 966 709 1021 Christiani
768 965 1033 1035 sequioris
1086 963 1184 1017 aevi
1240 964 1629 1031 exprimebant.
1668 965 1780 1018 lmo

192 1060 482 1114 Prudentia
509 1060 559 1112 hi
591 1072 779 1128 magna
807 1074 869 1112 ex
905 1065 1055 1125 parte
1084 1056 1300 1121 debent,
1328 1056 1467 1125 quod
1511 1056 1779 1126 aliquibus

194 1157 492 1211 luminibus
514 1170 698 1209 eorum
721 1154 956 1208 carmina
979 1152 1317 1222 splendeant,
1346 1152 1777 1221 quandoquidem

190 1264 249 1299 ea
282 1262 407 1316 qum
435 1251 487 1301 in
517 1251 595 1302 e's
618 1246 847 1301 maxime
870 1245 1121 1309 emicant,
1143 1259 1205 1299 ex
1241 1244 1603 1299 Prudentiano
1632 1244 1779 1299 fonte

192 1337 493 1391 hauserint.
534 1337 696 1390 Plura
725 1334 1028 1404 hujusmodi
1071 1333 1122 1387 in
1153 1334 1559 1388 Commentariis
1606 1334 1781 1402 profe-

192 1443 328 1501 ram,
356 1442 500 1481 nunc
520 1427 820 1496 aliquorum
853 1426 1066 1479 nomina
1092 1425 1419 1479 recensebo:
1452 1425 1779 1493 Apollinaris

191 1519 465 1584 Sidonius,
522 1521 755 1573 Alcimus
796 1519 1002 1583 Avitus,
1060 1517 1401 1581 Fortunatus,
1450 1518 1780 1572 'fheodulfus

190 1612 618 1675 Aurelianensis,
652 1610 822 1674 Dudo,
856 1610 1103 1675 flericus,
1154 1609 1432 1674 Arnulfus,
1466 1608 1651 1672 Dares,
1685 1623 1778 1663 seu

193 1700 396 1769 Josepli
458 1701 749 1766 Devonius,
802 1701 1065 1770 Corippus
1092 1742 1106 1764 ,
1166 1699 1579 1767 Hartmanuus,~
1615 1700 1781 1755 Wan-

193 1792 493 1849 delbertus.

694 1903 707 1917 ’
772 1906 997 1962 CAPUT
1018 1906 1207 1962 XXIX.

192 2044 268 2100 De
296 2045 619 2099 variantium
651 2044 917 2097 lectionum
949 2044 1168 2097 defectu.
1220 2044 1414 2109 Quibus
1446 2046 1580 2098 notis
1608 2045 1788 2097 editio-

260 2133 384 2181 nes,
416 2126 464 2169 et
506 2116 841 2184 manuscripti
886 2115 1085 2170 codices
1132 2116 1183 2168 in
1234 2117 1604 2169 commentariis
1653 2116 1787 2168 indi-

260 2198 465 2241 cantur.
690 2211 695 2215 -
970 2212 977 2220 -

260 2344 436 2414 218
472 2342 599 2397 257.
642 2342 710 2397 Ut
725 2344 1227 2398 commentariorum
1258 2344 1464 2399 facilior
1489 2344 1559 2398 sit
1589 2358 1713 2398 usus
1734 2353 1789 2399 et

195 2435 576 2505 intelligentia,
601 2435 856 2489 nonnulla
887 2445 1010 2489 ante
1064 2446 1277 2505 oportet
1323 2436 1613 2505 explicare.
1654 2437 1785 2490 Pro-

194 2528 405 2582 babiles
436 2526 676 2581 virorum
698 2527 976 2582 doctorum
1009 2528 1349 2596 conjecturas
1397 2530 1538 2583 ultro
1566 2529 1787 2597 exponi-

192 2635 332 2683 mus,
362 2620 460 2674 sed
486 2620 556 2672 ita
580 2627 636 2672 ut
657 2620 1078 2688 repugnantibus
1109 2620 1258 2674 libris
1307 2622 1575 2675 veteribus
1606 2630 1659 2675 et
1680 2620 1789 2675 edi-

192 2712 437 2766 tionibus
488 2710 741 2779 antiquis,
804 2725 945 2775 raro,
996 2720 1085 2764 aut
1124 2728 1393 2782 nunquam
1446 2712 1784 2781 adoptemus,

193 2804 502 2872 prmsertim
543 2817 664 2855 cum
693 2816 881 2857 sensus
930 2803 1273 2866 commodus,
1326 2805 1589 2872 metriqne
1634 2804 1714 2858 lex
1757 2820 1787 2859 a

193 2894 498 2949 Prudentio
523 2893 808 2948 observata
832 2894 1078 2949 sustineri
1106 2906 1303 2964 potest.
1352 2897 1423 2950 Ea
1454 2912 1584 2951 vero
1629 2895 1788 2952 lectio

191 2988 522 3057 intelligitur
546 3002 577 3039 a
607 2986 761 3041 nobis
790 2987 1035 3055 praelata,
1078 3003 1196 3056 qua:
1222 2989 1274 3042 in
1314 2989 1549 3043 carmine
1592 3003 1789 3057 propo-

190 3079 367 3142 nitur,
402 3078 648 3148 quamvis
674 3079 727 3133 in
779 3079 1179 3133 commentariis
1212 3080 1391 3148 plures
1419 3080 1631 3134 codices
1660 3095 1788 3135 con-

191 3180 269 3225 tra
302 3172 695 3240 producamus,
728 3181 817 3225 aut
844 3171 1001 3225 aliam
1054 3170 1335 3227 lectionem
1376 3187 1528 3241 aeque
1559 3174 1784 3237 bonam,

1890 600 2144 654 Viennen.
2178 600 2295 653 Vat.
2329 603 2368 653 A
2396 610 2448 654 et
2476 600 2531 653 Β.
2565 601 2695 654 Nam
2726 617 2788 655 ex
2821 600 2939 655 aliis
2970 603 3235 656 interdum
3274 604 3460 657 lectio-

1884 706 2003 745 nem
2033 676 2373 755 ucnmmuni,
2408 701 2463 745 et
2491 693 2721 747 stabilita
2770 694 3161 762 discrepantem
3204 710 3309 749 non
3361 696 3457 749 ad-

1882 782 2085 847 n0tavi,
2120 780 2259 848 quod
2297 781 2549 835 mendosa
2599 792 2763 847 esset,
2816 793 2906 836 aut
2952 794 3133 851 aperte
3167 783 3454 854 superﬂua.

1885 870 2206 940 Plerumque
2237 873 2395 926 etiam
2426 882 2689 928 vetustate
2745 874 2913 929 ferme
2943 885 3272 945 consumpta:
3324 876 3464 930 litte-

1884 977 1957 1016 rae
1980 963 2048 1017 ita
2081 964 2368 1032 fugiebant,
2404 973 2459 1018 ut
2488 966 2849 1033 periculosum
2881 976 3025 1022 esset
3052 976 3197 1022 certo
3222 967 3463 1035 judicare

1884 1055 2009 1123 quid
2043 1057 2484 1126 esset-scriptum.
2520 1057 2730 1112 Manum
2786 1059 3011 1128 primam
3058 1060 3404 1129 exscriptoris
3435 1075 3465 1113 a

1884 1161 2042 1202 manu
2072 1149 2329 1214 secunda,
2360 1149 2499 1219 quod
2526 1150 2608 1205 his
2629 1152 2770 1205 notis
2794 1152 2990 1217 indico,
3018 1170 3085 1206 m.
3112 1170 3217 1222 μὴ,
3235 1170 3304 1205 m.
3324 1170 3425 1207 sec.
3449 1192 3465 1219 ,

1886 1239 1956 1292 ita
1979 1237 2269 1307 distinguo,
2326 1250 2383 1291 ut
2430 1249 2663 1295 veterem
2720 1256 2970 1309 manum,
3018 1253 3124 1296 tam
3174 1242 3465 1297 secundum

1887 1344 2042 1400 quam
2073 1331 2318 1399 primam,
2354 1332 2642 1402 intelligam
2665 1374 2679 1398 ,
2713 1334 2813 1388 nisi
2844 1349 2966 1388 cum
3021 1343 3291 1390 recentem
3324 1334 3467 1389 clare

1887 1424 2124 1476 nomino.
2154 1423 2381 1477 Codices
2411 1439 2538 1477 vero
2588 1439 2720 1479 mss.
2772 1434 2826 1480 et
2854 1426 3051 1491 editos,
3101 1440 3326 1495 quorum
3366 1424 3469 1478 fre-

1885 1520 2132 1585 quentior
2160 1516 2359 1570 mentio
2383 1518 2635 1587 occurrit,
2660 1519 2846 1587 primis
2875 1528 3081 1575 tantum
3112 1520 3304 1573 litteris
3322 1518 3471 1572 soleo

1885 1609 2176 1677 appellare,
2208 1623 2342 1677 quos
2373 1618 2431 1661 ut
2456 1609 2623 1663 lector
2654 1609 2807 1664 facile
2833 1610 2997 1680 possit
3038 1624 3351 1680 agnoscere,
3381 1623 3473 1682 eo.

1886 1718 2000 1754 rum
2034 1701 2330 1767 catalogum
2355 1700 2651 1768 subjiciam.

1959 1794 2092 1847 ALD.
2117 1792 2293 1846 Editio
2307 1792 2427 1846 Aldi
2447 1793 2686 1857 Manntii,
2699 1794 2766 1848 de
2780 1810 2880 1864 qua
2897 1810 3057 1865 supra
3075 1810 3221 1849 num.
3246 1794 3346 1849 101
3367 1794 3465 1864 (a).

1818 1892 1864 1950 Β
1963 1887 2123 1955 219
2151 1888 2318 1939 ALsx.
2346 1884 2523 1939 Codex
2550 1886 2944 1940 Alexandrinus
2969 1887 3067 1942 321
3102 1886 3152 1941 in
3179 1884 3461 1941 bibliothe-

1893 1995 1951 2033 ca
1985 1979 2263 2043 Vaticana,
2296 1980 2361 2033 de
2392 1994 2495 2048 quo
2525 1994 2682 2048 supra
2707 1996 2856 2034 num.
2887 1982 2975 2034 78.

1908 2130 1911 2131 ν
1966 2072 2099 2124 An.
2130 2070 2311 2125 Codex
2367 2070 2595 2125 Altinius
2632 2071 2770 2141 apud
2814 2072 3110 2127 lleinsium.
3144 2071 3279 2127 Vide
3321 2086 3467 2126 num.

1896 2162 2015 2217 100.

1963 2257 2132 2308 Ausa.
2178 2251 2358 2307 Codex
2403 2254 2741 2310 bibliotheca:
2792 2254 3205 2309 Mediolanensis
3248 2252 3472 2308 Ambro-

1891 2344 2056 2399 siame
2088 2344 2225 2413 apud
2258 2343 2552 2399 lleinsium.
2582 2344 2739 2400 Num.
2773 2344 2897 2399 100.

1965 2440 2095 2492 Asc.
2122 2435 2299 2491 Codex
2330 2437 2665 2493 bibliotheca:
2694 2439 2947 2493 Romanae
2978 2437 3266 2495 Aneelieae.
3301 2436 3457 2493 Num.

1892 2528 1982 2583 76.

1965 2622 2172 2677 Bonan.
2204 2624 2382 2679 Codex
2436 2624 2768 2679 Boherianus
2810 2622 3070 2677 vetustior
3112 2630 3167 2677 et
3206 2618 3473 2675 recentior

1893 2715 2030 2781 apud
2061 2714 2354 2769 lleinsium.
2388 2716 2545 2770 Num.
2592 2715 2715 2769 100.
2958 2748 2961 2751 η
3066 2713 3069 2716 ’

1900 2822 1903 2823 ⁷
1966 2806 2123 2861 Bono.
2157 2806 2337 2861 Codex
2372 2807 2763 2875 Bongarsianus
2803 2804 2943 2875 apud
2976 2802 3278 2859 Weitzium.
3315 2800 3470 2856 Num.“

1893 2898 1980 2954 99.

1965 2992 2166 3046 Boa'on.
2194 2992 2373 3047 Codex
2400 2992 2777 3047 Bonaniensis.
2806 2990 2961 3071 Num.
2990 2990 3077 3043 75.

1964 3085 2129 3137 Bnev.
2166 3084 2299 3138 Moz.
2330 3083 2654 3138 Breviarium
2703 3082 3127 3147 Mozarabicum,
3162 3081 3275 3134 sive
3306 3078 3471 3132 Isido-

1894 3176 2105 3231 rianum
2134 3186 2187 3251 et
2216 3176 2517 3231 Cothicnm.
2544 3174 2701 3230 Num.
2738 3174 2877 3230 101.

190 3275 283 3319 aut
314 3263 557 3318 fortasse
588 3264 859 3318 meliorem
888 3263 1057 3318 videri
1112 3266 1540 3333 pronuntiemus.
1576 3264 1634 3318 ln
1661 3264 1859 3328 seli-C
1961 3269 2129 3323 CAUC.
2184 3267 2407 3324 Cauchii
2461 3268 2630 3323 codex
2688 3278 2742 3323 et
2796 3276 2935 3322 nota:
2988 3266 3127 3337 apud
3176 3264 3471 3321 lleinsium.

191 3355 391 3425 gendis
441 3354 762 3409 lectionibus
792 3357 1055 3409 rationem
1087 3355 1371 3409 habuimus
1417 3366 1528 3409 tum
1576 3370 1787 3422 sensus,

193 3456 305 3501 tum
340 3446 530 3511 metri,
564 3456 671 3498 tum
702 3445 1100 3500 consuetudinis
1148 3456 1336 3515 poetae,
1396 3455 1505 3501 tum
1562 3448 1786 3501 aliorum

193 3539 461 3593 similium
487 3538 758 3601 locorum,
792 3552 910 3605 qua:
952 3546 1041 3591 aut
1084 3538 1126 3592 is
1176 3538 1412 3592 imitatus
1466 3540 1643 3605 fuerit,
1699 3549 1790 3595 aut

193 3629 281 3683 alii
314 3626 536 3697 antiqui
567 3642 633 3681 ex
657 3642 721 3681 eo
747 3628 1126 3696 expresserim.
1158 3628 1364 3698 Saepius
1387 3630 1564 3697 plures
1607 3640 1661 3685 et
1690 3647 1786 3685 re-

196 3724 462 3778 terrimos
488 3720 701 3775 codices
725 3720 1065 3789 paucioribus
1098 3727 1153 3775 et
1182 3721 1569 3775 recentioribus
1602 3722 1789 3790 praefe-

193 3817 412 3870 rimus:
452 3828 831 3881 nonnunquam
881 3826 1079 3880 paucos
1110 3814 1322 3879 multis,
1383 3822 1623 3869 recentes
1654 3816 1789 3868 auti-

195 3911 343 3977 quis.
374 3906 508 3967 Cum
548 3906 681 3960 nihil
708 3914 897 3961 contra
950 3907 1150 3960 variam
1190 3907 1416 3961 aliorum
1472 3908 1787 3975 scripturam

196 3998 548 4065 disserimus,
581 4012 699 4052 eam
729 3997 945 4052 retineri
976 4012 1131 4065 posse
1160 3998 1544 4052 existimamus.
1573 3997 1792 4051 Nostros

198 4094 423 4150 codices
448 4109 570 4148 cum
618 4107 752 4147 voco
772 4133 787 4157 ,
819 4092 1037 4163 intelligi
1066 4092 1189 4147 volo
1241 4093 1508 4162 praecipue
1560 4092 1789 4161 Hatisb.,

271 4231 359 4299 (α)
403 4228 561 4284 Aliud
592 4230 865 4299 exemplar
896 4228 1053 4297 hujus
1074 4228 1329 4299 editionis
1365 4238 1539 4283 exstat
1589 4232 1639 4282 in
1682 4230 1793 4299 pri-

200 4298 679 4355 vatabiblimheea
708 4298 1056 4354 selectissiina
1108 4298 1205 4353 SS.
1254 4299 1314 4352 D.
1348 4300 1409 4351 Ν.
1458 4301 1531 4353 1³ίί
1588 4298 1691 4355 Vl.
1731 4300 1787 4355 P.

202 4374 276 4425 M.
305 4372 473 4424 Deest
495 4371 722 4433 initium,
744 4370 839 4425 sed
870 4370 988 4423 linis
1020 4370 1306 4437 respondet
1335 4371 1542 4424 eteteris
1588 4371 1793 4425 Alilinis

206 4441 489 4495 Prudentii
519 4441 842 4495 editionibus
885 4454 1017 4508 quas
1063 4439 1190 4494 vidi.
1226 4440 1292 4495 Ut
1346 4450 1535 4495 autem.
1570 4441 1794 4509 quaestio

204 4514 322 4572 illa.
361 4527 520 4579 quam
549 4512 694 4575 attigi
740 4526 884 4564 num.
930 4509 1029 4563 104
1057 4519 1109 4562 et
1158 4525 1272 4579 seq.
1294 4552 1308 4570 ,
1342 4510 1410 4563 de
1438 4511 1656 4578 triplici,
1690 4512 1791 4564 du-

203 4584 361 4652 plici,
388 4582 493 4645 vel,
527 4582 668 4650 quod
695 4582 871 4636 verius
904 4590 1049 4647 puto,
1084 4582 1238 4633 unica
1270 4582 1458 4634 Aldina
1516 4581 1791 4635 Prudentii

1896 3360 2050 3414 Num.
2085 3361 2206 3416 101.

1968 3454 2202 3508 Camn.
2238 3452 2415 3508 Editio
2443 3452 2678 3508 Cellarii.
2710 3453 2865 3508 Num.
2899 3452 3020 3507 117.

1965 3545 2139 3597 Casu.
2166 3543 2343 3598 Editio
2371 3542 2747 3599 Chamillardi.
2773 3544 2929 3599 Num.
2963 3544 3084 3597 117.

1972 3636 2109 3691 Eon.
2142 3636 2322 3690 Codex
2350 3636 2731 3701 Egmondanus
2762 3634 2901 3705 apud
2926 3634 3210 3688 Weitzium
3243 3642 3296 3685 et
3322 3631 3478 3685 llein-

1895 3730 2055 3781 sium.
2081 3727 2239 3781 Num.
2275 3728 2363 3790 99,
2395 3728 2515 3781 100.

1965 3818 2095 3872 Enr.
2122 3819 2301 3874 Codex
2330 3818 2657 3874 Erfuntensis
2685 3818 2823 3887 apud
2856 3816 3162 3872 Weitzium.
3197 3816 3352 3870 Num.
3385 3812 3475 3869 99.

1970 3910 2129 3965 Faue.
2155 3911 2331 3966 Editio
2353 3912 2565 3981 Georgii
2592 3910 2843 3966 Fabricii.
2877 3910 3030 3964 Num.
3059 3910 3185 3963 111.

1969 4003 2133 4058 Foco.
2169 4002 2345 4057 Codex
2373 4003 2654 4058 Fuldensis
2683 4002 2823 4072 apud
2854 4001 3161 4055 Weitzium.
3199 3999 3353 4054 Num.
3385 3998 3477 4056 99.

1970 4097 2137 4151 GALL.
2165 4096 2340 4150 Editio
2369 4095 2654 4151 Gallandii.
2682 4093 2838 4149 Num.
2873 4093 2975 4147 114
3004 4094 3099 4164 (b).

1902 4244 2027 4284 nere
2051 4230 2194 4295 licet,
2220 4230 2538 4297 opinabitur,
2564 4229 2723 4281 etiam
2744 4226 3090 4297 Prudentium
3115 4226 3314 4280 editum
3339 4241 3481 4282 anno

1902 4300 2200 4354 1502.1am
2233 4296 2419 4354 omnes
2467 4301 2670 4354 Aldina:
2710 4299 2970 4352 editiones
3010 4296 3303 4362 Prudentii,
3338 4312 3473 4364 quas

1900 4386 1996 4439 ego
2023 4372 2265 4435 excussi,
2294 4371 2409 4425 sine
2441 4370 2675 4424 numeris
2723 4368 3036 4437 paginarum
3086 4367 3191 4439 hoc
3236 4368 3477 4439 prmdita:

1898 4438 2023 4494 sunt
2053 4442 2314 4509 regimine
2334 4442 2615 4496 librorum.
2649 4440 3047 4508 lncipiuntcum
3064 4438 3126 4505 If,
3146 4451 3199 4493 et
3227 4438 3486 4491 desinunt

1896 4526 2016 4582 cum
2049 4531 2136 4582 yy,
2162 4514 2248 4581 qui
2279 4522 2579 4580 postremus
2602 4519 2683 4563 est
2710 4512 3044 4582 quinternus.
3070 4511 3235 4582 Aldus
3259 4509 3358 4562 hoc
3396 4524 3479 4563 re-

1894 4580 2095 4650 gimen
2119 4580 2189 4635 in,
2216 4583 2395 4635 limine
2425 4582 2696 4643 indicavit,
2730 4590 2783 4633 et
2816 4580 3041 4633 fortasse
3087 4580 3327 4650 voluerat
3360 4588 3483 4650 post

204 4640 572 4712 'editione,'ab
594 4652 655 4704 iis
676 4653 763 4721 qui
792 4640 1234 4719 alia-exemplaria
1277 4652 1539 4716 inspicere
1562 4652 1789 4719 possint,
1822 4640 1870 4699 Ι)
1895 4640 2176 4707 Aratorem
2210 4653 2349 4705 illico
2385 4640 2728 4705 Prudentium
2751 4652 2852 4718 legi
2878 4667 2892 4713 ;
2926 4665 3045 4703 nam
3076 4650 3270 4701 Arator
3288 4640 3485 4721 desinit

207 4723 428 4776 facilius
460 4723 777 4783 resolvatur.
815 4722 1069 4788 quasdam
1126 4721 1530 4774 observationes
1584 4721 1796 4775 addam.

210 4793 388 4847 Aldus
419 4800 604 4859 poetas
631 4793 958 4845 Christianos
988 4793 1193 4844 excusit
1247 4792 1385 4857 typis
1442 4806 1583 4844 anno
1638 4790 1798 4855 1501.

207 4865 304 4915 ςθιι
368 4861 651 4928 publicavit
682 4878 820 4915 anno
852 4861 1007 4915 1502.
1042 4862 1146 4914 Eos
1193 4861 1401 4915 dedicat
1448 4862 1647 4915 Danieli
1676 4861 1800 4915 Cla-

209 4935 296 4986 rio
349 4932 513 4985 Junio
572 4933 726 4997 1511,
778 4946 932 4999 quem
981 4932 1051 4983 ita
1109 4932 1400 4999 alloquitur
1437 4949 1449 4984 :
1481 4932 1799 4985 Christianos

210 5013 394 5073 poetas
428 5005 545 5073 jam
572 5018 759 5055 annum
800 5003 850 5052 in
883 5002 1088 5073 thermis
1131 5003 1315 5055 nostris
1338 5017 1547 5073 excitans
1568 5004 1797 5064 tandem,

211 5071 286 5125 ini
346 5071 529 5134 (ἰωή,
588 5074 877 5125 emittimus.
943 5071 1155 5140 Pagina:
1226 5088 1331 5125 non
1405 5072 1799 5139 distinguuntur

215 5145 479 5197 inmeris.
533 5143 722 5207 Incipit
775 5142 1023 5197 Sedulius
1079 5143 1338 5212 regimine
1385 5158 1437 5208 a,
1468 5144 1609 5211 quod
1664 5158 1797 5196 cou-

214 5216 460 5267 tinuatur
504 5214 570 5267 ad
626 5214 703 5265 bb.
736 5212 931 5267 Omnes
980 5221 1105 5266 sunt
1156 5212 1433 5280 quaterni,
1468 5223 1693 5280 excepto
1741 5214 1799 5275 ά,

214 5286 465 5347 duerno,
507 5294 561 5338 et
591 5283 651 5335 bb
700 5293 870 5337 terno.
904 5281 959 5335 In
1003 5283 1108 5336 fine
1136 5300 1149 5336 :
1186 5283 1409 5337 Venetiis
1440 5285 1579 5349 apud
1611 5284 1801 5336 Aldum

220 5354 271 5406 1;
294 5354 360 5407 01
393 5371 561 5407 meme
581 5352 854 5407 Januario.
884 5354 1191 5421 Sequuntur
1220 5355 1273 5407 in
1305 5353 1513 5407 duobus
1534 5355 1805 5422 exempla-

218 5425 415 5488 ribus,
445 5440 563 5491 qu:e
613 5424 752 5488 vidi,
798 5426 901 5478 alia
934 5424 1188 5489 opuscula
1233 5425 1406 5477 soluta
1455 5426 1723 5486 oratione.
1751 5431 1805 5477 et

220 5495 717 5548 llomcrocentones
744 5495 929 5549 Probae
954 5492 1242 5561 Falconiaa,
1267 5496 1359 5548 sed
1392 5493 1498 5546 alio
1522 5495 1799 5562 regimine,

218 5580 403 5632 neque
426 5564 477 5618 in
504 5565 609 5618 line
635 5580 806 5620 annus
834 5573 1045 5618 notatur
1081 5564 1355 5619 editionis.
1399 5564 1496 5631 Qui
1530 5563 1627 5617 hoc
1656 5564 1804 5616 \olu-

216 5652 353 5687 men
386 5636 435 5688 in
469 5650 656 5688 manus
681 5644 875 5700 sumat,
904 5634 1003 5689 nisi
1028 5634 1336 5703 diligentius
1356 5634 1629 5698 observet,
1653 5634 1805 5689 facile

214 5706 590 5767 existimabit,
623 5707 760 5773 typis
786 5720 1038 5759 excusum
1063 5720 1204 5758 anno
1235 5705 1394 5759 1502.
1425 5705 1574 5767 Quod
1614 5704 1658 5757 si
1686 5719 1804 5758 car-

215 5780 371 5828 mina
404 5776 695 5839 Prudentii,
746 5775 873 5829 1501
907 5789 1105 5829 excusa
1148 5786 1197 5829 et
1230 5776 1473 5843 vulgata,
1505 5776 1663 5828 simul
1696 5775 1806 5830 sint

218 5856 531 5904 compacta,
556 5846 684 5899 utin
700 5846 993 5907 exemplari
1015 5845 1350 5900 bibliotheca:
1372 5846 1673 5900 llarberinae
1694 5860 1805 5900 cer-

1906 4724 1958 4775 in
2008 4740 2079 4789 ee.
2118 4724 2258 4777 Idem
2302 4722 2467 4775 Aldus
2516 4721 2766 4788 praemisit
2817 4722 3051 4787 regimen
3101 4718 3480 4786 opusculorum

1905 4793 2213 4846 Graecorum
2261 4790 2571 4845 Damasceni
2605 4804 2657 4844 et
2704 4790 2963 4853 aliorum,
2994 4798 3047 4840 et
3092 4789 3388 4841 carminum
3421 4789 3480 4841 S.

1911 4863 2179 4930 Prosperi.
2230 4862 2425 4915 Verum
2468 4862 2574 4915 alio
2600 4860 2787 4915 ordine
2816 4858 3053 4928 procedit
3086 4860 3183 4911 hoc
3226 4858 3481 4925 regimen,

1903 4941 1959 4987 et
1990 4934 2056 4985 ita
2090 4940 2215 4984 sunt
2241 4946 2302 4985 ea
2331 4946 2492 4997 opera
2535 4947 2775 4986 seorsum
2810 4943 3026 4993 excusa,
3060 4938 3117 4980 nt
3146 4939 3303 4981 etiam
3332 4942 3485 4981 seor-

1902 5018 2019 5054 sum
2048 5002 2315 5070 compingi
2351 5004 2575 5070 possint.
2619 5002 2799 5068 itaque
2846 5015 2943 5067 ego
2976 4998 3323 5053 Prudentium
3368 4998 3485 5052 Aldi

1904 5073 2012 5126 vidi
2040 5073 2164 5125 alibi
2194 5075 2388 5133 solum,
2425 5072 2547 5125 alibi
2576 5086 2695 5125 cum
2726 5070 2997 5138 opusculis
3029 5070 3230 5123 Grmcis
3259 5071 3308 5123 in
3343 5070 3487 5138 prin-

1902 5144 2060 5207 eipio.
2086 5152 2141 5196 et
2170 5142 2415 5196 versibus
2442 5143 2502 5195 S.
2548 5141 2798 5209 Prosperi
2844 5145 2891 5193 in
2930 5140 3056 5204 fine,
3090 5142 3213 5195 alibi
3239 5158 3359 5195 cum
3402 5140 3486 5193 his

1906 5214 2169 5275 versibus,
2196 5224 2249 5266 et
2271 5214 2543 5277 opusculis
2566 5212 2768 5265 Graecis
2788 5213 2838 5264 in
2874 5211 2997 5277 line,
3027 5212 3147 5265 alibi
3179 5228 3298 5267 cum
3328 5220 3486 5266 carto-

1908 5284 1982 5336 ris
2012 5285 2168 5337 simul
2198 5284 2367 5351 poetis
2385 5280 2722 5336 Christianis.

1982 5354 2056 5423 (b)
2089 5356 2257 5418 Quem
2304 5353 2545 5406 ordinem
2590 5352 2904 5407 Callandius
2951 5353 3203 5413 tenuerit,
3246 5351 3351 5405 dixi
3394 5352 3485 5423 cit.

1912 5421 2059 5478 num.
2092 5427 2213 5484 1H,
2246 5432 2298 5475 et
2328 5424 2560 5489 conjeei,
2591 5438 2710 5477 eum
2758 5424 3002 5476 ordinem
3036 5423 3235 5476 servari
3279 5422 3329 5473 in
3369 5421 3487 5473 edi-

1912 5496 2057 5547 tione
2099 5495 2461 5548 'l‘orna'siana.
2498 5494 2600 5549 Sed
2648 5510 2767 5547 cum
2815 5493 3001 5547 eadem
3032 5493 3195 5544 editio
3222 5507 3248 5543 a
3301 5492 3490 5544 Latino

1911 5564 2120 5618 Latinio
2144 5566 2194 5618 in
2230 5564 2554 5619 Bibliotheca
2577 5566 2785 5618 Selecta
2814 5564 3008 5616 collata
3030 5562 3185 5616 fuerit
3214 5578 3334 5615 cuin
3356 5573 3487 5616 vett.

1911 5636 2169 5696 librisyet
2198 5634 2438 5688 diversus
2480 5636 2612 5687 ordo
2648 5635 2989 5693 ostendatur.
3024 5634 3152 5686 satis
3203 5632 3351 5685 firma
3383 5648 3490 5687 non

1911 5718 1989 5758 est
2024 5706 2114 5758 illa
2135 5707 2459 5773 conjectura.
2490 5704 2658 5758 Video
2688 5704 2979 5765 antennah
2999 5704 3045 5755 al
3072 5705 3116 5755 is
3148 5701 3490 5771 Tormcsium,

1911 5776 1977 5829 ab
2007 5775 2126 5851 aliis
2146 5775 2579 5851 Tornagsiuni,_ali
2612 5775 2728 5851 aliis
2762 5774 3491 5851 Torncsiumtypographum

1911 5848 2195 5907 appellari.
2231 5843 2350 5902 nam
2384 5847 2670 5901 editionem
2704 5848 2871 5905 insam
2900 5859 3005 5900 non
3038 5843 3165 5899 vidi.
3266 5858 3271 5863 '
