3970 6326
563 300 658 356 771

741 411 972 483 Oblitum
1003 397 1196 466 veteris
1229 423 1316 464 me
1343 407 1504 483 Salia-
1533 405 1775 460 consulis
1805 419 2053 476 arguens.

562 503 628 558 25
811 502 972 574 230
1001 501 1113 555 Sub
1141 515 1246 569 quo
1277 499 1447 568 prima
1470 497 1587 552 dies
1611 496 1745 552 mihi

739 595 906 660 Quam
940 593 1135 646 multas
1159 592 1363 647 hiemes
1391 591 1647 658 volverit,
1675 600 1729 646 et
1756 605 1908 647 rosas

743 683 913 737 l’ratis
963 691 1085 752 post
1142 682 1368 752 glaciem
1420 680 1757 747 reddiderit,
1821 682 1909 736 nix
1961 682 2148 751 capitis

1834 771 1853 842 [
1866 773 2073 844 probat.

817 863 1064 934 Nunquid
1096 864 1221 919 talia
1247 863 1539 933 proderunt

740 957 930 1011 Carnis
959 963 1078 1024 post
1099 955 1306 1010 obitum
1335 955 1419 1009 vel
1451 953 1612 1022 bona,
1647 954 1727 1009 vel
1753 954 1914 1020 mala,
1990 940 1992 942 V

1661 289 1934 346 AURELII
1977 290 2345 347 PRUDENTII
2384 290 2708 348 CARMINA.
3717 294 3794 348 ¹Π2

2174 411 2228 470 Α
2251 406 2320 479 50
2428 406 2557 461 Cum
2588 406 2721 475 jam,
2745 403 3003 475 quidquid
3036 403 3086 457 id
3114 410 3214 471 est,
3253 403 3393 473 quod
3429 403 3624 458 fueram
3645 445 3657 464 ,
3685 420 3800 456 mors

3423 496 3751 568 [aboleveriti

2513 587 2802 643 Dicendum
2835 587 2966 641 mihi
3001 605 3012 638 :
3042 587 3295 656 Quisquis
3316 600 3425 652 es,

2437 680 2594 751 231
2616 679 2889 742 Mundum,
2910 694 3065 748 quem
3086 679 3271 744 coluit,
3299 694 3452 732 mens
3473 690 3557 732 tua
3578 681 3804 748 perdidit:

2436 771 2548 826 Non
2580 779 2707 826 sunt
2759 770 2846 824 illa
2881 771 2995 836 Dei,
3042 787 3162 841 qua:
3214 771 3449 836 studuit,
3496 773 3645 840 cujus
3675 774 3800 825 habe

3575 866 3591 935 [,
3606 866 3750 918 beris.

2509 955 2669 1026 Atqui
2701 956 2805 1009 line
2835 955 2933 1008 sub
2964 955 3151 1008 ultimo

1887 1044 2174 1100 GLOSSAE
2219 1043 2560 1101 VETERES.
2634 1092 2636 1094 τ

638 1162 726 1214 (24.
759 1159 938 1224 Saliae,
971 1159 1109 1211 illius
1132 1158 1377 1223 consulis,
1413 1157 1512 1212 lso.
1553 1157 1799 1212 Messalia
1827 1159 2004 1210 civitas
2029 1157 2149 1210 His-

571 1233 759 1302 paniaz,
811 1230 892 1282 ubi
941 1230 1262 1302 istedconsul
1319 1231 1534 1302 morat.“
1567 1229 1775 1302 Persius
1807 1244 1824 1280 :
1859 1227 2151 1302 Messalina:
2183 1237 2192 1246 '

571 1297 713 1367 lippa
744 1315 989 1369 prapago,
1044 1299 1162 1352 Vat.
1211 1303 1276 1352 A.
1326 1298 1568 1353 Messalia
1616 1299 1775 1368 regio,
1818 1297 1894 1350 vel
1948 1300 2146 1363 consul,

571 1371 690 1425 Vat.
721 1371 777 1425 S.
812 1399 879 1410 ——
903 1370 1173 1438 Argueus,
1205 1369 1433 1438 metlso.

643 1443 733 1497 25.
759 1442 868 1493 Sub
899 1437 1024 1508 quo,
1049 1441 1273 1494 consule.
1303 1437 1386 1493 Ea;
1405 1453 1504 1510 quo
1534 1441 1598 1493 ad
1629 1439 1774 1492 illum
1803 1440 1934 1508 veni,
1967 1439 2005 1492 l.

643 1513 732 1564 27.
759 1511 876 1576 Nix,
907 1511 1152 1574 canities,
1187 1509 1225 1564 l.

642 1582 730 1634 29.
762 1582 926 1642 Bona,
959 1580 1040 1632 vel
1066 1581 1223 1642 mala,
1253 1579 1328 1633 vel
1359 1596 1625 1650 prospera,
1659 1581 1734 1633 vel
1776 1581 2006 1634 adversa.
2040 1578 2151 1632 Me-

573 1651 657 1704 dia
681 1650 837 1703 dicit!
874 1650 1020 1704 Unde
1051 1650 1297 1702 Salomon
1325 1666 1342 1702 :
1371 1649 1490 1703 Non
1518 1662 1589 1702 est
1629 1651 1931 1718 prudentia,
1960 1668 2058 1703 non
2082 1658 2153 1702 est

571 1723 821 1792 sapientia
873 1719 1011 1792 apud
1041 1720 1230 1792 inferos
1259 1737 1358 1792 quo
1411 1730 1463 1772 tu
1512 1737 1779 1790 properas.
1814 1720 1988 1774 Media
2033 1737 2152 1789 ergo

575 1790 711 1855 διῐηι,
740 1793 924 1862 quatin
946 1790 1053 1862 hac
1096 1791 1213 1842 vita
1242 1802 1287 1844 et
1326 1791 1487 1853 bouis,
1539 1803 1584 1843 et
1634 1792 1782 1862 malis
1821 1792 2153 1843 communiter

575 1860 826 1924 i‘veniunt,
863 1860 900 1915 I.
932 1861 1204 1930 Prospera,
1235 1873 1280 1913 et
1308 1862 1546 1925 adversa;
1580 1862 1695 1915 Vat.
1720 1861 1784 1914 A.

593 1994 598 1998 ι
643 1933 728 1988 50.
761 1932 1095 1995 Abolcverit,
1130 1932 1384 1998 deleverit,
1423 1932 1460 1986 Ι.
1508 1934 1694 1986 Aboleo
1737 1933 2060 2003 componitur
2115 1949 2142 1981 a

2255 1160 2401 1213 verbo
2433 1161 2530 1223 leo,
2558 1158 2694 1227 quod
2719 1175 2816 1212 non
2844 1169 2915 1212 est
2945 1161 2995 1212 in
3018 1174 3136 1223 usu,
3165 1159 3239 1210 sic
3259 1158 3424 1221 deleo,
3457 1157 3578 1212 Vat.
3613 1160 3672 1211 A.

2327 1233 2415 1284 51.
2448 1228 2741 1283 Dicendum
2791 1230 2941 1293 mihi,
2985 1247 3055 1283 sc.
3104 1228 3278 1282 habes.
3310 1259 3377 1267 —-
3404 1229 3652 1297 Quisquis
3699 1246 3766 1290 es,
3793 1247 3813 1280 ο

2258 1303 2433 1364 lector,
2459 1301 2506 1358 .l.

2329 1373 2417 1426 52.
2451 1372 2596 1424 Mens
2625 1381 2731 1434 tua,
2763 1385 2792 1422 ο
2823 1368 3096 1423 Prudenti.
3121 1398 3189 1410 —-
3221 1368 3480 1433 Perdidit,
3510 1368 3560 1421 in
3594 1381 3762 1432 morte,
3786 1371 3812 1420 Ι.

2329 1441 2413 1496 55.
2449 1441 2560 1503 Illa,
2596 1441 2882 1494 swcularia.
2924 1469 2992 1480 —
3022 1440 3188 1508 Cujus
3230 1440 3535 1502 habeberis,
3563 1443 3707 1509 cujus
3733 1458 3818 1492 ser.

2259 1529 2347 1566 vus
2389 1519 2482 1564 est.
2519 1513 2595 1564 Ad
2628 1527 2776 1582 quem
2815 1511 3133 1564 solummodo
3165 1511 3471 1578 pertinebis,
3501 1520 3592 1564 aut
3621 1522 3673 1564 ut
3699 1521 3740 1582 te
3757 1528 3819 1562 re-

2255 1594 2502 1644 numeret,
2535 1591 2621 1635 aut
2641 1580 2784 1635 certe
2823 1583 3050 1645 damnet,
3083 1583 3118 1634 i.
3149 1598 3192 1634 e.
3220 1582 3287 1633 ad
3313 1582 3650 1652 puniendum,
3671 1580 3738 1632 vel
3766 1583 3819 1631 ad

2256 1653 2707 1717 remunerandum,
2739 1653 2782 1705 l.
2805 1651 2966 1720 Cujus
2993 1653 3111 1715 eris,
3160 1662 3207 1706 et
3236 1652 3304 1704 ad
3324 1667 3472 1718 quem
3502 1651 3665 1706 solum
3690 1657 3822 1716 perti-

2258 1725 2430 1785 nebis;
2457 1721 2551 1776 Dei
2576 1724 2708 1778 enim
2739 1724 2894 1778 solius
2921 1732 3138 1792 potestas
3155 1730 3227 1778 est
3255 1722 3439 1776 animat
3467 1731 3578 1791 post
3612 1731 3818 1782 mortem,

2188 1779 2230 1839 Β
2263 1794 2379 1848 Vat.
2415 1779 2484 1846 Ἀ.

2324 1864 2410 1918 54.
2439 1865 2618 1933 Atqui,
2664 1865 2849 1932 potius,
2878 1873 3034 1929 certe,
3067 1866 3107 1919 Ι.

1930 2021 2488 2080 COMMENTARIUS.

577 2153 669 2204 pro
699 2137 950 2191 .luvenale
980 2137 1201 2190 laudans
1228 2155 1239 2187 :

886 2227 1104 2278 Festinat
1121 2231 1246 2276 enim
1265 2226 1532 2276 decurrere
1559 2226 1696 2276 velox

643 2289 893 2351 lt‘losculus
915 2303 926 2346 ;
953 2297 1190 2351 angustae,
1215 2290 1506 2351 miseraeque
1536 2289 1818 2337 brevissima
1840 2290 1950 2338 νῆιν

639 2353 801 2400 l’ortlo
826 2365 839 2398 :
865 2350 978 2412 dum
1005 2349 1229 2411 bibimus,
1254 2349 1540 2412 demserta,
1569 2357 1835 2410 unguenta,
1865 2364 2095 2412 rosasque

641 2414 910 2474 Post-imus,
937 2411 1134 2472 obrepit
1155 2424 1248 2458 non
1269 2410 1516 2460 intellecta
1542 2421 1787 2459 senectus.

581 2517 790 2588 lrrepsit
834 2516 956 2585 legit
989 2515 1091 2588 lso,
1147 2513 1300 2584 cujus
1336 2515 1543 2588 glassa,
1580 2511 1934 2588 li'i'epere_est
1963 2514 2158 2582 aliquid

579 2584 793 2642 latenter
821 2584 1017 2657 rapere.
1055 2585 1225 2657 Ego_.a
1261 2585 1381 2652 repo
1412 2588 1763 2652 compositum
1802 2584 1940 2652 dico,
1975 2595 2028 2638 et
2052 2588 2159 2638 lur-

580 2670 721 2713 tasse
745 2659 825 2712 lso
857 2655 1133 2725 scripserit
1162 2655 1374 2708 latenter
1398 2670 1587 2722 repere.

646 2728 736 2786 24.
779 2723 985 2782 Thuan.
1029 2738 1082 2786 et
1131 2726 1236 2780 Alt.
1286 2728 1430 2780 clare
1460 2741 1539 2776 me
1588 2724 1766 2777 Salitc.
1801 2723 1932 2778 Male
1964 2725 2155 2793 llails.,

581 2800 756 2868 Egm.,
793 2799 984 2868 Palat..
1015 2796 1308 2868 Messalla};
1331 2795 1479 2868 καί.
1509 2798 1570 2847 υ.
1591 2835 1603 2857 ,
1637 2794 1912 2868 ΑΜεδαΙὶίω
1949 2795 2085 2868 V.it_t.
2119 2798 2155 2851 Ι.

580 2865 740 2935 ι·ι“1).,
787 2867 953 2932 Wid.,
989 2868 1179 2933 Bong.,
1208 2865 1389 2929 Gnld.,
1433 2866 1726 2929 Messalia’;
1765 2869 1974 2934 Angel.,
2019 2865 2157 2920 Mes-

580 2940 734 3006 salte;
785 2941 870 2992 alii
920 2938 1180 2994 Massiliae.
1219 2936 1335 3008 Vid.
1382 2940 1694 3008 prol._num.
1741 2939 1808 2991 39
1854 2947 1909 2990 et
1954 2953 2066 3006 seq.
2102 2939 2156 2992 ln

587 3012 704 3066 Vat.
737 3011 782 3066 A
807 3010 1026 3064 ridicula
1057 3018 1141 3061 est
1187 3007 1381 3074 glossa.
1410 3006 1488 3062 Cl.
1517 3006 1824 3060 Gi’illandius
1849 3018 2048 3072 monet,
2082 3009 2157 3061 le-

581 3084 778 3135 llullelll
833 3097 908 3133 me
956 3078 1117 3133 Salia:
1169 3079 1429 3146 placuisse
1468 3083 1626 3130 etiam
1673 3079 2069 3131 Almeloveenio
2107 3080 2156 3133 in

585 3151 756 3205 Fastis
785 3151 940 3206 lloni.
964 3164 1142 3216 δίνῃς..
1169 3163 1286 3216 pag.
1316 3147 1437 3212 162,
1463 3148 1552 3215 qui
1578 3164 1694 3214 pag.
1723 3149 1827 3216 554
1849 3163 2017 3199 atinas
2039 3151 2156 3214 qui-

585 3224 680 3273 bus
705 3219 942 3273 Messalae
967 3215 1179 3270 luerunt
1196 3219 1463 3282 consules,
1489 3232 1644 3269 secus
1665 3232 1724 3270 ac
1743 3215 2132 3271 Chamillardus

2267 2137 2365 2189 dus
2416 2137 2676 2190 Manutius
2720 2135 2864 2190 Pauli
2911 2135 2972 2189 F.
3007 2138 3057 2189 in
3105 2135 3479 2205 orthographia
3537 2136 3705 2192 verb.)
3740 2136 3826 2189 Tu-

2268 2205 2497 2259 tellarius
2545 2207 2698 2260 affert
2757 2216 2991 2261 veterem
3045 2207 3444 2273 inscriptionem
3511 2209 3570 2264 C.
3630 2213 3824 2261 mtuo.

2271 2280 2629 2331 Amsranmo.
2683 2277 2747 2332 V.
2781 2277 2842 2333 C.
2874 2277 3068 2330 Contia
3117 2288 3322 2331 certum
3365 2289 3466 2343 est,
3519 2296 3547 2332 a
3599 2278 3828 2332 Ruinanis

2272 2348 2432 2400 scribi
2465 2347 2617 2410 Salii,
2642 2357 2695 2401 et
2719 2348 2922 2401 Saliare
2945 2364 3148 2401 carmen
3173 2350 3328 2403 unico
3354 2349 3394 2399 Ι.
3441 2409 3445 2412 ι

2339 2419 2428 2470 25.
2461 2420 2633 2487 Aliqui
2687 2419 2825 2490 male
2849 2418 3222 2490 distinguunt,
3271 2420 3378 2472 Sub
3401 2436 3499 2490 quo
3541 2423 3704 2489 prima
3734 2421 3826 2470 dies

2272 2490 2422 2554 mihi,
2449 2504 2598 2556 quam
2629 2488 2814 2542 multas
2838 2488 3026 2542 hiemes
3052 2491 3276 2543 volverit.

2337 2560 2425 2612 ‘26.
2459 2559 2682 2614 Carolus
2719 2559 3011 2624 Paschalis,
3049 2560 3116 2615 de
3164 2562 3393 2616 Coronis
3436 2575 3549 2629 pag.
3584 2561 3708 2620 H7,
3745 2561 3827 2611 Ιώ.

2269 2645 2344 2694 ιιι,
2392 2647 2506 2698 cap.
2543 2632 2596 2691 5,
2641 2630 2872 2699 probans
2905 2633 3050 2684 veris
3083 2632 3353 2697 specimen
3383 2647 3499 2686 esse
3536 2645 3689 2686 rosas
3746 2629 3831 2683 ιω.

2267 2715 2452 2755 versus
2481 2703 2680 2755 laudat.
2705 2702 2841 2768 Aug.
2868 2716 2929 2754 ac
2952 2717 3092 2754 rosas
3118 2717 3213 2769 pro
3235 2711 3300 2755 et.

2337 2773 2423 2825 ‘27.
2456 2771 2726 2838 Horatius,
2763 2771 2853 2824 lib.
2881 2787 2954 2835 tv,
2983 2771 3072 2826 od.
3107 2774 3194 2838 15,
3222 2784 3266 2825 et
3286 2773 3468 2841 capitis
3489 2775 3649 2826 nives.

2336 2841 2424 2896 28.
2452 2843 2586 2895 Male
2612 2842 2707 2912 Eg.
2733 2851 2786 2895 et
2807 2841 2944 2906 PaL,
2969 2843 3236 2911 proferunt
3267 2859 3361 2910 pro
3382 2844 3681 2912 proderunt.

2336 2912 2424 2966 29.
2453 2913 2674 2982 lntelligi
2713 2920 2906 2980 potest,
2951 2912 3293 2968 Prudentium
3337 2914 3477 2982 loqui
3505 2914 3573 2966 de
3597 2916 3729 2969 solis
3751 2916 3832 2967 bo-

2266 2985 2349 3038 nis
2382 2986 2633 3051 lortunaz,
2663 2998 2781 3052 quae
2822 2983 2956 3038 falso
2997 2982 3128 3038 bona
3172 2984 3530 3053 appellantur,
3565 2995 3624 3040 et
3677 2988 3834 3053 potius

2240 3055 2400 3108 --mala
2430 3065 2612 3109 essent
2639 3053 2860 3107 dicenda
2879 3094 2892 3115 ,
2920 3068 3040 3107 eum
3069 3055 3122 3108 in
3155 3058 3350 3108 malum
3376 3054 3638 3110 inducant
3663 3074 3677 3109 ι
3703 3059 3834 3110 iden-

2263 3141 2366 3197 que
2394 3127 2487 3197 ait,
2527 3125 2650 3178 talia
2677 3125 2757 3178 vel
2782 3123 2943 3197 bona,
2986 3124 3069 3179 vel
3087 3126 3249 3197 mala,
3289 3135 3344 3179 ut
3365 3141 3507 3181 vers.
3545 3127 3652 3195 55,
3692 3127 3834 3197 llym.

2261 3195 2337 3247 ἃς
2387 3194 2712 3263 Ωιιαέιιηιιυθ
2760 3210 2849 3246 nos
2899 3196 3081 3264 iit/lant
3137 3196 3291 3252 mala.
3342 3197 3588 3252 Alcimus
3638 3194 3832 3262 Avitus,

585 3291 827 3360 digessit.
851 3290 1136 3360 Pcveialus
1157 3259 1473 3360 scripturam
1497 3302 1575 3339 me
1596 3284 1781 3360 Gallice
1799 3329 1812 3350 ,
1837 3303 1992 3360 quam
2016 3259 2152 3356 apud
2180 3261 2228 3326 C
2262 3266 2355 3360 lib.
2380 3282 2429 3320 vr
2457 3281 2471 3321 :

583 3357 866 3414 nonnullos
919 3357 1143 3421 viderat,
1175 3357 1364 3410 n'ierito
1415 3365 1570 3410 vocat.
1614 3357 1870 3426 ineptam.
1915 3357 2154 3423 Latinius

586 3435 638 3484 in
673 3431 810 3484 Bibl.
841 3430 1022 3484 seleel.
1054 3427 1180 3496 legit
1207 3443 1286 3480 me
1313 3426 1496 3498 Salio).
1526 3427 1627 3481 Sed
1659 3443 1778 3480 cuin
1815 3429 1863 3481 id
1910 3444 2042 3498 opus
2087 3431 2157 3484 sit

582 3502 946 3570 pnslltlllllltlll,
1000 3497 1503 3570 opinorLLatinium
1551 3499 1828 3570 scripsisse
1868 3497 2150 3554 me'Salia'.

584 3568 903 3626 Muralorius
932 3575 984 3624 in
1017 3569 1163 3623 Novo
1192 3568 1465 3624 Thesauro
1495 3569 1916 3637 inscriptionum,
1953 3579 2081 3624 tom.
2113 3572 2152 3636 Ι,

581 3645 737 3697 class.
767 3643 819 3706 5,
853 3657 970 3711 pag.
1004 3640 1128 3705 579,
1161 3638 1374 3711 diverso
1401 3639 1560 3694 modo
1591 3641 2017 3711 scripsitnomen
2054 3641 2153 3693 hu-

579 3716 659 3782 jus
689 3708 944 3780 consulis,
993 3710 1196 3782 scilicet
1243 3708 1456 3780 Filippo
1507 3719 1550 3761 ιι
1603 3709 1747 3765 Salio
1793 3709 1932 3765 Coss.
1964 3717 2030 3766 At
2074 3713 2155 3766 in-

579 3780 798 3853 SCriplio
846 3785 935 3838 illa
964 3782 1103 3852 apud
1147 3780 1631 3853 Muratoriuninon
1661 3791 1743 3836 est
1790 3781 2016 3836 ﬁdeliter
2061 3782 2155 3836 de-

547 3881 551 3884 -
579 3850 798 3921 scripta.
830 3850 1009 3908 Exstat
1050 3853 1099 3906 iu
1131 3853 1458 3908 monasterio
1485 3851 1541 3906 S.
1579 3850 1725 3906 Pauli
1757 3864 1906 3906 extra
1936 3853 2150 3916 Urbem,

579 3933 630 3976 et
658 3927 725 3976 ita
752 3934 966 3977 exarata
997 3933 1077 3977 est
1099 3941 1130 3974 :,

934 4029 1043 4066 sttui
1068 4028 1308 4066 uomrnt
1345 4021 1465 4076 Ατρ.
1489 4029 1800 4068 ssncrtrnt

723 4096 936 4135 l-IBVBIAE
965 4082 1248 4135 Inutilis
1284 4097 1490 4136 comvci
1522 4098 1622 4143 ovs
1655 4099 1799 4136 vum
1832 4099 2007 4136 ut:ch

581 4166 746 4208 ANNOS
777 4167 922 4204 XVIII.
952 4167 1006 4204 Ι.
1037 4167 1087 4204 ν.
1126 4166 1177 4207 ι).
1210 4167 1330 4204 ην.
1365 4165 1621 4204 ΑιιιΑυινε
1652 4167 1895 4207 HELISSVS
1927 4168 2156 4208 IABITVS

579 4241 644 4278 ετ
687 4238 782 4276 SIBI
825 4237 976 4276 recrr
1022 4227 1053 4272 0
1101 4233 1373 4275 DEPDSITA.
1425 4236 1496 4273 ιη.
1548 4237 1700 4274 mea.
1751 4238 1825 4276 ιιι.
1871 4240 1991 4277 ΚΑΙ..
2035 4241 2155 4278 ann.

1472 4305 1670 4344 FILIPPO
1700 4308 1762 4344 ΕΤ
1793 4310 1976 4346 δΑιιΛςι
2010 4308 2154 4348 COSS.

581 4407 900 4463 Muratorius
927 4403 1123 4470 edidit,
1154 4401 1286 4456 Mira
1321 4401 1634 4455 bonitatis...
1664 4402 1725 4453 L.
1755 4404 1927 4457 Subie.
1964 4405 2156 4460 Ianua-

579 4482 718 4532 rie...
747 4476 811 4530 ι).
858 4475 982 4529 XX.
1026 4474 1348 4527 Varadius...
1383 4471 1590 4541 Filippo
1621 4481 1665 4524 et
1692 4472 1835 4525 Salio
1861 4489 1992 4540 coss,
2021 4479 2155 4529 Cor-

577 4554 869 4605 rectionem
896 4547 1053 4616 hujus
1089 4543 1452 4616 inscriptionis
1482 4544 1855 4616 Aluratorianie
1878 4561 2152 4615 acceptam

576 4619 839 4694 reti-NV.
864 4612 1173 4694 C._Aloysio
1197 4612 1435 4694 Galletti,
1465 4613 1715 4694 episcopo
1742 4612 2032 4694 (ἐνί-ρης]ιῄ
2062 4634 2153 4694 eu-
2182 4635 2231 4694 υ

575 4691 663 4760 jus
692 4684 1101 4745 celeberrimum
1133 4693 1214 4740 est
1258 4699 1471 4760 nomen
1499 4690 1547 4738 in
1577 4695 1662 4760 _t_ot
1687 4684 2048 4760 voluminibus
2071 4690 2150 4740 in-

577 4755 924 4830 scriptionum
953 4755 1428 4830 pridemexcusis.
1453 4755 1503 4808 ls
1541 4756 1666 4830 olim
1699 4756 1936 4825 privatus
1967 4774 2149 4830 tuona-

576 4827 706 4886 chus
732 4833 858 4886 dum
881 4827 1044 4898 esset,
1084 4827 1360 4899 diligentia
1387 4827 1643 4899 singulari
1672 4842 1913 4899 magnam
1940 4829 2147 4897 copiam

578 4912 816 4957 veterum
841 4895 1075 4968 lapidum
1103 4916 1132 4953 e
1162 4895 1463 4968 pavimento
1486 4895 1716 4952 basilica:
1741 4895 1798 4953 S.
1832 4895 2148 4964 Pauli,'mo-

576 4975 830 5038 nasterio,
877 4967 1169 5040 vicinisque
1225 4967 1437 5040 praediis
1486 4969 1764 5023 collectam
1815 4970 1866 5022 in
1918 4973 2147 5023 claustro

577 5043 884 5096 monasterii
910 5038 1210 5104 collocavit,
1237 5049 1289 5093 et
1312 5038 1498 5091 ordine
1517 5039 1761 5108 digessit,
1790 5043 1921 5092 scite
1952 5040 2145 5093 disun-

570 5126 736 5179 guens
785 5113 1156 5180 inscriptiones
1201 5108 1528 5180 Christianas
1569 5119 1619 5162 et
1668 5108 1913 5180 profanas
1953 5128 1962 5160 :
1999 5113 2140 5176 quod

571 5180 878 5247 exemplum
907 5181 996 5234 alii
1027 5180 1215 5233 imitati
1245 5189 1368 5232 sunt
1396 5179 1448 5232 in
1476 5181 1716 5232 ornando
1744 5179 1886 5232 aditu
1929 5179 1993 5233 ad
2024 5197 2141 5234 mu-

567 5267 720 5306 seum
748 5251 1078 5312 Vaticanum,
1111 5249 1252 5319 quod
1285 5259 1468 5306 nostro
1498 5248 1725 5319 denique
1754 5259 1988 5317 tempore
2018 5251 2140 5306 Pius

573 5322 656 5387 Vl,
691 5325 936 5390 princeps
959 5318 1516 5390 muniﬁcentissimus,
1550 5318 1788 5389 provexit
1821 5329 1874 5374 et
1914 5322 2140 5390 amplili-

567 5395 706 5444 cavit
732 5392 797 5445 ad
819 5391 1041 5444 aliarum
1073 5389 1306 5458 gentium
1332 5390 1760 5453 admirationem,
1794 5397 1846 5442 et
1867 5391 2134 5445 invidiam.

571 5461 731 5530 igitur
779 5462 916 5516 inter
942 5459 1273 5514 Christianas
1303 5459 1677 5530 inscriptiones
1721 5461 1772 5512 in
1801 5474 1864 5514 eo
1904 5461 2140 5516 claustro

569 5529 820 5587 cellcctas
862 5532 1119 5600 reperitur
1153 5530 1424 5597 inscriptio
1453 5545 1481 5580 a
1515 5529 1801 5583 Muratorio
1832 5531 2018 5594 allata,
2050 5533 2139 5586 ubi

569 5603 758 5668 legitur
781 5603 998 5670 quidem
1023 5601 1223 5664 Sullia;
1261 5601 1353 5654 sed
1397 5601 1571 5669 potius
1597 5601 1909 5670 corrigenda
1935 5611 2014 5654 est
2060 5605 2139 5658 in-

569 5670 786 5736 scriptio
830 5685 894 5724 ex
928 5671 1237 5735 Prudentio,
1286 5685 1440 5738 quam
1487 5670 1803 5724 Prudentius
1851 5687 1912 5724 ex
1949 5670 2136 5724 ittSeri-

572 5739 771 5802 ptione,
797 5755 912 5804 qua:
937 5740 986 5793 in
1019 5741 1198 5793 limine
1243 5741 1356 5806 ipso
1374 5739 1615 5805 olfendit,
1645 5740 1766 5792 Miri
1787 5740 2015 5794 bonitati.
2049 5741 2135 5794 Al-

2323 3359 2624 3422 Naturieque
2643 3358 2809 3415 etiam,
2837 3357 2913 3422 vel
2940 3360 3172 3422 corporis,
3201 3367 3476 3422 extet-aque
3502 3360 3606 3422 illa,

2321 3423 2436 3478 Quae
2457 3417 2580 3468 bona
2607 3420 2812 3468 fortuna:
2833 3417 2953 3468 falso
2976 3417 3224 3482 appellare
3247 3421 3480 3470 solemus.

2257 3547 2461 3600 Savaro
2483 3546 2535 3598 in
2558 3543 2862 3610 Sidonium,
2895 3559 3012 3612 pag.
3038 3544 3165 3611 470,
3201 3545 3350 3614 plura
3380 3547 3430 3599 in
3461 3561 3585 3600 eam
3621 3559 3829 3603 senten-

2261 3618 2385 3670 tiam
2419 3615 2575 3668 all'ert
2611 3616 2675 3668 ad
2698 3615 2868 3688 verba
2891 3615 3095 3688 Sidonii
3124 3633 3136 3666 :
3170 3616 3297 3688 Qum
3327 3618 3454 3669 bona
3503 3620 3680 3673 stultis
3711 3618 3832 3688 falso

2257 3696 2521 3749 vocantur,
2550 3695 2604 3740 et
2647 3685 2714 3739 ad
2761 3685 2960 3739 verba:
2993 3685 3052 3740 Si
3081 3687 3202 3754 quid
3240 3688 3471 3756 agimus,
3505 3685 3757 3755 notrum,
3799 3691 3836 3741 si

2257 3759 2382 3824 quid
2402 3756 2665 3820 habemus,
2698 3757 2923 3809 alienum
2943 3764 3039 3809 est.

2329 3831 2417 3884 50.
2453 3826 2555 3882 Alii
2608 3826 2801 3896 glossa:
2852 3826 3228 3896 etymologiam
3271 3843 3374 3882 non
3425 3830 3745 3896 admittunt,
3786 3840 3832 3884 et

2261 3900 2403 3952 deleo
2420 3902 2667 3965 componi
2697 3898 2843 3950 aiunt
2870 3911 2900 3948 a
2924 3897 3091 3950 verbo
3108 3897 3239 3958 oleo,
3263 3899 3336 3951 uti
3365 3899 3540 3958 aboleo
3561 3912 3620 3955 et
3647 3903 3829 3956 exolco.

2261 3969 2392 4024 Vide
2421 3969 2741 4023 Becmanum
2771 3967 2839 4020 de
2861 3968 3006 4035 Orig.
3043 3966 3168 4036 Iing.
3191 3967 3307 4020 Lat.
3336 3969 3440 4023 Pro
3461 3971 3514 4022 id
3540 3983 3622 4025 est
3653 3974 3703 4024 in
3736 3973 3836 4034 Pr.,

2261 4049 2311 4093 et
2334 4042 2451 4093 llat.
2484 4038 2635 4104 idem,
2663 4039 2817 4091 male.
2834 4037 3027 4110 Melior
3056 4049 3135 4092 est
3158 4039 3313 4092 lectio
3337 4042 3498 4108 Λιιε.ν
3525 4042 3720 4110 fuerim
3749 4058 3837 4110 pro

2259 4113 2474 4177 fueram,
2507 4125 2662 4176 quam
2706 4109 3077 4176 amplecterer,
3123 4110 3222 4163 nisi
3270 4109 3600 4166 vetusuores
3632 4109 3840 4167 codices

2261 4179 2627 4234 dissentirent.

2332 4250 2420 4303 5|.
2449 4251 2616 4304 lsonis
2634 4249 3127 4317 interpretationem
3155 4259 3299 4304 tenet
3321 4249 3720 4307 Nebrissensis.
3746 4253 3843 4306 Sed

2260 4334 2418 4372 verus
2471 4335 2659 4374 sensus
2697 4328 2816 4374 est:
2850 4318 2991 4371 Dicet
3024 4322 3150 4374 mihi
3190 4323 3411 4389 aliquis:
3449 4321 3734 4388 Prudenti,
3777 4324 3843 4376 vel

2257 4389 2483 4462 quisquis
2524 4407 2599 4462 es.
2634 4390 2924 4462 Martianus
2960 4391 3201 4459 Capella,
3243 4393 3334 4447 lib.
3363 4408 3479 4459 vni,
3525 4396 3694 4458 paulo
3736 4403 3843 4462 post

2259 4457 2468 4512 initium
2502 4478 2512 4511 :
2547 4460 2646 4513 Nar
2678 4471 2753 4526 tu,
2783 4464 2874 4524 ait,
2905 4457 3109 4530 infelix,
3142 4461 3216 4513 vel
3239 4457 3474 4530 Capella,»
3499 4457 3578 4518 vel
3619 4457 3842 4534 quisquis

2258 4546 2330 4592 es,
2361 4539 2464 4584 t'lC.

2330 4601 2417 4673 52.
2447 4601 2612 4654 Verba
2657 4599 2785 4673 inec
2819 4612 2942 4656 sunt
2987 4602 3308 4671 alloquentis
3339 4602 3697 4658 Prudentium
3733 4616 3844 4673 post

2257 4670 2464 4744 obitum
2479 4713 2500 4744 ,Α
2525 4673 2637 4723 Non
2667 4671 2826 4725 audio
2848 4674 3164 4735 Giselinum,
3193 4673 3280 4740 qui
3311 4673 3601 4742 enallagen
3640 4670 3844 4744 tenipo-

2256 4741 2328 4793 ris
2360 4743 2460 4794 hoc
2491 4741 2605 4795 loco
2635 4743 2871 4809 agnoscit
2906 4744 3128 4810 perdidit
3158 4757 3251 4808 pro
3276 4743 3468 4810 perdel,
3501 4741 3729 4802 amittet.

2445 4813 2497 4884 lu
2529 4812 2611 4884 Pr.
2641 4827 2735 4880 pro
2767 4814 2963 4865 studuit
3006 4823 3086 4868 est
3127 4814 3314 4884 ﬂuunt,
3340 4813 3502 4868 male.
3546 4814 3719 4884 Cujus
3766 4817 3844 4869 vel

2257 4892 2339 4933 est
2368 4882 2722 4946 llellenismns
2748 4884 2797 4936 in
2823 4898 2947 4937 casu
2978 4881 3227 4951 gignendi
3257 4898 3403 4952 proa
3431 4900 3532 4952 quo
3551 4881 3841 4947 habebitis,

2255 4953 2334 5006 vel
2371 4961 2453 5006 est
2498 4955 2801 5026 nominandi
2833 4969 3034 5026 casus,
3056 4963 3114 5006 ut
3161 4955 3298 5022 apud
3330 4954 3639 5026 Virgilium
3673 4959 3842 5026 cujum

2254 5040 2423 5092 pecus,
2458 5025 2596 5092 qued
2624 5025 2854 5092 maligne
2877 5025 3071 5091 aliquis
3104 5026 3306 5077 natavit
3328 5024 3427 5078 hac
3460 5026 3696 5093 parodia
3726 5048 3737 5078 :

2316 5135 2403 5183 Dic.
2429 5135 2562 5193 mihi,
2592 5135 2824 5196 Damoeta,
2860 5135 3017 5195 cujum
3044 5134 3229 5196 pecus?
3255 5148 3382 5184 anne
3409 5136 3644 5187 Latinum
3669 5142 3690 5188 ’ἓ

2315 5197 2416 5244 Non
2441 5213 2452 5256 ;
2496 5209 2659 5244 verum
2687 5195 2886 5258 Aigonis
2909 5212 2918 5245 :
2946 5195 3097 5247 nostri
3124 5202 3192 5246 sic
3217 5210 3336 5246 rure
3363 5196 3656 5262 loquuntur.

2251 5323 2435 5378 Cicero
2458 5323 2613 5376 etiam
2647 5322 2697 5376 in
2727 5321 2848 5378 Ver.
2885 5333 3022 5377 orat.
3052 5324 3136 5388 15,
3165 5322 3295 5391 Cuja
3318 5340 3417 5376 res.
3446 5324 3674 5379 Plautus
3703 5343 3843 5393 sa-pe

2251 5396 2490 5456 adhibet,
2514 5402 2652 5459 cnja,
2683 5394 2833 5464 cujte,
2858 5398 3052 5464 cujum.
3079 5393 3211 5446 Vide
3231 5394 3382 5447 Com.
3406 5393 3582 5447 Servii
3612 5397 3669 5450 in
3700 5397 3738 5450 V
3765 5414 3839 5463 ig.

2252 5466 2432 5534 lic-Iug.
2468 5466 2519 5527 5,
2564 5474 2616 5516 et
2645 5464 2888 5517 Vossium
2920 5466 2986 5518 de
3017 5465 3166 5518 Vitiis
3193 5477 3358 5516 serm.
3402 5478 3520 5530 cap.
3561 5467 3627 5531 Ι,
3668 5469 3762 5520 lib.
3805 5483 3841 5519 t.

2251 5534 2304 5588 Si
2336 5533 2598 5600 intelligas
2623 5539 2916 5606 essetnjus
2951 5536 3001 5587 in
3032 5533 3283 5606 gignendi
3323 5548 3472 5606 casu,
3505 5535 3843 5590 Grmcismus

2250 5619 2324 5657 cst
2359 5605 2546 5657 similis
2576 5605 2695 5656 huic
2736 5603 2950 5659 Juvcnci
2999 5603 3088 5658 lib.
3123 5620 3212 5657 tv:
3251 5603 3614 5672 dominantur.
3639 5624 3844 5672 eorum,

2249 5655 2711 5743 pliras’inexrsacris
2742 5655 2956 5728 magis
2979 5655 3161 5741 petiti.
3203 5655 3212 5657 ἡ
3530 5655 3614 5696 θ’

2318 5746 2403 5798 Si.
2455 5745 2734 5806 Sapientes
2792 5747 2886 5797 viri
2916 5761 3034 5799 cum
3083 5745 3148 5799 ad
3179 5754 3511 5802 senectutem
3539 5749 3848 5807 accedunt.
