3970 6326
190 331 296 388 775

193 444 261 499 35
362 444 638 501 Peccatrix
667 449 843 502 anima
871 450 1152 503 stultitiam
1186 459 1343 504 exuat
1371 469 1382 502 :

359 537 559 592 Saltem
591 556 723 594 voce
766 542 930 594 Dentri
964 543 1338 607 concelebret,
1371 544 1413 598 si
1447 545 1651 599 meritis
1674 533 1772 604 ne-

1135 710 1140 713 _
1218 690 1235 711 ‘
1545 638 1700 709 [quit.

427 722 653 792 Hymnis
690 724 971 778 continuet
1002 727 1136 790 dies,

359 818 515 889 232
532 817 640 871 Nec
664 835 766 871 nox
794 819 897 871 ulla
927 831 1095 886 vacet,
1120 822 1243 889 quin
1271 821 1552 876 Dominum
1578 834 1732 877 canat
1760 841 1773 877 :

1612 339 2023 398 PROOEMIUM.

3355 355 3456 407 ΤΗ

1804 461 1855 519 Α
2064 456 2269 528 Pugnet
2313 468 2496 515 contra
2550 461 2790 529 hereses,
2847 463 3166 520 catholicam
3217 469 3462 524 discutiat

1880 547 1949 603 40
2130 550 2423 607 Conculcet
2451 567 2601 608 sacra
2631 555 2865 623 gentium
2887 596 2899 620 ,
3249 559 3457 629 “idem.

2060 641 2280 707 Labem,
2310 643 2502 709 Roma,
2537 644 2640 699 tuis
2674 643 2870 699 inferat
2895 644 3088 700 idolis:

2061 732 2288 789 Carmen
2346 735 2668 807 martyribus
2738 737 3028 804 devoveat,
3097 739 3272 795 laudet
3326 757 3460 810 apo-

3162 832 3178 903 l
3199 833 3382 887 stolos.

1506 933 1791 989 GLOb'SxE
1835 933 2170 992 VETERES.

251 1041 338 1096 55.
374 1043 562 1103 Exuat,
597 1001 825 1110 objiciet,
863 1039 902 1093 I.

251 1113 338 1166 56.
374 1114 747 1174 Concelebrct,
781 1112 976 1174 laudet,
1004 1111 1042 1164 Ι.

237 1183 344 1306 ⁸ᾇ7.
378 1183 598 1253 Hymnis
621 1226 632 1244 ,
691 1182 966 1248 laudibus,
1005 1185 1040 1234 l.
1082 1212 1152 1224 —-
1185 1183 1325 1247 Dies,
1369 1185 1586 1253 pluralis
1619 1201 1771 1238 accu-

183 1270 233 1306 sa
258 1271 388 1306 truc.

1947 1046 2035 1098 58.
2059 1046 2248 1112 Canat,
2284 1047 2477 1110 laudet,
2512 1047 2550 1100 l.

1945 1118 2033 1172 39.
2075 1117 2348 1180 Discutiat,
2376 1117 2621 1182 inquirat,
2656 1117 2694 1171 l.

2068 1186 2254 1260 ξρετε,
2279 1187 2418 1260 idola
2440 1187 2705 1260 despiciat,
2734 1189 2770 1242 Ι.

1953 1256 2036 1310 Η.
2068 1257 2256 1325 lioma,
2289 1274 2317 1309 ο
2349 1256 2538 1323 Roma,
2564 1258 2667 1314 lso.

1537 1395 2094 1470 COMMENTARHJS.

181 1503 414 1575 sarcinas
443 1502 718 1570 Colligttnl,
748 1519 911 1573 seque
931 1505 996 1558 ad
1021 1506 1241 1560 alteram
1273 1507 1432 1560 vitam
1462 1516 1760 1575 prmparant

181 1573 485 1641 diligentius
519 1591 531 1624 :
571 1576 710 1640 quod
747 1578 1074 1644 prepositunt
1122 1578 1312 1632 litteris
1360 1573 1534 1632 solent
1579 1573 1756 1632 consi-

180 1659 362 1711 gnarc,
389 1645 433 1696 si
460 1643 580 1711 quid
622 1644 674 1698 in
707 1643 896 1713 vulgus
925 1657 1050 1700 tunc
1080 1647 1266 1702 edunt.
1304 1647 1488 1709 Varro,
1515 1650 1756 1712 quamvis

182 1714 446 1778 ethnicus,
473 1715 570 1766 hoc
602 1732 724 1768 IISII,‘
751 1727 830 1768 est
854 1717 1076 1769 exordio
1101 1719 1151 1772 in
1179 1718 1267 1771 lib.
1300 1734 1312 1770 I
1336 1719 1402 1771 de
1423 1718 1498 1770 Ite
1524 1723 1752 1772 rustica:

177 1784 433 1855 Cogitansy
461 1802 563 1837 esse
610 1787 1012 1854 properandum,
1055 1788 1190 1855 quod
1210 1829 1224 1849 ,
1256 1799 1307 1840 ut
1338 1790 1544 1847 dicitur.
1589 1791 1630 1842 si
1684 1799 1758 1841 est

179 1855 316 1908 homo
344 1853 514 1917 bulla,
565 1873 621 1907 eo
651 1853 812 1927 magis
853 1873 1022 1912 senes.
1054 1853 1226 1910 Annus
1257 1859 1390 1910 enim
1420 1860 1756 1923 octogesimus

177 1927 431 1998 admonet,
468 1937 520 1976 ut
552 1927 778 1998 sarcinas
806 1929 1044 1998 colligata
1076 1939 1192 1998 ante
1223 1945 1373 1995 quam
1409 1929 1703 1995 proficiscar
1730 1945 1757 1980 e

176 1997 287 2065 rita.
334 1995 649 2048 Vincentius
674 1995 963 2051 Lirinensis
989 1999 1038 2052 iit
1084 1997 1346 2065 principio
1386 1998 1709 2055 Commonit.
1743 2018 1752 2050 :

180 2064 412 2134 Tempus,
454 2078 722 2131 prop'erea
755 2071 890 2133 quod
909 2085 1025 2120 cum
1046 2069 1108 2120 ab
1139 2086 1196 2121 eo
1219 2064 1387 2121 omnia
1417 2069 1644 2122 humana
1668 2085 1755 2120 ra-

177 2140 396 2201 piantur,
432 2145 478 2187 et
516 2153 608 2189 nos
643 2154 705 2190 ex
727 2155 784 2199 ro
816 2139 1012 2206 aliquid
1048 2140 1256 2191 invicem
1283 2156 1458 2207 rapere
1495 2140 1751 2200 debemus,

175 2207 296 2270 quod
332 2208 384 2258 in
441 2207 593 2258 vitam
645 2209 877 2275 proﬁciat
922 2219 1231 2278 arternam...
1284 2209 1482 2278 Quippe
1521 2226 1632 2262 cum
1661 2211 1756 2260 ali-

175 2278 390 2342 quandiu
428 2279 582 2328 variis
611 2295 670 2329 ac
699 2279 922 2332 tristibus
945 2277 1207 2332 smcularis
1232 2277 1430 2332 militiai
1468 2279 1755 2332 turbinibus

175 2350 552 2400 volt-erctum...
597 2349 837 2413 depositis
875 2349 1141 2414 vanitatis,
1179 2365 1238 2400 ac
1263 2349 1512 2417 superbire
1548 2349 1756 2416 ﬂatibus

175 2417 480 2488 (lhriztiance
511 2419 812 2471 humilitatis
849 2420 1102 2488 sacriﬁcio
1131 2425 1388 2487 placantes
1424 2420 1604 2488 Deum,
1648 2429 1750 2473 etc.

173 2487 437 2550 Sidonius,
474 2491 631 2555 epist.
665 2490 749 2551 16,
783 2489 872 2543 lib.
907 2487 994 2542 is:

345 2703 473 2764 Nam
497 2705 766 2751 senectutis
793 2706 1017 2764 prepiore
1051 2712 1196 2763 meta,

345 2763 595 2824 Quidquid
615 2766 854 2813 extremis
873 2763 1108 2813 Sociamnr
1134 2767 1289 2823 annis,

347 2826 472 2872 l’lus
495 2827 667 2886 pudet,
691 2828 731 2872 si
757 2827 867 2885 quid
895 2825 1004 2874 leve
1033 2828 1144 2875 lusit
1169 2834 1306 2885 aetas,

512 2887 648 2935 Nunc
685 2889 950 2936 reminisci.

345 2949 493 3003 Quod
519 2949 903 3011 perhorrescens
930 2951 987 2998 ad
1011 2949 1320 3011 epistularum

344 3011 508 3058 Trans
532 3010 598 3057 uli
618 3012 796 3057 cultum
824 3024 982 3068 genus
1005 3025 1150 3059 omne
1177 3027 1325 3070 ειη-έν,

341 3072 418 3122 Ne
442 3084 564 3122 reus
584 3080 726 3123 cantu
750 3070 1078 3133 petulantiore

518 3134 616 3182 Sim
644 3147 760 3180 rens
790 3142 953 3182 actu...

347 3197 735 3243 Persecutonm
770 3198 857 3242 nisi
884 3198 1178 3255 qnzrstiones

347 3257 573 3305 Forsitan
600 3259 772 3313 dicam,
801 3259 1098 3318 meritisque
1132 3261 1306 3306 cmlntn

344 3319 606 3379 martyres,
634 3321 806 3365 uuirtis
829 3322 985 3378 pretio
1014 3333 1206 3379 parasse

515 3379 719 3427 Praemia
759 3382 884 3429 vitae.

239 3592 322 3645 55.
360 3590 476 3645 Vox
512 3589 768 3658 peccatrix
797 3603 825 3640 a
857 3588 1185 3660 Tertulliano
1232 3589 1511 3660 adhibetur
1541 3607 1659 3660 cap.
1695 3592 1758 3645 15

176 3663 236 3715 de
261 3657 575 3716 ResurreCt.
614 3660 792 3713 carnis
828 3677 839 3712 :
881 3657 1013 3712 Caro
1052 3661 1324 3730 peccatri.r.
1362 3659 1474 3712 Vox
1519 3657 1753 3730 peccator

177 3733 601 3798 frequentissima
651 3738 734 3782 est
762 3731 811 3782 in
859 3729 1118 3791 Ecclesia,
1165 3730 1301 3799 apud
1341 3729 1592 3799 profanos
1641 3747 1745 3784 non

175 3803 318 3926 gcile
363 3802 692 3925 rgperietur.
742 3799 940 3854 Exuere
987 3801 1278 3866 stultitiam,
1331 3809 1385 3855 tit
1425 3802 1561 3870 apud
1610 3801 1749 3870 Virg.

224 3888 364 3926 θοι-ει.
458 3891 467 3922 :

224 3888 364 3942 eorg.
395 3876 430 3925 2
458 3891 467 3922 :

382 4004 642 4053 Exuerent
667 4002 942 4051 silvestrem
968 4003 1196 4050 animum.

239 4172 327 4228 56.
357 4172 514 4240 Quod
550 4171 719 4236 addit,
749 4175 791 4221 si
819 4171 1008 4222 meritis
1033 4173 1225 4240 nequit,
1261 4169 1498 4238 intellige
1537 4169 1605 4240 de
1635 4171 1752 4224 aliis

176 4238 420 4312 operibus
461 4243 714 4302 heroicis,
745 4242 862 4312 sive
891 4238 1278 4312 excellentibus
1315 4256 1325 4289 :
1362 4255 1484 4293 nam
1536 4239 1752 4294 laudare

179 4311 352 4377 Deum,
377 4327 512 4375 (ξιιμ,
541 4314 582 4364 si
619 4322 762 4365 recte
792 4311 900 4372 ﬁat,
935 4311 1126 4364 merito
1150 4325 1253 4363 non
1284 4320 1459 4364 vacat.

243 4387 325 4438 57.
359 4385 430 4438 De
473 4383 846 4449 antiquissima
889 4380 1313 4434 Christianorum
1363 4381 1750 4435 consuetudine

186 4455 409 4525 hymnos
436 4455 527 4508 die
552 4464 817 4525 noctuque
842 4450 1164 4525 concinendi
1189 4465 1250 4504 ex
1282 4449 1478 4525 Christi
1504 4455 1749 4525 exemplo

179 4520 235 4578 et'
260 4525 557 4592 apostolica
590 4523 877 4592 traditione
899 4521 982 4590 egi
1013 4521 1248 4590 pluribus
1292 4520 1344 4574 in
1365 4520 1748 4592 dissertatione

177 4591 416 4662 peculiari
437 4594 748 4662 Ilymnodia:
777 4591 1065 4661 Hispanico:
1089 4593 1299 4660 praeﬁxa
1319 4611 1330 4644 :
1351 4591 1425 4645 De
1445 4592 1645 4660 hymnis
1669 4610 1748 4646 ec-

179 4669 492 4728 clesiasticis,
539 4681 606 4716 eo.
627 4680 808 4730 uritque.
838 4664 1148 4715 correctione
1169 4703 1180 4724 ,
1227 4674 1378 4731 atque
1409 4665 1598 4730 optimo
1629 4682 1745 4717 con-

181 4738 457 4788 stitutione.

243 4809 324 4859 58.
388 4803 503 4860 [loc
556 4815 607 4856 et
648 4804 909 4870 superiori
959 4819 1114 4854 versu
1147 4803 1278 4856 liber
1325 4803 1747 4858 Cttlltelltel‘ittmll

180 4879 517 4944 exprimitur,
547 4891 653 4942 quo
685 4875 864 4942 hymni
900 4890 995 4942 per
1023 4873 1055 4926 d
1080 4888 1186 4934 em,
1215 4884 1532 4941 noctemth
1556 4875 1744 4930 decan-

178 4949 310 5001 tandi
350 4946 899 5010 comprehenduntur.
934 4944 1110 5008 Quare
1155 4959 1257 4998 non
1291 4953 1434 4998 recte
1470 4945 1614 5008 [tatu
1654 4963 1748 4998 νοπ-

179 5019 277 5069 ulla
303 5035 398 5084 pro
427 5033 530 5068 ηοω
561 5015 689 5068 ulla.

244 5083 327 5140 59.
356 5088 409 5141 In
444 5087 541 5152 Eg.
569 5095 738 5154 puget,
763 5083 1038 5146 mendose.
1066 5096 1161 5149 pro
1189 5095 1399 5154 pugnet.
1424 5085 1637 5138 Teolius
1663 5085 1747 5138 hic

180 5166 316 5211 notat
336 5177 348 5209 ;
369 5171 619 5212 urnases,
655 5155 817 5207 media
844 5154 1092 5222 producto
1119 5174 1128 5205 :
1164 5155 1326 5208 voluit
1357 5155 1556 5213 dicere,
1584 5158 1746 5223 prima

177 5238 417 5296 correpta.
474 5226 762 5292 Apotlteosi
803 5234 856 5278 et
899 5225 1307 5293 llan‘larligenite
1354 5227 1602 5278 convenit
1650 5244 1743 5291 pu-

175 5314 319 5364 gnare
356 5307 536 5349 contra
569 5297 814 5358 ha’reaes,
847 5306 892 5347 et
939 5297 1241 5348 cat‘.olicam
1273 5298 1520 5348 discuti-rc
1550 5296 1699 5362 [idem
1733 5315 1742 5346 :

175 5370 411 5423 convenit
442 5369 602 5420 etiam
639 5365 1090 5434 Psychomachim,
1135 5382 1240 5431 quo
1273 5371 1320 5419 in
1365 5376 1608 5431 poemate
1639 5367 1744 5433 pri-

173 5453 275 5489 mas
299 5449 478 5505 partes
511 5440 613 5505 agit
644 5437 775 5489 ίῘίΙθὸ
797 5435 1052 5488 catholica
1078 5445 1262 5490 contra
1289 5436 1449 5498 idola,
1475 5447 1526 5486 et
1569 5439 1739 5489 lia-re-

166 5508 271 5570 sin;
303 5515 356 5562 et
387 5515 546 5574 poeta
580 5509 853 5573 impugnat
884 5507 1163 5559 Ιιιιιτριὶίευδ
1195 5507 1559 5569 l’ltotittianos,
1591 5507 1739 5558 Auti-

167 5578 615 5639 dieomarianitas,
651 5579 774 5629 item
803 5577 1176 5642 Ct‘trpotratent
1197 5619 1208 5640 ,
1243 5579 1320 5632 Eb
1341 5593 1520 5641 onem,
1552 5578 1737 5630 Cerin-

172 5650 336 5708 thunt,
360 5657 415 5700 et
435 5645 819 5699 'l‘erlullianum
839 5687 851 5708 ,
886 5657 940 5699 ut
961 5661 1025 5699 ex
1043 5647 1411 5700 illtautillardo
1435 5645 1738 5700 notabimus

167 5718 225 5771 ad
274 5733 411 5772 vers.
453 5716 1000 5785 791’δ)’ρ1ιοιιι;ιοῑιὶω.
1050 5716 1240 5782 Quidni
1296 5718 1434 5768 idem
1479 5717 1621 5769 dica.
1671 5718 1735 5770 de

159 5789 473 5847 Dittocluro,
513 5788 656 5854 quod
683 5795 876 5853 exstat,
911 5795 962 5841 et
991 5787 1057 5842 de
1086 5789 1442 5852 llexacmero,
1476 5787 1614 5856 quod
1645 5789 1736 5841 de-

1863 1507 2168 1562 sideratur?
2194 1507 2380 1561 Nonne
2412 1506 2513 1560 hoc
2537 1508 2830 1562 carminum
2860 1522 3057 1576 genere
3089 1509 3221 1567 lldes
3259 1514 3443 1570 catho-

1867 1578 1962 1630 lica
1997 1577 2310 1630 discutitur?
2341 1576 2597 1630 Disctttere
2642 1587 2727 1632 est
2756 1579 3082 1640 examinare,
3115 1580 3167 1634 in
3197 1584 3438 1641 ordinem

1861 1643 2125 1716 (ingerere,
2161 1648 2447 1709 illustrare,
2484 1658 2539 1700 ut
2567 1663 2633 1700 ex
2667 1647 2765 1700 hoc
2791 1648 3062 1702 Prudentii
3098 1649 3216 1704 loco
3245 1653 3436 1708 obser-

1862 1729 1950 1770 νη
1983 1717 2233 1791 tiarthius
2258 1718 2349 1791 lib.
2383 1732 2507 1770 ιλιι
2559 1717 2733 1791 Adin,
2769 1732 2885 1791 cap.
2933 1717 2985 1769 5.
3022 1717 3353 1791 Forcellinus
3387 1725 3439 1778 in

1864 1803 1960 1842 suo
1990 1787 2405 1854 locupletissimo
2437 1787 2771 1841 vocabulario
2801 1789 2973 1842 solum
3007 1790 3216 1856 agnovit
3241 1792 3443 1849 discus-

1863 1875 1934 1922 so,
1969 1859 2244 1920 discussor,
2269 1857 2536 1922 discussio,
2566 1857 2756 1925 quibus
2779 1865 2956 1912 tamen
2978 1857 3030 1912 in
3053 1858 3230 1915 verbis
3255 1872 3438 1920 aucto-

1863 1943 1947 1982 res
1981 1927 2266 1982 Prudentio
2299 1927 2547 1984 meliores
2578 1943 2681 1982 non
2711 1927 2972 1994 producit.
3004 1928 3060 1982 ln
3082 1930 3204 1985 cod.
3227 1930 3429 1994 Theod.

1863 2000 1945 2051 tit.
1978 1997 2044 2050 de
2079 1995 2479 2051 Discussoribus
2511 2012 2616 2050 non
2647 1997 2815 2050 semel
2835 1996 2934 2051 hoc
2965 1998 3186 2053 verbum
3219 2003 3436 2057 discutio

1860 2067 2121 2130 occurrit;
2170 2068 2317 2137 quod
2351 2066 2495 2137 alibi
2517 2066 2674 2121 etiam
2708 2067 3026 2122 Prudentius
3061 2071 3325 2137 repetivit.
3362 2074 3436 2128 De

1861 2138 2220 2208 appellatione
2249 2136 2368 2203 ﬁdei
2395 2135 2656 2208 catholica:
2682 2137 2799 2208 vide
2817 2137 2878 2208 in
2912 2135 3301 2208 prolegfcapnt
3335 2143 3426 2196 2t.

1930 2209 2016 2282 lit).
2053 2207 2181 2282 lloc,
2212 2217 2265 2282 et
2315 2206 2558 2275 sequenti
2590 2222 2742 2262 versu
2775 2206 2890 2262 libri
2920 2207 3026 2264 duo
3047 2206 3235 2264 eontra
3275 2210 3430 2282 Sym-

1861 2279 2106 2331 machum
2140 2278 2461 2332 indicantur.

1930 2349 2018 2401 .tl.
2072 2347 2230 2402 Labes
2267 2347 2480 2418 proprie
2526 2356 2606 2401 est
2649 2346 2924 2415 damnum,
2974 2348 3266 2418 pernicies,
3309 2350 3434 2408 hinc

1861 2419 1995 2480 laba,
2027 2435 2104 2480 as,
2139 2429 2189 2470 nl
2218 2417 2431 2487 quidam
2459 2425 2667 2487 putant,
2702 2428 2754 2471 et
2782 2417 2942 2484 labor,
2977 2417 3098 2474 eris.
3131 2419 3314 2475 Labem
3346 2425 3432 2477 in-

1861 2491 1992 2554 ferre
2021 2489 2226 2559 integris
2243 2486 2522 2559 Ciceronis
2549 2497 2630 2542 est
2661 2502 2754 2555 pro
2786 2488 2977 2551 lelo,
3010 2504 3128 2559 pag.
3158 2490 3247 2552 46.
3274 2491 3429 2550 Νοιίο

1861 2558 2223 2614 ecclesiastica
2257 2558 2381 2611 idoli
2403 2568 2485 2612 est
2508 2573 2604 2626 pro
2626 2560 2986 2614 commentitio
3011 2558 3138 2614 Deo.

1929 2628 2018 2681 4'2.
2045 2629 2201 2682 Liber
2234 2627 2657 2698 Pcristephaucan
2707 2627 2808 2682 hoc
2840 2643 2996 2684 versu
3027 2629 3330 2698 denotatur,
3376 2635 3428 2690 in

1860 2699 2012 2766 etijus
2044 2701 2241 2770 hymno
2275 2699 2338 2752 12
2367 2697 2668 2770 celebratur
2689 2699 2866 2767 passio
2893 2701 3254 2767 apostolorum
3285 2697 3426 2760 l'etri

1823 2814 1834 2818 _
1861 2778 1913 2822 et
1940 2766 2101 2822 Pauli.
2129 2769 2358 2823 Observa
2393 2766 2732 2821 Prudentium
2773 2766 2950 2838 neque
2981 2772 3304 2837 nominasse,
3337 2789 3427 2829 ne-

1777 4561 1830 4620 D

1861 2855 1961 2906 que
2047 2839 2326 2912 laudasse__
2371 2847 2584 2892 sanctos
2658 2837 3022 2912 confessores,
3108 2841 3230 2912 quia
3313 2843 3429 2912 ejus

1862 2917 2015 2961 :rtate
2089 2909 2168 2978 vel
2229 2908 2328 2961 soli
2381 2909 2799 2978 martyres,7vel
2851 2908 2902 2961 hi
2963 2911 3224 2978 praecipue
3288 2908 3427 2970 cele-

1864 2977 2173 3033 brabantur.
2222 2978 2383 3031 Multo
2410 2987 2529 3044 post
2569 2977 2912 3031 Prudentium
2955 2993 3094 3031 anno
3125 2977 3227 3033 6'52
3253 2984 3426 3038 solum
3486 3009 3490 3014 -

1863 3048 2039 3120 hymni
2071 3052 2120 3104 in
2150 3048 2357 3103 Iaudem
2401 3049 2512 3109 Dei,
2565 3047 2922 3120 apostolorum
2954 3056 3007 3102 et
3036 3059 3325 3120 martyrum
3366 3053 3420 3106 in

1861 3117 2053 3172 eoucil.
2111 3120 2282 3172 'l‘olet.
2341 3134 2413 3182 tv,
2468 3133 2589 3171 can.
2639 3117 2726 3176 1'5.
2776 3128 3138 3172 memorantur
3168 3117 3189 3172 ε’
3213 3118 3280 3173 Et
3309 3124 3428 3187 quia

1783 3183 1829 3244 C
1864 3190 2096 3243 nonnulli
2126 3189 2300 3260 hynmi
2331 3191 2548 3241 humano
2574 3188 2751 3262 stud-io
2787 3189 2839 3240 in
2865 3190 3086 3262 laudem
3137 3189 3248 3253 Dei,
3282 3183 3428 3262 alque

1868 3258 2211 3328 apostolorum
2268 3270 2311 3313 et
2357 3269 2643 3330 martyrum
2687 3258 2964 3330 triumphos
3016 3262 3277 3330 compositi
3325 3258 3430 3317 esse

1869 3343 2164 3392 noscuntur,
2204 3332 2331 3383 sicut
2373 3331 2423 3382 hi
2461 3346 2586 3398 quos
2629 3329 2895 3382 beatissimi
2926 3329 3151 3383 doctores
3194 3329 3430 3388 Hilarius

1865 3413 2016 3473 atque
2045 3399 2652 3473 Ainbrosiusiediderunt,
2679 3408 2782 3454 etc.
2809 3398 2866 3454 S.
2884 3400 3187 3473 ,Gregorins
3209 3401 3428 3473 Magnus

1867 3469 2166 3526 in'decreto
2195 3469 2407 3526 concilii
2439 3471 2658 3524 Romani
2701 3484 2840 3523 anno
2881 3471 2981 3525 597
3019 3469 3242 3539 plebem
3273 3469 3428 3528 e'o-cro

1865 3557 2013 3605 cens,
2045 3558 2163 3611 qua:
2210 3541 2475 3594 Romanos
2508 3541 2780 3607 pontiﬁces
2809 3554 3006 3611 recens
3026 3541 3304 3611 defunctos
3334 3560 3427 3597 ve-

1867 3609 2141 3666 neratione
2185 3611 2335 3664 facile
2367 3612 2803 3676 prosequebatur,
2844 3610 2957 3664 hcce
2997 3610 3191 3663 habet:
3226 3609 3426 3665 Etcum

1863 3683 2030 3735 adsint
2052 3683 2248 3732 mulina
2265 3681 2416 3734 sacris
2435 3682 2723 3748 corporibus
2743 3680 3109 3748 apostolorum,
3124 3689 3425 3747 martyrum-

1861 3769 1956 3821 qne
1979 3752 2243 3816 velamina,
2287 3769 2316 3803 a
2342 3760 2655 3817 peccatorum
2683 3755 2891 3821 corpore
2917 3750 3153 3821 sumitur,
3177 3750 3313 3821 quod
3334 3768 3426 3821 pro

1861 3818 2046 3891 magna
2078 3822 2345 3874 reverentia
2376 3833 2677 3872 reserratur.
2714 3818 3071 3891 Nihilominus
3102 3819 3301 3891 cultum
3331 3818 3425 3888 pu-

1862 3888 2054 3945 blicum
2101 3892 2465 3945 conl'essorntn
2497 3891 2688 3941 sa'culo
2721 3905 2770 3944 tv
2811 3888 3038 3955 C(Bpisse
3087 3889 3421 3952 capioratnnt

1859 3972 1940 4016 est
1971 3980 1984 4018 :
2017 3971 2068 4016 et
2094 3958 2335 4028 quamvis
2376 3960 2434 4014 S.
2463 3958 2713 4012 Maltinus
2744 3958 2941 4028 primus
2991 3959 3211 4012 fortasse
3269 3959 3424 4015 interit

1858 4035 1945 4099 qui
1979 4031 2283 4086 solemniori
2322 4030 2453 4084 festo
2481 4039 2533 4083 et
2574 4029 2748 4084 ol'lieio
2771 4029 3134 4083 ecclesiastico
3167 4031 3215 4082 in
3247 4029 3418 4083 diver-

1859 4103 1932 4155 sis
1957 4102 2276 4156 ditecesibus
2305 4110 2359 4153 et
2389 4099 2693 4168 regioiiibus
2715 4100 2912 4154 cultum
2959 4099 3270 4160 obtinuerit,
3302 4114 3423 4155 ante

1858 4187 1978 4226 eum
2005 4183 2179 4226 tamen
2219 4171 2425 4239 aliquos
2451 4171 2784 4224 confessores
2826 4169 3028 4226 honore
3054 4169 3263 4238 publico
3305 4173 3424 4224 reli-

1856 4242 2007 4310 gioso
2039 4244 2201 4297 fuisse
2230 4242 2508 4310 decoratos
2536 4255 2631 4310 pro
2673 4251 2821 4296 certo
2850 4239 3038 4295 habeo.
3070 4240 3125 4296 S.
3163 4241 3423 4309 llicrouy-

1858 4309 1975 4366 inus
2025 4315 2074 4366 iu
2111 4314 2222 4367 Vita
2257 4313 2312 4368 S.
2349 4309 2632 4368 llilarionis
2681 4314 2862 4378 refert,
2899 4311 3119 4380 jussisse
3149 4310 3205 4364 S.
3255 4316 3417 4363 Auto-

1857 4386 2002 4438 nium
2048 4385 2096 4437 in
2129 4384 2246 4438 loco
2293 4384 2474 4454 ignoto
2516 4397 2668 4436 suum
2696 4396 2896 4454 7c0rpus
2937 4382 3178 4451 sepeliri,
3207 4397 3272 4454 ne
3299 4381 3423 4436 l’er-

1855 4456 2074 4523 yamius,
2104 4457 2191 4523 qui
2241 4455 2294 4508 in
2324 4453 2448 4508 illis
2497 4453 2621 4507 locis
2651 4453 2926 4506 ditissmus
2975 4463 3100 4516 erat,
3130 4453 3329 4505 sublato
3359 4456 3424 4504 ad

1855 4527 2030 4578 villam
2080 4542 2222 4578 suam
2262 4527 2422 4578 sancti
2466 4539 2677 4590 corpore
2728 4539 3028 4577 MAR’M’RIUH
3065 4523 3417 4588 fabricat-erm.

1852 4592 1957 4649 Cur
1984 4597 2075 4661 ita,
2105 4597 2148 4650 si
2179 4596 2380 4650 nullum
2405 4601 2755 4662 praecesserat
2782 4593 3124 4662 exemplum?
3155 4592 3416 4662 l’rmiert-o

1850 4668 1906 4719 ὃ.
1943 4659 2286 4728 llilarionetn,
2345 4659 2416 4718 SI
2447 4662 2771 4730 Ephrelnunt
2824 4659 3036 4731 Syrtim,
3067 4663 3218 4714 alios.
3247 4659 3417 4713 Caete-

1854 4753 2030 4790 roma
2087 4736 2427 4804 martyribus,
2475 4748 2594 4800 qua:
2643 4735 2870 4786 maxima
2899 4741 3012 4804 erat
3051 4743 3419 4804 pars,noiucn

1855 4800 2604 4875 malyroloyiasumpserunt,
2637 4812 2691 4856 et
2738 4819 2840 4875 non
2882 4802 3088 4867 dubito,
3118 4800 3242 4875 quin
3275 4816 3416 4851 inar-

1857 4869 2026 4938 ιὶΊύἧι
2061 4869 2298 4938 Ιιοῖηίηίδν
2332 4869 2453 4932 εὶιιη
2497 4874 2561 4927 tle
2591 4873 2787 4926 sanctis
2813 4881 2894 4926 est
2923 4885 3119 4929 sermo.
3143 4869 3269 4921 olittt
3294 4885 3418 4920 rou-

1855 4935 2082 4998 l'essorcs
2114 4935 2322 5011 quoque
2371 4957 2748 5011 nonnunquam
2797 4939 3417 5011 comprehenderentur:

1853 5013 1990 5081 quod
2034 5009 2261 5082 explicat
2301 5015 2356 5068 S.
2407 5013 2634 5066 Isidorus
2676 5010 2764 5064 lib.
2790 5027 2856 5064 vn
2884 5011 3196 5082 Orig.,cap.
3229 5009 3311 5082 il.
3360 5011 3418 5063 S.

1853 5081 2208 5152 llieronyutns
2233 5083 2528 5152 martyrium
2553 5083 2760 5134 vocavit
2783 5081 3059 5140 sacellum,
3090 5081 3415 5152 siveraltare,

1851 5156 1989 5223 quod
2033 5149 2340 5222 Pergamius
2366 5149 2604 5223 sublato
2637 5166 2869 5223 corpore
2915 5152 2972 5206 S.
3021 5149 3238 5204 Antonii
3276 5162 3420 5223 esset

1851 5218 2231 5285 aediﬁcaturus,
2258 5234 2311 5276 et
2339 5224 2386 5277 in
2416 5221 2680 5289 epitaphio
2710 5221 2884 5276 Paulae
2913 5223 2986 5275 ait
3017 5235 3136 5290 cap.
3171 5223 3272 5276 l3:
3305 5218 3419 5271 Ma.

1850 5307 1922 5347 ter
1951 5306 2037 5348 tua
2077 5297 2227 5362 lmiyo
2259 5293 2501 5363 martyrio
2545 5303 2785 5363 coronata
2830 5303 2922 5346 est.
2958 5292 3073 5347 Non
3101 5293 3269 5363 solum
3289 5291 3420 5341 enim

1850 5366 2032 5430 e/I'usio
2061 5360 2322 5434 sanguinis
2353 5360 2402 5416 in
2434 5362 2747 5428 confessione
2775 5373 3038 5434 reputatur
3065 5361 3201 5434 {sed
3237 5360 3420 5411 devota!

1851 5455 2046 5505 otioque
2081 5431 2254 5488 mentis
2278 5436 2488 5489 servitus
2535 5435 2860 5505 immaculata
2903 5431 3252 5501 quotidianum
3267 5445 3419 5505 niur-

1852 5500 2038 5575 tyriiun
2069 5517 2158 5560 est.
2218 5507 2325 5560 llac
2356 5505 2463 5558 fere
2521 5500 3132 5575 signiﬁcationemartyr
3171 5500 3420 5575 accipitur

1851 5569 1988 5644 apud
2044 5579 2381 5632 Ammianunt
2417 5569 2782 5628 Marcellinum
2827 5574 2919 5628 lib.
2967 5569 3150 5634 xxvii,
3186 5585 3312 5644 cap.
3344 5569 3372 5620 7
3407 5584 3418 5618 '.

1853 5639 1990 5712 Quos
2013 5649 2225 5711 inter/iri
2248 5658 2485 5713 tanquam
2501 5647 2679 5698 noxios
2700 5646 2868 5716 jubes,
2892 5653 2944 5716 ut
2967 5651 3235 5716 martyras,
3240 5639 3312 5716 _id
3329 5648 3419 5716 est,

1851 5708 2153 5772 invni-rite
2180 5708 2457 5776 acet-mins,
2507 5717 2625 5766 colit
2667 5708 2861 5776 réliqio’
2885 5708 3201 5766 Christiana.
3233 5708 3418 5763 Confer

1863 5790 2202 5844 I’cuedictutn
2239 5798 2382 5854 polit.
2426 5784 2560 5849 χιν,
2587 5787 2680 5842 lib.
2716 5782 2818 5842 Ide
2850 5784 2996 5838 Beat.
3026 5795 3140 5848 cap.
3167 5782 3218 5834 5.
