3970 6326
215 308 318 368 781

479 425 649 492 Quam
675 435 853 493 praeco
873 419 1009 478 lucis
1031 423 1287 500 proximae

221 521 290 578 55
477 519 638 590 2&0
667 517 904 573 lllustret
927 515 1223 573 humanum
1243 533 1434 590 genus,

474 611 766 680 Finemque
793 608 1052 680 peccandi
1083 608 1240 666 ferat.

401 704 571 759 Flevit
594 710 816 773 negator
846 702 1080 772 denique

471 797 550 852 Ex
581 811 674 851 ore
711 795 1024 865 prolapsum
1057 795 1245 850 nefas:

471 891 602 944 Cum
629 901 784 943 mens
811 895 1058 942 maneret
1084 887 1365 955 innocens,

213 983 283 1035 60
471 981 803 1049 Animusque
827 987 1068 1034 servaret
1093 977 1274 1034 fidem.

401 1073 508 1129 Nec
539 1073 642 1126 tale
670 1070 962 1141 quidquam
989 1077 1174 1139 postea
1225 1103 1236 1110 -

482 1167 701 1238 Linguae
733 1167 945 1222 locutus
967 1165 1175 1220 lubrico
1203 1173 1314 1230 est;

470 1262 627 1334 241
657 1261 939 1330 Cantuque
955 1259 1088 1330 galli
1119 1259 1348 1329 cognito,

481 1355 708 1426 l’eccare
734 1355 914 1426 justus
941 1353 1172 1420 desdtit,

213 1451 289 1508 05
401 1449 529 1506 Inde
557 1459 661 1514 est,
685 1449 828 1520 quod
855 1462 1042 1503 omnes
1065 1447 1354 1502 credimus.

473 1544 568 1600 Illo
594 1545 790 1614 quietis
821 1553 1093 1612 tempore,

475 1639 592 1706 Quo
620 1637 792 1708 gallus
816 1636 1089 1692 exsultans
1116 1635 1278 1699 canit,

1243 302 1776 364 (ἈΤΙ-ΙΕΜΕΒΞΝΟΝ
1809 305 1846 362 l.
1890 305 1980 362 AD
2017 303 2476 362 GALLICINIUM.

1841 425 1894 484 A

3405 303 3510 363 782

2169 415 2441 477 Christum
2473 419 2677 476 redisse
2707 434 2772 476 ex
2803 419 3008 477 inferis.

2103 517 2254 572 Tunc
2283 516 2471 572 mortis
2497 529 2786 587 oppressus
2811 517 2986 588 vigor,

1923 613 1989 668 70
2169 613 2320 667 Tunc
2347 613 2428 668 lex
2455 611 2674 666 subacta
2699 619 2782 667 est
2807 610 3011 678 tartari,

2169 709 2320 763 Tunc
2345 709 2426 762 vis
2451 707 2556 763 diei
2583 707 2774 764 fortior

2170 801 2330 873 242
2362 801 2584 856 Noctem
2611 803 2784 872 coegit
2812 801 3026 858 cedere.

2101 894 2215 948 Jam
2243 893 2356 962 jam
2381 895 2658 963 quiescant
2689 895 2952 964 improba,

2177 985 2296 1042 Jam
2319 986 2475 1056 culpa
2507 985 2658 1043 furva
2690 986 3015 1058 obdormiat,

1925 1079 1992 1132 75
2169 1077 2286 1132 Jam
2323 1093 2461 1134 noxa
2499 1079 2729 1145 lethalis,
2763 1095 2918 1135 suum

2171 1171 2434 1242 Perpessa
2463 1187 2733 1242 somnum,
2765 1185 3018 1232 marceat.

2103 1263 2242 1336 Vigil
2270 1265 2508 1322 vicissim
2537 1267 2780 1338 spiritus,

2175 1357 2546 1430 Quodcunque
2574 1368 2740 1415 restat
2771 1363 3024 1431 temporis
3044 1405 3057 1430 ,

2173 1451 2308 1506 Dum
2341 1461 2481 1508 meta
2511 1455 2687 1510 noctis
2716 1454 3016 1524 clauditur,

1925 1543 1993 1598 80
2173 1545 2355 1613 Stans,
2384 1561 2447 1600 ac
2473 1547 2722 1604 laborans
2752 1550 2998 1604 excubet.

2104 1637 2285 1694 Iesum
2317 1641 2520 1696 ciamus
2553 1641 2798 1708 vocibus,

1541 1769 1832 1828 GLOSSIE
1877 1769 2218 1829 VETERES.

287 1894 378 1950 57.
401 1893 654 1964 Negator,
688 1889 892 1964 Petrus,
919 1889 960 1946 l.

289 1966 378 2022 59.
406 1957 538 2019 (inin
563 1957 734 2026 mens,
758 1963 878 2032 quia
899 1960 1124 2029 quamvis
1149 1957 1550 2032 voceC/eristam
1581 1971 1808 2030 negaret,

217 2039 402 2092 timore
429 2045 718 2106 correptus,
751 2049 888 2087 mens
919 2043 1090 2086 tamen
1120 2041 1165 2086 et
1200 2031 1402 2084 animus
1441 2031 1597 2100 ﬁdem
1643 2047 1812 2088 serua-

218 2109 326 2171 bat,
359 2108 396 2172 l,
433 2107 550 2160 Vat.
586 2111 647 2159 Α.

293 2180 365 2232 ϐξ).
415 2177 666 2244 Lubrica,
691 2175 918 2244 volubili,
955 2176 990 2230 l.

289 2249 376 2304 64.
415 2247 646 2310 Destitit,
676 2247 890 2308 dimisit,
925 2247 964 2300 1.
1535 2291 1546 2300 .

289 2321 378 2375 '70.
411 2319 564 2374 Tunc
603 2319 718 2382 lex,
755 2316 838 2372 lea:
877 2316 1084 2372 Tartari
1113 2327 1219 2372 erat
1239 2316 1394 2384 talis,
1429 2329 1486 2374 ut
1525 2327 1813 2388 nemo'post

214 2401 432 2446 mortem
459 2397 897 2460 resnrgeret,qua:
923 2399 1042 2444 tunc
1073 2389 1332 2444 destructa
1365 2397 1460 2459 est,
1493 2387 1614 2444 Vat.
1648 2387 1714 2442 A.
1745 2419 1814 2428 -—

213 2464 468 2530 Subacta,
503 2480 533 2516 a
565 2461 786 2526 Christo,
821 2460 859 2514 l.

1841 1891 1888 1952 Β
1931 1962 1940 1965 _
1990 1893 2077 1944 77:.
2113 1859 2380 1960 Improba,
2415 1893 2677 1962 improbus
2701 1893 2886 1946 dicitur
2913 1893 3044 1948 nulli
3075 1895 3368 1963 probabilis,
3400 1911 3520 1965 pro-

1925 1962 2210 2037 bus-autem
2233 1965 2672 2037 qttasigprohibus,
2699 1965 2750 2018 id
2777 1973 2868 2032 est,
2886 1962 3080 2037 justus,
3104 1968 3190 2035 qui
3216 1983 3268 2020 se
3293 1967 3358 2022 ab
3382 1962 3523 2022 omni

1924 2035 2060 2086 malo
2093 2035 2350 2098 prohibet,
2383 2035 2500 2090 Vat.
2535 2037 2600 2092 Δ.

2124 2105 2324 2178 Furva,
2357 2108 2526 2178 nigra,
2558 2107 2596 2161 l.

1998 2177 2084 2230 75.
2121 2177 2374 2244 laetitalis,
2407 2177 2662 2242 mortalis,
2695 2178 2734 2232 Ι.

1997 2247 2084 2302 76.
2120 2248 2367 2312 Marceat,
2400 2257 2640 2318 tepescat,
2673 2249 2712 2302 1.

1995 2317 2086 2388 79.
2120 2321 2281 2383 Mela,
2315 2317 2455 2388 ﬁnis,
2489 2321 2750 2388 terminus,
2785 2320 2826 2374 Ι.

2117 2389 2299 2467 Stans,
2329 2391 2381 2444 in
2409 2389 2510 2467 Δ0(νὶ
2537 2387 2796 2467 servitute,
2827 2393 2866 2446 I.
2891 2421 2958 2432 —
2984 2391 3241 2460 Excubat,
3265 2395 3456 2467 vigilet,
3480 2395 3522 2452 Ι.

1999 2459 2086 2514 8i.
2121 2461 2369 2526 Ciatnus,
2401 2463 2714 2528 invocamus,
2749 2463 2790 2516 i.

1578 2554 2146 2611 COMMENTARIUS.

213 2705 274 2752 et
303 2705 428 2750 tunc
467 2692 681 2748 demum
715 2689 977 2760 justitiam
1017 2689 1379 2758 recuperavit,
1417 2703 1538 2744 eum
1581 2690 1804 2758 resipuit

214 2776 275 2823 et
303 2765 508 2820 destitit
538 2759 779 2828 peccare,
810 2771 868 2815 ut
895 2777 1014 2816 mox
1049 2761 1268 2828 patebit.
1304 2759 1464 2815 Plura
1497 2761 1582 2814 hic
1621 2771 1808 2826 peccat.

215 2834 616 2896 Chamillardue
647 2853 660 2886 :
685 2841 864 2890 notam
893 2833 1072 2888 versui
1105 2833 1172 2886 57
1201 2833 1473 2901 supponit,
1502 2840 1555 2886 et
1585 2833 1678 2895 ait,
1709 2832 1810 2884 Ne-

211 2910 450 2968 brissam
484 2907 662 2974 legere
683 2914 916 2974 negator,
940 2902 1082 2972 quod
1107 2902 1298 2958 falsum
1327 2913 1408 2958 est
1429 2903 1496 2957 de
1523 2902 1626 2956 hoc
1653 2918 1806 2974 versu

215 2981 310 3038 55.
339 2973 620 3040 Addit,’se
645 2973 880 3030 scribere
908 2984 1164 3042 peccator,
1190 2983 1246 3028 et
1275 2975 1326 3028 in
1355 2983 1510 3028 textu
1541 2973 1812 3027 invenitur

255 3060 510 3106 erratum.
535 3046 850 3102 Callandius
879 3044 978 3099 hoc
998 3060 1182 3100 errore
1204 3045 1459 3110 deceptus
1481 3043 1650 3098 edidit
1671 3059 1814 3098 vers.

259 3124 310 3186 7,
337 3131 527 3176 contra
557 3119 724 3186 legem
759 3118 940 3180 metri,
975 3113 1142 3169 Flevit
1174 3125 1432 3186 peccator,
1457 3127 1508 3168 et
1543 3125 1814 3186 auctorem

215 3185 384 3260 huius
403 3187 764 3260 correctionis
785 3189 881 3260 vel
895 3189 1072 3260 potius
1094 3185 1463 3260 corruptionis
1485 3185 1662 3240 laudat
1681 3185 1821 3240 Cha-

215 3258 558 3322 millardnm.
592 3258 906 3328 Hujusmodi
937 3260 1116 3326 lapsus
1141 3259 1192 3311 in
1219 3258 1568 3326 scriptoribus
1594 3271 1816 3324 praeser-

217 3335 317 3392 tim
346 3329 735 3400 insignioribus
765 3337 1024 3384 annotare
1054 3330 1304 3396 prodest;
1339 3337 1396 3382 ut
1425 3328 1602 3400 solent
1629 3341 1820 3400 scopu-

217 3407 310 3483 los
336 3415 392 3458 et
419 3399 620 3483 brevia
653 3400 892 3456 indicare
923 3399 958 3454 ii
990 3401 1080 3468 qui
1109 3413 1302 3454 cursus
1331 3399 1630 3454 maritimos
1655 3399 1706 3452 in
1741 3410 1821 3454 ta-
1849 3421 1895 3483 ρ

419 3475 629 3524 ineunt.

419 3475 428 3485 .
479 3489 506 3512 σ
617 3511 629 3524 ⁸
789 3484 798 3493 ,

219 3475 704 3602 btliiaQPiIiE-ligium
746 3541 906 3610 aliqui
939 3549 1198 3596 conantur
1223 3539 1570 3596 Prudentium
1617 3541 1822 3595 erroris

215 3631 472 3688 arguere,
514 3612 925 3688 perindequasi
969 3613 1188 3688 Petrum
1237 3627 1487 3676 t'ieecasse
1520 3613 1820 3688 negaverit,

219 3682 524 3757 in'qnihus
549 3697 632 3739 εει
673 3682 956 3749 Cellarius,
999 3684 1090 3757 qui
1131 3693 1340 3757 poetam
1379 3699 1484 3757 non
1530 3683 1814 3757 intellexit,

217 3753 358 3814 dum
383 3772 508 3814 eum
541 3757 614 3809 ait
637 3768 870 3820 errasse,
917 3756 1042 3824 quia
1085 3771 1224 3807 utens
1277 3753 1420 3808 Petri
1467 3755 1630 3824 magis
1671 3769 1822 3823 quam

217 3812 408 3902 iii—igua
441 3827 682 3902 peccavit.
719 3812 1354 3902 Princes'seratclericus,
1389 3833 1520 3902 tom.
1553 3812 1644 3878 XII
1681 3812 1820 3878 iiibl.

223 3896 498 3964 univers.,
547 3899 638 3966 qui
677 3905 828 3967 putat
873 3896 990 3964 plus
1029 3896 1230 3950 dixisse
1271 3896 1614 3967 Prudentium
1665 3911 1822 3964 quam

219 3967 418 4035 voluit,
436 3963 752 4036 sociumque
778 3967 858 4022 illi
876 3963 970 4022 dat
993 3967 1052 4022 S.
1077 3968 1398 4036 Cyprianum
1422 3981 1542 4034 pag.
1569 3963 1666 4019 1'27
1684 3963 1821 4020 edit.

221 4043 526 4100 Oxoniens.
555 4039 622 4094 de
649 4039 734 4096 his
756 4039 846 4109 qui
878 4039 1158 4093 tormentis
1183 4045 1464 4092 cesserunt
1489 4053 1502 4109 ξ
1537 4036 1825 4106 ln/irmitas

217 4111 684 4180 viscerunuensit,
707 4108 800 4165 nec
827 4109 1052 4180 animus,
1081 4109 1167 4162 sed
1195 4124 1383 4174 corpus
1413 4108 1590 4162 dolore
1619 4111 1822 4177 defecit.

217 4187 450 4242 Rectius
473 4179 744 4237 Calmetus
763 4197 829 4236 ex
855 4179 958 4236 hoc
979 4179 1254 4234 Prudenlii
1277 4180 1394 4233 loco
1417 4181 1680 4234 veriorem
1703 4195 1826 4234 sen-

225 4259 460 4312 tentiam
493 4253 797 4316 confirmat,
840 4252 1054 4306 Petrum
1091 4251 1392 4320 negationis
1429 4261 1664 4305 externa:
1701 4265 1827 4320 pec-

221 4340 354 4384 cato
388 4327 554 4380 fuisse
585 4324 922 4393 implicitum,
955 4324 1094 4392 quod
1131 4337 1257 4378 vere
1289 4331 1564 4390 peceatum
1595 4332 1697 4389 est,
1733 4323 1828 4376 ho-

221 4402 544 4466 minemque
593 4407 950 4466 peccatorem_
973 4393 1162 4460 efﬁcit,
1208 4396 1300 4448 Sed
1345 4393 1688 4466 tideniﬂintus
1707 4408 1828 4466 ser-

225 4485 416 4532 vasse;
455 4463 882 4537 quandoquidem
913 4464 1158 4537 Christus
1185 4465 1390 4532 rogavit
1419 4480 1485 4518 ne
1512 4465 1658 4537 illius
1679 4463 1828 4537 ﬁdes

219 4535 506 4597 deficeret.
559 4538 619 4593 S.
671 4535 1006 4605 Augustinus
1053 4535 1144 4590 lib.
1195 4539 1392 4589 (lontra
1446 4535 1824 4601 mendacium,

225 4629 356 4682 cap.
387 4612 420 4666 6
449 4627 464 4662 :
501 4607 564 4662 In
593 4608 686 4661 illa
717 4608 1140 4682 negationejntus
1161 4609 1422 4682 veritatem
1448 4607 1676 4671 tenebat;
1703 4607 1828 4674 foris

223 4677 560 4738 mendacium
610 4679 915 4749 proferebat.
973 4677 1302 4749 Prudentius
1339 4685 1614 4746 peccatum
1661 4691 1826 4744 nega-

225 4757 400 4810 tionis
431 4761 669 4807 externze
697 4747 892 4818 sax-pius
913 4749 1179 4804 declarat:
1205 4747 1370 4802 Ter...
1395 4763 1502 4801 sese
1529 4750 1822 4818 negandum

1987 2691 2086 2763 65.
2117 2691 2172 2746 S.
2209 2691 2525 2763 Ambrosius
2557 2691 2609 2744 in
2643 2693 2842 2763 hymno
2883 2691 3102 2748 zEterne
3137 2711 3308 2750 rerum
3339 2697 3520 2754 condi-

1917 2773 1996 2816 tor
2025 2761 2090 2814 ad
2136 2762 2336 2831 Iaudes
2359 2762 2642 2816 dominica:
2683 2761 2908 2831 pulchre
2937 2766 3344 2820 conversionem
3380 2771 3520 2831 hanc

1919 2833 2062 2888 Petri
2089 2849 2215 2908 .__exA
2241 2826 2552 2908 gallicantu
2599 2826 3176 2908 adtiioniti,_describit
3215 2849 3228 2892 ':
3259 2837 3377 2892 Hoc
3412 2827 3527 2908 ipia

1921 2915 2067 2976 petra
2095 2902 2337 2958 Ecclesia:
2364 2903 2592 2976 Canente
2621 2904 2826 2975 culpam
2852 2905 3025 2970 diluit,
3058 2917 3160 2962 etc.
3209 2909 3262 2962 In
3294 2902 3446 2962 tanta
3469 2910 3531 2962 li-

1923 2974 2142 3030 brorum
2181 2977 2370 3046 copia,
2415 2989 2482 3028 ne
2511 2974 2684 3046 dicam
2711 2974 2953 3046 turbam,
2987 2977 3181 3042 quibus
3208 2979 3529 3046 t'chndlllll'

1921 3047 2075 3101 locus
2107 3043 2291 3100 Matth.
2327 3061 2447 3111 cap.
2477 3059 2588 3108 xvi,
2617 3044 2682 3100 18
2718 3063 2728 3095 :
2761 3043 2826 3097 Et
2851 3063 2943 3116 ego
2969 3047 3082 3099 dico
3106 3047 3215 3112 tibi,
3249 3043 3368 3116 quia
3396 3060 3448 3102 tu
3477 3066 3529 3104 es

1923 3119 2148 3178 Petrus,
2203 3127 2248 3170 et
2304 3133 2455 3183 super
2508 3116 2638 3169 hanc
2681 3127 2876 3186 petram
2929 3117 3192 3183 tediﬁcabo
3235 3117 3523 3174 Ecclesium

1925 3205 2114 3252 aream,
2139 3198 2268 3252 etc.,
2297 3188 2436 3242 haud
2464 3187 2578 3240 scio
2599 3201 2668 3240 an
2698 3187 2784 3240 alii
2807 3187 3306 3254 animadverterint,
3332 3206 3396 3244 ex
3427 3191 3530 3246 hoc

1926 3260 2159 3314 maxime
2211 3260 2330 3312 loco
2376 3258 2874 3326 interpretationem
2933 3259 3252 3314 catholicam
3309 3260 3532 3316 demon-

1927 3333 2108 3384 strari.
2147 3331 2248 3396 Qui
2278 3347 2485 3395 sensus,
2523 3329 2598 3382 ait
2625 3329 2683 3384 S.
2721 3330 3046 3400 Augustinus
3077 3329 3170 3384 lib.
3205 3347 3258 3386 ix
3289 3330 3528 3390 Retract.

1929 3416 2044 3466 cap.
2078 3401 2168 3464 2i,
2203 3403 2352 3455 etiam
2383 3409 2621 3454 cantatur
2651 3415 2738 3454 ore
2767 3401 3042 3454 multorum
3071 3401 3126 3456 in
3153 3403 3382 3458 uersibus
3410 3403 3530 3458 bea-

1929 3473 2422 3546 tissinti__Atnbrosii_.
2461 3471 2548 3524 ubi
2581 3473 2645 3524 de
2669 3471 2806 3546 gallo
2837 3473 3124 3546 gallinaceo
3147 3475 3253 3528 ait:
3281 3474 3394 3528 Hoc
3421 3475 3536 3546 ipsa

1931 3553 2073 3612 petra
2101 3542 2344 3600 Ecclesia:
2365 3541 2590 3596 Canente
2610 3541 2814 3613 culpam
2835 3541 3007 3598 diluit.
3042 3543 3171 3598 Cum
3203 3556 3377 3600 autem
3403 3541 3534 3602 A'm-

1929 3615 2160 3667 brosiani
2193 3615 2376 3684 hymni
2406 3615 2471 3666 ad
2501 3627 2720 3678 omnes,
2751 3624 2840 3666 aut
2870 3613 2984 3668 fere
3013 3630 3199 3669 omnes
3223 3613 3562 3674 Occidentis,

1933 3685 2203 3738 Ecclesias
2237 3684 2693 3754 permanaverint,
2723 3698 3064 3752 consequens
3087 3693 3187 3749 est,
3219 3701 3335 3739 eam
3367 3687 3533 3740 inter-

1927 3756 2285 3824 pretationem
2311 3795 2325 3820 ,
2360 3769 2462 3825 qua
2493 3755 2682 3826 Petrus
2732 3765 2872 3824 petra
2915 3755 3160 3808 Ecclesia:
3175 3755 3402 3826 dicitur,
3433 3772 3530 3826 pro
3589 3759 3592 3762 ⁴

1929 3827 2200 3894 explorata
2248 3841 2370 3880 esse
2417 3825 2712 3878 habendam
2756 3841 2816 3880 ev
2861 3826 3132 3879 communi
3167 3825 3528 3882 Ecclesiartnn

1931 3912 2221 3950 consensu.
2272 3898 2325 3950 In
2374 3895 2554 3967 oflieio
2585 3909 2798 3964 quoque
2849 3895 3142 3967 Isidoriano
3189 3897 3419 3967 hymnus
3464 3899 3530 3954 ad

1929 3968 2238 4022 cathedram
2270 3971 2326 4020 S.
2364 3967 2502 4020 l‘etri
2545 3966 2756 4036 incipit.
2793 3969 2838 4020 υ
2875 3966 3056 4034 Petre,
3091 3966 3234 4032 petra
3267 3967 3529 4025 Ecclesiae.

1929 4038 2105 4111 Quare
2127 4055 2260 4111 cum
2279 4053 2365 4092 res
2395 4039 2466 4092 sit
2509 4037 2580 4111 de
2621 4051 2789 4111 sacrm
2838 4038 3130 4108 Scriptura:
3159 4041 3528 4111 expositione,

1930 4110 2104 4164 locum
2135 4111 2220 4164 hic
2251 4109 2418 4180 hath
2439 4109 2618 4174 regula
2653 4109 2710 4163 S.
2739 4111 3018 4180 Augustini
3051 4119 3104 4163 et
3133 4108 3531 4180 theologorum,

1929 4181 2113 4250 Legem
2141 4181 2378 4234 credendi
2401 4179 2484 4234 lea:
2507 4189 2699 4234 statuat
2729 4179 3075 4252 supplicandi.
3109 4180 3258 4235 Unus
3289 4183 3370 4236 vel
3395 4179 3534 4238 alter

1930 4269 1960 4306 e
1987 4255 2082 4306 SS.
2115 4252 2383 4318 Patribus,
2411 4252 2500 4321 qui
2532 4252 2690 4306 aliam
2717 4253 3126 4322 explicationem
3159 4253 3434 4318 adhibent,
3463 4256 3532 4309 ad

1933 4325 2068 4378 hanc
2097 4324 2350 4378 Ecclesiae
2375 4323 2654 4378 catholica:
2681 4324 3201 4392 interpretationem,
3228 4327 3270 4378 si
3298 4325 3528 4394 possint,

1931 4397 2218 4450 revocandi
2243 4407 2365 4450 sunt
2397 4414 2408 4448 :
2438 4399 2482 4450 si
2514 4411 2618 4452 non
2653 4397 2881 4465 possint,
2909 4409 3094 4450 eorum
3117 4395 3382 4465 expositio
3412 4412 3534 4464 pro-

1933 4467 2158 4530 babilis,
2214 4483 2306 4534 per
2351 4483 2450 4522 nos
2499 4467 2663 4532 licet,
2713 4477 3036 4532 censeatur,
3088 4470 3340 4536 quoniam
3390 4467 3530 4522 idem

1929 4537 1986 4592 S.
2018 4539 2310 4606 Scriptura:
2351 4541 2498 4594 locus
2543 4537 2679 4591 duos
2709 4552 2900 4592 sensus
2947 4538 3144 4592 habere
3175 4545 3387 4604 potest;
3439 4539 3534 4592 sed

1931 4607 2003 4662 ita
2038 4617 2096 4662 ut
2123 4611 2276 4664 alteri
2307 4623 2467 4662 certa:
2497 4609 2926 4664 interpretationi
2959 4623 3062 4661 non
3094 4607 3310 4660 olliciat.
3443 4613 3448 4617 ’

2003 4681 2090 4734 (iii.
2141 4681 2410 4734 Christum
2458 4693 2523 4731 ex
2571 4677 2758 4734 inferis
2798 4680 3178 4742 resurrcxisse,
3210 4693 3328 4730 cum
3355 4677 3532 4734 adhuc

1935 4751 2174 4805 tenebrae
2206 4759 2406 4812 essent,
2434 4765 2499 4804 ex
2537 4749 2824 4818 Evangelia
2857 4750 3041 4816 liquet.
3075 4749 3212 4801 Olim
3243 4747 3535 4804 credebant

223 4795 592 4900 ;;ti;dicdns...
619 4818 707 4900 F
741 4795 956 4891 namque
984 4831 1243 4900 peccatum
1273 4821 1514 4900 prius...“
1537 4795 1703 4872 Flevit
1733 4835 1821 4900 n_e-
1848 4795 1900 4856 D
1925 4820 2212 4900 illiristiani
2230 4795 2454 4900 ,_ined’i‘a
2483 4827 2646 4900 nocte
2669 4795 2938 4900 ξιπίδιηιῖι
2980 4835 3100 4900 esse
3143 4819 3529 4900 venturtntmnad

223 4887 381 4970 'gator
411 4891 850 4970 denique_E:cor'e
872 4887 1176 4970 prolapsum
1214 4887 1428 4970 nefas-2.
1473 4887 1691 4970 Peccare
1733 4891 1821 4942 de-

223 4961 386 5023 stitit.
418 4961 614 5021 Confer
635 4964 696 5018 S.
731 4961 1070 5018 Ambrosium
1095 4963 1188 5016 lib.
1223 4977 1254 5014 x
1285 4964 1336 5015 in
1359 4961 1523 5014 Evan.
1551 4961 1852 5036 Luc.cum‘

223 5039 382 5096 notis
411 5036 800 5090 Maurinorum.
979 5075 982 5078 .

303 5111 398 5164 6‘2.
429 5107 638 5176 Legunt
662 5108 842 5174 lingua
871 5105 1064 5160 lubrica
1091 5103 1242 5176 Gisr,
1270 5101 1820 5176 Bong.,7Wid.A,_Vat.

227 5183 272 5246 I,
307 5181 416 5244 lso,
449 5173 586 5233 ceu.
621 5186 678 5232 et
706 5177 820 5240 alii,
863 5191 968 5230 non
1009 5176 1166 5240 male,
1205 5175 1326 5228 Rat.
1373 5173 1592 5244 pariter,
1627 5173 1826 5243 Lingua

225 5257 432 5307 locutus
457 5250 652 5303 lubrica
685 5255 782 5313 est,
811 5247 902 5300 sed
935 5261 1094 5314 supra
1125 5248 1326 5299 locutus
1355 5254 1470 5300 erat
1507 5261 1561 5312 a,
1597 5254 1652 5298 ut
1682 5252 1826 5298 esset

225 5327 426 5384 locuta,
470 5329 524 5375 et
549 5319 764 5389 quidem
805 5319 870 5389 ab
897 5317 1085 5372 eadem
1129 5332 1310 5389 manu.
1341 5315 1420 5389 At
1451 5323 1680 5370 metrum
1715 5331 1822 5389 non

227 5396 458 5465 patitur,
485 5393 538 5444 in
561 5386 878 5465 nominandi
893 5401 1018 5465 casu
1043 5389 1166 5457 poni
1194 5387 1554 5465 lingua.l’_rag.
1577 5386 1822 5465 autﬁdius

224 5455 368 5536 (nun
401 5455 548 5536 enim
589 5462 727 5515 bene
754 5455 1350 5536 disti‘nguit’annotator
1381 5458 1640 5536 editionis
1665 5455 1824 5536 Colo-

232 5530 450 5590 niensis
492 5547 597 5603 qua
627 5531 794 5599 utor),
828 5530 1030 5600 Lingua
1061 5530 1384 5603 proloquitur
1413 5531 1628 5603 lubrica,
1663 5531 1820 5603 male.

223 5607 430 5663 Nostra
474 5600 636 5660 lectio
673 5603 972 5672 elegantior
1010 5611 1113 5668 est,
1155 5611 1210 5654 et
1239 5617 1301 5655 ex
1347 5600 1618 5655 Prudemii
1661 5600 1825 5672 stylo,

221 5675 616 5751 quam‘optitni
641 5683 695 5727 et
724 5671 1072 5751 vetustissimi
1091 5673 1264 5751 _e0d_d._
1287 5681 1500 5751 tenent;
1535 5686 1654 5740 qua:
1678 5671 1830 5751 vide--

221 5740 316 5808 tiir
343 5740 512 5802 etiam
541 5743 707 5800 fuisse
735 5745 786 5812 in
819 5745 982 5808 llail.,
1007 5753 1062 5798 et
1091 5743 1144 5797 in
1167 5742 1328 5798 Gold.
1361 5753 1476 5800 erat
1502 5740 1822 5812 Sttpra.Vat.

221 5825 296 5892 0,
329 5821 554 5890 Liqu
582 5815 784 5872 locutus
809 5815 1006 5870 lubrico
1030 5816 1154 5870 sine
1175 5826 1276 5868 est.

1927 4890 2514 4957 hominesjndicandos,
2531 4891 2780 4944 utvidere
2795 4898 2942 4957 potes
2958 4891 3092 4957 prol.
3110 4905 3256 4944 num.
3269 4891 3289 4943 i
3303 4891 3532 4946 48.ilinc

1929 4973 2010 5018 e51
2043 4961 2182 5028 quod
2213 4971 2366 5030 poeta
2397 4975 2500 5014 non
2532 4962 2704 5016 solum
2736 4962 3144 5016 resurrectionis
3165 5005 3179 5027 ,
3225 4965 3318 5015 se-l
3367 4963 3528 5016 etiam

1927 5031 2160 5092 extremi
2189 5031 2376 5099 judicii
2417 5033 2696 5092 meminit,
2733 5040 2790 5084 ut
2829 5047 2892 5085 ex
2927 5033 3274 5098 sequentibus
3307 5035 3528 5101 pati-hit,

1929 5113 1983 5160 et
2031 5112 2180 5156 antea
2229 5101 2409 5174 dixit:
2444 5101 2626 5156 Nostri
2673 5101 2847 5174 ﬁgura
2886 5112 2956 5174 est
2988 5105 3204 5172 judicia.
3263 5103 3470 5174 llytnno
3499 5111 3532 5157 ‘2

1931 5175 2192 5244 matutino
2223 5173 2802 5244 similiterextremum
2831 5172 3092 5244 judicmm
3123 5172 3530 5230 commemorat.

2004 5245 2092 5300 69.
2143 5243 2324 5314 Vigor.
2359 5243 2508 5314 Teol.
2531 5287 2544 5308 ,
2579 5244 2730 5308 Ald.,
2766 5244 2997 5310 Weitz.,
3027 5247 3142 5300 Gis.
3179 5248 3202 5299 1
3231 5245 3352 5308 cd.,
3388 5245 3532 5310 ll:tt.,

1927 5315 2106 5386 Prag.,
2135 5313 2276 5370 Vatt.
2306 5318 2369 5379 Α,
2401 5313 2420 5368 l
2449 5323 2504 5386 et
2533 5317 2590 5380 P,
2613 5325 2666 5370 et
2696 5316 2784 5369 alii
2809 5318 3178 5370 vetustissimi.
3213 5316 3532 5368 (.Iliainillar-

1927 5383 2176 5442 dus'cum
2208 5386 2320 5440 Gis.
2353 5387 2387 5439 2
2419 5383 2548 5441 edit.
2579 5431 2594 5451 ,
2637 5395 2688 5440 et
2721 5386 2905 5442 lleins.
2931 5428 2944 5452 ,
2979 5389 3137 5456 rigor.
3186 5387 3290 5440 Sed
3340 5386 3532 5442 melius

1929 5459 2121 5513 dicitur
2167 5457 2452 5528 opprimere
2499 5457 2600 5512 vim
2627 5499 2640 5522 ,
2689 5459 3006 5523 potentiam,
3059 5459 3280 5528 rigorem
3329 5459 3529 5518 mortis.

1967 5546 2085 5583 nam
2135 5532 2373 5596 rigorem.
2427 5528 2490 5582 Et
2541 5537 2698 5596 poeta
2747 5528 2882 5599 infra
2936 5531 3134 5599 hymno
3177 5529 3212 5581 2
3257 5541 3400 5581 vers.
3453 5531 3528 5581 8:

1961 5601 2108 5672 Iulptc
2135 5603 2354 5672 rigorem
2381 5599 2624 5670 perdidit.
2661 5601 2725 5672 In,
2745 5597 2866 5652 Vat.
2899 5601 2944 5654 A
2973 5597 3111 5654 male
3140 5615 3411 5672 expressas
3437 5615 3532 5664 pro

1933 5670 2223 5742 Oppressus.
2275 5671 2406 5724 Nota
2433 5712 2446 5734 ,
2501 5680 2607 5742 tres
2653 5671 2850 5740 primos
2887 5671 3044 5742 hujus
3081 5670 3532 5742 διωνιιπζνοιειιε

1935 5741 2170 5810 ineipcre
2205 5742 2376 5802 Tunc.
2408 5741 2603 5810 quibus
2632 5741 2966 5812 respondent
2992 5753 3099 5797 tres
3141 5741 3230 5797 alii
3261 5741 3418 5812 primi
3450 5757 3540 5798 se-

1937 5816 2146 5882 quentis
2169 5815 2402 5880 stropha:
2431 5812 2572 5868 Iam.
