3970 6326
231 345 318 396 795

444 458 590 531 253
619 456 805 512 Infecit
837 458 968 512 atris
997 459 1246 525 nubibus,

445 552 536 616 Tu,
567 565 678 618 rex,
713 550 796 605 eoi
828 552 1023 605 sideris

446 643 588 697 Vultu
619 657 812 698 sereno
843 643 1109 698 illnmina.

378 733 465 802 Tu,
495 744 686 797 sancte,
725 735 813 803 qui
845 742 1034 789 tetram
1064 734 1234 802 picem

232 827 286 880 70
445 825 677 880 Candore
711 827 869 896 lingis
901 828 1094 892 lacteo,

439 916 588 990 255
627 917 918 986 Ebenoque
945 919 1259 990 crystallum
1293 919 1440 984 facis,

439 1012 626 1066 Delicta
655 1022 800 1082 terge
829 1013 1013 1067 livida.

375 1104 475 1158 Sub
505 1113 656 1159 nocte
690 1103 854 1159 Jacob
877 1105 1074 1160 caerula

440 1196 679 1250 Luctator
706 1197 880 1251 audax
909 1198 1084 1268 angeli

224 1284 281 1340 75
445 1288 677 1357 ansque
701 1288 825 1343 dum
856 1291 945 1343 lux
971 1298 1235 1361 surgeret,

1248 339 1787 399 CATHEMERINON
1830 339 1891 394 ll.
1936 339 2345 402 lilA'l‘U-TINUS.

1787 471 1838 527 Α
2115 458 2338 513 Sudavit
2372 460 2543 528 impar
2571 457 2835 530 praelium.

3353 347 3454 406 794

2050 551 2156 604 Sed
2185 565 2306 603 curn
2334 550 2494 619 jubar
2521 551 2869 618 claresceret,
2915 599 2922 603 _

2124 640 2386 710 Lapsante
2415 635 2638 695 claudus
2663 642 2879 711 poplite,

2121 732 2419 800 Femurque
2445 732 2616 786 victus
2643 732 2839 800 debile,

1871 825 1940 880 80
2113 825 2271 895 255
2298 823 2479 894 Culpze
2509 826 2745 895 vigorem
2776 824 3025 895 perdidit.

2045 915 2272 970 Nutabat
2297 917 2492 986 inguen
2523 918 2786 984 saucium,

2124 1009 2254 1076 Qure
2283 1010 2525 1078 corporis
2556 1025 2678 1080 pars
2707 1011 2883 1077 vilior,

2122 1101 2408 1172 Longeque
2436 1102 2536 1157 sub
2563 1102 2740 1158 cordis
2768 1104 2886 1158 loco

2120 1193 2299 1248 Diram
2329 1193 2472 1249 fovet
2495 1193 2797 1250 libidinem.

1869 1287 1938 1343 85
1980 1287 1986 1293 ’
2050 1287 2173 1342 Haec
2203 1303 2299 1343 nos
2327 1288 2522 1344 docent
2549 1288 2826 1358 imagines,

1471 1428 1755 1484 GLOSS/E
1799 1427 2135 1483 VETERES.

276 1565 351 1618 65.
385 1566 593 1632 Dehinc,
622 1579 732 1632 post
761 1569 1092 1636 baptismum,
1121 1572 1159 1625 l.

277 1635 356 1690 66.
381 1637 570 1707 Infecit,
606 1635 879 1693 macularit
909 1641 1150 1707 peccatis,
1186 1639 1224 1693 l.

274 1707 351 1760 67.
378 1707 500 1771 Rex,
525 1706 740 1762 Christe.
757 1706 934 1765 —Eoi
962 1710 1176 1774 sideris,
1200 1710 1342 1773 solis,
1365 1710 1452 1779 qui
1480 1711 1541 1762 ab
1568 1709 1756 1764 oriente

216 1781 424 1837 nascitur.
456 1780 492 1832 Ι.

274 1848 348 1922 lii).
379 1847 561 1922 Piccm,
599 1862 826 1922 peccata,
857 1862 1204 1922 peccatorem,
1238 1852 1278 1904 Ι.

369 1917 623 1994 Candore,
643 1917 869 1994 justitia,
900 1923 941 1977 l.
973 1923 1073 1988 Qui
1103 1923 1166 1975 de
1194 1917 1443 1994 sordidis,
1486 1934 1528 1975 ct
1572 1938 1754 1993 pecca-

214 1988 864 2076 toribushcandidos'redd-is,
899 1997 1158 2076 ctojustos,
1191 1992 1308 2074 Vat.
1337 1995 1402 2046 A.

269 2061 344 2114 7l.
370 2060 674 2134 Ebenoque,
717 2066 869 2118 arbor
908 2060 1187 2132 nigerrima
1237 2065 1383 2133 nigro
1421 2065 1557 2134 ligno
1591 2080 1607 2115 :
1642 2064 1754 2117 ebe-

212 2147 312 2207 num
337 2140 573 2207 estyenus
601 2137 736 2207 nigri
767 2134 912 2205 ligni,
939 2136 1015 2188 vel
1041 2135 1252 2207 ebenum
1283 2150 1439 2204 genus
1485 2145 1555 2207 est
1600 2134 1750 2188 arbo-

212 2202 416 2276 ris,_quod
429 2202 922 2273 postquamincisum
944 2206 1116 2274 fuerit,
1132 2215 1178 2257 et
1198 2202 1470 2276 projicitur
1490 2206 1542 2257 in
1563 2221 1744 2276 aquas,

207 2270 360 2347 ibidem
395 2270 616 2343 quadam
647 2270 1001 2347 coagulatione
1026 2270 1266 2341 durescit,
1287 2270 1345 2329 ἐι
1383 2270 1750 2345 εθῑεὲιυι”1αρὶ8

208 2343 343 2415 niger,
371 2347 498 2398 unde
525 2357 706 2415 postea
737 2343 866 2414 ﬁunt
893 2348 1039 2400 utilia
1083 2343 1429 2399 instrumenta
1457 2347 1524 2398 ad
1553 2343 1747 2398 discre-

207 2411 656 2487 tionem‘bono'rum
711 2411 1064 2487 malorumque
1105 2433 1394 2487 munerum,
1450 2417 1487 2469 1.
1521 2415 1748 2468 Ebenmn

204 2484 474 2560 genusligni
497 2490 658 2557 nigri,
693 2489 830 2560 quod
850 2484 1065 2560 incisum
1092 2486 1378 2560 vertiturin
1411 2488 1654 2560 lapidem.
1683 2503 1746 2560 ea:

203 2569 284 2620 quo
308 2555 477 2609 dicitur
503 2555 672 2614 altare
705 2555 754 2612 in
799 2560 949 2612 domo
990 2556 1195 2611 Domini
1241 2559 1425 2624 fuisse,
1485 2557 1568 2610 ubi
1614 2558 1749 2628 ignis

1788 1571 1835 1630 Β
1861 1582 2089 1638 semper
2119 1575 2227 1620 erat
2257 1608 2270 1633 ,
2325 1565 2442 1619 Vat.
2504 1566 2569 1619 A.
2609 1596 2679 1606 —
2718 1566 3040 1636 Crystallum
3083 1607 3098 1632 ,
3159 1567 3450 1638 perspicui-

1864 1648 2039 1702 tatem,
2074 1637 2113 1691 l.

1935 1708 2023 1763 72.
2052 1707 2254 1768 Livida,
2287 1707 2519 1768 sordida,
2547 1706 2586 1760 l.

1935 1779 2022 1832 74.
2057 1779 2326 1837 Luctator.
2361 1794 2459 1830 non
2487 1777 2729 1839 brachiis,
2781 1780 2869 1832 sed
2907 1780 3159 1842 oratione,
3205 1788 3260 1832 ut
3302 1779 3448 1834 bene-

1862 1853 2064 1904 dicerct
2087 1852 2154 1914 ei,
2184 1850 2222 1902 l.

1855 1947 1860 1950 -
1935 1921 2022 1975 75.
2060 1921 2326 1988 ansque,
2363 1935 2551 1988 usque;
2579 1929 2774 1973 tantum
2805 1921 3064 1992 signi/icit
3087 1930 3329 1990 quantum
3360 1937 3447 1976 us-

1901 2009 1980 2052 ue,
2019 1994 2121 2048 lso.
2363 2001 2370 2008 '

1863 2011 2121 2062 que,rso.

1937 2064 2019 2118 76.
2057 2061 2306 2125 Sndavit,
2337 2062 2646 2128 luctabatur,
2679 2061 2948 2129 laboravit,
2986 2063 3022 2116 l.

1931 2135 2021 2187 77.
2051 2133 2236 2194 Jubar,
2265 2133 2363 2196 sol,
2394 2132 2638 2198 splmdor
2667 2132 2787 2195 diei,
2821 2133 2858 2187 I.

1934 2204 2018 2258 79.
2055 2204 2271 2268 Femur,
2303 2203 2522 2272 ﬁgurata
2556 2203 2770 2268 locutio,
2806 2204 2844 2258 i.
2877 2220 2922 2258 e.
2952 2206 3139 2257 victum
3167 2205 3372 2259 habens.

1931 2279 2018 2331 80.
2048 2276 2251 2343 Culpm,
2280 2275 2514 2340 luxuriw,
2547 2274 2588 2330 I.

1928 2347 2020 2400 81.
2055 2347 2274 2414 Inguen,
2313 2344 2652 2414 synecdoche.

1845 2443 1855 2450 -
1926 2419 2014 2471 8:2.
2049 2413 2200 2484 Qum,
2232 2413 2438 2467 ubi.—
2468 2413 2659 2481 Vilior,
2691 2423 2782 2480 est,
2815 2415 2852 2469 l.

1927 2490 2016 2543 85.
2046 2487 2257 2554 Cordis,
2289 2501 2486 2548 sensus,
2525 2486 2563 2539 l.

1521 2729 2069 2788 COMMENTARIUS.

260 2862 331 2918 67.
362 2864 458 2918 Pro
500 2884 587 2921 rex
620 2867 820 2920 habent
847 2869 936 2918 litt
968 2866 1145 2934 Prag.,
1186 2867 1372 2935 [ltrng.,
1405 2865 1650 2920 Sirbard.
1687 2866 1736 2919 in

203 2945 438 3000 contextu,
463 2937 574 2994 Cis.
601 2939 653 2990 in
684 2939 707 2990 -l
741 2937 993 2994 cditioe.
1015 2937 1153 3002 quod
1183 2938 1234 2991 in
1259 2939 1452 3006 llymn.
1484 2937 1734 2989 'l'bomas.

200 3017 432 3069 repertum
461 3023 559 3061 nua
597 3009 920 3075 displicebat
947 3008 1245 3060 Callamlio.
1283 3009 1390 3073 Ego
1426 3009 1622 3060 vultum
1653 3009 1737 3060 eoi

199 3075 360 3149 sideris
386 3079 636 3149 intelligo.
699 3077 1091 3149 Cbatnillardus
1118 3078 1271 3131 aliter
1299 3079 1574 3146 distinguit
1599 3097 1610 3127 τ
1636 3077 1735 3142 'l'u,

199 3160 270 3197 rex
294 3147 359 3198 coi
381 3147 572 3212 sideris,
620 3149 779 3202 Vultu
807 3165 984 3202 sereno
1013 3147 1270 3202 illumina.
1302 3149 1470 3202 Minus
1499 3153 1632 3202 bene
1668 3150 1739 3201 in-

199 3224 427 3285 let‘inmgit
471 3220 638 3273 editio
692 3219 994 3273 Parmensis
1047 3236 1059 3272 :
1107 3219 1204 3283 Tu,
1245 3235 1355 3281 rex,
1405 3220 1480 3272 eoi
1535 3219 1733 3283 sideris,

1847 2865 2003 2916 stallo
2046 2863 2165 2935 v'de
2203 2864 2587 2935 eumdemlib.
2621 2880 2820 2935 xxxv”,
2866 2880 2984 2932 cap.
3018 2865 3072 2928 2,
3105 2875 3159 2918 et
3181 2866 3316 2920 alios
3345 2867 3434 2935 qui

1849 2935 1916 2988 de
1949 2934 2236 3007 l'ossilibns
2253 2944 2431 3003 agunt.
2462 2933 2734 2988 Prudentii
2767 2938 3031 2990 sententia
3052 2952 3114 2990 ex
3146 2937 3290 2990 Isaia:
3317 2933 3432 3007 cap.

1849 3020 1885 3067 ι,
1924 3007 2010 3069 18,
2038 3006 2317 3072 desumpta
2342 3017 2417 3059 es'
2431 3043 2444 3056 .

1920 3076 2006 3127 72.
2046 3077 2146 3128 Pro
2178 3085 2310 3144 terge
2335 3077 2382 3128 ia
2419 3076 2534 3128 Vat.
2568 3079 2606 3129 Λ
2635 3086 2687 3128 et
2719 3075 2870 3130 Alex.
2905 3086 3138 3144 tergens;
3172 3077 3241 3130 ita
3267 3077 3429 3130 etiam

1854 3146 2044 3214 Bong.,
2081 3156 2134 3201 et
2165 3163 2191 3197 a
2220 3146 2450 3200 secunda
2482 3162 2640 3201 manu
2675 3147 2838 3200 llail-u
2883 3146 3089 3214 Reliqui
3129 3158 3283 3215 terge.
3313 3147 3431 3202 Vet.

1849 3218 1970 3269 eod.
2009 3219 2062 3289 in
2098 3218 2225 3270 i-dit.
2273 3217 2583 3277 Coloniens.
2633 3217 2888 3271 mendose
2939 3228 3126 3289 tegens.
3175 3219 3431 3282 Advertc,

203 3277 334 3356 l'ultu
353 3277 518 3343 sereno
553 3291 818 3344 illumina.
858 3277 1204 3344 Correclores
1242 3277 1464 3342 Romani
1502 3290 1600 3343 sub
1646 3277 1740 3343 Ur;
1770 3281 1816 3343 C
1851 3288 2150 3355 promiscuo
2183 3303 2440 3356 usurpare
2473 3289 2818 3341 Prudentium
2857 3277 3070 3356 tergere,
3104 3277 3420 3351 illuminare,

199 3355 312 3409 bane
356 3359 454 3412 Vlll
495 3362 658 3414 alium
710 3376 920 3414 versum
969 3361 1345 3427 subrogarunt,
1402 3359 1476 3412 Tu
1507 3376 1624 3412 rera
1651 3360 1742 3412 lui:

195 3430 452 3495 catestium,
479 3433 620 3500 quod
661 3430 945 3486 Ricciolius
975 3432 1046 3484 ait
1073 3432 1174 3484 luc.
1207 3432 1298 3484 cit.
1344 3429 1532 3483 fecisse
1571 3431 1740 3483 Urba-

198 3511 299 3570 num
327 3500 449 3560 Vlll.
489 3505 611 3570 quia
658 3502 829 3570 prima
867 3505 916 3554 in
953 3503 1032 3553 eoi
1080 3501 1393 3570 plerumque
1445 3502 1594 3569 longa
1635 3509 1737 3553 est.

195 3565 345 3636 Neque
365 3565 563 3628 ratione
593 3565 773 3639 neque
799 3572 1058 3640 exemplis
1081 3565 1220 3625 'miln
1269 3565 1424 3624 facile
1455 3565 1734 3641 quisquam

193 3642 514 3759 persuadebit,
551 3646 872 3711 plerumque
903 3643 1113 3710 longam
1142 3657 1260 3696 esse
1301 3643 1524 3710 primam
1553 3642 1603 3694 in
1637 3643 1732 3694 eoi.

213 3723 238 3759 n
265 3711 412 3759 Dritna
441 3715 679 3759 editione
713 3715 1030 3759 lmmmrnm
1077 3721 1438 3759 correctorum
1487 3713 1556 3759 ita
1609 3713 1732 3759 legi-

213 3723 238 3759 n
265 3711 412 3782 prima
441 3715 679 3768 editione
713 3715 1030 3782 hymnorum
1077 3721 1438 3767 correctorum
1487 3713 1556 3765 ita
1609 3713 1738 3782 legi-

193 3787 277 3851 t_ur,
311 3779 377 3834 Tu
407 3784 494 3837 tua:
521 3786 596 3838 eoi
623 3779 835 3848 sideris,
872 3784 1010 3851 quod
1052 3792 1310 3836 mutatum
1352 3793 1433 3836 est
1479 3785 1528 3835 in
1571 3779 1732 3846 aliud,

190 3847 254 3900 Tu
270 3866 372 3904 vera
396 3859 482 3907 tua:
510 3856 817 3917 caelestium,
849 3847 1073 3908 fortasse
1101 3854 1169 3905 ob
1216 3854 1475 3920 majorem
1519 3853 1749 3906 clarita-.

193 3927 295 3972 tem.
325 3921 418 3990 ipsi
447 3935 791 3979 correctores
819 3926 868 3978 in
921 3925 1234 3992 praefatione
1276 3923 1731 3989 aniimtdvertnnt,

189 4003 236 4067 se
259 3993 390 4067 plura
421 3996 710 4064 reliquisse
745 4011 863 4062 qua:
901 3996 1128 4067 meliora
1162 3995 1276 4047 lieri
1321 3996 1638 4067 potuissent,
1678 4004 1738 4048 ut

190 4059 314 4125 illud,
340 4059 608 4120 Nascenilo
639 4059 862 4132 formam
886 4065 1154 4135 sumpseris
1184 4081 1200 4118 :
1233 4059 1353 4118 nam
1383 4064 1736 4132 apudpoetas

189 4135 420 4206 nascendo
469 4137 792 4206 frequentius
839 4136 1141 4204 producitur
1173 4178 1185 4197 ,
1241 4151 1395 4206 quam
1438 4135 1732 4203 corripitur.

186 4198 279 4255 Non
303 4205 454 4275 igitur
469 4198 800 4260 'mu'tandum
831 4198 977 4260 esset
1017 4208 1114 4269 eoi,
1157 4198 1400 4275 quamvis
1438 4198 1620 4275 verum
1649 4219 1735 4260 es-

188 4280 270 4336 set,
297 4274 615 4344 lrequentius
642 4293 671 4330 e
715 4277 966 4345 produci,
1000 4273 1420 4344 quam‘corripi.
1468 4273 1732 4329 Caeterum

187 4353 480 4420 correctores
527 4364 637 4401 non
691 4348 790 4400 sibi
834 4346 1222 4420 constiterunt,
1261 4347 1350 4420 qui
1394 4345 1607 4420 dicendo
1637 4362 1734 4416 pro

187 4411 326 4492 {licens
353 4417 709 4492 induxerunt,
729 4433 758 4470 ο
780 4428 1051 4492 correpto,
1085 4411 1348 4492 dominica
1386 4411 1735 4492 advesperas

185 4486 230 4560 ill
246 4486 470 4560 passione
493 4489 735 4551 Domini,
770 4487 996 4540 Dicenda
1034 4487 1321 4560 nationibus
1365 4503 1382 4560 ς
1434 4487 1677 4560 Regnavit
1702 4504 1734 4539 a

185 4549 297 4622 ligno
340 4557 488 4622 Deus,
539 4574 666 4613 cum
719 4549 871 4612 antea
917 4567 1080 4621 esset,
1114 4556 1331 4620 Dicens,
1361 4558 1413 4609 in
1443 4549 1733 4610 nationibus

185 4619 393 4691 Regnavit
423 4645 454 4681 a
479 4619 624 4699 ligno
657 4627 815 4682 Deus.
846 4628 948 4682 Sed
975 4619 1226 4694 quoniam
1256 4627 1574 4699 Prudentius
1588 4642 1730 4694 saepe

189 4698 532 4760 opostrcmuni
573 4701 627 4752 in
675 4699 950 4764 gerundiis
986 4699 1240 4766 corripit,
1284 4698 1460 4751 obiter
1511 4699 1727 4763 notabo,

188 4775 272 4838 ιιοῃ
292 4782 398 4821 esse
432 4783 537 4822 tam
571 4777 802 4834 certam,
835 4784 991 4835 quam
1023 4769 1181 4838 vulgo
1209 4769 1456 4829 traditur,
1489 4783 1606 4838 eam
1641 4785 1728 4823 re-

186 4833 347 4908 gulam,
375 4839 497 4892 illud
530 4857 560 4892 ο
596 4833 931 4907 frequentius
962 4833 1212 4906 produci.
1262 4839 1411 4908 quasi
1458 4837 1509 4892 id
1541 4847 1728 4892 natura

184 4915 274 4978 {tua
302 4909 402 4962 liat.
448 4909 675 4965 Servius
705 4913 768 4961 ad
815 4909 942 4963 illud
985 4909 1126 4978 Virg.
1165 4909 1291 4964 Ain.
1337 4909 1428 4963 lib.
1470 4924 1538 4972 tv,
1588 4925 1727 4965 vers.

332 4979 408 5032 Ire
433 4981 622 5033 iterum
649 4983 700 5031 in
725 4982 999 5048 lacrgmas,
1025 4969 1206 5033 iterum
1227 4989 1423 5033 tentare
1450 4969 1725 5052 precando,

163 5040 288 5115 .tiicit
328 5052 577 5115 precando
622 5061 678 5104 et
720 5040 1077 5103 cantando'no
1106 5052 1349 5104 breviare
1383 5040 1722 5104 naturaliter.

189 5111 275 5169 "oc
293 5111 437 5174 modo
464 5121 869 5176 Terentianus:
907 5119 972 5174 Ut
1006 5123 1118 5174 vita:
1160 5120 1347 5172 dubius
1376 5119 1543 5172 varios
1577 5137 1726 5172 reno-

187 5189 318 5258 tando
361 5193 580 5244 dolores.
630 5191 769 5244 lnl'ra
818 5192 1136 5246 Prudentius
1183 5190 1424 5258 corripit,
1458 5188 1729 5250 Luctandp

187 5257 386 5310 claudum
416 5274 459 5314 et
486 5261 743 5314 tabidum.
769 5262 968 5315 Omitto
995 5261 1286 5315 Catullum.
1335 5257 1341 5258 ί
1647 5297 1652 5306 .

241 5326 597 5384 69.\Vciiz'us
647 5342 701 5385 et
741 5332 1013 5386 Mariettus
1061 5334 1370 5396 observant,
1426 5331 1729 5398 respexisse

188 5406 359 5456 poetam
388 5405 448 5454 ad
484 5404 613 5455 iliud
645 5401 818 5456 Ovidii
851 5403 940 5455 lib.
976 5419 1028 5456 Ill
1061 5404 1126 5457 de
1156 5404 1344 5465 Ponto,
1379 5400 1600 5461 ele;.5:
1625 5402 1729 5455 Sed

184 5477 310 5527 "faue
331 5483 549 5525 mutatur
595 5473 745 5541 nigra
792 5474 899 5540 pice
942 5475 1131 5527 lacteus
1179 5475 1396 5534 humor,
1439 5470 1550 5524 Nec
1595 5474 1729 5541 quod

183 5548 520 5610 "attondens,
552 5545 613 5610 ﬁt
644 5544 970 5609 terebinthus,
1006 5545 1150 5599 ebur.

341 5611 467 5667 Vide
499 5609 766 5684 Plinium,
807 5615 899 5668 lib.
933 5631 1027 5678 sn,
1068 5631 1186 5683 cap.
1211 5613 1266 5670 4.
1299 5613 1532 5684 Utroque
1557 5614 1730 5684 modo

181 5671 343 5750 dieitur
365 5685 544 5737 ebenus
579 5695 634 5738 et
669 5671 895 5750 ebenum,
928 5695 982 5741 et
1011 5671 1264 5740 scribitur
1288 5671 1462 5738 etiam'
1481 5683 1722 5737 hebenus.

181 5743 351 5804 Plinius
376 5755 468 5820 ait,
501 5756 763 5827 duo'cssc
793 5743 948 5810 ebeni
996 5755 1334 5827 genera,sed
1367 5754 1558 5827 melius
1578 5755 1728 5810 arbo-

179 5830 296 5882 reum
323 5830 495 5889 trunco
537 5825 693 5879 enecti
736 5829 946 5882 materia
993 5829 1129 5898 nigri
1155 5825 1462 5897 splendoris.
1501 5825 1572 5880 De
1603 5839 1722 5898 cry-

1848 3374 2091 3425 purgare,
2126 3360 2348 3423 iit/iocre,
2375 3370 2591 3423 noctem,
2620 3371 2758 3412 atras
2783 3360 2956 3422 nubes,
2985 3361 3170 3428 picem,
3195 3359 3429 3423 ebenum,

1846 3438 1903 3481 ut
1925 3428 2210 3496 significet,
2244 3445 2268 3480 a
2307 3429 2413 3483 Deo
2439 3445 2649 3497 [ZCl‘CJlJ
2675 3431 2867 3484 deleri.
2907 3431 2977 3482 Ita
3006 3444 3164 3496 supra
3191 3445 3254 3482 ex
3277 3444 3424 3483 com-

1848 3499 2074 3562 πηιιηίιηί
2099 3501 2328 3554 lectione
2351 3501 2482 3567 fucis
2511 3503 2643 3554 illita
2677 3503 2788 3553 lucc
2813 3511 3110 3569 purgentur.

1917 3571 2003 3624 '73.
2039 3571 2295 3624 Narratur
2329 3573 2441 3621 bare
2483 3572 2702 3624 historia
2747 3569 2938 3624 Genes.
2977 3585 3093 3636 cap.
3139 3585 3304 3635 χχχιι,
3333 3586 3426 3625 cu-

1836 3638 1926 3707 jus
1951 3641 2109 3693 etiam
2145 3641 2388 3693 meminit
2417 3639 2582 3693 Oseas
2610 3658 2725 3708 cap.
2763 3657 2852 3693 χιι.
2887 3640 3201 3695 Prudentius
3223 3656 3426 3708 anago-

1842 3709 1959 3778 gice
1995 3726 2110 3763 eam
2165 3714 2571 3778 interpretatur.
2607 3715 2663 3762 S.
2695 3711 3008 3763 Ambrosius
3041 3709 3131 3762 lib.
3169 3725 3202 3762 ιι
3235 3711 3301 3762 de
3332 3711 3425 3764 .la-

1843 3781 1961 3846 col),
1993 3792 2043 3835 et
2079 3781 2190 3834 Vita
2226 3784 2374 3834 beata
2421 3796 2538 3840 cap.
2588 3783 2640 3847 7,
2692 3782 2743 3834 in
2784 3781 2942 3834 simili
2985 3781 3425 3846 interpretatione

1843 3861 2107 3904 versatur.
2150 3853 2262 3906 lluc.
2289 3854 2517 3918 pertinet
2550 3852 2824 3906 Prndentii
2853 3851 3131 3903 conclusio
3161 3866 3306 3904 vers.
3327 3853 3417 3906 90.

1841 3919 2056 3975 Teulius
2083 3923 2251 3976 edidit
2277 3922 2493 3974 cterulea
2522 3937 2616 3991 pro
2642 3921 2850 3986 cmrula,
2886 3921 2985 3973 nisi
3014 3923 3055 3973 si
3102 3921 3240 3975 forte
3269 3937 3418 3975 men-

1843 3993 1968 4062 dum
1999 4001 2081 4047 est
2104 3993 2562 4062 typograpbicum.
2599 3992 2790 4046 Retine
2830 3991 3055 4056 can-ala,
3088 3991 3225 4044 Infra
3259 3991 3420 4046 etiam

1845 4061 2031 4132 bymn.
2063 4061 2272 4131 quinto,
2296 4078 2438 4116 vers.
2472 4065 2529 4117 ll
2549 4105 2560 4125 ,
2585 4064 2785 4116 cwrula}
2816 4063 2993 4116 noctis.

1913 4133 1999 4186 74.
2035 4133 2234 4188 Contra
2268 4135 2496 4196 lsoncm.
2526 4144 2580 4189 et
2622 4135 2876 4199 brachiis,
2924 4143 2978 4186 et
3025 4134 3270 4189 oratione
3328 4150 3424 4204 pu-

1841 4219 1999 4274 gnam
2031 4205 2174 4258 illam
2207 4207 2420 4264 lactam,
2451 4206 2689 4274 plerique
2719 4213 3011 4272 exponunt.

1913 4276 1996 4328 75.
2023 4277 2191 4346 Aldus
2217 4277 2344 4346 legit
2375 4275 2614 4343 Eousque
2643 4278 2734 4329 tua:
2759 4283 3009 4346 surgeret,
3037 4274 3127 4328 ubi
3161 4275 3420 4331 omittitur

1839 4346 1982 4400 dum.
2019 4345 2295 4401 Fabricius
2321 4359 2534 4412 separat
2561 4346 2660 4400 hoc
2684 4355 2838 4416 pacto
2873 4345 2948 4398 Eo
2970 4347 3297 4416 Wusquedum.
3339 4347 3422 4400 lsu

1837 4417 1944 4486 alio
1976 4417 2153 4471 modo.
2218 4417 2427 4472 Poteris
2476 4418 2636 4472 etiam
2680 4415 2914 4472 Scribere
2956 4415 3038 4468 Eo
3082 4433 3236 4486 usque
3272 4417 3416 4470 dum.

1837 4485 2036 4551 Oxum,
2069 4489 2344 4555 Quousque
2371 4503 2467 4556 pro
2497 4488 2706 4542 diversa
2736 4489 3019 4556 scriptura.
3048 4485 3295 4542 Heinsius
3325 4504 3418 4543 su-

1843 4559 2152 4626 spicabatur
2179 4557 2291 4612 an
2321 4561 2442 4611 dum
2464 4560 2552 4612 lux
2579 4568 2828 4627 surgeret.

1910 4629 1995 4700 76.
2029 4629 2232 4698 Legum
2257 4631 2424 4691 impar
2450 4630 2628 4700 prwlio
2655 4629 2797 4689 Ral.,
2822 4627 3042 4700 Widm.,
3064 4629 3251 4700 Bong._,
3272 4627 3416 4688 ΑΜ..

1762 4669 1811 4728 D
1838 4697 2023 4764 Nebr.,
2057 4669 2196 4754 Vgtt.
2233 4700 2269 4764 l,
2305 4669 2368 4764 ὅ,
2396 4669 2674 4769 P.VVulg.;
2709 4670 2803 4753 sed
2834 4671 3106 4752 Giselitius
3125 4669 3324 4769 op’ti’me
3352 4669 3418 4751 eti

1835 4785 1934 4822 suo
1983 4785 2084 4823 ms.
2129 4781 2184 4824 et
2215 4771 2468 4825 Davenlr.
2507 4767 2811 4824 emendavit
2838 4769 3094 4837 prirlium,
3131 4767 3268 4835 quod
3297 4781 3422 4820 con-

1838 4840 2068 4893 ﬁrmavit
2101 4840 2349 4894 Heinsius
2379 4857 2444 4895 ex
2475 4842 2586 4895 suis
2633 4851 2688 4894 et
2735 4852 2904 4908 poeta:
2945 4841 3105 4908 style,
3150 4838 3249 4908 qui
3275 4851 3420 4904 sa‘pe

1834 4925 1952 4963 cum
1970 4911 2256 4964 accusandi
2281 4927 2406 4965 casu
2436 4913 2599 4965 utitur
2623 4907 2786 4964 verbo
2812 4911 2964 4974 sudo,
2992 4907 3046 4961 ut
3068 4907 3413 4971 Claudianus,

1832 4996 1948 5049 qutc
1979 4982 2159 5048 prwlia
2205 4983 2405 5034 sudas?
2443 4981 2690 5034 l’ra’lium
2717 4981 2876 5035 etiam
2911 4981 3023 5030 \‘at.
3055 4983 3095 5033 A
3125 4987 3179 5032 et
3205 4977 3292 5032 alii
3323 4994 3420 5032 an-

1837 5051 2117 5116 tiquissimi
2150 5067 2270 5105 cum
2299 5052 2451 5106 Alex.

1909 5123 1994 5176 78.
2029 5120 2289 5176 Weitzius
2316 5123 2544 5188 conjecit
2585 5131 2638 5175 et
2683 5121 2810 5190 legit
2850 5119 3058 5174 laxante
3103 5137 3165 5176 ex
3223 5120 3418 5174 mendo

1837 5190 1888 5245 in
1924 5192 2081 5246 Cold.
2117 5191 2339 5258 laxante,
2386 5193 2526 5261 quod
2567 5201 2743 5245 exstat
2773 5191 2930 5246 etiam
2969 5191 3019 5244 in
3065 5192 3264 5244 Val..l.
3313 5193 3416 5246 Sed

1837 5278 1933 5316 cur
1981 5265 2218 5325 ltrpsante
2266 5263 2572 5331 rejicietur,
2615 5262 2755 5331 qimd
2796 5277 2983 5316 omnes
3021 5261 3251 5317 habent?
3301 5262 3414 5315 Vox

1837 5333 1953 5387 lia‘c
1986 5333 2184 5402 Virgilii
2211 5346 2289 5388 est
2319 5337 2370 5387 in
2403 5337 2646 5387 eamdem
2677 5333 3144 5401 signiﬁcationem.

1909 5405 1993 5458 80.
2019 5405 2197 5456 Dicam
2227 5407 2400 5472 potius
2432 5403 2746 5472 pertinaciae,
2762 5418 2862 5472 qua
2893 5403 3001 5459 Deo
3027 5403 3418 5472 restitit,quam

1817 5467 2054 5528 luxurim
2084 5490 2202 5528 cum
2227 5467 2404 5530 'lsone.

1912 5547 2000 5599 8t.
2036 5547 2136 5599 Pro
2158 5548 2450 5600 coxendice
2482 5554 2711 5615 posnum
2746 5555 2826 5600 est
2858 5547 3062 5615 inguen.
3091 5543 3302 5598 Nervus
3345 5545 3420 5599 fe-

1839 5617 2006 5670 moris
2039 5626 2232 5680 tactus,
2270 5627 2324 5671 et
2354 5617 2681 5671 emarcuisse
2703 5616 2896 5669 dicitur
2922 5633 2934 5668 :
2966 5630 3157 5684 nempe
3180 5615 3271 5668 ille
3299 5630 3421 5669 ner-

1838 5703 1956 5751 vus,
1990 5689 2076 5755 qui
2108 5687 2235 5754 ligat
2268 5697 2426 5755 caput
2457 5688 2619 5752 ossis,
2643 5689 2784 5756 quod
2819 5688 2868 5740 in
2900 5686 3116 5758 eotyleu
3158 5686 3272 5742 sive
3299 5702 3421 5758 ace-

1839 5759 2075 5811 tabulum
2105 5759 2383 5813 inseritur.
2999 5757 3005 5758 ⁷
3375 5757 3384 5764 ”

1911 5827 1997 5882 85.
2035 5829 2135 5884 Pro
2162 5828 2274 5884 loco
2305 5830 2444 5886 male
2474 5827 2593 5884 luco
2619 5827 2770 5900 Egm.
2813 5838 2868 5885 et
2911 5827 3016 5886 Pal.
