3970 6326
517 280 619 339 795

768 397 1048 453 Hominem
1081 399 1318 455 tenebris
1348 401 1629 469 obsitum,_

767 491 823 548 Si
853 492 991 548 forte
1020 507 1124 548 non
1165 494 1320 549 cedat
1359 494 1491 564 Deo,

772 584 921 639 Vires
952 584 1179 640 rebelles
1209 585 1456 656 perdere.

700 676 816 731 Erit
837 684 1015 731 tamen
1053 676 1283 748 beatior,

1596 285 1871 343 AURELII
1914 287 2282 343 PRUDENTII
2320 282 2654 341 CARMINA.

2131 409 2183 466 A

3667 293 3761 349 ’198

2395 404 2483 459 Sic
2511 413 2618 457 tota
2645 404 2896 462 decurrat
2925 402 3061 458 dies.

2463 496 2538 550 Ne
2562 495 2739 565 lingua
2769 495 3127 561 mendax,'ne
3151 510 3364 564 manus,

2468 588 2696 642 Oculive
2729 597 2952 657 peccent
2983 587 3199 659 lubrici,

2472 679 2551 735 Ne
2578 695 2718 736 noxa
2745 696 2943 750 corpus
2971 681 3236 752 inquinet.

2218 773 2322 828 105
2395 771 2711 844 Speculator
2735 781 2874 827 astat
2900 773 3160 843 desuper,

2468 866 2573 933 Qui
2600 880 2698 921 nos
2725 866 2914 922 diebus
2940 867 3210 934 omnibus,

2475 960 2746 1029 Actusque
2776 958 2992 1016 nostros
3027 960 3284 1030 prospicit

2474 1051 2518 1104 Α
2541 1051 2661 1106 luce
2689 1049 2859 1120 prima
2888 1051 2941 1104 in
2965 1065 3272 1122 vesperum.

2403 1142 2500 1198 llic
2532 1143 2703 1207 testis,
2735 1143 2820 1196 hic
2843 1150 2925 1198 est
2953 1143 3174 1209 arbiter,

2483 1237 2580 1292 Hic
2620 1238 2878 1302 intuetur,
2903 1237 3162 1307 quidquid
3189 1246 3294 1302 est,

2476 1330 2718 1385 Humana
2743 1329 2885 1399 quod
2916 1345 3069 1385 mens
3106 1320 3376 1398 concipit:

2479 1423 2631 1476 Hunc
2656 1437 2814 1477 nemo
2837 1421 2968 1476 fallit
2993 1420 3249 1490 iudicem.

2481 1515 2637 1586 257
2668 1515 2755 1568 111.
2791 1513 3069 1568 HYMNUS
3107 1513 3289 1569 ANTE
3328 1512 3552 1570 CIBUM.

2407 1607 2451 1661 Ο
2474 1606 2710 1661 Crucifer
2733 1605 2895 1668 bone,
2927 1605 3201 1673 lucisator,

2480 1698 2855 1768 Omniparens,
2888 1698 2995 1767 pie,
3025 1697 3335 1768 verbigena,

2228 1237 2335 1292 110

1843 1787 2129 1846 GLOSSA‘I
2171 1789 2512 1854 VETERES.

523 767 592 821 90
772 768 1141 839 lntemperans
1167 772 1467 828 membrum
1498 773 1588 827 cui

772 860 1048 918 Luctando
1073 863 1342 932 claudum,
1374 875 1428 920 et
1452 864 1689 921 tabidum

777 951 900 1007 Dies
926 954 1116 1009 oborta
1146 954 1433 1012 invenerit.

706 1044 942 1100 Tandem
976 1046 1210 1103 facessat
1233 1050 1466 1116 czecitas,

776 1139 939 1209 256
960 1137 1090 1206 Quae
1121 1149 1334 1195 nosmet
1361 1142 1413 1196 in
1445 1155 1684 1211 prazceps
1714 1142 1804 1198 diu

532 1228 601 1284 95
781 1230 986 1300 Lapsos
1012 1233 1247 1290 sinistris
1278 1234 1553 1304 gressibus

783 1325 983 1380 Errare
1016 1327 1175 1380 traxit
1198 1327 1376 1382 devio.

715 1414 838 1470 llaec
863 1416 956 1470 lux
985 1430 1237 1472 serenum
1265 1418 1525 1483 conferat,

785 1509 1061 1594 Purosque
1089 1527 1188 1566 nos
1219 1522 1439 1581 praestet
1467 1512 1588 1567 sibi.

727 1645 731 1651 .
781 1600 924 1656 Nihil
954 1605 1236 1674 loquamur
1273 1604 1580 1671 subdolum,

535 1692 637 1748 100
780 1694 1068 1751 Volvamus
1096 1698 1384 1752 obscurum
1413 1697 1566 1752 nlbil.

608 1880 699 1936 86.
725 1881 1006 1948 Tenebris,
1032 1886 1268 1950 peccatis,
1295 1883 1338 1937 1.

725 1953 782 2024 Si
814 1952 970 2020 forte,
997 1955 1041 2006 si
1072 1955 1302 2024 fortuito,
1329 1954 1366 2007 1.

605 2022 693 2076 89.
726 2023 959 2091 Beatior,
991 2022 1202 2086 sc.‘ille,
1235 2025 1272 2078 Ι.

605 2092 693 2164 90.
724 2094 1091 2164 lntemperans
1120 2096 1439 2161 membrum,
1474 2095 1724 2149 indomita
1756 2093 1933 2157 libido,
1968 2093 2007 2146 Ι.

611 2163 698 2216 91.
732 2165 1011 2228 Claudum,
1050 2166 1352 2229 marcidum,
1379 2167 1416 2220 1.

604 2232 692 2305 92.
726 2235 869 2305 Qies,
901 2237 1039 2302 finis.
1074 2265 1143 2274 -—
1169 2237 1388 2298 Oborta,
1419 2237 1565 2305 quasi
1591 2245 1783 2300 exorta,
1820 2235 1857 2286 1.

730 2301 994 2375 EatesCat,
1030 2306 1274 2370 discedat,
1307 2301 1540 2375 facessat,
1569 2307 1607 2360 l.

605 2372 696 2425 97.
728 2373 852 2426 [huc
879 2375 993 2440 lux,
1024 2375 1272 2429 Christus.
1306 2372 1375 2415 L—
1398 2376 1679 2439 Serenum,
1706 2378 2045 2439 serenitatem,
2072 2375 2113 2429 1.

609 2441 731 2516 100.
762 2443 1070 2516 Volvamus,
1106 2447 1400 2516 cogitemus,
1433 2448 1472 2515 I,
1504 2447 1720 2506 Vat..A.

611 2512 731 2568 101.
759 2513 904 2582 Dies,
934 2516 1050 2583 vita,
1091 2515 1128 2570 Ι.

2150 1886 2198 1945 Β

2302 1884 2420 1940 105.
2459 1881 2692 1945 Lubrici,
2727 1881 3008 1947 instabiles,
3035 1881 3073 1934 l.

2301 1955 2423 2009 104.
2465 1954 2608 2007 Noxa
2623 1995 2636 2016 ,
2669 1952 2858 2021 culpa,
2879 1953 2914 2006 1.

2299 2026 2426 2080 105.
2461 2020 2798 2092 Speculator,
2831 2020 3082 2079 Christus.
3117 2023 3224 2077 lso.

2236 2133 2240 2136 -
2297 2098 2418 2151 108.
2447 2088 2632 2150 ΑἸυεε
2662 2095 2851 2164 prima,
2887 2094 3130 2163 infantia.
3171 2123 3240 2132 —-
3278 2088 3336 2146 ln
3380 2104 3674 2160 vesperum,
3720 2103 3792 2143 se-

2225 2177 2445 2231 nectam,
2484 2166 2521 2219 Ι.
3059 2185 3062 2188 ·

2299 2238 2420 2292 111.
2453 2237 2716 2304 Concipit,
2748 2236 3045 2300 meditatur,
3075 2235 3113 2292 I.

2293 2309 2348 2362 2.
2380 2303 2699 2377 Verbigena,
2725 2306 2871 2360 uerbo
2893 2307 3079 2374 genite,
3111 2306 3152 2377 ΙΣ
3177 2304 3295 2358 Vat.
3322 2304 3384 2358 A.
3423 2304 3585 2358 Verbo
3611 2303 3794 2377 genite:

2225 2391 2423 2432 tantum
2439 2369 2800 2439 masvculinum,
2817 2369 2940 2444 quia
2961 2369 3098 2430 solus
3116 2376 3348 2431 Christus
3367 2384 3440 2431 est
3454 2369 3794 2447 genitus,"at.

2225 2449 2290 2504 A.
2328 2449 2494 2502 Verbo
2525 2450 2768 2520 genitum.
2797 2447 2915 2502 Vat.
2942 2448 3000 2501 Β.

1902 2605 2461 2663 COMMENTARIUS.

611 2715 697 2790 90.
731 2717 1086 2790 l_)issyllabum
1115 2731 1194 2777 est
1212 2724 1292 2775 cui
1323 2731 1373 2776 et
1403 2737 1494 2790 pes
1526 2723 1753 2777 iambus.

609 2785 700 2840 92.
735 2785 1008 2846 Fabricius
1045 2793 1154 2846 ait:
1213 2785 1587 2847 Beatitudinem
1627 2795 1677 2846 in
1722 2794 2025 2846 abstinentia
2071 2804 2118 2846 et

544 2858 776 2934 castitate
797 2865 956 2928 ponit,
982 2864 1163 2932 quibus
1194 2863 1446 2916 luctamur
1477 2873 1654 2917 contra
1676 2866 2119 2934 intemperantiam

543 2944 601 2982 ac
623 2929 901 3007 libidinem.
937 2929 1041 2987 sed
1072 2951 1172 2988 non
1198 2936 1240 2988 is
1278 2952 1422 2988 uerus
1454 2946 1498 2989 et
1529 2937 1737 3005 prapius
1758 2929 1921 3007 poetic
1946 2952 2120 2989 sensus

545 3010 637 3076 est.
673 3003 755 3076 _At
784 3002 945 3076 alium
976 3021 1194 3059 sensum
1232 3021 1335 3060 non
1385 3002 1639 3074 exprimit
1678 3002 1790 3076 ipse
1819 3005 2112 3060 Fabricius.

545 3069 868 3146 Prudentius
898 3074 952 3127 in
996 3091 1148 3131 sacra
1196 3076 1396 3131 Littera
1441 3069 1839 3146 interpretanda
1884 3076 2114 3139 insistit,

543 3141 746 3195 scilicet
773 3160 916 3198 vers.
939 3148 1026 3200 31.
1063 3147 1315 3215 Ortusque
1351 3157 1422 3200 est
1455 3149 1497 3200 ei
1521 3141 1693 3200 sta3im
1723 3148 1818 3208 sol,
1855 3156 2121 3215 postquam

546 3226 771 3280 egressus
801 3224 874 3267 est
907 3215 1144 3270 Phanuel
1177 3233 1194 3269 :
1222 3219 1331 3284 ipse
1374 3233 1486 3270 vero
1523 3218 1865 3271 claudicabat.
1899 3217 2116 3270 Noctem

545 3290 603 3356 et
633 3285 884 3356 tenebras
927 3287 1179 3356 intelligit
1230 3297 1528 3355 peccatum,
1585 3288 1712 3341 solis
1767 3294 1940 3339 ortum
1993 3286 2120 3341 Jesu

479 3395 484 3400 ι
545 3348 1030 3426 Christigratiam;
1081 3343 1202 3411 hinc
1225 3343 1434 3411 beatum
1466 3343 1622 3412 vocat
1665 3373 1822 3426 quem
1853 3357 2119 3420 Christus,
2151 3343 2200 3406 C

549 3420 799 3496 edomitis
820 3420 1224 3496 cupiditatibus,
1258 3427 1658 3482 illuminavcrit.
1684 3420 1817 3494 Qum
1863 3429 2127 3496 interpre-

555 3493 683 3564 tatio
715 3492 1058 3564 sequentibus
1092 3499 1334 3552 versibus
1367 3499 1596 3553 maxime
1625 3492 2024 3552 corroboratur;

625 3562 714 3617 95.
743 3562 978 3621 Fatescat
1009 3577 1099 3622 aut
1129 3569 1331 3638 fatiscat
1357 3568 1482 3637 legit
1513 3570 1616 3636 1εο,
1637 3568 1829 3622 Weitz.
1880 3580 1932 3622 et
1965 3567 2132 3632 Wid.,

553 3632 800 3710 fa_t_t’scat;
829 3640 920 3693 sed
952 3642 1003 3693 in
1031 3632 1174 3694 Wid.
1209 3655 1390 3708 supra,
1412 3632 1662 3710 facessat.
1693 3641 1805 3694 Gis.
1836 3641 1898 3692 ad
1923 3656 2070 3693 oram
2103 3641 2129 3693 1

551 3703 821 3786 editionis,
857 3710 1087 3786 fatiscas,
1109 3720 1168 3786 et
1188 3703 1333 3786 mox,
1361 3703 1548 3764 Errare
1576 3711 1778 3764 traxisti
1809 3712 1940 3764 avia.
1971 3711 2137 3786 Geor:

550 3777 669 3844 gius
703 3777 901 3852 [ieiunis
923 3777 1132 3837 videtur
1159 3781 1350 3852 legisse
1384 3787 1600 3850 fatescas
1642 3792 1730 3834 aut
1775 3787 2018 3852 facessas,
2043 3780 2138 3852 qui

551 3860 694 3922 vers.
717 3851 786 3922 94
815 3851 1095 3922 legendum
1126 3851 1307 3907 monet
1339 3853 1528 3906 Errare
1560 3854 1712 3906 traxti
1735 3852 1980 3922 devio.rln
2013 3851 2136 3905 Vat.

556 3915 594 3994 1,
631 3915 949 3994 fatiscatfln
973 3925 1127 3993 Prag.
1152 3935 1206 3978 et
1236 3923 1380 3987 Rat.,
1409 3925 1631 3994 fatiscat.
1663 3924 1870 3991 Sequor
1902 3921 2037 3994 Vatt.
2069 3924 2134 3989 A,

553 3985 618 4050 υ,
655 3993 973 4048 vetustiores
1009 3985 1232 4059 Heinsii,
1261 3985 1418 4057 Ald.,'
1448 3995 1610 4048 Nebr.
1663 4005 1716 4048 et
1743 3985 1898 4057 alios,
1932 3992 2022 4062 qui
2065 3985 2140 4047 le-

553 4067 682 4120 gnnt
709 4065 944 4126 facessat.

633 4128 721 4180 96.
753 4131 879 4201 Alii,
905 4133 994 4199 qui
1028 4133 1202 4201 Icgunt
1234 4134 1462 4201 fatiscas,
1493 4144 1577 4188 aut
1610 4139 1851 4200 facessas,
1888 4132 1974 4186 ltic
2003 4135 2137 4186 scri-

557 4201 691 4256 bunt
733 4200 933 4304 dirrare
994 4200 1195 4256 traxisti
1236 4200 1384 4274 ravio,
1443 4215 1533 4257 aut
1586 4205 1740 4255 traxti
1793 4204 1956 4256 devio.
2009 4203 2139 4258 Vide

557 4279 678 4304 Μηνᾶ
1983 4279 1988 4284 ’
2130 4303 2136 4304 ,

557 4279 698 4325 vers.
733 4273 820 4324 95.
1983 4279 1988 4284 ’
2129 4303 2136 4308 -

634 4337 919 4405 102.1tat.,
947 4359 1035 4395 nec
1066 4359 1267 4396 manus.
1303 4344 1373 4396 ita
1404 4343 1545 4397 Vatt.
1582 4342 1598 4394 Ι
1639 4351 1690 4395 et
1719 4341 1780 4396 P.

634 4413 756 4466 105.
806 4410 930 4484 Vat.
991 4416 1054 4480 Α,
1107 4414 1284 4482 Egm.,
1320 4414 1506 4484 Bong.,
1560 4412 1777 4465 oculine.
1806 4413 1992 4467 Melius
2023 4414 2137 4480 alii,

562 4484 772 4536 oculive.
795 4483 924 4554 Val.
958 4484 1016 4547 P,
1056 4499 1144 4536 ttec
1166 4495 1387 4554 peccent.

635 4557 758 4609 105.
791 4553 935 4606 Hanc
964 4553 1311 4619 sententiam,
1341 4555 1480 4624 quod
1506 4553 1645 4608 Deus
1675 4554 1871 4618 ubique
1902 4569 2141 4621 praesens

561 4636 642 4681 est
667 4634 722 4680 et
756 4625 918 4680 corda
966 4627 1222 4691 intuetur,
1263 4627 1547 4692 Christiani
1581 4626 1723 4677 omni
1760 4635 1999 4692 tempore
2031 4641 2140 4693 pra:

562 4698 728 4781 oculis
761 4696 1080 4778 habuerunt,
1113 4708 1166 4752 et
1197 4696 1653 4789 in"ecclesiastico
1683 4694 1859 4749 ofﬁcio
1905 4697 2134 4764 prudcn-
2161 4729 2216 4789 Β

563 4770 772 4822 tissime
828 4769 1186 4823 inseruerunt.
1250 4769 1410 4823 Plura
1455 4770 1505 4822 in
1549 4783 1662 4820 eam
1699 4782 1809 4820 rem
1840 4777 2136 4837 congerunt

562 4838 1126 4904 Ouzelius,Woverns,
1155 4840 1580 4895 Elmenhorstius
1600 4837 1892 4892 adMinncii
1915 4839 2090 4892 locum
2119 4857 2129 4891 :

565 4911 770 4974 Quanto
834 4912 994 4981 magis
1051 4909 1189 4965 Deus
1248 4922 1426 4963 auctor
1480 4910 1706 4963 omnium
1751 4925 1812 4962 ac
1851 4911 2138 4979 speculator

563 4985 808 5044 omnium,
833 4999 864 5033 a
891 4999 989 5051 quo
1034 4981 1232 5036 nullum
1275 4992 1436 5049 potest
1464 4997 1570 5034 esse
1613 4991 1879 5045 secretum,
1927 4981 2138 5034 tenebris

564 5052 788 5117 interest,
819 5053 1019 5106 interest
1043 5055 1434 5123 cogitationibus
1458 5052 1663 5123 nostris,
1691 5053 1836 5123 quasi
1863 5051 2037 5104 alteris
2059 5061 2136 5103 te-

564 5123 769 5176 nebris?
797 5123 919 5177 llazc
948 5121 1119 5178 nostri
1147 5135 1316 5193 poeta:
1347 5124 1510 5176 verba
1544 5121 1608 5175 ab
1648 5121 2023 5188 antiquitatum
2057 5137 2138 5176 ec-

563 5193 982 5248 clesiaSticarum
1010 5196 1359 5263 scriptoribus
1389 5195 1634 5264 aliisque,
1664 5193 1790 5245 dum
1822 5193 1933 5264 hoc
1985 5206 2140 5264 argu-

565 5274 804 5318 mentum
865 5262 1372 5335 tractant,’proierri
1409 5262 1606 5331 solent,
1649 5273 1701 5317 et
1753 5262 1836 5316 vel
1877 5263 2138 5332 imprimis

565 5336 816 5389 emicant.

637 5405 758 5479 107.
793 5407 968 5472 Actus,
997 5424 1075 5471 us,
1109 5421 1208 5476 pro
1246 5408 1454 5464 actione
1482 5409 1682 5479 passim
1735 5413 1944 5460 veteres
1987 5405 2142 5460 Chri-

565 5477 719 5547 stiani
749 5479 1057 5547 scriptores.

639 5546 760 5600 108.
792 5546 1005 5603 Teolius
1033 5551 1098 5605 ad
1129 5560 1300 5618 oram,
1332 5568 1358 5605 e
1389 5552 1500 5604 luce

635 5619 763 5669 Ante
790 5619 979 5673 cibum.
1012 5622 1442 5678 Christianorum
1468 5631 1622 5676 vetus
1677 5621 1762 5676 hic
1793 5633 1910 5676 mos
1940 5626 2043 5684 est,
2083 5626 2144 5672 ut

569 5689 891 5761 antecibum
919 5691 1086 5745 Deum
1138 5704 1312 5748 orent.
1357 5694 1721 5748 Tcrtullianus
1752 5692 1976 5761 Apolog.
2023 5705 2140 5758 cap.

567 5753 663 5809 59:
697 5757 801 5810 Nec
832 5761 971 5828 prius
991 5761 1340 5832 discumbitur,
1374 5781 1524 5835 quam
1554 5766 1715 5818 oratio
1737 5753 1813 5817 ad
1832 5753 1992 5818 Deum
2013 5753 2141 5835 prae-

2221 2730 2469 2792 gttstctttr.
2499 2719 2552 2792 In
2576 2720 2761 2774 codice
2792 2720 3044 2792 Ecclesia:
3070 2718 3293 2792 ilispan.
3314 2719 3457 2792 edito
3475 2735 3503 2773 a
3529 2720 3793 2792 Dominico

2225 2790 2400 2860 Lopez
2423 2791 2488 2844 de
2511 2791 2756 2853 Barrera,
2779 2805 2902 2843 can.
2926 2790 2993 2844 65
3027 2805 3090 2843 ex
3125 2790 3190 2843 12
3216 2790 3489 2859 Carthag.:
3525 2790 3637 2844 Non
3662 2808 3803 2859 opor-

2227 2873 2314 2926 tet,
2333 2863 2539 2915 clericos
2564 2861 2637 2914 vel
2670 2861 2827 2914 laicos
2857 2861 3120 2930 religiosos
3149 2870 3265 2912 ante
3297 2877 3494 2913 sacram
3517 2861 3692 2914 horam
3712 2863 3802 2914 diei

2229 2935 2436 2987 tertiam
2458 2933 2586 2985 inire
2606 2931 2852 2995 convivia,
2895 2947 3055 3001 neque
3102 2932 3381 2999 aliquando
3431 2931 3657 2995 clericos,
3706 2933 3796 2984 nisi

2229 3007 2416 3073 hymno
2441 3002 2597 3067 dicto,
2627 3005 2770 3055 edere
2802 3019 2982 3067 panem
3019 3011 3197 3071 etpost
3228 3001 3362 3056 cibos
3389 3003 3578 3070 gratias
3617 3004 3804 3055 auctori

2230 3073 2337 3128 Deo
2363 3074 2575 3142 deferre.
2614 3074 2684 3128 Ita
2721 3073 2986 3127 indicatur
3025 3073 3108 3126 hic
3139 3087 3310 3126 canon
3349 3087 3376 3125 a
3409 3073 3671 3140 Lapezio;
3719 3074 3804 3127 sed

2231 3145 2281 3198 in
2312 3145 2532 3198 Co‘dect.
2569 3159 2713 3197 max.
2749 3143 3137 3214 concil._11isp.
3166 3143 3424 3212 Sylvestri
3458 3144 3656 3214 Pueyo,
3690 3159 3802 3212 pag.

2236 3216 2356 3280 150,
2388 3215 2452 3268 ad
2483 3230 2650 3283 marg.
2688 3215 2897 3282 legitur,
2930 3212 3057 3267 Can.
3093 3213 3179 3276 12,
3213 3215 3264 3266 ά.
3328 3214 3416 3267 41.
3456 3213 3522 3266 In
3570 3212 3729 3267 addit.
3770 3216 3800 3266 1

2230 3286 2461 3350 Capitul.
2491 3286 2621 3354 Reg.
2652 3285 3000 3354 Franc.,cap.
3028 3285 3097 3338 69
3128 3285 3256 3338 edit.
3299 3284 3469 3337 Paris.
3495 3302 3615 3337 artu.
3648 3283 3799 3340 1677.

2314 3357 2363 3409 1.
2401 3355 2519 3408 .-\ld.
2559 3357 2785 3423 primum
2807 3355 2936 3408 lucis
2957 3365 3116 3422 sator,
3153 3366 3335 3420 postea
3363 3358 3596 3410 correxit
3626 3355 3807 3408 lucisa-

2242 3435 2341 3488 tor,
2379 3427 2427 3479 in
2462 3427 2579 3480 Rat.
2613 3427 2771 3479 etiam
2809 3442 2837 3479 a
2886 3426 3056 3494 prima
3090 3442 3268 3488 manu,
3302 3428 3428 3479 lucis
3465 3437 3642 3491 sator;
3682 3426 3804 3490 PaL,

2240 3499 2366 3551 lucis
2405 3509 2600 3550 auctor.
2636 3496 2993 3560 Burmannus,
3021 3497 3113 3551 lib.
3149 3512 3203 3549 tv
3227 3495 3490 3565 Propertii
3523 3498 3659 3562 eleg.
3695 3500 3726 3551 5
3751 3497 3807 3549 ad

2241 3584 2384 3622 vers.
2417 3568 2566 3622 Lucis
2606 3577 2650 3620 et
2681 3577 2929 3630 auctores,
2964 3566 3115 3622 aliert
3140 3567 3410 3621 Prudentii
3447 3567 3586 3620 hunc
3621 3568 3804 3630 locum,

2242 3649 2294 3692 et
2324 3641 2416 3704 ait,
2453 3640 2505 3692 in
2555 3639 2709 3708 Egm.
2744 3639 2842 3706 legi
2887 3639 3014 3690 lucis
3063 3648 3259 3701 auctor,
3306 3648 3358 3708 et
3405 3639 3468 3692 ad
3521 3640 3808 3708 marginem

2243 3711 2370 3763 lucis
2387 3720 2549 3766 sator.
2576 3705 2712 3762 Vera
2743 3705 2899 3763 lectio
2928 3709 3188 3773 lucisator,
3213 3723 3278 3762 ex
3310 3705 3460 3774 cujus
3490 3705 3811 3762 verbi'nmi-

2243 3789 2352 3844 tate
2381 3782 2502 3834 alite
2542 3780 2797 3834 lectiones
2835 3779 2981 3833 falsa:
3024 3780 3255 3834 inducite
3292 3789 3433 3832 sunt.
3495 3779 3808 3832 Prudentius

2244 3853 2345 3905 hoc
2374 3850 2721 3915 vocabulum,
2754 3850 2830 3903 uti
2868 3866 2987 3903 mox
3043 3851 3384 3920 omniparens,
3439 3859 3490 3902 et
3528 3851 3808 3920 rerb‘gena,

2242 3931 2295 3974 et
2327 3921 2471 3990 prius
2499 3922 2734 3992 crucifer,
2787 3937 2849 3974 ex
2896 3921 3147 3974 similium
3185 3919 3501 3974 imitatione
3547 3919 3808 3992 formarit,

2243 4007 2546 4060 qtianquam
2581 3993 2902 4056 omniparens
2940 3991 3186 4061 Virgilius
3213 3995 3372 4043 etiam
3401 4006 3527 4044 usus
3569 4004 3655 4046 est
3695 3991 3807 4045 zEu.

2245 4077 2317 4127 Vl,
2351 4078 2491 4118 vers.
2546 4061 2669 4116 595.
2703 4062 2760 4117 S.
2799 4063 3027 4130 Prosper
3057 4062 3222 4130 cpigr.
3251 4063 3316 4115 59
3353 4061 3559 4115 citinxit
3606 4064 3810 4116 omnite-

2242 4150 2385 4201 nens,
2422 4143 2476 4187 et
2503 4133 2668 4202 cpigr.
2702 4132 2763 4202 61
2802 4135 3154 4187 omnicreatar.

2312 4204 2366 4257 2.
2403 4205 2524 4258 Vat.
2580 4206 2645 4268 A,
2681 4203 2993 4270 omnipotens
3055 4218 3149 4272 pro
3185 4205 3524 4273 omniparens.
3579 4203 3811 4257 Chamil—

2244 4275 2427 4328 lardus
2462 4275 2561 4328 hoc
2613 4274 2731 4329 loco
2781 4275 3104 4328 allucinatur
3144 4293 3156 4327 :
3207 4284 3362 4339 negat
3402 4274 3544 4327 enim
3601 4288 3811 4328 sensum

2243 4355 2562 4417 poetaeesse
2611 4356 2669 4398 ut
2712 4345 2978 4417 rerbigena
3039 4344 3555 4417 intelligaturverba
3604 4347 3814 4417 genitus,

2244 4413 2400 4486 atque
2431 4416 2542 4483 ipse
2572 4417 2790 4484 exponit
2822 4413 3022 4469 verbum
3068 4413 3312 4486 genitum.
3364 4413 3438 4469 Dn
3479 4413 3715 4482 Cangius
3761 4416 3807 4467 in

2244 4485 2517 4540 Glossario
2544 4487 2740 4547 pariter
2769 4487 3022 4551 afﬁrmat,
3069 4485 3272 4541 lsonem
3323 4486 3462 4540 male
3502 4487 3817 4552 exposuisse

2243 4556 2390 4610 verba
2418 4559 2668 4627 genitum,
2695 4566 2745 4611 et
2776 4558 2991 4612 adducit
3038 4574 3225 4612 versus
3257 4574 3338 4627 cx,
3363 4557 3716 4627 Mantotrecto
3761 4555 3818 4607 ad

2243 4627 2311 4682 IV
2339 4626 2467 4695 Reg.
2502 4642 2620 4696 cap.
2672 4643 2775 4681 xxv
2808 4643 2869 4683 ex
2924 4627 3214 4698 Grmcismo
3246 4643 3259 4681 :
3304 4626 3599 4680 Communis
3634 4627 3819 4698 generis

2244 4706 2364 4768 sunt
2401 4714 2515 4768 quce
2541 4700 2801 4766 campanis
2846 4700 2907 4752 ab
2947 4700 3067 4753 illis.
3122 4697 3317 4766 Excipe
3343 4697 3666 4759 vcnblcaxs,
3697 4703 3818 4768 quod

2242 4767 2444 4822 Christo
2475 4771 2700 4823 convenit
2729 4771 2835 4823 uni.
2870 4769 2972 4824 Sed
3007 4784 3109 4824 non
3147 4769 3495 4822 dubitandum
3541 4769 3678 4835 quin
3712 4767 3820 4821 Sen-

2242 4854 2334 4894 sus
2356 4849 2528 4909 poetae
2572 4840 2640 4892 sit
2689 4840 2852 4894 Verbo
2880 4839 3576 4911 genitus,hquandoquidem
3629 4839 3818 4910 hymno

2244 4912 2330 4981 11,
2358 4925 2500 4964 vers.
2531 4911 2614 4972 17,
2653 4911 2791 4966 idem
2826 4909 3019 4981 repetit
3057 4929 3076 4981 εΔ
3103 4909 3186 4964 Ea:
3229 4927 3315 4963 ore
3335 4910 3617 4980 quamlibet
3665 4909 3822 4962 Patris

2244 4979 2330 5035 Sis
2361 4991 2523 5044 ortus,
2558 4991 2602 5034 et
2631 4981 2796 5034 Verbo
2817 4979 3005 5046 editus,
3033 4979 3119 5035 ubi
3151 4979 3541 5035 Chamillat’dns
3564 4981 3821 5043 interprco

2245 5063 2385 5105 tatur
2417 5070 2430 5104 :
2466 5051 2527 5104 Et
2549 5053 2950 5121 etlitus,quando
2987 5052 3143 5105 Pater
3172 5068 3262 5106 nos
3284 5061 3355 5104 est
3381 5051 3663 5104 allocutus.
3703 5052 3822 5118 Qua-

2245 5139 2364 5176 nam
2399 5139 2525 5176 vero
2558 5123 2761 5177 ratione
2795 5124 2959 5176 Filius
2993 5125 3159 5191 possit
3189 5124 3292 5175 dici
3333 5121 3550 5174 Verbum
3579 5123 3734 5175 verba
3753 5136 3824 5191 ge-

2245 5194 2427 5264 nitum,
2467 5193 2762 5260 theologicc
2804 5195 3041 5264 explicat
3080 5194 3326 5247 Petavius
3374 5193 3465 5246 lib.
3505 5209 3578 5256 ν»,
3615 5208 3735 5262 cap.
3767 5191 3820 5244 8:

2249 5263 2367 5318 Non
2392 5274 2554 5316 tamen
2587 5264 2769 5316 mirum
2823 5263 3038 5329 videtur,
3062 5264 3114 5316 in
3150 5264 3284 5317 hunc
3327 5264 3534 5316 modum
3567 5264 3674 5317 ista
3720 5276 3822 5332 pro-

2252 5335 2496 5399 nuntiari,
2525 5344 2575 5404 ut
2599 5333 2709 5401 ipsa
2744 5334 2914 5388 Patris
2944 5336 3214 5402 sapientia,
3234 5351 3336 5402 qua
3374 5335 3575 5404 sapiens
3619 5343 3717 5399 est,
3743 5349 3823 5402 ap-

2251 5407 2467 5475 pelletur
2513 5403 2851 5467 Filius,......
2877 5407 3007 5460 illud
3050 5407 3110 5457 ab
3145 5422 3242 5458 usu
3272 5403 3526 5459 communi
3565 5406 3820 5464 remotius,

2253 5477 2386 5530 idem
2412 5485 2460 5528 et
2490 5478 2550 5528 de
2578 5478 2709 5547 λογω
2734 5493 2764 5529 a
2794 5477 3039 5531 veteribus
3071 5477 3330 5545 usurpari,
3368 5491 3470 5530 non
3512 5476 3684 5528 solum
3711 5490 3822 5547 qua-

2255 5557 2398 5602 tenus
2428 5549 2695 5613 rationem,
2728 5549 2816 5601 sed
2841 5549 2993 5600 etiam
3023 5558 3268 5616 quatenus
3311 5547 3518 5600 verbum
3552 5547 3819 5617 signiﬁcat.

2253 5617 2318 5671 Et
2362 5633 2479 5688 cap.
2535 5620 2567 5671 5
2618 5635 2762 5672 num.
2798 5619 2862 5672 5:
2901 5619 3165 5685 Siquidem
3231 5617 3450 5671 Verbum
3499 5616 3724 5687 persona
3770 5616 3823 5667 de

2260 5688 2426 5760 Verbo
2477 5689 2654 5751 Patre,
2699 5690 2752 5741 id
2792 5697 2886 5755 est,
2931 5691 3128 5743 ratione
3164 5689 3239 5743 vel
3283 5690 3624 5760 intelligentia
3657 5691 3822 5760 oritur.

2258 5759 2512 5816 Wt-itzius
2546 5760 2773 5816 adhunc
2809 5760 3077 5817 P'udentii
3107 5762 3280 5818 locum
3318 5758 3537 5816 citat'S.
3581 5758 3823 5831 Angusti~
