3970 6326
505 303 607 363 805

751 417 827 472 Te
854 430 1065 486 quoque
1096 417 1213 471 luce
1237 413 1337 470 sub
1369 414 1615 480 occidua,

750 511 974 564 Sumere
1002 525 1118 563 cum
1151 518 1332 563 monet
1364 509 1493 566 hora
1524 507 1723 572 cibum,

506 604 575 657 90
751 602 960 667 Nostra,
994 603 1154 664 Deus,
1188 609 1346 656 canet
1368 601 1674 655 harmonia.

684 695 834 762 Quod
867 695 1006 749 calet
1035 695 1228 749 halitus
1257 694 1510 757 interior,

755 786 927 841 Corde
953 788 1094 857 quod
1126 787 1304 841 abdita
1332 800 1466 840 vena
1500 784 1704 848 tremit,

760 881 940 933 Pulsat
964 887 1016 933 et
1046 879 1206 932 incita
1233 877 1374 946 quod
1400 891 1649 930 resonam

759 970 918 1040 265
951 970 1148 1036 Lingua
1177 968 1278 1022 sub
1301 983 1394 1022 ore
1415 968 1588 1022 latens
1617 979 1857 1034 caveam,

513 1064 582 1121 95
761 1064 900 1118 Laus
932 1064 1111 1131 superi
1135 1063 1306 1116 Patris
1331 1072 1449 1116 esto
1475 1063 1624 1118 mihi.

689 1156 796 1212 Nos
829 1156 988 1226 igitur
1017 1167 1129 1223 tua,
1165 1163 1369 1221 sancte,
1401 1168 1592 1209 manus

771 1227 984 1316 Cespite
1013 1247 1313 1315 composuit
1339 1244 1574 1311 madido,

775 1341 1015 1410 Effigiem
1051 1341 1303 1394 meditata
1327 1353 1478 1392 suam
1507 1355 1520 1393 :

775 1435 947 1504 thue
977 1434 1116 1488 foret
1148 1444 1261 1487 rata
1292 1432 1566 1498 materies,

769 1528 961 1594 Flavii,
990 1537 1044 1582 et
1074 1527 1266 1581 indidit
1293 1541 1385 1579 ore
1409 1525 1662 1578 animam.

701 1622 850 1676 Tunc
878 1636 974 1690 per
995 1635 1211 1674 amrena
1243 1619 1415 1672 vireta
1439 1617 1589 1685 jubet

761 1711 1131 1767 Frondicomis
1157 1710 1396 1762 habitare
1432 1707 1584 1772 locis,

683 1817 686 1820 '
762 1805 869 1858 Ver
891 1803 981 1858 ubi
1011 1810 1330 1872 perpetuum
1363 1799 1591 1860 redolet,

767 1898 1030 1963 Prataque
1069 1893 1402 1947 multicolora
1438 1893 1574 1943 latex

763 1988 1073 2059 Quadriﬂuo
1096 1985 1244 2040 celer
1270 1999 1427 2038 amne
1454 1983 1609 2052 rigat.

515 1529 621 1587 100

516 1992 619 2048 105

2199 787 2302 842 110

2206 1247 2309 1303 115

1625 299 1900 356 AURELlI
1941 298 2071 355 PRU
2085 297 2304 355 DENTII
2346 298 2426 354 CA
2440 299 2672 354 RMINA.
3661 303 3740 359 si);

2126 419 2174 478 A

2379 411 2504 467 Haec
2534 413 2625 466 tibi
2656 425 2796 466 nunc
2825 410 3171 480 famulentur,
3200 412 3296 479 alt,

2445 508 2636 564 Usibus
2668 508 2846 566 omnia
2879 508 3020 564 dedo
3048 508 3153 562 tuis
3178 528 3190 562 :

2453 602 2558 657 Sed
2593 612 2768 657 tamen
2797 616 2986 670 aspera
3019 601 3300 658 mortifero

2453 694 2646 757 Stipite
2667 709 2891 763 carpere
2915 708 3072 763 poma
3102 703 3244 760 veto,

2448 788 2606 858 266
2629 787 2728 854 Qui
2757 787 2936 842 medio
2962 787 3098 842 viret
3128 786 3181 841 in
3204 802 3447 844 nemore.

2393 877 2484 931 llic
2510 877 2672 931 draco
2705 877 2938 946 perfidus
2969 877 3199 934 indocile

2454 970 2686 1038 Virginis
2711 970 2861 1024 illicit
2890 970 3184 1040 ingenium,

2449 1064 2519 1119 Ut
2539 1064 2740 1117 socium
2772 1065 3080 1120 malesuada
3110 1064 3287 1120 virum

2451 1155 2704 1209 Mandere
2732 1163 2949 1224 cogeret
2975 1170 3041 1210 ex
3069 1157 3270 1223 vetitis,

2453 1247 2568 1316 ipsa
2601 1246 2714 1317 pari
2743 1247 2979 1316 peritura
3008 1246 3192 1303 modo.

2384 1337 2621 1407 Corpora
2646 1345 2827 1392 mutua
2860 1339 3049 1408 (nosse
3081 1339 3256 1409 nefas)

2465 1431 2589 1484 Post
2618 1432 2804 1500 epulas
2829 1430 3078 1500 inoperta
3107 1432 3310 1500 vident,

2461 1521 2718 1576 Lubricus
2747 1537 2898 1577 error
2927 1532 2979 1576 et
3008 1524 3252 1578 erubuit:
3303 1518 3312 1525 “

2454 1613 2708 1681 Tegmina
2742 1623 2858 1668 suta
2885 1624 3074 1682 parant
3103 1615 3264 1681 foliis,

2463 1703 2700 1760 Dedecus
2727 1717 2784 1762 ut
2809 1706 2979 1775 pudor
3003 1708 3296 1764 occuleret.

2385 1795 2613 1850 Conscia
2639 1797 2795 1866 culpa
2832 1798 2996 1852 Deum
3030 1800 3270 1868 pavitans

2469 1891 2608 1958 Sede
2643 1877 2725 1959 pia
2763 1892 2947 1958 procul
2977 1892 3223 1963 exigitur.

2465 1983 2665 2038 lunuba
2697 1983 2892 2038 femina
2919 2000 3036 2053 quae
3068 1983 3255 2049 fuerat,

2210 1707 2312 1760 1‘20

1805 2072 2097 2130 GLOSS/E
2145 2072 2482 2129 VETERES.

585 2184 676 2237 88.
708 2179 965 2243 Occidua,
997 2192 1213 2244 vespere,
1252 2174 1290 2227 l.

585 2254 672 2307 99.
711 2241 1017 2314 Ilarinquia,
1071 2241 1353 2296 modulatio
1392 2242 1746 2314 suavissimum
1789 2258 1990 2294 carmen
2029 2241 2103 2293 vel

517 2338 766 2393 organum
794 2337 806 2371 :
829 2311 1072 2393 harmonp
1091 2314 1266 2367 Gra'ce
1293 2329 1441 2393 cano,
1464 2313 1582 2365 inde
1607 2311 1892 2393 harmonia,
1921 2320 2102 2363 cantus

520 2383 635 2446 cuin
658 2390 916 2452 laudibus,
939 2390 973 2438 Ι.
1013 2386 1139 2448 lloc,
1164 2385 1300 2453 quod
1330 2385 1458 2446 vivo,
1491 2393 1534 2436 et
1557 2383 1692 2450 quod
1714 2383 1851 2450 loqui
1875 2399 2100 2451 possunt,

518 2467 581 2519 sit
611 2463 721 2516 laus
751 2460 868 2525 Dei,
903 2458 1020 2513 Vat.
1056 2460 1118 2509 A.

594 2535 680 2588 9|.
721 2532 946 2593 llalitus,
981 2528 1211 2597 spiritus,
1247 2525 1285 2579 I.

591 2605 680 2659 95.
716 2603 899 2663 lncita,
923 2593 1192 2653 commota.
1227 2605 1297 2637 —-‘-
1329 2597 1615 2662 Resonam,
1645 2610 1906 2658 sonoram,
1939 2593 1977 2648 l.

593 2676 680 2729 95.
717 2675 864 2734 Esto,
889 2675 973 2733 sit,
1007 2671 1044 2723 l.

591 2746 679 2800 96.
710 2745 914 2806 Manus,
949 2741 1206 2805 divinitas,
1242 2739 1278 2792 Ι.

593 2819 682 2871 97.
715 2814 1045 2882 Composuit,
1071 2813 1279 2872 creavit,
1314 2812 1350 2863 Ι.

590 2889 677 2940 99.
715 2879 954 2952 Eltigietn
995 2882 1402 2943 similitudinem,
1454 2881 1494 2932 l.
1542 2909 1610 2920 --
1646 2879 1917 2944 Meditata,
1962 2879 2035 2931 sic
2061 2887 2105 2931 et

525 2958 708 3027 Virgil.
744 2959 804 3009 de
821 2951 861 3008 WJ
874 2971 1037 3008 unone
1067 2971 1084 3007 :
1111 2952 1338 3006 Inachia:
1365 2961 1555 3022 pestem
1585 2951 1825 3004 meditata
1849 2951 2101 3019 juvencar,

524 3031 639 3084 Val.
665 3031 734 3082 Ἀ.

587 3102 675 3155 99.
711 3100 866 3163 Rata,
897 3099 1138 3167 perfecta,
1169 3096 1208 3149 l.

591 3173 710 3225 101.
746 3162 1107 3228 1’(ξι·ιιίῐιιὲειιίι⁸
1145 3170 1196 3219 in
1238 3166 1496 3235 paradiso.
1529 3194 1596 3202 -—
1627 3163 1831 3224 Vireta,
1863 3162 2093 3235 virentia,

519 3243 558 3298 Ι.
592 3220 1015 3308 libidinantium}
1041 3220 1288 3308 adjectiba
1333 3244 1614 3302 ponuntur,
1658 3220 1827 3308 unum
1869 3249 1962 3308 pro
1995 3231 2099 3298 [iro
2129 3220 2174 3280 C

519 3304 867 3378 accipiendum
897 3319 990 3373 est,
1033 3304 1115 3359 sic'
1157 3307 1238 3358 hic
1266 3320 1462 3357 amoma
1506 3319 1594 3374 per
1628 3305 1808 3368 vireta,
1860 3304 1897 3353 i.
1938 3317 1981 3354 e.
2012 3318 2098 3370 per

2207 2171 2544 2222 mnamitatem
2575 2171 2815 2222 virentem
2847 2169 2966 2222 Vat.
3003 2171 3064 2222 A.

2283 2240 2404 2295 105.
2438 2239 2679 2304 Rcdolet,
2710 2256 2783 2294 sc.
2809 2243 2983 2310 ﬂores,
3018 2241 3059 2294 Ι.

2283 2313 2404 2365 illi.
2437 2310 2787 2383 Multicolora,
2821 2313 2986 2375 varia,
3023 2311 3059 2362 Ι.
3094 2342 3164 2350 -
3190 2311 3377 2378 Later,
3413 2317 3547 2383 fons,
3582 2315 3621 2371 Ι.

2282 2383 2404 2504 1οΞἶ.
2446 2381 2774 2446 Quadrifluo,
2810 2384 2930 2452 quia
2971 2390 3190 2452 quatuor
3225 2393 3341 2437 sunt
3384 2381 3600 2454 ﬂamma
3636 2404 3777 2459 paro-

2282 2471 2333 2504 il.
2397 2493 2408 2504 .

2214 2454 2333 2517 disi,
2368 2454 2408 2505 l.

2288 2523 2409 2576 106.
2441 2523 2548 2586 an,
2582 2522 2739 2592 Deus,
2771 2524 2810 2577 ι.

2286 2595 2408 2649 107.
2436 2593 2602 2657 Dedo,
2635 2604 2812 2663 sponte
2839 2598 3006 2658 trado,
3035 2595 3075 2648 1.

2288 2665 2408 2720 109.
2440 2664 2650 2732 Stipite,
2685 2665 2882 2728 arbore,
2916 2665 2953 2718 Ι.

2288 2737 2408 2789 110.
2445 2736 2691 2802 Nemore,
2723 2737 2973 2806 paradisi,
3012 2737 3052 2789 Ι.

2288 2807 2411 2878 111.
2459 2805 2583 2878 llic,
2627 2805 2762 2859 tune.
2796 2836 2864 2878 +
2895 2807 3150 2872 Perfidus,
3199 2810 3413 2878 perdens
3454 2811 3628 2878 fiderit,
3659 2811 3698 2864 Ι.
3721 2840 3778 2852 -—

2216 2877 2473 2943 ludocile,
2505 2877 2657 2951 valde
2695 2877 2896 2951 docile;
2947 2878 2997 2930 in
3031 2879 3160 2951 enim
3191 2877 3485 2949 prwpositio
3516 2883 3779 2951 aliquando

2214 2958 2383 3018 auget,
2418 2959 2470 3000 ut
2499 2948 2765 3016 impulsus,
2791 2949 3040 3016 intonsus,
3078 2950 3190 3003 Val.
3226 2952 3288 3006 A.

2284 3020 2404 3072 “:2.
2437 3018 2611 3084 ll:icit,
2646 3018 2851 3088 decipit,
2887 3018 2925 3072 1.

2282 3089 2403 3144 114.
2444 3091 2647 3148 Velitis,
2685 3091 2867 3157 pomis,
2901 3091 2937 3144 Ι.

2281 3161 2400 3214 119.
2442 3159 2655 3224 Parant,
2686 3171 2996 3229 pra’parant,
3033 3160 3072 3214 1.

2281 3232 2406 3284 122.
2443 3230 2704 3298 Exigitur,
2742 3232 3037 3300 expellitur,
3067 3231 3106 3284 l.

2284 3301 2404 3356 l23.
2436 3301 2660 3368 lunuba,
2689 3303 2829 3372 virgo
2860 3304 2999 3368 prius
3020 3303 3074 3358 in
3100 3304 3364 3372 paradiso,
3392 3304 3510 3360 Vat.
3539 3305 3604 3361 Τ.

1868 3416 2430 3472 COMMENTARIUS.

592 3521 680 3575 00.
713 3517 836 3572 Vat.
871 3520 909 3568 A
951 3516 1126 3583 glossa
1172 3513 1400 3579 pertinet
1442 3512 1508 3566 ad
1553 3511 1923 3579 explicandam
1969 3520 2108 3565 stro-

522 3592 680 3658 pltam
708 3597 1040 3653 sequentem.
1079 3583 1338 3658 Weitzius
1369 3585 1493 3652 legit
1520 3584 1654 3636 cauit
1677 3597 1779 3658 pro
1811 3592 2106 3658 canetcum

523 3654 745 3721 Withth
778 3660 967 3725 llails.,
1001 3657 1189 3718 tlold.;
1221 3655 1312 3709 sed
1343 3665 1484 3710 canet
1521 3654 1692 3709 nostri
1716 3668 1924 3720 omnes,
1957 3654 2107 3720 Ald.,

525 3735 664 3793 (iis,
702 3733 841 3793 Put.,
877 3734 1072 3792 Uxou.,
1110 3727 1317 3790 lleins.,
1352 3727 1465 3780 Pal.

595 3806 684 3857 933'.
719 3802 959 3865 Resonat,
998 3801 1133 3852 male
1163 3799 1348 3855 Aldus.

596 3875 684 3928 90.
724 3873 821 3924 Pro
851 3882 1037 3935 sancte,
1067 3871 1208 3940 quod
1237 3870 1421 3940 optimi
1447 3877 1501 3924 et
1524 3868 1761 3938 plerique
1785 3868 2003 3940 habent,
2033 3868 2109 3923 Ie-

526 3956 656 4012 uunt
686 3955 863 3997 sancta
891 3939 1096 4012 manus,
1126 3939 1301 3996 minus
1334 3941 1490 4008 bene,
1515 3941 1696 4011 Prag.,
1721 3939 2107 4008 liat.,Weitz.,

534 4017 648 4070 Uis.
672 4018 691 4069 -Ι
726 4017 834 4079 ed.,
870 4013 1010 4065 Vatt.
1033 4011 1073 4076 I,
1107 4015 1170 4065 υ.

595 4089 683 4139 97.
713 4087 814 4138 Pro
843 4087 947 4136 luto
983 4084 1156 4152 posuit
1186 4092 1336 4150 poeta
1369 4083 1616 4153 Cespitem
1657 4084 1946 4137 madidum.
2003 4082 2104 4136 Fe-

525 4169 638 4211 stus
677 4155 895 4221 :Cespes
939 4165 1011 4205 est
1062 4163 1198 4205 terra
1240 4154 1291 4205 in
1335 4156 1540 4206 modunt
1583 4154 1756 4208 lateris
1799 4170 1949 4218 cwsa,
1985 4168 2104 4207 cum

529 4229 714 4292 herba,
769 4231 881 4280 sive
926 4223 1127 4277 fruetus
1167 4224 1369 4276 recisus
1399 4233 1450 4276 «ιι
1500 4234 1774 4278 truncatus
1820 4235 1919 4277 est.
1954 4224 2106 4290 Apud

529 4299 784 4353 lsidorum
814 4297 903 4349 lib.
937 4311 1045 4356 xvt,
1077 4309 1194 4362 cap.
1219 4294 1272 4359 6,
1297 4296 1464 4362 0rig.:
1485 4293 1704 4363 Cespiles
1728 4306 1842 4346 sunt
1875 4296 2105 4363 frutices.

533 4371 662 4423 Vide
695 4369 886 4437 Psycli.
939 4381 1078 4421 vers.
1107 4363 1232 4427 904,
1291 4364 1426 4416 Nam
1465 4367 1657 4416 viscera
1701 4366 1820 4417 limo
1869 4363 2106 4434 E/ﬁgiata

527 4448 764 4498 premunt
791 4438 1036 4498 animam,
1067 4446 1169 4488 etc.

602 4511 720 4566 100.
759 4510 812 4562 In
841 4508 1078 4575 margine
1110 4506 1226 4559 Vat.
1260 4507 1322 4568 Α,
1360 4505 1459 4557 Ore
1483 4504 1704 4556 animum
1735 4505 1869 4557 dedit
1897 4521 1957 4558 err-
1989 4523 2104 4571 pro-

530 4585 663 4652 prio,
714 4597 869 4649 quem
912 4593 1124 4652 versum
1167 4577 1284 4630 Pnt.
1320 4585 1376 4652 et
1412 4577 1529 4652 Vat.
1649 4575 1844 4652 habent
1874 4576 2102 4652 intexta

531 4646 668 4721 ipso,
724 4646 776 4707 et
807 4651 1204 4721 conciuuioretn
1245 4647 1458 4721 vulgato
1491 4646 1741 4721 lleiusius
1784 4647 1933 4721 dicit.
1975 4647 2102 4721 For:

529 4718 672 4778 tasse
706 4725 915 4776 diversa
947 4730 1023 4772 est
1053 4719 1209 4771 lec.io
1253 4719 1492 4786 ejusdem
1535 4718 1769 4772 auctoris
1812 4733 1873 4770 ex
1907 4718 2102 4786 duplici

529 4796 764 4868 editione
795 4805 1014 4868 operum
1060 4799 1200 4842 nata.
1239 4789 1551 4868 Alluditad
1603 4789 1740 4868 _Gen.
1793 4803 1913 4856 cap.
1941 4805 1996 4868 tt,
2050 4789 2101 4843 7.
2131 4807 2183 4868 ί)

529 4865 749 4933 Reliqua
778 4877 895 4930 qua:
928 4864 1012 4914 hic
1037 4873 1210 4913 narrat
1242 4862 1428 4933 eodem
1454 4862 1569 4933 loco
1603 4862 1778 4928 legere
1809 4862 2030 4928 poteris.

602 4931 722 4989 10⁷1.
758 4933 872 4987 Vat.
910 4935 946 4986 Α
984 4947 1076 5000 pro
1113 4945 1229 4983 tunc
1275 4931 1431 4984 habet
1462 4932 1616 4994 liunc,
1663 4936 1838 4985 minus
1862 4933 2019 4997 liene,
2051 4941 2104 4986 et

529 5009 718 5059 directa
743 5005 878 5057 male
905 5020 997 5072 prn
1024 5003 1203 5068 vireta,
1239 5003 1376 5072 quod
1409 5013 1490 5054 cst
1520 5017 1698 5068 Stlpra.
1730 5003 1933 5056 Glns‘sa‘.
1963 5004 2104 5070 ejus-

528 5079 647 5130 dem
676 5090 726 5130 et
761 5071 928 5129 lsonis
951 5090 1053 5127 non
1084 5076 1312 5141 placent.
1338 5071 1565 5126 Viretum
1590 5084 1669 5126 est
1693 5089 1886 5126 nomen
1912 5074 2098 5138 fixum,

527 5165 620 5201 seu
655 5149 1063 5206 substantivum,
1100 5160 1204 5199 non
1237 5146 1579 5212 adjectivum.
1625 5143 1872 5209 Virgilius
1903 5145 1992 5196 lib.
2026 5159 2097 5207 vr,

530 5221 786 5272 Devenere
810 5217 946 5269 toros
975 5220 1140 5279 ιιι-ιοδ,
1186 5226 1231 5268 et
1255 5232 1454 5269 amwna
1483 5217 1654 5268 rire/a.
1691 5215 1997 5268 Paradisum
2029 5214 2099 5266 si-

529 5292 638 5344 mili
667 5289 826 5345 modo
853 5288 1104 5341 describit
1131 5299 1282 5355 poeta
1313 5288 1495 5357 liymn.
1533 5289 1564 5341 5
1595 5301 1734 5340 vers.
1764 5287 1882 5350 115,
1913 5295 1966 5338 et
1994 5284 2099 5338 Ha-

529 5379 574 5412 lli
617 5373 683 5415 rt.
719 5376 860 5416 vers.
893 5358 1019 5412 856.

601 5434 719 5485 107.
771 5431 847 5484 Ad
895 5445 1041 5484 oram
1093 5427 1210 5481 Vat.
1246 5429 1310 5494 A,
1356 5427 1550 5482 nisibus
1593 5443 1690 5498 pro
1719 5427 1914 5490 usibus,
1959 5426 2097 5495 quod

525 5503 744 5554 omnino
773 5503 1132 5554 retinendum.

599 5572 718 5625 110.
753 5573 897 5634 litin,
922 5575 1111 5623 medico
1138 5585 1232 5639 pro
1254 5571 1441 5637 medio,
1467 5573 1559 5627 sed
1583 5573 1828 5626 abrasum
1859 5577 1940 5622 est
1968 5585 2015 5633 c,
2047 5576 2101 5622 et

527 5653 671 5714 recte
697 5660 709 5693 :
737 5657 864 5714 nam
883 5642 1013 5714 Lien.
1040 5657 1159 5707 cap.
1187 5658 1243 5707 tt,
1279 5647 1310 5695 9
1333 5663 1340 5694 :
1363 5643 1580 5714 Lignuin
1609 5645 1757 5696 etiam
1790 5641 1903 5694 vita:
1924 5640 1976 5693 in
1999 5655 2102 5692 tne-

524 5708 609 5758 dio
637 5711 864 5775 paradisi
890 5711 1183 5776 lignumque
1207 5708 1568 5768 scientiwvboni
1597 5725 1638 5768 et
1670 5714 1812 5765 ntali.

596 5778 719 5829 111.
749 5778 1000 5831 Nebrissa
1026 5779 1247 5832 indocile
1275 5785 1464 5850 accipit
1495 5799 1579 5836 aut
1630 5802 1724 5849 pt't)
1765 5782 1998 5836 ltlthClO.
2047 5789 2103 5836 Cl

2218 3510 2357 3590 rudi,
2406 3520 2497 3564 aut
2544 3526 2638 3580 pro
2681 3511 2897 3590 indocili
2930 3513 3189 3590 bonarum
3223 3517 3446 3590 artium,"
3483 3535 3606 3590 quae
3635 3520 3684 3575 iu
3712 3519 3788 3577 fe-

2213 3583 2489 3662 niitiapon
2520 3583 2882 3662 reperiuntur,
2917 3594 3048 3662 teste
3075 3587 3384 3644 Aristotele.
3415 3583 3524 3657 Ego
3556 3589 3791 3662 intelligo

2214 3652 2336 3707 Eva:
2369 3653 2640 3723 ingenium
2681 3655 2916 3725 indocile
2952 3656 3044 3709 Dei
3081 3669 3347 3725 praecepto
3395 3652 3498 3714 non
3541 3652 3790 3718 vescen'tli

2213 3739 2370 3793 pomo
2396 3727 2585 3789 vetito,
2621 3741 2726 3794 quo
2749 3724 2923 3780 Adam
2955 3736 3008 3781 et
3041 3724 3146 3782 Eva
3181 3729 3423 3784 obstricti
3456 3739 3633 3786 erant.
3661 3733 3790 3790 Nam

2211 3795 2654 3872 praetipturqlve
2679 3799 2910 3872 comedas
2934 3799 3149 3872 ponitur
3172 3800 3223 3852 in
3248 3800 3501 3872 singulari
3526 3818 3626 3872 per
3650 3804 3790 3859 enal-

2211 3867 2362 3940 lagen
2390 3882 2487 3940 pro
2515 3866 2918 3940 Nepomedatis,
2947 3869 3023 3940 uti
3044 3866 3389 3940 Septuaginta
3415 3866 3790 3928 liahent.Nou-

2213 3938 2338 4010 nulli
2372 3939 2566 3991 doceut
2600 3939 2760 4010 Evam
2794 3950 2919 3993 ante
2947 3939 3050 3993 hoc
3083 3938 3405 4010 praeceptum
3449 3942 3617 4001 fuisse
3661 3960 3791 4004 con-

2212 4007 2397 4072 ditam,
2431 4009 2676 4074 quamvis
2702 4009 2818 4076 ejus
2849 4010 3098 4065 formatio
3131 4007 3309 4078 postea
3333 4014 3617 4069 referatur.

2285 4079 2409 4133 112.
2443 4079 2544 4151 Pro
2571 4079 2716 4131 illicit
2746 4080 2903 4134 habet
2927 4083 3086 4135 attici!
3110 4081 3266 4151 Prag.
3452 4100 3456 4101 ί

2284 4151 2404 4224 illi.
2429 4150 2612 4224 _Aldus
2644 4151 2710 4224 ita
2755 4152 3119 4224 interpuugit:
3155 4150 3382 4224 Corpora
3422 4165 3600 4209 mutua
3647 4175 3792 4216 nosse

2210 4220 2387 4292 nefas.
2420 4219 2544 4274 Post
2586 4221 2759 4292 epulas
2791 4219 3024 4292 inoperta
3063 4224 3230 4278 vident
3257 4219 3520 4280 'Lubricus
3558 4245 3706 4281 error
3747 4244 3791 4287 et

2209 4289 2434 4366 erubuit.
2476 4289 2662 4366 illclius
2704 4289 3006 4366 l’lat.,fqubi_
3043 4295 3236 4362 legitur
3277 4298 3409 4352 ridet
3440 4312 3536 4366 pro
3577 4297 3791 4357 vident:

2210 4357 2339 4433 Post
2369 4363 2544 4430 epulas
2572 4367 2800 4431 inaperta
2832 4357 2960 4417 videt
2982 4357 3234 4419 Lubricus
3261 4383 3422 4433 error,
3441 4357 3499 4421 ἐι
3533 4370 3757 4426 erubuit.

2434 4434 2600 4506 {aldus
2641 4434 2797 4506 male,
2822 4437 2938 4488 sede
2965 4437 3192 4506 prapria.

2283 4502 2404 4576 125.
2439 4503 2601 4576 liecte
2649 4505 2815 4558 Nebr.
2858 4502 3116 4574 explicat,
3170 4509 3412 4562 innabant
3457 4510 3562 4564 dici
3602 4512 3790 4576 Evam,

2209 4573 2330 4651 quia
2362 4575 2563 4628 nubere
2599 4584 2688 4651 est
2735 4573 2938 4651 minori
2977 4579 3282 4651 conditione
3331 4595 3388 4634 se
3431 4583 3645 4651 conjugi
3695 4573 3792 4634 suo

2210 4646 2357 4722 dare,
2391 4654 2446 4700 et
2466 4647 2703 4722 nondum
2738 4647 2808 4722 illi
2833 4649 3033 4722 dictum
3064 4649 3254 4722 fuerat.
3293 4652 3398 4706 Sub
3426 4646 3675 4722 potestate
3702 4654 3791 4705 uiri

2209 4717 2329 4779 eris,
2374 4728 2417 4770 et
2459 4717 2582 4789 ipse!
2610 4718 2956 4772 dominabitur
2984 4722 3092 4776 tibi.
3135 4720 3266 4776 Vide
3309 4738 3372 4775 an
3421 4717 3589 4789 prosit
3629 4727 3790 4778 etiam

2213 4789 2423 4860 propria
2451 4787 2769 4860 significatio
2798 4793 3018 4845 nubendi
3043 4808 3060 4852 ς
3111 4808 3230 4844 nam
3264 4787 3447 4846 nubere
3476 4804 3559 4848 cst
3584 4797 3791 4860 velare,

2212 4858 2444 4921 operire,
2471 4870 2522 4910 et
2553 4859 2738 4913 nubere
2769 4874 2856 4913 aut
2886 4863 3006 4914 nubi
3036 4872 3115 4917 est
3145 4866 3411 4932 proprium
3445 4858 3788 4928 feminarum,

2211 4943 2329 5005 quin
2358 4939 2517 4997 caput
2540 4939 2592 5005 et
2622 4946 2806 5005 genus,
2841 4933 3183 4990 matrimonio
3212 4934 3545 5002 copulandas,
3577 4941 3791 5005 operic-

2209 4997 2358 5064 bant,
2391 5009 2448 5053 ut
2474 4997 2725 5067 pudorem
2759 5001 2946 5055 flarneo
2974 4997 3298 5058 occulerent.
3323 4997 3567 5059 Lucanus
3597 4997 3692 5062 lib.
3716 5025 3752 5063 ιι
3777 5023 3789 5060 :

2212 5067 2334 5142 Non
2364 5072 2599 5123 timidum
2629 5083 2796 5140 nupta:
2824 5075 2992 5128 lit'iter
3024 5085 3215 5128 tectura
3246 5079 3485 5142 pudorem
3520 5076 3685 5130 Lutea
3708 5082 3791 5131 dc-

2209 5140 2386 5214 inissos
2411 5144 2639 5195 velarunt
2665 5146 2850 5212 ﬂamen
2877 5145 3060 5199 uultus.
3091 5147 3189 5199 Alii
3215 5140 3501 5214 [lannneuin
3525 5151 3788 5203 scribunt.

2209 5211 2315 5265 lira
2367 5214 2555 5279 igitur,
2603 5211 2844 5282 minuitis
2886 5233 3017 5270 uxor
3067 5211 3271 5271 Adau'io
3310 5234 3338 5270 a
3379 5221 3483 5273 llet)
3524 5220 3671 5282 data,
3730 5235 3790 5275 co

2208 5297 2366 5356 sensu
2397 5294 2558 5356 nupta
2588 5300 2690 5356 non
2720 5296 2853 5356 ciat,
2882 5303 3050 5356 neque
3082 5287 3271 5340 [latnt-0
3299 5289 3364 5343 ad
3399 5289 3659 5356 pudorem
3704 5308 3790 5346 0c-

2208 5355 2515 5408 cultnndum
2546 5353 2834 5424 indigebat.
2876 5359 2925 5411 in
2969 5353 3138 5413 sacris
3169 5353 3503 5414 Litteris'hic
3545 5363 3681 5414 ritus
3717 5366 3790 5414 iii-

2206 5426 2385 5500 puitor
2416 5429 2548 5500 tieu.
2575 5441 2691 5500 cap.
2725 5443 2868 5500 xxiv,
2918 5430 3006 5492 05,
3059 5426 3144 5482 tibi
3176 5431 3439 5494 Rebecca,
3493 5443 3790 5500 conspecto

2207 5495 2370 5559 Isaac,
2399 5497 2578 5549 tollens
2601 5499 2700 5549 cito
2731 5497 2966 5564 pallium,
2994 5503 3191 5569 operuit
3214 5517 3266 5552 se
3381 5502 3477 5566 Qui
3501 5495 3791 5555 intro-duxit

2207 5583 2316 5619 eam
2349 5570 2400 5620 in
2425 5569 2805 5621 tabernaculmn
2837 5571 2984 5625 Sara:
3007 5573 3181 5624 matris
3209 5589 3331 5638 sutv,
3368 5584 3409 5626 ct
3452 5575 3646 5639 intrepi:
3684 5586 3792 5627 eam

2208 5654 2439 5712 urerent.
2467 5639 2774 5712 Ulmuliere,
2809 5657 2900 5696 seu
2927 5643 3100 5696 velare
3133 5657 3288 5712 caput
3334 5661 3382 5696 in
3415 5644 3632 5700 feminis
3661 5647 3793 5698 sult-

2205 5709 2564 5781 joctionisest
2591 5709 2798 5779 signum
2842 5731 2905 5766 ex
2948 5714 2964 5766 l
3006 5714 3070 5767 ad
3103 5709 3344 5768 Corinth.
3393 5730 3510 5781 cap.
3547 5730 3624 5780 XI,
3679 5715 3720 5770 5
3749 5721 3799 5767 et

2209 5794 2358 5848 Seqq.
2390 5799 2400 5832 :
2431 5778 2609 5834 Omnis
2640 5778 2810 5837 autem
2837 5785 3018 5839 mulier
3041 5800 3192 5840 orans
3213 5795 3302 5840 attt
3323 5778 3662 5858 propitiamus,
3696 5799 3798 5842 non
