3970 6326
525 345 618 403 80?

774 450 962 508 Omnia
1000 448 1149 518 virgo
1176 459 1378 503 venena
1406 442 1588 500 domat
1614 460 1628 497 :
2134 444 2190 503 Α

778 540 1058 599 Tractibus
1083 537 1270 607 anguis
1300 536 1626 606 inexplicitis

781 633 938 689 Virus
968 629 1171 685 inerme
1202 629 1350 698 piger
1381 626 1636 693 revomit,

779 723 1032 793 Gramine
1062 720 1314 777 concolor
1342 720 1395 773 in
1426 718 1607 773 viridi.

711 818 841 884 Quae
871 790 1055 870 feritas
1082 810 1241 869 modo
1269 825 1375 866 non
1403 809 1665 879 trepidat,
1718 784 1721 787 l

784 903 993 961 Territa
1021 902 1090 958 de
1117 915 1278 973 grege
1304 898 1624 955 cantlldulo?

785 993 946 1068 270
969 990 1267 1063 impavida:
1298 991 1456 1061 lupus
1486 989 1625 1045 inter
1651 1002 1782 1046 oves

1631 326 1911 387 AURELII
1952 321 2315 383 PRUDENTII
2353 314 2677 375 CARMINA.

2461 429 2649 485 Tristis
2679 422 3016 488 obambulat,
3050 430 3103 478 et
3132 419 3378 476 rabidum

2463 519 2745 590 Sanguinis
2778 517 3061 571 immemor
3084 529 3147 569 os
3173 513 3413 571 cohibet.

2387 614 2566 682 Agnus
2594 612 2735 665 enim
2770 608 2889 663 vice
2925 606 3151 662 miriﬁca

2462 705 2599 759 Ecce
2625 702 2870 757 leonibus
2898 700 3189 769 imperitat,

2467 797 2624 868 271
2657 792 3056 863 Exagitansque
3096 801 3275 847 truces
3305 790 3515 862 aquilas

2465 889 2566 943 Per
2594 902 2721 958 vaga
2751 885 2931 941 nubila
2949 924 2964 953 ,
2994 900 3196 957 perque
3221 892 3377 942 notos

2480 983 2667 1040 Sidere
2694 981 2843 1052 lapsa
2876 979 3126 1037 columba
3149 978 3316 1051 luget.

2221 525 2320 579 £60

2225 984 2333 1041 165

1834 1097 2121 1158 GLOSSE
2166 1096 2498 1156 VETERES.

616 1209 738 1265 155.
772 1200 1113 1276 Inesplicitis,
1144 1193 1617 1276 innumerabilibus,
1645 1194 1685 1250 l.

616 1279 738 1335 164.
772 1266 1001 1337 lnerine.
1030 1266 1272 1339 nocuum,
1302 1266 1419 1323 Vat.
1445 1268 1510 1323 A.

618 1348 742 1405 156.
777 1346 889 1403 Non
907 1383 921 1411 ,
947 1355 1136 1405 nonne,
1163 1339 1201 1393 l.

618 1401 743 1476 ibi.
776 1401 1063 1480 Leonibus,
1093 1401 1288 1466 leonem
1312 1414 1455 1464 vocat
1494 1403 1755 1462 diabolum
1780 1404 1841 1460 ob
1878 1401 2126 1475 ferocita-

2235 1190 2737 1332 mi‘ii5ibgiagitans
2761 1298 2775 1323 ,
2808 1212 3113 1331 persequens
3135 1297 3151 1328 ,
3185 1256 3226 1315 ι.
3258 1286 3327 1301 -
3357 1257 3606 1332 Aquilus,
3639 1257 3785 1314 aerias

2228 1338 2499 1402 potestates
2522 1370 2535 1397 ,
2562 1330 2679 1388 Vat.
2714 1330 2777 1386 A.

1911 1512 2465 1571 COMMENTARIUS.

551 1624 649 1683 SS.
689 1622 875 1676 Patres
924 1611 1405 1687 probant‘,__jus_tos
1446 1610 1604 1687 _bonis
1653 1607 1920 1687 operibus_
1958 1607 2120 1687 vitam

551 1678 807 1750 aeternam
840 1678 1065 1750 mei-eri,
1095 1693 1149 1737 et
1187 1678 1405 1736 Mariam
1446 1678 1716 1748 Virginem
1757 1678 2034 1750 meruisse,
2069 1686 2126 1729 ut

554 1748 727 1821 mater
773 1758 863 1814 Dei
898 1748 1221 1811 efﬁceretur.
1252 1752 1381 1819 Quae
1421 1752 1600 1805 omnia
1641 1749 1855 1821 egregie
1894 1748 2135 1821 disputat

554 1846 609 1891 et
652 1834 884 1887 illustrat
929 1826 1245 1881 Franciscus
1289 1822 1491 1877 Suarez
1539 1830 1669 1875 tom.
1704 1820 1755 1884 l,
1806 1820 1923 1891 in?)
1970 1829 2130 1891 ρων

553 1888 745 1976 quaest.
777 1902 841 1967 2,
866 1899 1068 1976 _disput.
1101 1896 1187 1958 10,
1220 1903 1355 1949 sect.
1390 1894 1419 1945 7
1461 1902 1515 1947 et
1556 1893 1620 1958 8,
1653 1891 1745 1961 qui
1784 1890 2023 1941 meritum
2072 1888 2136 1941 de

561 1968 1065 2045 congruo_admittit.

630 2030 751 2100 {53.
788 2043 945 2096 Poeta
976 2036 1227 2107 graphice
1260 2034 1497 2104 depingit
1543 2041 1880 2107 serpentem,
1908 2030 2138 2107 qualis-a

560 2114 859 2189 pictoribus
909 2100 1269 2189 iit-.nijfsterio
1310 2100 1687 2189 Conceptiouis
1718 2100 2136 2189 isoletellinsl.

559 2172 804 2241 t'ractibus
844 2172 1173 2246 inexplicitis,
1206 2176 1307 2231 hoc
1335 2184 1446 2240 est,
1480 2176 1533 2228 itt
1565 2174 1735 2241 spiras
1765 2182 1819 2228 et
1851 2172 2019 2225 nodos
2050 2185 2141 2224 co-

563 2266 716 2311 actus
742 2264 796 2308 et
825 2250 1133 2318 implicitus.

632 2324 756 2379 154.
789 2313 917 2375 Νοιί
951 2319 1106 2371 video
1152 2313 1291 2369 unde
1334 2313 1449 2367 haec
1490 2313 1805 2382 signiﬁcatio
1850 2313 1997 2364 nocui
2047 2326 2141 2379 pro

564 2395 747 2449 inermi
782 2392 836 2445 in
882 2389 1057 2457 glossa
1084 2386 1199 2438 Vat.
1240 2387 1278 2457 ᾼ
1326 2383 1395 2457 sit
1438 2392 1635 2457 tracta;
1671 2382 1890 2457 nisi‘hic
1930 2395 2146 2450 quoque

564 2465 715 2519 dicas
753 2462 807 2514 in
851 2451 1084 2528 augere,
1124 2464 1183 2509 ut
1221 2454 1459 2522 ejusdem
1496 2451 1615 2505 Vat.
1660 2459 1705 2505 Α
1736 2452 1927 2528 glossa
1980 2466 2140 2528 supra

565 2536 741 2589 aiebat
778 2524 1009 2585 versi?»
1053 2529 1119 2581 At
1166 2539 1322 2578 verus
1370 2535 1452 2576 est
1502 2534 1721 2586 sensus,
1773 2524 1959 2574 inerme
2000 2524 2146 2575 virus

566 2605 704 2669 dici,
746 2601 886 2670 quod
940 2597 1131 2652 attinet
1175 2596 1241 2648 ad
1395 2594 1695 2670 Virginem,
1748 2608 1869 2661 qua:
1914 2592 2147 2670 viperam

566 2662 821 2730 cern'ua'm
849 2669 1073 2739 pedibus
1120 2666 1461 2739 proterit,,et_
1486 2664 1667 2739 omnia
1692 2678 1896 2739 venena
1929 2662 2144 2739 domat_,

566 2746 775 2800 scilicet
814 2733 1399 2810 a'pcccatobriginali
1448 2733 1721 2787 immunis.
1782 2734 1917 2787 Hinc
1966 2734 2151 2802 anguis

567 2818 732 2887 piger,
761 2808 919 2887 idest
946 2808 1155 2887 debilis.

641 2875 763 2941 155.
794 2882 993 2951 Anguis
1022 2878 1216 2951 dicitur
1243 2876 1481 2951 concolor
1500 2877 1551 2928 in
1581 2876 1809 2951 gramine
1831 2875 1997 2951 uiridi,
2029 2875 2151 2951 quia

568 2956 803 3012 colubris
835 2944 934 3007 hoc
970 2948 1244 3016 epitheton
1274 2947 1450 2999 viridis
1491 2944 1631 3016 apud
1682 2944 1956 2999 lloratium
1978 2986 1992 3009 ,
2030 2945 2152 2999 Vir-

566 3027 751 3098 gilium
788 3026 1033 3098 aliosque
1065 3020 1262 3098 passim
1289 3028 1480 3098 _poetas
1509 3016 1778 3098 tribuitur.

662 3098 785 3153 157.
841 3085 1079 3164 Cregenr
1108 3089 1444 3164 candidatum
1501 3096 1667 3164 vpcat_
1707 3085 2047 3164 Christianos
2088 3101 2155 3139 ex
2182 3091 2229 3155 ο

568 3184 720 3225 more
769 3156 1016 3221 sumetidi
1059 3170 1236 3214 vestes
1281 3159 1450 3221 albas,
1481 3156 1604 3211 cum
1656 3156 1920 3225 baptismo
1963 3156 2150 3211 ablue-

570 3248 777 3302 rentur,
811 3234 963 3305 quasi
989 3230 1265 3305 candidati
1286 3237 1465 3305 essent
1493 3228 1613 3305 vita:
1643 3226 1981 3305 Christianae,
2006 3237 2057 3279 et
2085 3228 2150 3279 ad

571 3297 774 3363 animai
790 3297 1921 3374 puritatemAsiguilicandamLSimili-phrasi
1950 3300 2151 3374 hymno

576 3380 602 3433 1
639 3367 858 3440 Perisi.,
887 3386 1028 3425 vers.
1060 3369 1125 3423 67
1152 3367 1166 3423 ξ
1200 3367 1430 3421 Christus
1460 3367 1566 3420 illic
1597 3368 1888 3440 candidatis
1920 3367 2155 3440 pra'sidet

574 3436 896 3503 cohortibus.
920 3441 1172 3508 Quamvis
1198 3447 1376 3492 autem
1409 3440 1571 3489 omnis
1600 3438 1707 3490 dies
1737 3436 1947 3508 Domini
1970 3439 2064 3503 sit,
2099 3446 2156 3490 ut

574 3520 650 3575 ait
690 3507 1058 3572 Tertullianus
1081 3510 1148 3564 de
1192 3509 1465 3577 Baptismo
1505 3523 1623 3575 cap.
1668 3510 1756 3574 19,
1788 3507 1949 3559 omnis
1993 3508 2152 3574 liora,

576 3604 722 3644 omne
755 3597 949 3655 tempus
978 3580 1153 3655 habile
1175 3579 1457 3655 baptismo;
1486 3579 1529 3632 si
1560 3580 1623 3632 de
1652 3578 2157 3655 solertmitateinter-

573 3670 681 3727 cst,
719 3659 779 3713 de
818 3649 981 3727 gratia
1024 3652 1153 3727 nihil
1199 3650 1382 3719 refert,
1437 3659 1615 3727 tamen
1662 3658 1871 3727 tempus
1902 3649 2183 3727 ,solemne-

578 3719 893 3786 conferetidi
948 3722 1271 3794 baptismum
1319 3730 1472 3775 erant
1529 3722 1908 3794 quinquaginta
1964 3719 2079 3794 dies
2127 3736 2157 3794 ᾳ

578 3801 785 3857 Pascha
831 3798 897 3853 ad
943 3789 1329 3858 Pentecosten,
1364 3801 1420 3846 ut
1466 3808 1530 3847 ex
1572 3789 1799 3858 eogloco
1842 3789 2157 3845 Tertulliani

577 3856 889 3941 colligitur:
924 3868 1071 3941 Diem
1099 3856 1349 3941 baptismo
1385 3856 1747 3941 _solemniorern
1796 3859 1999 3941 Pascha
2029 3878 2160 3941 pra:—

578 3952 679 3997 stat
697 3932 858 4007 ,vcunt
882 3948 927 3993 et
956 3932 1173 3991 Pasclta'
1192 3936 1426 3999 Domini,
1452 3936 1505 3987 in
1526 3950 1679 4005 quam
1707 3932 1968 4007 tingimur,
1996 3932 2161 4007 adim-

581 4003 716 4082 pleta
751 4021 845 4064 est.
899 4008 1157 4082 Baptizati
1184 4020 1302 4082 _pc_r
1353 4017 1473 4082 octo
1522 4003 1638 4059 dies
1687 4003 1917 4082 candido
1966 4005 2160 4082 vestitu

581 4071 925 4136 incedebant.
969 4071 1049 4130 Ab
1094 4071 1228 4129 albis
1270 4076 1662 4144 baptizatorttm
1706 4071 1941 4127 vestibus
1987 4074 2161 4142 septi-

582 4165 795 4205 manam
836 4164 884 4201 LV
928 4149 1086 4199 ALBIS
1131 4146 1466 4212 appellarunt
1502 4158 1710 4200 veteres
1751 4159 1866 4198 eam
1908 4160 2025 4211 qua:
2068 4160 2159 4211 pa-

579 4221 819 4276 schalem
852 4221 1094 4286 proxime
1125 4215 1384 4286 sequitur.
1412 4215 1562 4269 Nunc
1592 4231 1783 4286 nomen
1807 4216 1970 4286 haesit
1999 4214 2165 4267 donti-

583 4292 714 4345 stica:
740 4290 793 4342 in
826 4284 985 4341 Albis.
1018 4287 1073 4338 ln
1103 4284 1350 4338 omnibus
1386 4295 1561 4337 tamen
1594 4284 1739 4338 feriis
1770 4284 1886 4353 ejus
1912 4286 2163 4352 septima-

582 4376 667 4416 nae
704 4358 969 4430 paschalis
1015 4356 1179 4430 plura
1210 4355 1430 4430 exhibet
1471 4354 1710 4430 ofﬁcium
1742 4355 2161 4430 ecclesiasticum

583 4431 651 4485 ad
684 4424 1027 4499 liaptismum’
1048 4424 1362 4499 pertinentia
1387 4433 1499 4499 ,‘ltl.
1539 4424 1819 4499 inhhymnu
1846 4426 2052 4499 sabbati
2096 4426 2161 4479 ad

581 4492 834 4572 vesperas
861 4518 882 4572 εΔ
908 4498 985 4572 A_d
1013 4492 1183 4572 regias
1224 4496 1343 4572 agni
1389 4495 1544 4572 dapes
1589 4492 1761 4572 stolis:
1789 4495 1961 4572 amicti
1992 4499 2168 4572 candi-

585 4564 697 4628 dis:
723 4572 782 4628 S.
816 4564 1111 4625 lldefonsus
1154 4566 1221 4619 de
1257 4566 1576 4634 Cognitione
1620 4564 1868 4632 baptismi
1911 4580 2027 4633 cap.
2068 4566 2167 4621 140

584 4646 746 4699 habet
773 4641 1054 4695 orationem
1096 4647 1301 4705 propter
1338 4638 1478 4690 albas
1515 4634 1790 4698 tollendas,
1821 4643 1876 4688 et
1915 4651 2033 4704 cap.
2068 4638 2169 4690 14:!

583 4730 866 4769 sermonem
893 4710 1161 4763 dicendum
1192 4707 1258 4758 ad
1286 4708 1504 4776 infantes
1542 4709 1594 4760 in
1623 4708 1703 4759 die
1745 4708 1890 4759 tertia
1919 4716 2030 4775 post
2066 4705 2170 4759 Pa-

582 4784 707 4838 scha
735 4792 940 4853 prapter
968 4780 1110 4853 albas
1138 4779 1439 4853 tollendas._
1452 4778 1702 4853 ortasse
1735 4778 1970 4853 respexit
2008 4777 2167 4831 etiam

587 4848 907 4909 Prudentius
948 4852 1014 4903 ad
1058 4848 1357 4920 symbolum
1402 4850 1829 4904 Christianorum
1867 4848 2162 4917 justorum,

584 4926 724 4991 quod
754 4931 870 4979 erat
898 4923 1083 4976 niveus
1112 4935 1301 4991 agnus,
1331 4929 1421 4973 aut
1450 4920 1675 4975 candida
1704 4921 1842 4991 ovis,
1877 4920 1943 4973 ad
1973 4921 2166 4973 anima:

584 4990 870 5050 candorem
913 4990 1353 5061 signiﬁcandum,
1382 5007 1447 5045 ex
1478 5006 1596 5059 cap.
1635 5006 1736 5043 xxv
1771 4990 1992 5057 Matth.,
2024 4991 2169 5045 Sicut

584 5078 758 5137 pastor
788 5054 1019 5137 segregat
1059 5078 1172 5137 oues
1212 5062 1275 5114 ab
1297 5054 1489 5137 laedis.
1515 5054 1572 5137 β’.
1607 5062 1870 5137 Paulinus
1907 5054 2066 5137 epist.
2103 5062 2168 5113 1:3

522 5136 525 5139 ’
585 5132 654 5191 ad
686 5132 947 5191 Sever'utn
966 5135 1031 5189 de
1060 5134 1265 5203 pictura
1296 5133 1348 5186 in
1380 5132 1587 5199 abside,
1615 5135 1696 5185 vel
1723 5132 1904 5187 absida
1939 5133 2069 5185 basil
2093 5147 2169 5185 cae

587 5208 820 5279 (dubitat
846 5207 987 5259 enim
1014 5202 1308 5279 Paulinus,
1339 5204 1583 5279 absidane
1623 5219 1691 5279 an_
1723 5203 1896 5256 abside
1922 5202 2045 5279 diei
2068 5202 2171 5279 tle-

751 5298 763 5331 :
784 5276 871 5331 Bis
892 5262 1331 5349 geminwpecudis
1351 5275 1559 5349 discors
1572 5275 1717 5349 agnis
1735 5290 1890 5349 genus
1913 5262 2045 5325 Itwdi
2058 5272 2170 5326 Cir-

585 5346 838 5405 cumstant
860 5346 1045 5402 solium
1063 5362 1082 5400 :
1105 5346 1253 5399 lwvos
1276 5348 1517 5399 avertitur
1540 5346 1710 5398 Iucdos
1737 5346 1941 5407 Pastor,
1968 5352 2013 5395 et
2037 5359 2169 5396 cme-

585 5422 708 5475 ritos
730 5423 906 5475 dextra
935 5420 1285 5495 complectitur
1307 5416 1927 5495 agnos._Antiqui_ssimus
1956 5430 2169 5495 quoque

585 5503 667 5546 est
713 5508 831 5545 mos
875 5488 1213 5559 exprimendi
1261 5490 1311 5541 in
1346 5486 1530 5542 sacris
1573 5486 1831 5559 calicibus
1864 5486 2169 5559 parabolam

587 5563 813 5630 pastoris
838 5556 991 5614 ovem
1025 5562 1262 5614 humeris
1285 5559 1397 5614 suis
1422 5560 1491 5612 ad
1516 5560 1659 5611 oviie
1691 5557 2014 5630 reducentis.
2045 5556 2172 5630 Ter-

586 5625 859 5693 tullianus,
891 5630 984 5686 lib.
1011 5631 1079 5684 de
1110 5630 1398 5699 Pudicitia,
1425 5645 1545 5699 cap.
1576 5630 1628 5695 7,
1656 5642 1955 5698 quanquam
1976 5625 2085 5695 jam
2117 5628 2169 5678 in

588 5700 815 5768 haeresin
844 5702 1049 5768 lapsus,
1077 5702 1253 5754 verbis
1280 5702 1576 5754 illustribus
1598 5716 1710 5753 rem
1745 5701 1884 5753 hanc
1909 5708 2167 5751 testatur:

588 5764 876 5823 Procedunt
901 5764 1033 5839 ipsa:
1072 5769 1287 5831 pictura
1312 5771 1535 5824 calicum
1579 5780 1891 5841 vestrorum,
1921 5771 1966 5824 si
2011 5772 2087 5825 uel
2117 5772 2171 5824 in

2232 1606 2337 1659 illis
2386 1603 2659 1672 perlucebit
2711 1602 3063 1672 interpretatio
3113 1603 3319 1672 pecudis
3367 1604 3535 1668 illius,
3584 1612 3793 1657 utrumne

2238 1675 2385 1729 Cltris
2412 1678 2527 1728 iam
2568 1692 2633 1727 an
2674 1674 2873 1726 ethnico
2920 1676 3173 1739 peccatori
3216 1676 3279 1726 de
3320 1676 3633 1727 restitutione
3668 1676 3796 1726 colli-

2166 1716 2213 1776 Β
2240 1716 2872 1814 iié'z'."13:i"ca5."to'fcit}
2912 1716 3004 1797 illi
3012 1716 3277 1813 "576.12"
3288 1716 3691 1812 ρὶιὶἷὲἑῦἰὲἷόὲἷυῖ
3698 1716 3797 1813 ᾜιὶι

2242 1826 2367 1884 star,
2402 1831 2549 1887 qucm
2581 1819 2632 1868 in
2665 1816 2823 1869 calice
2860 1816 3184 1887 depingis....
3209 1818 3272 1866 de
3296 1831 3394 1881 quo
3426 1815 3553 1868 nihil
3588 1816 3797 1887 libentius

2244 1885 2421 1952 bibas,
2462 1902 2611 1953 quam
2660 1902 2796 1939 ovem
2848 1885 3154 1950 paenitentia:
3200 1888 3456 1940 secundae.
3509 1886 3799 1940 Prudentius

2249 1973 2404 2011 versu
2434 1973 2575 2024 seq.,
2606 1957 2890 2025 impauidas
2918 1973 3029 2009 oves
3053 1955 3387 2010 Christianos
3414 1958 3662 2025 appellat.

2322 2029 2441 2087 1-378.
2478 2026 2653 2097 Lupus
2695 2028 2795 2081 hoc
2826 2028 2942 2081 loco
2983 2036 3065 2079 est
3094 2026 3358 2097 diabolus.
3388 2028 3605 2081 Teolius
3650 2028 3694 2079 id
3734 2040 3803 2079 re-

2245 2099 2346 2153 fert
2375 2099 2439 2150 ad
2482 2096 2607 2169 cap.
2643 2114 2696 2151 χι
2738 2098 2889 2151 Isaiae
2929 2112 3067 2152 vers.
3096 2097 3167 2151 6:
3203 2096 3469 2151 Habitabit
3524 2100 3671 2169 lupus
3705 2113 3801 2150 cum

2247 2185 2402 2239 agno,
2430 2179 2533 2222 etc.
2570 2167 2683 2221 Non
2714 2171 3000 2223 assentior.

2323 2242 2443 2294 159.
2480 2239 2659 2308 Prag.,
2690 2241 2961 2306 rapidum,
2986 2238 3161 2292 minus
3190 2239 3344 2295 bene.

2321 2311 2441 2364 161).
2476 2311 2624 2373 Ald.,
2650 2312 2882 2375 sanguis,
2916 2310 3192 2364 mendose.

2326 2380 2449 2435 161.
2483 2380 2613 2433 Cum
2640 2395 2807 2448 agnus
2838 2380 3099 2447 iaschalis
3129 2384 3178 2434 in
3205 2380 3373 2435 veteri
3397 2380 3511 2448 lege
3540 2390 3692 2450 typus
3717 2378 3809 2431 lue-

2248 2451 2319 2504 rit
2346 2450 2581 2516 Christi,
2615 2453 2703 2520 qui
2748 2452 2907 2504 etiam
2952 2468 2978 2502 a
3023 2452 3080 2505 ὃ.
3118 2450 3327 2505 Joanne
3378 2452 3613 2519 Baptista
3656 2452 3809 2503 Aestus

2254 2520 2351 2575 DEI
2390 2530 2608 2575 vocatus
2639 2522 2765 2586 init,
2793 2524 2913 2591 agni
2947 2522 3112 2589 ﬁgura
3142 2532 3354 2575 veteres
3385 2521 3678 2574 Christiani
3726 2537 3809 2573 sa:-

2254 2592 2470 2659 pissime
2499 2591 2769 2645 Christum
2797 2593 3189 2659 exprimebant.
3221 2592 3452 2645 Jacobus
3494 2592 3701 2653 Bosius,
3730 2592 3806 2642 lib.

2252 2676 2304 2714 vt
2332 2663 2397 2715 de
2423 2663 2594 2716 Cruce
2636 2663 3020 2728 triumphante,
3063 2678 3179 2730 cap.
3217 2664 3277 2715 lt!
3300 2703 3314 2726 ,
3351 2661 3658 2731 huiusmodi
3696 2662 3812 2714 anti-

2255 2748 2415 2800 quam
2450 2733 2733 2801 imaginem
2762 2732 2913 2786 atlert
2954 2736 3071 2801 agni
3105 2733 3203 2785 sub
3244 2747 3405 2787 cruce
3436 2733 3555 2799 rupi
3594 2734 3813 2785 insisten-

2258 2806 2344 2867 tis,
2384 2803 2469 2873 qui
2500 2802 2675 2857 fontes
2718 2804 2949 2872 quinque
2978 2804 3041 2857 ad
3082 2803 3405 2873 designanda
3456 2805 3694 2873 quinque
3720 2807 3815 2854 vul-

2259 2888 2385 2927 nera
2427 2874 2622 2927 Cltristi
2665 2874 2895 2943 emittit,
2929 2891 3089 2927 unum
3133 2891 3195 2930 ex
3244 2888 3476 2941 pectore,
3504 2887 3561 2928 et
3606 2874 3815 2941 singulos

2258 2960 2323 2999 ex
2357 2945 2573 3010 singulis
2614 2954 2842 3013 quatuor
2885 2946 3128 3012 pedibus.
3173 2946 3232 3000 S.
3263 2945 3541 3005 Paulinus,
3578 2946 3732 3012 epist.
3767 2944 3816 2995 l9.

2260 3016 2325 3067 ad
2370 3018 2626 3068 Severum
2665 3033 2675 3067 :
2719 3014 2837 3069 Stat
2880 3015 3110 3068 Christus
3158 3016 3299 3082 Agna
3324 3033 3343 3070 :
3375 3033 3467 3069 ron:
3505 3016 3680 3069 Patris
3715 3015 3819 3067 caelo

2260 3095 2399 3139 tonat
2435 3101 2451 3138 :
2496 3083 2559 3137 Et
2606 3101 2694 3152 per
2737 3088 3020 3139 columbam
3070 3086 3294 3154 Spiritus
3345 3096 3553 3139 sanctus
3601 3086 3729 3155 ﬂuit.
3771 3085 3821 3137 Et

2263 3166 2446 3223 postea
2481 3172 2493 3207 :
2543 3156 2649 3209 Sub
2696 3172 2845 3208 cruce
2883 3159 3160 3223 sanguinea
3200 3158 3343 3209 niveo
3378 3168 3474 3210 stat
3517 3156 3747 3209 Christus
3780 3157 3822 3206 in

2258 3227 2423 3294 Agna.
2456 3226 2585 3280 Vide
2614 3226 2921 3294 Aringltum-
2946 3228 3039 3281 lib.
3061 3243 3108 3279 νι
3142 3226 3297 3281 Rom.
3324 3229 3568 3291 Subter.,
3603 3243 3714 3295 cap.
3745 3228 3821 3287 ‘20,

2260 3298 2346 3349 ubi
2375 3312 2438 3350 ex
2463 3298 2850 3351 consuetudine
2874 3300 3165 3365 primorum
3190 3298 3625 3352 Christianorum
3655 3300 3824 3363 repetit

2261 3382 2464 3419 morem
2514 3368 2767 3421 Ecclesia:
2820 3368 3073 3421 Romana:
3115 3368 3433 3423 conﬁciendi
3474 3371 3602 3434 agni
3656 3368 3822 3436 imagi—

2262 3451 2362 3561 ges
2393 3452 2577 3491 cereas
2606 3438 2773 3492 instar
2802 3440 3213 3504 numismatum;
3246 3442 3387 3509 quod
3414 3442 3521 3510 jam
3562 3440 3824 3495 Panvinins

2299 3517 2543 3561 oouerat.

2299 3517 2543 3561 oouerat.

2336 3579 2460 3651 165.
2502 3580 2732 3647 Spiritus
2760 3591 2976 3633 sanctus
3006 3581 3272 3636 columba:
3302 3584 3485 3651 specie
3508 3597 3676 3649 super
3696 3581 3827 3636 Chri-

2265 3656 2406 3703 stum
2450 3650 2772 3722 baptizatum
2803 3652 3049 3721 apparuit
3076 3651 3258 3706 Matth.
3304 3650 3422 3722 cap.
3477 3670 3559 3708 ιιι.
3598 3655 3719 3711 Inde
3760 3652 3827 3720 pii

2265 3721 2598 3775 consuetudo
2624 3720 2859 3775 ﬁdelium
2880 3720 2901 3785 ,
2930 3726 3311 3791 apponentium
3341 3720 3623 3780 columbas
3666 3737 3831 3778 aureas

2266 3800 2320 3844 ct
2344 3799 2646 3865 argenteas
2674 3797 2724 3845 in
2753 3793 2971 3861 ﬁguram
3008 3792 3235 3865 Spiritus
3266 3795 3429 3848 sancti
3459 3811 3629 3865 super
3650 3798 3831 3850 lavacri

2266 3870 2320 3916 et
2358 3862 2545 3934 altaria
2573 3904 2586 3925 ,
2617 3862 2684 3915 de
2730 3877 2832 3930 qua
2873 3864 3156 3918 concilium
3201 3862 3832 3934 Constantinopolitannm

2267 3946 2408 3985 anno
2431 3931 2557 4007 556.
2587 3934 2797 3986 actione
2830 3933 3102 4007 5.Verum
3123 3934 3281 4007 etiam
3309 3931 3604 3992 Christiani
3632 3938 3726 4007 ipsi
3750 3940 3833 3989 hoc

2266 4004 2510 4072 symbolo
2538 4006 3077 4069 reprzeseotabantur.
3126 4006 3381 4059 Paulinus
3411 4008 3514 4063 loc.
3550 4004 3693 4063 citf:
3720 4008 3833 4060 (Iru-

2267 4089 2374 4127 cem
2400 4090 2587 4145 corona
2608 4074 2776 4127 lucido
2805 4072 2959 4143 cingit
2977 4077 3145 4145 globo,
3174 4076 3265 4129 Cui
3294 4094 3497 4131 corona:
3517 4091 3643 4133 sunt
3668 4092 3836 4132 corona

2267 4144 2487 4216 apostoli
2516 4185 2529 4209 ,
2563 4146 2786 4208 Quorum
2817 4144 2990 4216 ﬁgura
3021 4156 3090 4199 cst
3124 4148 3176 4199 in
3204 4147 3559 4202 columbarum
3587 4153 3751 4203 choro.
3785 4150 3839 4198 Et

2272 4215 2658 4289 plut-ibus‘alti‘s
2685 4217 3087 4289 pra:termissis:
3126 4216 3234 4289 Nos
3256 4235 3452 4287 quoque
3475 4222 3713 4289 perﬁcies
3742 4220 3840 4286 plu-

2270 4287 2393 4337 citas
2441 4286 2557 4360 tibi,
2600 4284 2836 4360 Christe,
2869 4287 3127 4360 columbas
3150 4331 3164 4355 ,
3198 4284 3443 4359 Si’vigeat
3475 4284 3625 4357 pur-is
3652 4284 3749 4360 pars
3772 4299 3841 4341 tua

2270 4356 2575 4431 pectoribus.
2604 4357 3059 4431 liespicitCltristi
3088 4356 3407 4431 praeceptum
3431 4356 3627 4417 Matth.
3652 4356 3767 4431 'cap.
3785 4376 3809 4411 tt
3830 4376 3841 4411 :

2197 4471 2247 4529 Β
2272 4424 2449 4479 Εδιοιε
2474 4428 2729 4529 εἰηιριίςεδ
2760 4429 2937 4529 ηδίειέι
2967 4424 3233 4529 columbae.
3262 4424 3371 4529 Pet;
3394 4433 3706 4486 columbam
3726 4424 3843 4529 uui-

2278 4506 2437 4529 tam".
2514 4512 2572 4529 nn
2597 4513 2721 4529 ηομ.)
2751 4502 2882 4529 cunni
2910 4503 3033 4529 annm:
3101 4521 3111 4529 .
3140 4519 3165 4529 ,ι
3209 4516 3306 4529 ...η-
3343 4519 3353 4529 .
3381 4502 3539 4529 :..n.....
3589 4516 3663 4529 Α...
3701 4521 3711 4529 .
3775 4500 3843 4529 ﬁ-..

2278 4506 2438 4551 tatem
2473 4499 2721 4551 Ecclesiae
2751 4498 3070 4566 signiﬁcari,
3100 4503 3165 4555 de
3207 4516 3309 4567 qua
3341 4500 3540 4556 dictum
3587 4516 3665 4558 est
3701 4521 3712 4554 :
3747 4500 3845 4554 lina

2271 4576 2343 4620 est
2372 4568 2603 4643 columba
2633 4585 2744 4643 mea
2774 4569 3001 4643 (Cantic.
3036 4585 3153 4639 cap.
3198 4576 3296 4640 vn),
3329 4571 3485 4625 docet
3514 4574 3576 4628 S.
3613 4571 3843 4643 Augusti-

2276 4654 2375 4711 nus
2407 4641 2467 4711 in,
2506 4640 2645 4693 hunc
2678 4641 2893 4701 locum;
2945 4641 3195 4711 idemque
3235 4643 3393 4695 tradit
3442 4644 3494 4697 in
3533 4640 3725 4711 psalni.
3756 4658 3844 4703 Liv,

2272 4710 2576 4781 columbam
2622 4726 2715 4778 pro
2762 4712 2915 4778 signo
2969 4710 3272 4766 dilectionis
3306 4716 3451 4781 poni.
3497 4710 3846 4769 Tertullianus

2273 4781 2395 4833 adv.
2430 4780 2635 4835 Valent.
2674 4782 2723 4833 in
2773 4782 2942 4847 princ.
2968 4784 3156 4838 scribit
3183 4824 3195 4848 ,
3225 4780 3511 4837 columbam
3538 4786 3749 4839 solitam
3773 4784 3848 4835 de-

2274 4862 2556 4904 monstrare
2597 4851 2875 4916 Christum,
2907 4854 3046 4921 quod
3073 4853 3264 4907 Petrus
3291 4854 3510 4908 Lazzeri
3540 4858 3761 4910 dissert.
3793 4855 3848 4907 de

2273 4924 2476 4975 critica:
2529 4921 2744 4991 llegulis
2796 4924 2849 4975 in
2900 4939 3010 4977 rent
3047 4934 3284 4978 nostram
3336 4928 3747 4993 interpretatur.
3786 4924 3848 4976 De

2272 4993 2487 5046 Christo
2514 4994 2675 5064 etiam
2710 4994 3013 5062 intelligunt
3035 4996 3197 5064 aliqui
3232 4997 3371 5064 quod
3399 5000 3476 5048 ait
3500 4996 3848 5053 Tertullianus

2272 5077 2389 5130 cap.
2426 5065 2496 5117 ὃς
2552 5061 2758 5117 Nostra:
2796 5061 3040 5118 columba:
3086 5061 3264 5117 domus
3322 5067 3544 5133 simplex
3574 5108 3591 5133 ,
3626 5070 3678 5121 in
3719 5067 3849 5120 editis

2272 5148 2488 5199 semper,
2514 5145 2559 5186 et
2588 5136 2801 5203 apertis,
2836 5137 2969 5188 clad
3009 5137 3193 5189 lucent.
3224 5138 3478 5192 Sedulius
3502 5138 3572 5193 de
3605 5138 3811 5193 Chri-to
3837 5151 3846 5185 ε

2274 5204 2402 5257 Sola
2432 5205 2664 5257 columba
2694 5208 2857 5273 redit,
2890 5222 3003 5270 qum
3032 5216 3193 5260 totum
3222 5208 3405 5261 circuit
3430 5210 3604 5263 orbem
3636 5225 3654 5262 :
3688 5208 3847 5260 Disce-

2274 5274 2396 5326 dant
2429 5282 2583 5338 corvi,
2610 5276 2720 5327 sola
2750 5277 2979 5329 columba
3006 5279 3157 5331 redit.
3192 5278 3456 5333 Lauretus
3482 5282 3533 5333 in
3566 5280 3711 5334 Silva
3736 5278 3850 5331 alle-

2272 5347 2566 5419 goriarutn,
2605 5349 2765 5400 verbo
2799 5347 3067 5413 (.‘olumba,
3105 5348 3200 5402 SS.
3236 5350 3424 5419 Patres
3456 5350 3662 5404 iudicat
3693 5349 3775 5419 qui
3804 5348 3848 5397 itt

2272 5418 2516 5469 columba
2549 5432 2756 5492 ramum
2791 5420 2942 5492 oliva:
2976 5430 3226 5492 portante
3256 5418 3458 5492 Christi
3494 5431 3679 5492 typum
3706 5418 3853 5492 agno-

2274 5497 2498 5551 vcrunt,
2534 5489 2607 5540 uti
2646 5489 2809 5541 etiam
2846 5491 2974 5542 iram
3008 5491 3207 5543 Christi
3253 5491 3303 5543 itt
3336 5492 3411 5544 ira
3447 5489 3752 5553 columbas,
3794 5490 3851 5538 de

2273 5573 2374 5626 qua
2403 5574 2546 5629 saepe
2580 5562 2781 5612 mentio
2813 5560 3017 5613 occurit
3051 5562 3100 5613 in
3134 5560 3303 5616 sacris
3333 5561 3574 5616 Litteris.
3602 5563 3753 5615 Patet
3774 5556 3852 5625 ἱείς

2275 5637 2359 5682 tur
2380 5631 2649 5683 Christum
2681 5632 2841 5684 etiam
2870 5643 3014 5684 reetc
3038 5646 3065 5683 a
3092 5632 3381 5685 Prudentia
3402 5633 3505 5686 dici
3531 5631 3850 5687 Columbam:

2274 5712 2325 5753 et
2355 5700 2582 5753 fortasse
2623 5702 2826 5770 antiqui
2868 5717 3251 5770 tmnnnnquatn
3283 5718 3345 5756 ea
3376 5704 3558 5772 specie
3587 5702 3701 5754 Chr
3724 5712 3855 5753 stum

2275 5784 2702 5843 expresserunt:
2755 5785 2812 5829 ut
2841 5789 2963 5837 cum
3005 5773 3065 5831 S.
3098 5774 3333 5832 Basilius
3376 5772 3761 5837 eucharistiam
3782 5784 3861 5825 co-
