  <div class='ocr_page' id='page_1' title='image "/cluster/home/n/w/nwhite01/storage/ocr_20150623/59/hvd.32044073505257/478.png"; bbox 0 0 3970 6326; ppageno 0'>
   <div class='ocr_carea' id='block_1_1' title="bbox 207 280 325 337">
    <p class='ocr_par' dir='ltr' id='par_1_1' title="bbox 207 280 325 337">
     <span class='ocr_line' id='line_1_1' title="bbox 207 280 325 337; baseline -0.017 -2"><span class='ocrx_word' id='word_1_1' title='bbox 207 280 237 335; x_wconf 81' lang='grc' dir='ltr'><strong><em>ε</em></strong></span> <span class='ocrx_word' id='word_1_2' title='bbox 246 282 325 337; x_wconf 71' lang='grc'><strong>00</strong></span> 
     </span>
    </p>
   </div>
   <div class='ocr_carea' id='block_1_2' title="bbox 398 394 1441 467">
    <p class='ocr_par' dir='ltr' id='par_1_2' title="bbox 398 394 1441 467">
     <span class='ocr_line' id='line_1_2' title="bbox 398 394 1441 467; baseline 0.007 -20"><span class='ocrx_word' id='word_1_3' title='bbox 398 394 473 449; x_wconf 84' lang='lat' dir='ltr'><strong>Tu</strong></span> <span class='ocrx_word' id='word_1_4' title='bbox 508 396 656 463; x_wconf 89' lang='lat' dir='ltr'><strong>mihi,</strong></span> <span class='ocrx_word' id='word_1_5' title='bbox 691 396 921 460; x_wconf 88' lang='lat' dir='ltr'><strong>Christe,</strong></span> <span class='ocrx_word' id='word_1_6' title='bbox 953 396 1201 452; x_wconf 91' lang='lat' dir='ltr'><strong>columba</strong></span> <span class='ocrx_word' id='word_1_7' title='bbox 1234 410 1441 467; x_wconf 88' lang='lat' dir='ltr'><strong>potens,</strong></span> 
     </span>
    </p>
   </div>
   <div class='ocr_carea' id='block_1_3' title="bbox 466 486 1373 557">
    <p class='ocr_par' dir='ltr' id='par_1_3' title="bbox 466 486 1373 557">
     <span class='ocr_line' id='line_1_3' title="bbox 466 486 1373 557; baseline 0 -16"><span class='ocrx_word' id='word_1_8' title='bbox 466 486 737 557; x_wconf 92' lang='lat' dir='ltr'><strong>Sanguine</strong></span> <span class='ocrx_word' id='word_1_9' title='bbox 772 498 919 555; x_wconf 89' lang='lat' dir='ltr'><strong>pasta</strong></span> <span class='ocrx_word' id='word_1_10' title='bbox 943 488 1025 541; x_wconf 91' lang='lat' dir='ltr'><strong>cui</strong></span> <span class='ocrx_word' id='word_1_11' title='bbox 1056 488 1198 542; x_wconf 92' lang='lat' dir='ltr'><strong>cedit</strong></span> <span class='ocrx_word' id='word_1_12' title='bbox 1225 490 1373 545; x_wconf 88' lang='lat' dir='ltr'><strong>avis:</strong></span> 
     </span>
    </p>
   </div>
   <div class='ocr_carea' id='block_1_4' title="bbox 467 578 1228 647">
    <p class='ocr_par' dir='ltr' id='par_1_4' title="bbox 467 578 1228 647">
     <span class='ocr_line' id='line_1_4' title="bbox 467 578 1228 647; baseline 0.004 -16"><span class='ocrx_word' id='word_1_13' title='bbox 467 578 543 631; x_wconf 90' lang='lat' dir='ltr'><strong>Tu</strong></span> <span class='ocrx_word' id='word_1_14' title='bbox 575 579 759 633; x_wconf 89' lang='lat' dir='ltr'><strong>niveus</strong></span> <span class='ocrx_word' id='word_1_15' title='bbox 792 594 886 647; x_wconf 88' lang='lat' dir='ltr'><strong>per</strong></span> <span class='ocrx_word' id='word_1_16' title='bbox 915 580 1058 634; x_wconf 84' lang='lat' dir='ltr'><strong>ovile</strong></span> <span class='ocrx_word' id='word_1_17' title='bbox 1082 589 1228 634; x_wconf 92' lang='lat' dir='ltr'><strong>tuum</strong></span> 
     </span>
    </p>
   </div>
   <div class='ocr_carea' id='block_1_5' title="bbox 467 670 1335 740">
    <p class='ocr_par' dir='ltr' id='par_1_5' title="bbox 467 670 1335 740">
     <span class='ocr_line' id='line_1_5' title="bbox 467 670 1335 740; baseline 0.006 -17"><span class='ocrx_word' id='word_1_18' title='bbox 467 673 645 739; x_wconf 87' lang='lat' dir='ltr'><strong>Agnus</strong></span> <span class='ocrx_word' id='word_1_19' title='bbox 674 670 823 724; x_wconf 89' lang='lat' dir='ltr'><strong>hiare</strong></span> <span class='ocrx_word' id='word_1_20' title='bbox 856 670 1035 739; x_wconf 91' lang='lat' dir='ltr'><strong>lupum</strong></span> <span class='ocrx_word' id='word_1_21' title='bbox 1066 671 1335 740; x_wconf 87' lang='lat' dir='ltr'><strong>prohibes,</strong></span> 
     </span>
    </p>
   </div>
   <div class='ocr_carea' id='block_1_6' title="bbox 463 762 1559 833">
    <p class='ocr_par' dir='ltr' id='par_1_6' title="bbox 463 762 1559 833">
     <span class='ocr_line' id='line_1_6' title="bbox 463 762 1559 833; baseline -0.008 -11"><span class='ocrx_word' id='word_1_22' title='bbox 463 763 621 833; x_wconf 79' lang='lat'><strong>272</strong></span> <span class='ocrx_word' id='word_1_23' title='bbox 648 762 902 831; x_wconf 85' lang='lat' dir='ltr'><strong>Subjuga</strong></span> <span class='ocrx_word' id='word_1_24' title='bbox 934 763 1144 831; x_wconf 80' lang='lat' dir='ltr'><strong>tigridis</strong></span> <span class='ocrx_word' id='word_1_25' title='bbox 1175 780 1266 819; x_wconf 87' lang='lat' dir='ltr'><strong>ora</strong></span> <span class='ocrx_word' id='word_1_26' title='bbox 1294 780 1559 832; x_wconf 82' lang='lat' dir='ltr'><strong>premens.</strong></span> 
     </span>
    </p>
   </div>
   <div class='ocr_carea' id='block_1_7' title="bbox 399 855 1325 923">
    <p class='ocr_par' dir='ltr' id='par_1_7' title="bbox 399 855 1325 923">
     <span class='ocr_line' id='line_1_7' title="bbox 399 855 1325 923; baseline 0.003 -15"><span class='ocrx_word' id='word_1_27' title='bbox 399 856 497 919; x_wconf 90' lang='lat' dir='ltr'><strong>Da,</strong></span> <span class='ocrx_word' id='word_1_28' title='bbox 530 856 767 923; x_wconf 82' lang='lat' dir='ltr'><strong>locuples</strong></span> <span class='ocrx_word' id='word_1_29' title='bbox 790 855 961 923; x_wconf 88' lang='lat' dir='ltr'><strong>Deus,</strong></span> <span class='ocrx_word' id='word_1_30' title='bbox 989 857 1089 909; x_wconf 89' lang='lat' dir='ltr'><strong>hoc</strong></span> <span class='ocrx_word' id='word_1_31' title='bbox 1113 857 1325 911; x_wconf 80' lang='lat' dir='ltr'><strong>famulis</strong></span> 
     </span>
    </p>
   </div>
   <div class='ocr_carea' id='block_1_8' title="bbox 468 947 1239 1015">
    <p class='ocr_par' dir='ltr' id='par_1_8' title="bbox 468 947 1239 1015">
     <span class='ocr_line' id='line_1_8' title="bbox 468 947 1239 1015; baseline 0.001 -12"><span class='ocrx_word' id='word_1_32' title='bbox 468 949 586 1004; x_wconf 81' lang='lat' dir='ltr'><strong>Rite</strong></span> <span class='ocrx_word' id='word_1_33' title='bbox 612 947 975 1015; x_wconf 81' lang='lat' dir='ltr'><strong>precantibus,</strong></span> <span class='ocrx_word' id='word_1_34' title='bbox 1008 958 1065 1004; x_wconf 94' lang='lat' dir='ltr'><strong>ut</strong></span> <span class='ocrx_word' id='word_1_35' title='bbox 1088 949 1239 1004; x_wconf 75' lang='lat' dir='ltr'><strong>tenui</strong></span> 
     </span>
    </p>
   </div>
   <div class='ocr_carea' id='block_1_9' title="bbox 471 1039 1331 1107">
    <p class='ocr_par' dir='ltr' id='par_1_9' title="bbox 471 1039 1331 1107">
     <span class='ocr_line' id='line_1_9' title="bbox 471 1039 1331 1107; baseline 0.001 -15"><span class='ocrx_word' id='word_1_36' title='bbox 471 1039 702 1095; x_wconf 79' lang='lat' dir='ltr'><strong>Membra</strong></span> <span class='ocrx_word' id='word_1_37' title='bbox 725 1039 846 1093; x_wconf 91' lang='lat' dir='ltr'><strong>cibo</strong></span> <span class='ocrx_word' id='word_1_38' title='bbox 870 1049 1106 1094; x_wconf 88' lang='lat' dir='ltr'><strong>recreata</strong></span> <span class='ocrx_word' id='word_1_39' title='bbox 1137 1040 1331 1107; x_wconf 78' lang='lat' dir='ltr'><strong>levent,</strong></span> 
     </span>
    </p>
   </div>
   <div class='ocr_carea' id='block_1_10' title="bbox 477 1129 1352 1199">
    <p class='ocr_par' dir='ltr' id='par_1_10' title="bbox 477 1129 1352 1199">
     <span class='ocr_line' id='line_1_10' title="bbox 477 1129 1352 1199; baseline 0.001 -16"><span class='ocrx_word' id='word_1_40' title='bbox 477 1129 587 1183; x_wconf 91' lang='lat' dir='ltr'><strong>Neu</strong></span> <span class='ocrx_word' id='word_1_41' title='bbox 619 1129 765 1199; x_wconf 89' lang='lat' dir='ltr'><strong>piger</strong></span> <span class='ocrx_word' id='word_1_42' title='bbox 798 1129 1094 1183; x_wconf 88' lang='lat' dir='ltr'><strong>immodicis</strong></span> <span class='ocrx_word' id='word_1_43' title='bbox 1127 1130 1352 1199; x_wconf 87' lang='lat' dir='ltr'><strong>dapibus</strong></span> 
     </span>
    </p>
   </div>
   <div class='ocr_carea' id='block_1_11' title="bbox 468 1221 1421 1290">
    <p class='ocr_par' dir='ltr' id='par_1_11' title="bbox 468 1221 1421 1290">
     <span class='ocr_line' id='line_1_11' title="bbox 468 1221 1421 1290; baseline 0.002 -17"><span class='ocrx_word' id='word_1_44' title='bbox 468 1221 688 1275; x_wconf 77' lang='lat' dir='ltr'><strong>Viscera</strong></span> <span class='ocrx_word' id='word_1_45' title='bbox 718 1230 859 1276; x_wconf 88' lang='lat' dir='ltr'><strong>tenta</strong></span> <span class='ocrx_word' id='word_1_46' title='bbox 882 1230 1064 1290; x_wconf 85' lang='lat' dir='ltr'><strong>gravet</strong></span> <span class='ocrx_word' id='word_1_47' title='bbox 1095 1222 1421 1276; x_wconf 81' lang='lat' dir='ltr'><strong>stomachus.</strong></span> 
     </span>
    </p>
   </div>
   <div class='ocr_carea' id='block_1_12' title="bbox 394 1312 1309 1381">
    <p class='ocr_par' dir='ltr' id='par_1_12' title="bbox 394 1312 1309 1381">
     <span class='ocr_line' id='line_1_12' title="bbox 394 1312 1309 1381; baseline 0.003 -16"><span class='ocrx_word' id='word_1_48' title='bbox 394 1312 622 1366; x_wconf 90' lang='lat' dir='ltr'><strong>llaustus</strong></span> <span class='ocrx_word' id='word_1_49' title='bbox 651 1326 863 1367; x_wconf 91' lang='lat' dir='ltr'><strong>amarus</strong></span> <span class='ocrx_word' id='word_1_50' title='bbox 889 1313 1076 1367; x_wconf 85' lang='lat' dir='ltr'><strong>abesto</strong></span> <span class='ocrx_word' id='word_1_51' title='bbox 1104 1313 1309 1381; x_wconf 88' lang='lat' dir='ltr'><strong>procul,</strong></span> 
     </span>
    </p>
   </div>
   <div class='ocr_carea' id='block_1_13' title="bbox 465 1404 1196 1475">
    <p class='ocr_par' dir='ltr' id='par_1_13' title="bbox 465 1404 1196 1475">
     <span class='ocr_line' id='line_1_13' title="bbox 465 1404 1196 1475; baseline 0.004 -18"><span class='ocrx_word' id='word_1_52' title='bbox 465 1404 542 1459; x_wconf 92' lang='lat' dir='ltr'><strong>Ne</strong></span> <span class='ocrx_word' id='word_1_53' title='bbox 568 1404 727 1459; x_wconf 89' lang='lat' dir='ltr'><strong>libeat</strong></span> <span class='ocrx_word' id='word_1_54' title='bbox 759 1406 1005 1475; x_wconf 81' lang='lat' dir='ltr'><strong>tetigisse</strong></span> <span class='ocrx_word' id='word_1_55' title='bbox 1038 1421 1196 1460; x_wconf 89' lang='lat' dir='ltr'><strong>manu</strong></span> 
     </span>
    </p>
   </div>
   <div class='ocr_carea' id='block_1_14' title="bbox 464 1497 1276 1567">
    <p class='ocr_par' dir='ltr' id='par_1_14' title="bbox 464 1497 1276 1567">
     <span class='ocr_line' id='line_1_14' title="bbox 464 1497 1276 1567; baseline 0.001 -18"><span class='ocrx_word' id='word_1_56' title='bbox 464 1497 685 1551; x_wconf 75' lang='lat' dir='ltr'><strong>Exitiale</strong></span> <span class='ocrx_word' id='word_1_57' title='bbox 714 1498 863 1567; x_wconf 89' lang='lat' dir='ltr'><strong>quid,</strong></span> <span class='ocrx_word' id='word_1_58' title='bbox 890 1506 979 1551; x_wconf 90' lang='lat' dir='ltr'><strong>aut</strong></span> <span class='ocrx_word' id='word_1_59' title='bbox 1006 1500 1227 1553; x_wconf 91' lang='lat' dir='ltr'><strong>vetitum</strong></span> <span class='ocrx_word' id='word_1_60' title='bbox 1263 1518 1276 1550; x_wconf 92' lang='lat'>:</span> 
     </span>
    </p>
   </div>
   <div class='ocr_carea' id='block_1_15' title="bbox 460 1588 1347 1657">
    <p class='ocr_par' dir='ltr' id='par_1_15' title="bbox 460 1588 1347 1657">
     <span class='ocr_line' id='line_1_15' title="bbox 460 1588 1347 1657; baseline 0.001 -15"><span class='ocrx_word' id='word_1_61' title='bbox 460 1588 661 1643; x_wconf 83' lang='lat' dir='ltr'><strong>Gustus</strong></span> <span class='ocrx_word' id='word_1_62' title='bbox 681 1598 732 1641; x_wconf 89' lang='lat' dir='ltr'><strong>et</strong></span> <span class='ocrx_word' id='word_1_63' title='bbox 754 1590 867 1657; x_wconf 91' lang='lat' dir='ltr'><strong>ipse</strong></span> <span class='ocrx_word' id='word_1_64' title='bbox 898 1588 1109 1642; x_wconf 90' lang='lat' dir='ltr'><strong>modum</strong></span> <span class='ocrx_word' id='word_1_65' title='bbox 1138 1598 1347 1652; x_wconf 86' lang='lat' dir='ltr'><strong>teneat,</strong></span> 
     </span>
    </p>
   </div>
   <div class='ocr_carea' id='block_1_16' title="bbox 463 1678 1261 1748">
    <p class='ocr_par' dir='ltr' id='par_1_16' title="bbox 463 1678 1261 1748">
     <span class='ocr_line' id='line_1_16' title="bbox 463 1678 1261 1748; baseline 0.001 -15"><span class='ocrx_word' id='word_1_66' title='bbox 463 1678 697 1747; x_wconf 87' lang='lat' dir='ltr'><strong>Sospitet</strong></span> <span class='ocrx_word' id='word_1_67' title='bbox 718 1689 773 1733; x_wconf 92' lang='lat' dir='ltr'><strong>ut</strong></span> <span class='ocrx_word' id='word_1_68' title='bbox 795 1679 947 1748; x_wconf 87' lang='lat' dir='ltr'><strong>jecur</strong></span> <span class='ocrx_word' id='word_1_69' title='bbox 978 1680 1261 1734; x_wconf 86' lang='lat' dir='ltr'><strong>incolume.</strong></span> 
     </span>
    </p>
   </div>
   <div class='ocr_carea' id='block_1_17' title="bbox 391 1770 1225 1839">
    <p class='ocr_par' dir='ltr' id='par_1_17' title="bbox 391 1770 1225 1839">
     <span class='ocr_line' id='line_1_17' title="bbox 391 1770 1225 1839; baseline -0.001 -14"><span class='ocrx_word' id='word_1_70' title='bbox 391 1770 475 1825; x_wconf 90' lang='lat' dir='ltr'><strong>Sit</strong></span> <span class='ocrx_word' id='word_1_71' title='bbox 496 1771 624 1823; x_wconf 83' lang='lat' dir='ltr'><strong>satis</strong></span> <span class='ocrx_word' id='word_1_72' title='bbox 644 1770 906 1839; x_wconf 79' lang='lat' dir='ltr'><strong>anguibus</strong></span> <span class='ocrx_word' id='word_1_73' title='bbox 928 1770 1193 1825; x_wconf 91' lang='lat' dir='ltr'><strong>horriﬁcis</strong></span> <span class='ocrx_word' id='word_1_74' title='bbox 1212 1812 1225 1834; x_wconf 92' lang='lat'><strong>,</strong></span> 
     </span>
    </p>
   </div>
   <div class='ocr_carea' id='block_1_18' title="bbox 463 1860 1294 1929">
    <p class='ocr_par' dir='ltr' id='par_1_18' title="bbox 463 1860 1294 1929">
     <span class='ocr_line' id='line_1_18' title="bbox 463 1860 1294 1929; baseline 0.001 -15"><span class='ocrx_word' id='word_1_75' title='bbox 463 1860 592 1914; x_wconf 88' lang='lat' dir='ltr'><strong>Liba</strong></span> <span class='ocrx_word' id='word_1_76' title='bbox 616 1861 751 1929; x_wconf 90' lang='lat' dir='ltr'><strong>quod</strong></span> <span class='ocrx_word' id='word_1_77' title='bbox 783 1862 937 1927; x_wconf 87' lang='lat' dir='ltr'><strong>impia</strong></span> <span class='ocrx_word' id='word_1_78' title='bbox 960 1861 1294 1929; x_wconf 89' lang='lat' dir='ltr'><strong>corporibus,</strong></span> 
     </span>
    </p>
   </div>
   <div class='ocr_carea' id='block_1_19' title="bbox 215 763 322 817">
    <p class='ocr_par' dir='ltr' id='par_1_19' title="bbox 215 763 322 817">
     <span class='ocr_line' id='line_1_19' title="bbox 215 763 322 817; baseline 0.009 -2"><span class='ocrx_word' id='word_1_79' title='bbox 215 763 322 817; x_wconf 99' lang='grc'><strong>170</strong></span> 
     </span>
    </p>
   </div>
   <div class='ocr_carea' id='block_1_20' title="bbox 218 1223 324 1277">
    <p class='ocr_par' dir='ltr' id='par_1_20' title="bbox 218 1223 324 1277">
     <span class='ocr_line' id='line_1_20' title="bbox 218 1223 324 1277; baseline 0.019 -2"><span class='ocrx_word' id='word_1_80' title='bbox 218 1223 324 1277; x_wconf 86' lang='grc'>175</span> 
     </span>
    </p>
   </div>
   <div class='ocr_carea' id='block_1_21' title="bbox 213 1679 315 1733">
    <p class='ocr_par' dir='ltr' id='par_1_21' title="bbox 213 1679 315 1733">
     <span class='ocr_line' id='line_1_21' title="bbox 213 1679 315 1733; baseline 0.01 -1"><span class='ocrx_word' id='word_1_81' title='bbox 213 1679 315 1733; x_wconf 90' lang='grc'><strong>180</strong></span> 
     </span>
    </p>
   </div>
   <div class='ocr_carea' id='block_1_22' title="bbox 1244 287 2393 347">
    <p class='ocr_par' dir='ltr' id='par_1_22' title="bbox 1244 287 2393 347">
     <span class='ocr_line' id='line_1_22' title="bbox 1244 287 2393 347; baseline 0.005 -8"><span class='ocrx_word' id='word_1_82' title='bbox 1244 287 1770 346; x_wconf 72' lang='lat' dir='ltr'><strong>CATIIEMERINON</strong></span> <span class='ocrx_word' id='word_1_83' title='bbox 1812 290 1901 346; x_wconf 83' lang='grc'>111.</span> <span class='ocrx_word' id='word_1_84' title='bbox 1945 292 2124 347; x_wconf 63' lang='lat' dir='ltr'><strong>ANTE</strong></span> <span class='ocrx_word' id='word_1_85' title='bbox 2162 292 2393 347; x_wconf 77' lang='lat' dir='ltr'><strong>CIBUM.</strong></span> 
     </span>
    </p>
   </div>
   <div class='ocr_carea' id='block_1_23' title="bbox 3363 292 3469 352">
    <p class='ocr_par' dir='ltr' id='par_1_23' title="bbox 3363 292 3469 352">
     <span class='ocr_line' id='line_1_23' title="bbox 3363 292 3469 352; baseline 0.019 -2"><span class='ocrx_word' id='word_1_86' title='bbox 3363 292 3469 352; x_wconf 85' lang='lat'><strong>810</strong></span> 
     </span>
    </p>
   </div>
   <div class='ocr_carea' id='block_1_24' title="bbox 1814 404 3036 473">
    <p class='ocr_par' dir='ltr' id='par_1_24' title="bbox 1814 404 3036 473">
     <span class='ocr_line' id='line_1_24' title="bbox 1814 404 3036 473; baseline 0.002 -16"><span class='ocrx_word' id='word_1_87' title='bbox 1814 408 1867 465; x_wconf 81' lang='grc' dir='ltr'>Α</span> <span class='ocrx_word' id='word_1_88' title='bbox 2142 406 2250 458; x_wconf 80' lang='lat' dir='ltr'><strong>Ah!</strong></span> <span class='ocrx_word' id='word_1_89' title='bbox 2278 404 2525 457; x_wconf 86' lang='lat' dir='ltr'><strong>miseram</strong></span> <span class='ocrx_word' id='word_1_90' title='bbox 2549 418 2804 473; x_wconf 86' lang='lat' dir='ltr'><strong>peperere</strong></span> <span class='ocrx_word' id='word_1_91' title='bbox 2832 416 3036 460; x_wconf 89' lang='lat' dir='ltr'><strong>necem.</strong></span> 
     </span>
    </p>
   </div>
   <div class='ocr_carea' id='block_1_25' title="bbox 2152 494 3119 567">
    <p class='ocr_par' dir='ltr' id='par_1_25' title="bbox 2152 494 3119 567">
     <span class='ocr_line' id='line_1_25' title="bbox 2152 494 3119 567; baseline -0.005 -13"><span class='ocrx_word' id='word_1_92' title='bbox 2152 497 2309 567; x_wconf 76' lang='lat'><strong>273</strong></span> <span class='ocrx_word' id='word_1_93' title='bbox 2345 496 2586 550; x_wconf 84' lang='lat' dir='ltr'><strong>Sufﬁciat</strong></span> <span class='ocrx_word' id='word_1_94' title='bbox 2616 496 2779 550; x_wconf 86' lang='lat' dir='ltr'><strong>semel</strong></span> <span class='ocrx_word' id='word_1_95' title='bbox 2811 496 2879 549; x_wconf 90' lang='lat' dir='ltr'><strong>ob</strong></span> <span class='ocrx_word' id='word_1_96' title='bbox 2915 494 3119 551; x_wconf 82' lang='lat' dir='ltr'><strong>facinus</strong></span> 
     </span>
    </p>
   </div>
   <div class='ocr_carea' id='block_1_26' title="bbox 2153 586 2935 655">
    <p class='ocr_par' dir='ltr' id='par_1_26' title="bbox 2153 586 2935 655">
     <span class='ocr_line' id='line_1_26' title="bbox 2153 586 2935 655; baseline -0.001 -13"><span class='ocrx_word' id='word_1_97' title='bbox 2153 586 2361 642; x_wconf 86' lang='lat' dir='ltr'><strong>Plasma</strong></span> <span class='ocrx_word' id='word_1_98' title='bbox 2394 587 2489 640; x_wconf 79' lang='lat' dir='ltr'><strong>Dei</strong></span> <span class='ocrx_word' id='word_1_99' title='bbox 2514 588 2747 655; x_wconf 90' lang='lat' dir='ltr'><strong>potuisse</strong></span> <span class='ocrx_word' id='word_1_100' title='bbox 2778 588 2935 641; x_wconf 90' lang='lat' dir='ltr'><strong>mori.</strong></span> 
     </span>
    </p>
   </div>
   <div class='ocr_carea' id='block_1_27' title="bbox 2078 678 2839 747">
    <p class='ocr_par' dir='ltr' id='par_1_27' title="bbox 2078 678 2839 747">
     <span class='ocr_line' id='line_1_27' title="bbox 2078 678 2839 747; baseline -0.004 -14"><span class='ocrx_word' id='word_1_101' title='bbox 2078 678 2196 733; x_wconf 86' lang='lat' dir='ltr'><strong>Oris</strong></span> <span class='ocrx_word' id='word_1_102' title='bbox 2225 692 2382 747; x_wconf 90' lang='lat' dir='ltr'><strong>opus,</strong></span> <span class='ocrx_word' id='word_1_103' title='bbox 2416 678 2568 746; x_wconf 86' lang='lat' dir='ltr'><strong>vigor</strong></span> <span class='ocrx_word' id='word_1_104' title='bbox 2597 678 2839 747; x_wconf 83' lang='lat' dir='ltr'><strong>igneolus</strong></span> 
     </span>
    </p>
   </div>
   <div class='ocr_carea' id='block_1_28' title="bbox 2148 768 3047 837">
    <p class='ocr_par' dir='ltr' id='par_1_28' title="bbox 2148 768 3047 837">
     <span class='ocr_line' id='line_1_28' title="bbox 2148 768 3047 837; baseline 0 -14"><span class='ocrx_word' id='word_1_105' title='bbox 2148 770 2264 824; x_wconf 92' lang='lat' dir='ltr'><strong>Non</strong></span> <span class='ocrx_word' id='word_1_106' title='bbox 2301 769 2569 833; x_wconf 90' lang='lat' dir='ltr'><strong>moritur;</strong></span> <span class='ocrx_word' id='word_1_107' title='bbox 2600 770 2719 837; x_wconf 86' lang='lat' dir='ltr'><strong>quia</strong></span> <span class='ocrx_word' id='word_1_108' title='bbox 2750 768 2912 823; x_wconf 84' lang='lat' dir='ltr'><strong>ﬂante</strong></span> <span class='ocrx_word' id='word_1_109' title='bbox 2940 768 3047 823; x_wconf 91' lang='lat' dir='ltr'><strong>Deo</strong></span> 
     </span>
    </p>
   </div>
   <div class='ocr_carea' id='block_1_29' title="bbox 2145 859 3029 928">
    <p class='ocr_par' dir='ltr' id='par_1_29' title="bbox 2145 859 3029 928">
     <span class='ocr_line' id='line_1_29' title="bbox 2145 859 3029 928; baseline -0.001 -13"><span class='ocrx_word' id='word_1_110' title='bbox 2145 859 2506 928; x_wconf 89' lang='lat' dir='ltr'><strong>Compositus,</strong></span> <span class='ocrx_word' id='word_1_111' title='bbox 2531 873 2830 928; x_wconf 87' lang='lat' dir='ltr'><strong>superoque</strong></span> <span class='ocrx_word' id='word_1_112' title='bbox 2861 859 3029 914; x_wconf 84' lang='lat' dir='ltr'><strong>fluens</strong></span> 
     </span>
    </p>
   </div>
   <div class='ocr_carea' id='block_1_30' title="bbox 2146 950 2878 1010">
    <p class='ocr_par' dir='ltr' id='par_1_30' title="bbox 2146 950 2878 1010">
     <span class='ocr_line' id='line_1_30' title="bbox 2146 950 2878 1010; baseline 0 -6"><span class='ocrx_word' id='word_1_113' title='bbox 2146 950 2222 1005; x_wconf 89' lang='lat' dir='ltr'><strong>De</strong></span> <span class='ocrx_word' id='word_1_114' title='bbox 2246 950 2385 1006; x_wconf 93' lang='lat' dir='ltr'><strong>solio</strong></span> <span class='ocrx_word' id='word_1_115' title='bbox 2420 950 2592 1005; x_wconf 86' lang='lat' dir='ltr'><strong>Patris</strong></span> <span class='ocrx_word' id='word_1_116' title='bbox 2630 951 2878 1010; x_wconf 86' lang='lat' dir='ltr'><strong>artiﬁcis.</strong></span> 
     </span>
    </p>
   </div>
   <div class='ocr_carea' id='block_1_31' title="bbox 2149 1040 2972 1112">
    <p class='ocr_par' dir='ltr' id='par_1_31' title="bbox 2149 1040 2972 1112">
     <span class='ocr_line' id='line_1_31' title="bbox 2149 1040 2972 1112; baseline -0.002 -18"><span class='ocrx_word' id='word_1_117' title='bbox 2149 1040 2268 1096; x_wconf 86' lang='lat' dir='ltr'><strong>Vim</strong></span> <span class='ocrx_word' id='word_1_118' title='bbox 2300 1041 2513 1112; x_wconf 69' lang='lat' dir='ltr'><strong>liquida:</strong></span> <span class='ocrx_word' id='word_1_119' title='bbox 2544 1042 2764 1095; x_wconf 82' lang='lat' dir='ltr'><strong>rationis</strong></span> <span class='ocrx_word' id='word_1_120' title='bbox 2798 1042 2972 1097; x_wconf 85' lang='lat' dir='ltr'><strong>habet.</strong></span> 
     </span>
    </p>
   </div>
   <div class='ocr_carea' id='block_1_32' title="bbox 2077 1132 2865 1202">
    <p class='ocr_par' dir='ltr' id='par_1_32' title="bbox 2077 1132 2865 1202">
     <span class='ocr_line' id='line_1_32' title="bbox 2077 1132 2865 1202; baseline 0 -15"><span class='ocrx_word' id='word_1_121' title='bbox 2077 1132 2294 1187; x_wconf 80' lang='lat' dir='ltr'><strong>Viscera</strong></span> <span class='ocrx_word' id='word_1_122' title='bbox 2311 1143 2517 1188; x_wconf 89' lang='lat' dir='ltr'><strong>mortua</strong></span> <span class='ocrx_word' id='word_1_123' title='bbox 2550 1132 2674 1202; x_wconf 92' lang='lat' dir='ltr'><strong>quin</strong></span> <span class='ocrx_word' id='word_1_124' title='bbox 2706 1132 2865 1187; x_wconf 91' lang='lat' dir='ltr'><strong>etiam</strong></span> 
     </span>
    </p>
   </div>
   <div class='ocr_carea' id='block_1_33' title="bbox 2148 1226 2980 1295">
    <p class='ocr_par' dir='ltr' id='par_1_33' title="bbox 2148 1226 2980 1295">
     <span class='ocr_line' id='line_1_33' title="bbox 2148 1226 2980 1295; baseline 0 -14"><span class='ocrx_word' id='word_1_125' title='bbox 2148 1226 2274 1281; x_wconf 92' lang='lat' dir='ltr'><strong>Post</strong></span> <span class='ocrx_word' id='word_1_126' title='bbox 2300 1227 2499 1280; x_wconf 90' lang='lat' dir='ltr'><strong>obitum</strong></span> <span class='ocrx_word' id='word_1_127' title='bbox 2529 1242 2778 1295; x_wconf 87' lang='lat' dir='ltr'><strong>reparare</strong></span> <span class='ocrx_word' id='word_1_128' title='bbox 2806 1228 2980 1293; x_wconf 89' lang='lat' dir='ltr'><strong>datur,</strong></span> 
     </span>
    </p>
   </div>
   <div class='ocr_carea' id='block_1_34' title="bbox 2150 1318 2893 1387">
    <p class='ocr_par' dir='ltr' id='par_1_34' title="bbox 2150 1318 2893 1387">
     <span class='ocr_line' id='line_1_34' title="bbox 2150 1318 2893 1387; baseline -0.001 -15"><span class='ocrx_word' id='word_1_129' title='bbox 2150 1320 2293 1387; x_wconf 80' lang='lat' dir='ltr'><strong>Eque</strong></span> <span class='ocrx_word' id='word_1_130' title='bbox 2322 1320 2433 1373; x_wconf 87' lang='lat' dir='ltr'><strong>suis</strong></span> <span class='ocrx_word' id='word_1_131' title='bbox 2464 1318 2653 1373; x_wconf 90' lang='lat' dir='ltr'><strong>iterum</strong></span> <span class='ocrx_word' id='word_1_132' title='bbox 2680 1319 2893 1373; x_wconf 90' lang='lat' dir='ltr'><strong>tumulis</strong></span> 
     </span>
    </p>
   </div>
   <div class='ocr_carea' id='block_1_35' title="bbox 2150 1408 2905 1488">
    <p class='ocr_par' dir='ltr' id='par_1_35' title="bbox 2150 1408 2905 1488">
     <span class='ocr_line' id='line_1_35' title="bbox 2150 1408 2905 1488; baseline 0 -26"><span class='ocrx_word' id='word_1_133' title='bbox 2150 1408 2326 1488; x_wconf 83' lang='lat' dir='ltr'><strong>Prisca</strong></span> <span class='ocrx_word' id='word_1_134' title='bbox 2360 1411 2657 1464; x_wconf 84' lang='lat' dir='ltr'><strong>renascitur</strong></span> <span class='ocrx_word' id='word_1_135' title='bbox 2680 1409 2905 1478; x_wconf 84' lang='lat' dir='ltr'><strong>efﬁgies,</strong></span> 
     </span>
    </p>
   </div>
   <div class='ocr_carea' id='block_1_36' title="bbox 2143 1500 2805 1555">
    <p class='ocr_par' dir='ltr' id='par_1_36' title="bbox 2143 1500 2805 1555">
     <span class='ocr_line' id='line_1_36' title="bbox 2143 1500 2805 1555; baseline -0.003 0"><span class='ocrx_word' id='word_1_136' title='bbox 2143 1500 2401 1555; x_wconf 84' lang='lat' dir='ltr'><strong>Pulvereo</strong></span> <span class='ocrx_word' id='word_1_137' title='bbox 2431 1510 2657 1555; x_wconf 84' lang='lat' dir='ltr'><strong>coeunte</strong></span> <span class='ocrx_word' id='word_1_138' title='bbox 2683 1501 2805 1554; x_wconf 91' lang='lat' dir='ltr'><strong>situ.</strong></span> 
     </span>
    </p>
   </div>
   <div class='ocr_carea' id='block_1_37' title="bbox 2075 1592 3077 1661">
    <p class='ocr_par' dir='ltr' id='par_1_37' title="bbox 2075 1592 3077 1661">
     <span class='ocr_line' id='line_1_37' title="bbox 2075 1592 3077 1661; baseline 0.001 -13"><span class='ocrx_word' id='word_1_139' title='bbox 2075 1592 2247 1648; x_wconf 88' lang='lat' dir='ltr'><strong>Credo</strong></span> <span class='ocrx_word' id='word_1_140' title='bbox 2270 1592 2534 1661; x_wconf 82' lang='lat' dir='ltr'><strong>equidem,</strong></span> <span class='ocrx_word' id='word_1_141' title='bbox 2565 1606 2734 1659; x_wconf 87' lang='lat' dir='ltr'><strong>neque</strong></span> <span class='ocrx_word' id='word_1_142' title='bbox 2761 1607 2891 1645; x_wconf 89' lang='lat' dir='ltr'><strong>vana</strong></span> <span class='ocrx_word' id='word_1_143' title='bbox 2916 1592 3077 1658; x_wconf 87' lang='lat' dir='ltr'><strong>ﬁdes,</strong></span> 
     </span>
    </p>
   </div>
   <div class='ocr_carea' id='block_1_38' title="bbox 2141 1683 3007 1751">
    <p class='ocr_par' dir='ltr' id='par_1_38' title="bbox 2141 1683 3007 1751">
     <span class='ocr_line' id='line_1_38' title="bbox 2141 1683 3007 1751; baseline -0.003 -13"><span class='ocrx_word' id='word_1_144' title='bbox 2141 1684 2377 1751; x_wconf 84' lang='lat' dir='ltr'><strong>Corpora</strong></span> <span class='ocrx_word' id='word_1_145' title='bbox 2400 1683 2577 1736; x_wconf 81' lang='lat' dir='ltr'><strong>vivere</strong></span> <span class='ocrx_word' id='word_1_146' title='bbox 2606 1697 2752 1736; x_wconf 89' lang='lat' dir='ltr'><strong>more</strong></span> <span class='ocrx_word' id='word_1_147' title='bbox 2773 1685 2968 1737; x_wconf 79' lang='lat' dir='ltr'><strong>anima:</strong></span> <span class='ocrx_word' id='word_1_148' title='bbox 2996 1702 3007 1735; x_wconf 93' lang='lat'><strong>:</strong></span> 
     </span>
    </p>
   </div>
   <div class='ocr_carea' id='block_1_39' title="bbox 1908 587 2008 643">
    <p class='ocr_par' dir='ltr' id='par_1_39' title="bbox 1908 587 2008 643">
     <span class='ocr_line' id='line_1_39' title="bbox 1908 587 2008 643; baseline 0.01 -1"><span class='ocrx_word' id='word_1_149' title='bbox 1908 587 2008 643; x_wconf 85' lang='lat'><strong>185</strong></span> 
     </span>
    </p>
   </div>
   <div class='ocr_carea' id='block_1_40' title="bbox 1903 1038 2005 1097">
    <p class='ocr_par' dir='ltr' id='par_1_40' title="bbox 1903 1038 2005 1097">
     <span class='ocr_line' id='line_1_40' title="bbox 1903 1038 2005 1097; baseline 0.02 -2"><span class='ocrx_word' id='word_1_150' title='bbox 1903 1038 2005 1097; x_wconf 87' lang='lat'><strong>190</strong></span> 
     </span>
    </p>
   </div>
   <div class='ocr_carea' id='block_1_41' title="bbox 1899 1499 2003 1556">
    <p class='ocr_par' dir='ltr' id='par_1_41' title="bbox 1899 1499 2003 1556">
     <span class='ocr_line' id='line_1_41' title="bbox 1899 1499 2003 1556; baseline 0 -2"><span class='ocrx_word' id='word_1_151' title='bbox 1899 1499 2003 1556; x_wconf 84' lang='lat'><strong>195</strong></span> 
     </span>
    </p>
   </div>
   <div class='ocr_carea' id='block_1_42' title="bbox 1825 1771 3043 1841">
    <p class='ocr_par' dir='ltr' id='par_1_42' title="bbox 1825 1771 3043 1841">
     <span class='ocr_line' id='line_1_42' title="bbox 1825 1771 3043 1841; baseline -0.001 -15"><span class='ocrx_word' id='word_1_152' title='bbox 1825 1781 1875 1841; x_wconf 66' lang='grc' dir='ltr'><strong>ι</strong></span> <span class='ocrx_word' id='word_1_153' title='bbox 2143 1772 2271 1826; x_wconf 87' lang='lat' dir='ltr'><strong>Nam</strong></span> <span class='ocrx_word' id='word_1_154' title='bbox 2296 1771 2454 1825; x_wconf 90' lang='lat' dir='ltr'><strong>modo</strong></span> <span class='ocrx_word' id='word_1_155' title='bbox 2482 1786 2796 1840; x_wconf 89' lang='lat' dir='ltr'><strong>corporeum</strong></span> <span class='ocrx_word' id='word_1_156' title='bbox 2828 1771 3043 1825; x_wconf 91' lang='lat' dir='ltr'><strong>memini</strong></span> 
     </span>
    </p>
   </div>
   <div class='ocr_carea' id='block_1_43' title="bbox 2152 1860 3008 1932">
    <p class='ocr_par' dir='ltr' id='par_1_43' title="bbox 2152 1860 3008 1932">
     <span class='ocr_line' id='line_1_43' title="bbox 2152 1860 3008 1932; baseline -0.001 -14"><span class='ocrx_word' id='word_1_157' title='bbox 2152 1865 2223 1918; x_wconf 89' lang='lat' dir='ltr'><strong>De</strong></span> <span class='ocrx_word' id='word_1_158' title='bbox 2243 1860 2626 1932; x_wconf 81' lang='lat' dir='ltr'><strong>Phlegethonte</strong></span> <span class='ocrx_word' id='word_1_159' title='bbox 2653 1861 2821 1932; x_wconf 89' lang='lat' dir='ltr'><strong>gradu</strong></span> <span class='ocrx_word' id='word_1_160' title='bbox 2868 1862 3008 1917; x_wconf 83' lang='lat' dir='ltr'><strong>facili</strong></span> 
     </span>
    </p>
   </div>
   <div class='ocr_carea' id='block_1_44' title="bbox 1488 1954 2140 2013">
    <p class='ocr_par' dir='ltr' id='par_1_44' title="bbox 1488 1954 2140 2013">
     <span class='ocr_line' id='line_1_44' title="bbox 1488 1954 2140 2013; baseline 0.002 -4"><span class='ocrx_word' id='word_1_161' title='bbox 1488 1954 1770 2012; x_wconf 62' lang='lat' dir='ltr'><strong>CLOSSIE</strong></span> <span class='ocrx_word' id='word_1_162' title='bbox 1808 1955 2140 2013; x_wconf 76' lang='lat' dir='ltr'><strong>VETERES.</strong></span> 
     </span>
    </p>
   </div>
   <div class='ocr_carea' id='block_1_45' title="bbox 278 2065 1062 2135">
    <p class='ocr_par' dir='ltr' id='par_1_45' title="bbox 278 2065 1062 2135">
     <span class='ocr_line' id='line_1_45' title="bbox 278 2065 1062 2135; baseline -0.003 -15"><span class='ocrx_word' id='word_1_163' title='bbox 278 2065 409 2120; x_wconf 86' lang='lat'><strong>167.</strong></span> <span class='ocrx_word' id='word_1_164' title='bbox 453 2066 599 2130; x_wconf 82' lang='lat' dir='ltr'><strong>Avis,</strong></span> <span class='ocrx_word' id='word_1_165' title='bbox 624 2065 825 2135; x_wconf 86' lang='lat' dir='ltr'><strong>aquila,</strong></span> <span class='ocrx_word' id='word_1_166' title='bbox 853 2065 972 2119; x_wconf 87' lang='lat' dir='ltr'><strong>Vat.</strong></span> <span class='ocrx_word' id='word_1_167' title='bbox 999 2067 1062 2120; x_wconf 87' lang='lat' dir='ltr'><strong>A.</strong></span> 
     </span>
    </p>
   </div>
   <div class='ocr_carea' id='block_1_46' title="bbox 278 2137 932 2204">
    <p class='ocr_par' dir='ltr' id='par_1_46' title="bbox 278 2137 932 2204">
     <span class='ocr_line' id='line_1_46' title="bbox 278 2137 932 2204; baseline -0.005 -14"><span class='ocrx_word' id='word_1_168' title='bbox 278 2138 411 2191; x_wconf 87' lang='lat'><strong>170.</strong></span> <span class='ocrx_word' id='word_1_169' title='bbox 451 2138 558 2189; x_wconf 89' lang='lat' dir='ltr'><strong>Sub</strong></span> <span class='ocrx_word' id='word_1_170' title='bbox 581 2137 726 2204; x_wconf 87' lang='lat' dir='ltr'><strong>juga,</strong></span> <span class='ocrx_word' id='word_1_171' title='bbox 758 2148 865 2202; x_wconf 86' lang='lat' dir='ltr'><strong>tua,</strong></span> <span class='ocrx_word' id='word_1_172' title='bbox 897 2137 932 2189; x_wconf 89' lang='grc' dir='ltr'>Ι.</span> 
     </span>
    </p>
   </div>
   <div class='ocr_carea' id='block_1_47' title="bbox 278 2206 1255 2273">
    <p class='ocr_par' dir='ltr' id='par_1_47' title="bbox 278 2206 1255 2273">
     <span class='ocr_line' id='line_1_47' title="bbox 278 2206 1255 2273; baseline 0 -14"><span class='ocrx_word' id='word_1_173' title='bbox 278 2208 404 2260; x_wconf 89' lang='grc'>171.</span> <span class='ocrx_word' id='word_1_174' title='bbox 453 2206 733 2273; x_wconf 87' lang='lat' dir='ltr'><strong>Locuples,</strong></span> <span class='ocrx_word' id='word_1_175' title='bbox 762 2207 987 2259; x_wconf 87' lang='lat' dir='ltr'><strong>locorum</strong></span> <span class='ocrx_word' id='word_1_176' title='bbox 1017 2207 1192 2273; x_wconf 84' lang='lat' dir='ltr'><strong>plene,</strong></span> <span class='ocrx_word' id='word_1_177' title='bbox 1217 2207 1255 2261; x_wconf 91' lang='lat' dir='ltr'><strong>l.</strong></span> 
     </span>
    </p>
   </div>
   <div class='ocr_carea' id='block_1_48' title="bbox 274 2276 966 2341">
    <p class='ocr_par' dir='ltr' id='par_1_48' title="bbox 274 2276 966 2341">
     <span class='ocr_line' id='line_1_48' title="bbox 274 2276 966 2341; baseline 0 -13"><span class='ocrx_word' id='word_1_178' title='bbox 274 2276 405 2329; x_wconf 72' lang='lat'><strong>172.</strong></span> <span class='ocrx_word' id='word_1_179' title='bbox 450 2276 641 2341; x_wconf 79' lang='lat' dir='ltr'><strong>Tenui,</strong></span> <span class='ocrx_word' id='word_1_180' title='bbox 674 2278 900 2339; x_wconf 77' lang='lat' dir='ltr'><strong>modico,</strong></span> <span class='ocrx_word' id='word_1_181' title='bbox 929 2277 966 2329; x_wconf 91' lang='grc' dir='ltr'>Ι.</span> 
     </span>
    </p>
   </div>
   <div class='ocr_carea' id='block_1_49' title="bbox 198 2345 1609 2417">
    <p class='ocr_par' dir='ltr' id='par_1_49' title="bbox 198 2345 1609 2417">
     <span class='ocr_line' id='line_1_49' title="bbox 198 2345 1609 2417; baseline -0.001 -18"><span class='ocrx_word' id='word_1_182' title='bbox 198 2372 217 2399; x_wconf 73' lang='grc' dir='ltr'><strong>ι</strong></span> <span class='ocrx_word' id='word_1_183' title='bbox 277 2346 408 2400; x_wconf 81' lang='grc'>174.</span> <span class='ocrx_word' id='word_1_184' title='bbox 448 2345 579 2410; x_wconf 86' lang='lat' dir='ltr'><strong>Neu,</strong></span> <span class='ocrx_word' id='word_1_185' title='bbox 608 2362 699 2415; x_wconf 85' lang='lat' dir='ltr'><strong>pro</strong></span> <span class='ocrx_word' id='word_1_186' title='bbox 726 2363 808 2413; x_wconf 89' lang='lat' dir='ltr'><strong>ne,</strong></span> <span class='ocrx_word' id='word_1_187' title='bbox 830 2356 878 2400; x_wconf 76' lang='lat' dir='ltr'><strong>et</strong></span> <span class='ocrx_word' id='word_1_188' title='bbox 902 2356 975 2399; x_wconf 77' lang='lat' dir='ltr'><strong>est</strong></span> <span class='ocrx_word' id='word_1_189' title='bbox 1001 2349 1203 2401; x_wconf 81' lang='lat' dir='ltr'><strong>verbum</strong></span> <span class='ocrx_word' id='word_1_190' title='bbox 1230 2364 1534 2417; x_wconf 78' lang='lat' dir='ltr'><strong>apocOpum,</strong></span> <span class='ocrx_word' id='word_1_191' title='bbox 1573 2348 1609 2401; x_wconf 95' lang='lat' dir='ltr'><strong>l.</strong></span> 
     </span>
    </p>
   </div>
   <div class='ocr_carea' id='block_1_50' title="bbox 278 2417 1467 2483">
    <p class='ocr_par' dir='ltr' id='par_1_50' title="bbox 278 2417 1467 2483">
     <span class='ocr_line' id='line_1_50' title="bbox 278 2417 1467 2483; baseline 0 -14"><span class='ocrx_word' id='word_1_192' title='bbox 278 2418 406 2469; x_wconf 81' lang='lat'><strong>1&#39;6.</strong></span> <span class='ocrx_word' id='word_1_193' title='bbox 453 2417 703 2480; x_wconf 87' lang='lat' dir='ltr'><strong>llaustus,</strong></span> <span class='ocrx_word' id='word_1_194' title='bbox 732 2418 889 2483; x_wconf 87' lang='lat' dir='ltr'><strong>potio.</strong></span> <span class='ocrx_word' id='word_1_195' title='bbox 914 2446 981 2457; x_wconf 86' lang='lat'><strong>—-</strong></span> <span class='ocrx_word' id='word_1_196' title='bbox 1003 2417 1223 2483; x_wconf 83' lang='lat' dir='ltr'><strong>Abesto,</strong></span> <span class='ocrx_word' id='word_1_197' title='bbox 1248 2420 1396 2481; x_wconf 83' lang='lat' dir='ltr'><strong>absit,</strong></span> <span class='ocrx_word' id='word_1_198' title='bbox 1430 2418 1467 2471; x_wconf 95' lang='grc' dir='ltr'>Ι.</span> 
     </span>
    </p>
   </div>
   <div class='ocr_carea' id='block_1_51' title="bbox 274 2486 1148 2554">
    <p class='ocr_par' dir='ltr' id='par_1_51' title="bbox 274 2486 1148 2554">
     <span class='ocr_line' id='line_1_51' title="bbox 274 2486 1148 2554; baseline 0 -15"><span class='ocrx_word' id='word_1_199' title='bbox 274 2488 404 2546; x_wconf 71' lang='lat'><strong>17:),</strong></span> <span class='ocrx_word' id='word_1_200' title='bbox 449 2486 677 2545; x_wconf 55' lang='lat' dir='ltr'><strong>Modum.</strong></span> <span class='ocrx_word' id='word_1_201' title='bbox 708 2504 1012 2554; x_wconf 84' lang='lat' dir='ltr'><strong>mensuram,</strong></span> <span class='ocrx_word' id='word_1_202' title='bbox 1046 2488 1148 2543; x_wconf 87' lang='lat' dir='ltr'><strong>lso.</strong></span> 
     </span>
    </p>
   </div>
   <div class='ocr_carea' id='block_1_52' title="bbox 274 2558 896 2632">
    <p class='ocr_par' dir='ltr' id='par_1_52' title="bbox 274 2558 896 2632">
     <span class='ocr_line' id='line_1_52' title="bbox 274 2558 896 2632; baseline -0.014 -15"><span class='ocrx_word' id='word_1_203' title='bbox 274 2564 405 2617; x_wconf 86' lang='lat'><strong>180.</strong></span> <span class='ocrx_word' id='word_1_204' title='bbox 449 2558 701 2632; x_wconf 69' lang='lat' dir='ltr'><strong>Sospitet&#39;.</strong></span> <span class='ocrx_word' id='word_1_205' title='bbox 735 2568 896 2617; x_wconf 74' lang='lat' dir='ltr'><strong>sanet.</strong></span> 
     </span>
    </p>
   </div>
   <div class='ocr_carea' id='block_1_53' title="bbox 1967 2070 3117 2124">
    <p class='ocr_par' dir='ltr' id='par_1_53' title="bbox 1967 2070 3117 2124">
     <span class='ocr_line' id='line_1_53' title="bbox 1967 2070 3117 2124; baseline -0.002 0"><span class='ocrx_word' id='word_1_206' title='bbox 1967 2070 2089 2124; x_wconf 77' lang='lat'><strong>185.</strong></span> <span class='ocrx_word' id='word_1_207' title='bbox 2132 2070 2242 2124; x_wconf 79' lang='lat' dir='ltr'><strong>Abl</strong></span> <span class='ocrx_word' id='word_1_208' title='bbox 2278 2071 2413 2123; x_wconf 68' lang='lat' dir='ltr'><strong>heu!</strong></span> <span class='ocrx_word' id='word_1_209' title='bbox 2442 2070 2479 2123; x_wconf 76' lang='grc' dir='ltr'>ἰ.</span> <span class='ocrx_word' id='word_1_210' title='bbox 2666 2112 2669 2115; x_wconf 45' lang='grc'>‹</span> <span class='ocrx_word' id='word_1_211' title='bbox 3116 2086 3117 2089; x_wconf 78' lang='lat'>‘</span> 
     </span>
    </p>
   </div>
   <div class='ocr_carea' id='block_1_54' title="bbox 1972 2138 3450 2214">
    <p class='ocr_par' dir='ltr' id='par_1_54' title="bbox 1972 2138 3450 2214">
     <span class='ocr_line' id='line_1_54' title="bbox 1972 2138 3450 2214; baseline 0.003 -19"><span class='ocrx_word' id='word_1_212' title='bbox 1972 2140 2281 2214; x_wconf 79' lang='lat' dir='ltr'><strong>186._Uris,_</strong></span> <span class='ocrx_word' id='word_1_213' title='bbox 2293 2138 2406 2193; x_wconf 86' lang='lat' dir='ltr'><strong>Dei.</strong></span> <span class='ocrx_word' id='word_1_214' title='bbox 2432 2170 2497 2179; x_wconf 94' lang='lat'><strong>—</strong></span> <span class='ocrx_word' id='word_1_215' title='bbox 2520 2139 2698 2209; x_wconf 85' lang='lat' dir='ltr'><strong>Vigor,</strong></span> <span class='ocrx_word' id='word_1_216' title='bbox 2729 2141 2922 2208; x_wconf 84' lang='lat' dir='ltr'><strong>anima,</strong></span> <span class='ocrx_word' id='word_1_217' title='bbox 2952 2140 3072 2196; x_wconf 83' lang='lat' dir='ltr'><strong>Vat.</strong></span> <span class='ocrx_word' id='word_1_218' title='bbox 3104 2142 3169 2197; x_wconf 84' lang='lat' dir='ltr'><strong>A.</strong></span> <span class='ocrx_word' id='word_1_219' title='bbox 3194 2172 3259 2183; x_wconf 92' lang='lat'>-</span> <span class='ocrx_word' id='word_1_220' title='bbox 3285 2143 3450 2214; x_wconf 85' lang='lat' dir='ltr'><strong>lgneo</strong></span> 
     </span>
    </p>
   </div>
   <div class='ocr_carea' id='block_1_55' title="bbox 1896 2210 2303 2274">
    <p class='ocr_par' dir='ltr' id='par_1_55' title="bbox 1896 2210 2303 2274">
     <span class='ocr_line' id='line_1_55' title="bbox 1896 2210 2303 2274; baseline -0.002 -10"><span class='ocrx_word' id='word_1_221' title='bbox 1896 2211 2001 2274; x_wconf 91' lang='lat' dir='ltr'><strong>lus,</strong></span> <span class='ocrx_word' id='word_1_222' title='bbox 2035 2211 2233 2273; x_wconf 84' lang='lat' dir='ltr'><strong>anima,</strong></span> <span class='ocrx_word' id='word_1_223' title='bbox 2264 2210 2303 2263; x_wconf 92' lang='lat' dir='ltr'><strong>l.</strong></span> 
     </span>
    </p>
   </div>
   <div class='ocr_carea' id='block_1_56' title="bbox 1968 2280 2651 2345">
    <p class='ocr_par' dir='ltr' id='par_1_56' title="bbox 1968 2280 2651 2345">
     <span class='ocr_line' id='line_1_56' title="bbox 1968 2280 2651 2345; baseline -0.007 -9"><span class='ocrx_word' id='word_1_224' title='bbox 1968 2282 2088 2336; x_wconf 83' lang='grc'>195.</span> <span class='ocrx_word' id='word_1_225' title='bbox 2133 2283 2282 2343; x_wconf 88' lang='lat' dir='ltr'><strong>Situ,</strong></span> <span class='ocrx_word' id='word_1_226' title='bbox 2308 2282 2578 2345; x_wconf 81' lang='lat' dir='ltr'><strong>positione,</strong></span> <span class='ocrx_word' id='word_1_227' title='bbox 2614 2280 2651 2333; x_wconf 91' lang='grc'><strong>1.</strong></span> 
     </span>
    </p>
   </div>
   <div class='ocr_carea' id='block_1_57' title="bbox 1968 2351 3198 2419">
    <p class='ocr_par' dir='ltr' id='par_1_57' title="bbox 1968 2351 3198 2419">
     <span class='ocr_line' id='line_1_57' title="bbox 1968 2351 3198 2419; baseline 0.002 -14"><span class='ocrx_word' id='word_1_228' title='bbox 1968 2352 2087 2419; x_wconf 88' lang='grc'>197.</span> <span class='ocrx_word' id='word_1_229' title='bbox 2132 2352 2277 2405; x_wconf 57' lang='lat' dir='ltr'><strong>More</strong></span> <span class='ocrx_word' id='word_1_230' title='bbox 2302 2352 2515 2414; x_wconf 60' lang='lat' dir='ltr'><strong>animat,</strong></span> <span class='ocrx_word' id='word_1_231' title='bbox 2548 2351 2801 2419; x_wconf 79' lang='lat' dir='ltr'><strong>spiritalia</strong></span> <span class='ocrx_word' id='word_1_232' title='bbox 2826 2355 2955 2419; x_wconf 83' lang='lat' dir='ltr'><strong>fore,</strong></span> <span class='ocrx_word' id='word_1_233' title='bbox 2987 2352 3105 2405; x_wconf 84' lang='lat' dir='ltr'><strong>Vat.</strong></span> <span class='ocrx_word' id='word_1_234' title='bbox 3138 2356 3198 2408; x_wconf 74' lang='grc' dir='ltr'>Α.</span> 
     </span>
    </p>
   </div>
   <div class='ocr_carea' id='block_1_58' title="bbox 1965 2418 3460 2497">
    <p class='ocr_par' dir='ltr' id='par_1_58' title="bbox 1965 2418 3460 2497">
     <span class='ocr_line' id='line_1_58' title="bbox 1965 2418 3460 2497; baseline 0.005 -21"><span class='ocrx_word' id='word_1_235' title='bbox 1965 2418 2100 2497; x_wconf 55' lang='lat'><strong>19&#39;).</strong></span> <span class='ocrx_word' id='word_1_236' title='bbox 2133 2420 2551 2497; x_wconf 58' lang='lat' dir='ltr'><strong>Pillegethonte,</strong></span> <span class='ocrx_word' id='word_1_237' title='bbox 2574 2418 2966 2497; x_wconf 51' lang='lat' dir='ltr'><strong>infernam/ilo;</strong></span> <span class='ocrx_word' id='word_1_238' title='bbox 2990 2422 3185 2495; x_wconf 70' lang='lat' dir='ltr'><strong>(imre,</strong></span> <span class='ocrx_word' id='word_1_239' title='bbox 3208 2425 3336 2497; x_wconf 78' lang='lat' dir='ltr'><strong>ignis</strong></span> <span class='ocrx_word' id='word_1_240' title='bbox 3362 2424 3460 2484; x_wconf 44' lang='lat' dir='ltr'><strong>La.</strong></span> 
     </span>
    </p>
   </div>
   <div class='ocr_carea' id='block_1_59' title="bbox 1897 2491 2871 2567">
    <p class='ocr_par' dir='ltr' id='par_1_59' title="bbox 1897 2491 2871 2567">
     <span class='ocr_line' id='line_1_59' title="bbox 1897 2491 2871 2567; baseline 0.003 -20"><span class='ocrx_word' id='word_1_241' title='bbox 1897 2495 2017 2559; x_wconf 89' lang='lat' dir='ltr'><strong>line,</strong></span> <span class='ocrx_word' id='word_1_242' title='bbox 2049 2491 2164 2545; x_wconf 84' lang='lat' dir='ltr'><strong>hinc</strong></span> <span class='ocrx_word' id='word_1_243' title='bbox 2196 2491 2513 2561; x_wconf 64' lang='lat' dir='ltr'><strong>Phlegethon</strong></span> <span class='ocrx_word' id='word_1_244' title='bbox 2536 2493 2733 2567; x_wconf 65' lang='lat' dir='ltr'><strong>igneus,</strong></span> <span class='ocrx_word' id='word_1_245' title='bbox 2770 2492 2871 2553; x_wconf 79' lang='lat' dir='ltr'><strong>lso.</strong></span> 
     </span>
    </p>
   </div>
   <div class='ocr_carea' id='block_1_60' title="bbox 1546 2647 2113 2715">
    <p class='ocr_par' dir='ltr' id='par_1_60' title="bbox 1546 2647 2113 2715">
     <span class='ocr_line' id='line_1_60' title="bbox 1546 2647 2113 2715; baseline -0.011 -1"><span class='ocrx_word' id='word_1_246' title='bbox 1546 2647 2113 2715; x_wconf 66' lang='lat' dir='ltr'><strong>COMMENTARIUS.</strong></span> 
     </span>
    </p>
   </div>
   <div class='ocr_carea' id='block_1_61' title="bbox 203 2766 1786 2838">
    <p class='ocr_par' dir='ltr' id='par_1_61' title="bbox 203 2766 1786 2838">
     <span class='ocr_line' id='line_1_61' title="bbox 203 2766 1786 2838; baseline 0.001 -14"><span class='ocrx_word' id='word_1_247' title='bbox 203 2768 406 2824; x_wconf 59' lang='lat' dir='ltr'><strong>lumbus</strong></span> <span class='ocrx_word' id='word_1_248' title='bbox 436 2780 612 2821; x_wconf 70' lang='lat' dir='ltr'><strong>aureae</strong></span> <span class='ocrx_word' id='word_1_249' title='bbox 643 2766 932 2822; x_wconf 90' lang='lat' dir='ltr'><strong>inclusitet</strong></span> <span class='ocrx_word' id='word_1_250' title='bbox 965 2783 1125 2836; x_wconf 88' lang='lat' dir='ltr'><strong>super</strong></span> <span class='ocrx_word' id='word_1_251' title='bbox 1152 2770 1320 2825; x_wconf 88' lang='lat' dir='ltr'><strong>altare</strong></span> <span class='ocrx_word' id='word_1_252' title='bbox 1352 2769 1665 2838; x_wconf 83' lang='lat' dir='ltr'><strong>suspendit,</strong></span> <span class='ocrx_word' id='word_1_253' title='bbox 1696 2780 1786 2825; x_wconf 88' lang='lat' dir='ltr'><strong>aut</strong></span> 
     </span>
    </p>
   </div>
   <div class='ocr_carea' id='block_1_62' title="bbox 200 2838 1785 2911">
    <p class='ocr_par' dir='ltr' id='par_1_62' title="bbox 200 2838 1785 2911">
     <span class='ocr_line' id='line_1_62' title="bbox 200 2838 1785 2911; baseline 0.001 -20"><span class='ocrx_word' id='word_1_254' title='bbox 200 2840 288 2893; x_wconf 83' lang='lat' dir='ltr'><strong>alii</strong></span> <span class='ocrx_word' id='word_1_255' title='bbox 314 2838 631 2911; x_wconf 82' lang='lat' dir='ltr'><strong>columbas,</strong></span> <span class='ocrx_word' id='word_1_256' title='bbox 658 2839 917 2911; x_wconf 10' lang='lat' dir='ltr'><strong>crucibus,</strong></span> <span class='ocrx_word' id='word_1_257' title='bbox 934 2840 1226 2911; x_wconf 81' lang='lat' dir='ltr'><strong>insidentes</strong></span> <span class='ocrx_word' id='word_1_258' title='bbox 1246 2883 1259 2903; x_wconf 86' lang='lat'><strong>,</strong></span> <span class='ocrx_word' id='word_1_259' title='bbox 1297 2842 1382 2896; x_wconf 90' lang='lat' dir='ltr'><strong>vel</strong></span> <span class='ocrx_word' id='word_1_260' title='bbox 1412 2856 1503 2895; x_wconf 92' lang='lat' dir='ltr'><strong>eas</strong></span> <span class='ocrx_word' id='word_1_261' title='bbox 1533 2857 1785 2911; x_wconf 83' lang='lat' dir='ltr'><strong>supervo-</strong></span> 
     </span>
    </p>
   </div>
   <div class='ocr_carea' id='block_1_63' title="bbox 202 2909 1783 2979">
    <p class='ocr_par' dir='ltr' id='par_1_63' title="bbox 202 2909 1783 2979">
     <span class='ocr_line' id='line_1_63' title="bbox 202 2909 1783 2979; baseline 0.001 -16"><span class='ocrx_word' id='word_1_262' title='bbox 202 2910 401 2969; x_wconf 80' lang='lat' dir='ltr'><strong>lantes,</strong></span> <span class='ocrx_word' id='word_1_263' title='bbox 427 2909 801 2977; x_wconf 85' lang='lat' dir='ltr'><strong>appingebant.</strong></span> <span class='ocrx_word' id='word_1_264' title='bbox 820 2909 922 2963; x_wconf 88' lang='lat' dir='ltr'><strong>Sed</strong></span> <span class='ocrx_word' id='word_1_265' title='bbox 947 2909 1101 2978; x_wconf 83' lang='lat' dir='ltr'><strong>longe</strong></span> <span class='ocrx_word' id='word_1_266' title='bbox 1132 2911 1463 2979; x_wconf 78' lang='lat' dir='ltr'><strong>probabilius</strong></span> <span class='ocrx_word' id='word_1_267' title='bbox 1498 2920 1583 2966; x_wconf 88' lang='lat' dir='ltr'><strong>est</strong></span> <span class='ocrx_word' id='word_1_268' title='bbox 1603 2909 1783 2966; x_wconf 75' lang='lat' dir='ltr'><strong>etiam</strong></span> 
     </span>
    </p>
   </div>
   <div class='ocr_carea' id='block_1_64' title="bbox 202 2979 1786 3047">
    <p class='ocr_par' dir='ltr' id='par_1_64' title="bbox 202 2979 1786 3047">
     <span class='ocr_line' id='line_1_64' title="bbox 202 2979 1786 3047; baseline 0 -13"><span class='ocrx_word' id='word_1_269' title='bbox 202 2992 327 3034; x_wconf 88' lang='lat' dir='ltr'><strong>tunc</strong></span> <span class='ocrx_word' id='word_1_270' title='bbox 361 2979 626 3045; x_wconf 58' lang='lat' dir='ltr'><strong>Spiritum</strong></span> <span class='ocrx_word' id='word_1_271' title='bbox 658 2989 900 3032; x_wconf 86' lang='lat' dir='ltr'><strong>sanctum</strong></span> <span class='ocrx_word' id='word_1_272' title='bbox 940 2979 1227 3047; x_wconf 70' lang='lat' dir='ltr'><strong>designari.</strong></span> <span class='ocrx_word' id='word_1_273' title='bbox 1268 2982 1437 3035; x_wconf 86' lang='lat' dir='ltr'><strong>Etiam</strong></span> <span class='ocrx_word' id='word_1_274' title='bbox 1471 2982 1786 3037; x_wconf 88' lang='lat' dir='ltr'><strong>Tertulliani</strong></span> 
     </span>
    </p>
   </div>
   <div class='ocr_carea' id='block_1_65' title="bbox 203 3049 1783 3117">
    <p class='ocr_par' dir='ltr' id='par_1_65' title="bbox 203 3049 1783 3117">
     <span class='ocr_line' id='line_1_65' title="bbox 203 3049 1783 3117; baseline 0 -13"><span class='ocrx_word' id='word_1_275' title='bbox 203 3053 317 3105; x_wconf 86' lang='lat' dir='ltr'><strong>loca</strong></span> <span class='ocrx_word' id='word_1_276' title='bbox 334 3049 647 3103; x_wconf 84' lang='lat' dir='ltr'><strong>columbam</strong></span> <span class='ocrx_word' id='word_1_277' title='bbox 677 3050 894 3116; x_wconf 89' lang='lat' dir='ltr'><strong>ﬁguram</strong></span> <span class='ocrx_word' id='word_1_278' title='bbox 919 3050 1150 3117; x_wconf 83' lang='lat' dir='ltr'><strong>Spiritus</strong></span> <span class='ocrx_word' id='word_1_279' title='bbox 1173 3054 1342 3104; x_wconf 89' lang='lat' dir='ltr'><strong>sancti</strong></span> <span class='ocrx_word' id='word_1_280' title='bbox 1360 3053 1503 3106; x_wconf 88' lang='lat' dir='ltr'><strong>clare</strong></span> <span class='ocrx_word' id='word_1_281' title='bbox 1536 3054 1783 3106; x_wconf 91' lang='lat' dir='ltr'><strong>innuunt.</strong></span> 
     </span>
    </p>
   </div>
   <div class='ocr_carea' id='block_1_66' title="bbox 202 3118 1785 3190">
    <p class='ocr_par' dir='ltr' id='par_1_66' title="bbox 202 3118 1785 3190">
     <span class='ocr_line' id='line_1_66' title="bbox 202 3118 1785 3190; baseline 0 -15"><span class='ocrx_word' id='word_1_282' title='bbox 202 3122 461 3190; x_wconf 86' lang='lat' dir='ltr'><strong>Clemens</strong></span> <span class='ocrx_word' id='word_1_283' title='bbox 474 3118 863 3190; x_wconf 81' lang='lat' dir='ltr'><strong>Alexandrinus</strong></span> <span class='ocrx_word' id='word_1_284' title='bbox 892 3120 1028 3173; x_wconf 90' lang='lat' dir='ltr'><strong>inter</strong></span> <span class='ocrx_word' id='word_1_285' title='bbox 1056 3121 1294 3190; x_wconf 86' lang='lat' dir='ltr'><strong>symbola</strong></span> <span class='ocrx_word' id='word_1_286' title='bbox 1317 3138 1433 3189; x_wconf 70' lang='lat' dir='ltr'><strong>qua:</strong></span> <span class='ocrx_word' id='word_1_287' title='bbox 1452 3122 1785 3176; x_wconf 88' lang='lat' dir='ltr'><strong>Christianos</strong></span> 
     </span>
    </p>
   </div>
   <div class='ocr_carea' id='block_1_67' title="bbox 206 3189 1791 3258">
    <p class='ocr_par' dir='ltr' id='par_1_67' title="bbox 206 3189 1791 3258">
     <span class='ocr_line' id='line_1_67' title="bbox 206 3189 1791 3258; baseline 0.001 -15"><span class='ocrx_word' id='word_1_288' title='bbox 206 3194 256 3245; x_wconf 91' lang='lat' dir='ltr'><strong>in</strong></span> <span class='ocrx_word' id='word_1_289' title='bbox 276 3189 605 3245; x_wconf 89' lang='lat' dir='ltr'><strong>annulorum</strong></span> <span class='ocrx_word' id='word_1_290' title='bbox 622 3189 751 3258; x_wconf 75' lang='lat' dir='ltr'><strong>palis</strong></span> <span class='ocrx_word' id='word_1_291' title='bbox 775 3190 1015 3257; x_wconf 83' lang='lat' dir='ltr'><strong>sculpere</strong></span> <span class='ocrx_word' id='word_1_292' title='bbox 1041 3189 1271 3253; x_wconf 83' lang='lat' dir='ltr'><strong>deceret,</strong></span> <span class='ocrx_word' id='word_1_293' title='bbox 1291 3192 1576 3244; x_wconf 87' lang='lat' dir='ltr'><strong>eolumbam</strong></span> <span class='ocrx_word' id='word_1_294' title='bbox 1603 3207 1791 3246; x_wconf 87' lang='lat' dir='ltr'><strong>recen-</strong></span> 
     </span>
    </p>
   </div>
   <div class='ocr_carea' id='block_1_68' title="bbox 204 3258 1784 3330">
    <p class='ocr_par' dir='ltr' id='par_1_68' title="bbox 204 3258 1784 3330">
     <span class='ocr_line' id='line_1_68' title="bbox 204 3258 1784 3330; baseline -0.001 -15"><span class='ocrx_word' id='word_1_295' title='bbox 204 3272 281 3315; x_wconf 82' lang='lat' dir='ltr'><strong>set</strong></span> <span class='ocrx_word' id='word_1_296' title='bbox 308 3280 320 3312; x_wconf 91' lang='lat'><strong>:</strong></span> <span class='ocrx_word' id='word_1_297' title='bbox 357 3260 482 3314; x_wconf 82' lang='lat' dir='ltr'><strong>Sint</strong></span> <span class='ocrx_word' id='word_1_298' title='bbox 512 3270 679 3311; x_wconf 90' lang='lat' dir='ltr'><strong>autem</strong></span> <span class='ocrx_word' id='word_1_299' title='bbox 705 3258 847 3313; x_wconf 77' lang='lat' dir='ltr'><strong>nobis</strong></span> <span class='ocrx_word' id='word_1_300' title='bbox 884 3260 1147 3329; x_wconf 82' lang='lat' dir='ltr'><strong>signacula</strong></span> <span class='ocrx_word' id='word_1_301' title='bbox 1177 3261 1409 3314; x_wconf 80' lang='lat' dir='ltr'><strong>rolumba</strong></span> <span class='ocrx_word' id='word_1_302' title='bbox 1433 3303 1446 3321; x_wconf 90' lang='lat'><strong>,</strong></span> <span class='ocrx_word' id='word_1_303' title='bbox 1479 3263 1554 3314; x_wconf 86' lang='lat' dir='ltr'><strong>vel</strong></span> <span class='ocrx_word' id='word_1_304' title='bbox 1596 3263 1745 3326; x_wconf 76' lang='lat' dir='ltr'><strong>piscis</strong></span> <span class='ocrx_word' id='word_1_305' title='bbox 1770 3306 1784 3330; x_wconf 95' lang='lat'><strong>,</strong></span> 
     </span>
    </p>
   </div>
   <div class='ocr_carea' id='block_1_69' title="bbox 204 3329 1788 3401">
    <p class='ocr_par' dir='ltr' id='par_1_69' title="bbox 204 3329 1788 3401">
     <span class='ocr_line' id='line_1_69' title="bbox 204 3329 1788 3401; baseline -0.001 -18"><span class='ocrx_word' id='word_1_306' title='bbox 204 3334 275 3383; x_wconf 70' lang='lat' dir='ltr'><strong>vel</strong></span> <span class='ocrx_word' id='word_1_307' title='bbox 301 3329 471 3393; x_wconf 80' lang='lat' dir='ltr'><strong>navis,</strong></span> <span class='ocrx_word' id='word_1_308' title='bbox 501 3344 613 3395; x_wconf 79' lang='lat' dir='ltr'><strong>qua:</strong></span> <span class='ocrx_word' id='word_1_309' title='bbox 636 3345 789 3401; x_wconf 66' lang='lat' dir='ltr'><strong>cursu</strong></span> <span class='ocrx_word' id='word_1_310' title='bbox 812 3331 1014 3401; x_wconf 70' lang='lat' dir='ltr'><strong>celeria</strong></span> <span class='ocrx_word' id='word_1_311' title='bbox 1038 3339 1181 3401; x_wconf 87' lang='lat' dir='ltr'><strong>vento</strong></span> <span class='ocrx_word' id='word_1_312' title='bbox 1220 3336 1404 3401; x_wconf 74' lang='lat' dir='ltr'><strong>fertur,</strong></span> <span class='ocrx_word' id='word_1_313' title='bbox 1430 3333 1508 3384; x_wconf 85' lang='lat' dir='ltr'><strong>vel</strong></span> <span class='ocrx_word' id='word_1_314' title='bbox 1538 3333 1649 3400; x_wconf 85' lang='lat' dir='ltr'><strong>lyra</strong></span> <span class='ocrx_word' id='word_1_315' title='bbox 1678 3348 1788 3383; x_wconf 87' lang='lat' dir='ltr'><strong>mu-</strong></span> 
     </span>
    </p>
   </div>
   <div class='ocr_carea' id='block_1_70' title="bbox 206 3399 1786 3470">
    <p class='ocr_par' dir='ltr' id='par_1_70' title="bbox 206 3399 1786 3470">
     <span class='ocr_line' id='line_1_70' title="bbox 206 3399 1786 3470; baseline 0.001 -17"><span class='ocrx_word' id='word_1_316' title='bbox 206 3404 325 3465; x_wconf 71' lang='lat' dir='ltr'><strong>sica,</strong></span> <span class='ocrx_word' id='word_1_317' title='bbox 355 3416 464 3465; x_wconf 83' lang='lat' dir='ltr'><strong>qua</strong></span> <span class='ocrx_word' id='word_1_318' title='bbox 488 3414 611 3470; x_wconf 67' lang='lat' dir='ltr'><strong>usus</strong></span> <span class='ocrx_word' id='word_1_319' title='bbox 627 3408 697 3470; x_wconf 81' lang='lat' dir='ltr'><strong>est</strong></span> <span class='ocrx_word' id='word_1_320' title='bbox 726 3399 1034 3470; x_wconf 76' lang='lat' dir='ltr'><strong>Polycrates,</strong></span> <span class='ocrx_word' id='word_1_321' title='bbox 1052 3400 1127 3451; x_wconf 77' lang='lat' dir='ltr'><strong>vel</strong></span> <span class='ocrx_word' id='word_1_322' title='bbox 1141 3399 1366 3452; x_wconf 72' lang='lat' dir='ltr'><strong>anchora</strong></span> <span class='ocrx_word' id='word_1_323' title='bbox 1384 3399 1608 3468; x_wconf 77' lang='lat' dir='ltr'><strong>nautica,</strong></span> <span class='ocrx_word' id='word_1_324' title='bbox 1632 3418 1697 3470; x_wconf 98' lang='lat' dir='ltr'><strong>qu</strong></span> <span class='ocrx_word' id='word_1_325' title='bbox 1715 3417 1786 3454; x_wconf 79' lang='lat' dir='ltr'><strong>tm</strong></span> 
     </span>
    </p>
   </div>
   <div class='ocr_carea' id='block_1_71' title="bbox 207 3467 1857 3565">
    <p class='ocr_par' dir='ltr' id='par_1_71' title="bbox 207 3467 1857 3565">
     <span class='ocr_line' id='line_1_71' title="bbox 207 3467 1857 3565; baseline 0.001 -43"><span class='ocrx_word' id='word_1_326' title='bbox 207 3471 528 3565; x_wconf 55' lang='lat' dir='ltr'><strong>insculpelmt</strong></span> <span class='ocrx_word' id='word_1_327' title='bbox 561 3467 824 3565; x_wconf 42' lang='lat' dir='ltr'><strong>seleucus</strong></span> <span class='ocrx_word' id='word_1_328' title='bbox 866 3469 1224 3565; x_wconf 57' lang='lat' dir='ltr'><strong>Quos&#39;sensilts</strong></span> <span class='ocrx_word' id='word_1_329' title='bbox 1257 3472 1512 3565; x_wconf 57' lang='lat' dir='ltr'><strong>mysti&#39;cos</strong></span> <span class='ocrx_word' id='word_1_330' title='bbox 1551 3486 1613 3525; x_wconf 87' lang='lat' dir='ltr'><strong>ea</strong></span> <span class='ocrx_word' id='word_1_331' title='bbox 1640 3467 1786 3565; x_wconf 60' lang='lat' dir='ltr'><strong>s&#39;ym-</strong></span> <span class='ocrx_word' id='word_1_332' title='bbox 1810 3503 1857 3565; x_wconf 67' lang='grc' dir='ltr'>Ο</span> 
     </span>
    </p>
   </div>
   <div class='ocr_carea' id='block_1_72' title="bbox 209 3538 1782 3609">
    <p class='ocr_par' dir='ltr' id='par_1_72' title="bbox 209 3538 1782 3609">
     <span class='ocr_line' id='line_1_72' title="bbox 209 3538 1782 3609; baseline 0.002 -18"><span class='ocrx_word' id='word_1_333' title='bbox 209 3542 321 3593; x_wconf 89' lang='lat' dir='ltr'><strong>bola</strong></span> <span class='ocrx_word' id='word_1_334' title='bbox 356 3538 655 3609; x_wconf 76' lang='lat' dir='ltr'><strong>insinuent.</strong></span> <span class='ocrx_word' id='word_1_335' title='bbox 686 3539 877 3591; x_wconf 86' lang='lat' dir='ltr'><strong>ibidem</strong></span> <span class='ocrx_word' id='word_1_336' title='bbox 908 3539 1137 3604; x_wconf 85' lang='lat' dir='ltr'><strong>explicat</strong></span> <span class='ocrx_word' id='word_1_337' title='bbox 1168 3540 1526 3609; x_wconf 78' lang='lat' dir='ltr'><strong>ltnsweydus,</strong></span> <span class='ocrx_word' id='word_1_338' title='bbox 1578 3538 1782 3595; x_wconf 77' lang='lat' dir='ltr'><strong>scilicet</strong></span> 
     </span>
    </p>
   </div>
   <div class='ocr_carea' id='block_1_73' title="bbox 208 3607 1779 3677">
    <p class='ocr_par' dir='ltr' id='par_1_73' title="bbox 208 3607 1779 3677">
     <span class='ocr_line' id='line_1_73' title="bbox 208 3607 1779 3677; baseline 0.001 -15"><span class='ocrx_word' id='word_1_339' title='bbox 208 3610 556 3675; x_wconf 87' lang='lat' dir='ltr'><strong>baptismum,</strong></span> <span class='ocrx_word' id='word_1_340' title='bbox 581 3607 790 3660; x_wconf 84' lang='lat' dir='ltr'><strong>Petrum</strong></span> <span class='ocrx_word' id='word_1_341' title='bbox 818 3609 1114 3673; x_wconf 81' lang='lat' dir='ltr'><strong>aposmlum</strong></span> <span class='ocrx_word' id='word_1_342' title='bbox 1139 3607 1454 3677; x_wconf 77' lang='lat' dir='ltr'><strong>piscatorem</strong></span> <span class='ocrx_word' id='word_1_343' title='bbox 1485 3610 1779 3674; x_wconf 85' lang='lat' dir='ltr'><strong>hominum,</strong></span> 
     </span>
    </p>
   </div>
   <div class='ocr_carea' id='block_1_74' title="bbox 208 3677 1108 3749">
    <p class='ocr_par' dir='ltr' id='par_1_74' title="bbox 208 3677 1108 3749">
     <span class='ocr_line' id='line_1_74' title="bbox 208 3677 1108 3749; baseline 0 -18"><span class='ocrx_word' id='word_1_344' title='bbox 208 3681 376 3749; x_wconf 81' lang='lat' dir='ltr'><strong>lyram</strong></span> <span class='ocrx_word' id='word_1_345' title='bbox 410 3677 642 3749; x_wconf 65' lang='lat' dir='ltr'><strong>Davidis,</strong></span> <span class='ocrx_word' id='word_1_346' title='bbox 670 3677 979 3749; x_wconf 79' lang='lat' dir='ltr'><strong>Ecclesiam,</strong></span> <span class='ocrx_word' id='word_1_347' title='bbox 1007 3689 1108 3749; x_wconf 86' lang='lat' dir='ltr'><strong>etc.</strong></span> 
     </span>
    </p>
   </div>
   <div class='ocr_carea' id='block_1_75' title="bbox 277 3746 1815 3813">
    <p class='ocr_par' dir='ltr' id='par_1_75' title="bbox 277 3746 1815 3813">
     <span class='ocr_line' id='line_1_75' title="bbox 277 3746 1815 3813; baseline 0.003 -12"><span class='ocrx_word' id='word_1_348' title='bbox 277 3750 410 3803; x_wconf 78' lang='lat'><strong>167.</strong></span> <span class='ocrx_word' id='word_1_349' title='bbox 449 3746 725 3813; x_wconf 77' lang='lat' dir='ltr'><strong>Cisclino,</strong></span> <span class='ocrx_word' id='word_1_350' title='bbox 746 3747 1105 3801; x_wconf 85' lang='lat' dir='ltr'><strong>Chamillardo</strong></span> <span class='ocrx_word' id='word_1_351' title='bbox 1130 3789 1145 3813; x_wconf 92' lang='lat'><strong>,</strong></span> <span class='ocrx_word' id='word_1_352' title='bbox 1188 3747 1413 3813; x_wconf 80' lang='lat' dir='ltr'><strong>aliisque</strong></span> <span class='ocrx_word' id='word_1_353' title='bbox 1442 3750 1815 3806; x_wconf 88' lang='lat' dir='ltr'><strong>vehementer-</strong></span> 
     </span>
    </p>
   </div>
   <div class='ocr_carea' id='block_1_76' title="bbox 208 3817 1780 3889">
    <p class='ocr_par' dir='ltr' id='par_1_76' title="bbox 208 3817 1780 3889">
     <span class='ocr_line' id='line_1_76' title="bbox 208 3817 1780 3889; baseline 0.002 -17"><span class='ocrx_word' id='word_1_354' title='bbox 208 3820 463 3889; x_wconf 71' lang='lat' dir='ltr'><strong>displicet</strong></span> <span class='ocrx_word' id='word_1_355' title='bbox 477 3817 557 3868; x_wconf 87' lang='lat' dir='ltr'><strong>cui</strong></span> <span class='ocrx_word' id='word_1_356' title='bbox 582 3817 1000 3885; x_wconf 84' lang='lat' dir='ltr'><strong>monosyllabum</strong></span> <span class='ocrx_word' id='word_1_357' title='bbox 1031 3817 1218 3881; x_wconf 86' lang='lat' dir='ltr'><strong>breve;</strong></span> <span class='ocrx_word' id='word_1_358' title='bbox 1245 3828 1298 3871; x_wconf 89' lang='lat' dir='ltr'><strong>et</strong></span> <span class='ocrx_word' id='word_1_359' title='bbox 1323 3819 1591 3889; x_wconf 83' lang='lat' dir='ltr'><strong>Giselinus</strong></span> <span class='ocrx_word' id='word_1_360' title='bbox 1614 3830 1780 3889; x_wconf 86' lang='lat' dir='ltr'><strong>putat,</strong></span> 
     </span>
    </p>
   </div>
   <div class='ocr_carea' id='block_1_77' title="bbox 211 3888 1783 3956">
    <p class='ocr_par' dir='ltr' id='par_1_77' title="bbox 211 3888 1783 3956">
     <span class='ocr_line' id='line_1_77' title="bbox 211 3888 1783 3956; baseline 0.002 -15"><span class='ocrx_word' id='word_1_361' title='bbox 211 3888 561 3941; x_wconf 87' lang='lat' dir='ltr'><strong>Prudentium</strong></span> <span class='ocrx_word' id='word_1_362' title='bbox 594 3901 806 3956; x_wconf 85' lang='lat' dir='ltr'><strong>versum</strong></span> <span class='ocrx_word' id='word_1_363' title='bbox 843 3890 979 3941; x_wconf 88' lang='lat' dir='ltr'><strong>hunc</strong></span> <span class='ocrx_word' id='word_1_364' title='bbox 1006 3902 1125 3941; x_wconf 92' lang='lat' dir='ltr'><strong>cum</strong></span> <span class='ocrx_word' id='word_1_365' title='bbox 1159 3890 1340 3956; x_wconf 89' lang='lat' dir='ltr'><strong>paucis</strong></span> <span class='ocrx_word' id='word_1_366' title='bbox 1379 3888 1497 3941; x_wconf 79' lang='lat' dir='ltr'><strong>aliis</strong></span> <span class='ocrx_word' id='word_1_367' title='bbox 1528 3888 1783 3945; x_wconf 82' lang='lat' dir='ltr'><strong>emenda-</strong></span> 
     </span>
    </p>
   </div>
   <div class='ocr_carea' id='block_1_78' title="bbox 211 3955 1785 4037">
    <p class='ocr_par' dir='ltr' id='par_1_78' title="bbox 211 3955 1785 4037">
     <span class='ocr_line' id='line_1_78' title="bbox 211 3955 1785 4037; baseline 0.004 -28"><span class='ocrx_word' id='word_1_368' title='bbox 211 3969 391 4011; x_wconf 85' lang='lat' dir='ltr'><strong>turum</strong></span> <span class='ocrx_word' id='word_1_369' title='bbox 429 3956 614 4037; x_wconf 73' lang='lat' dir='ltr'><strong>fuisse.</strong></span> <span class='ocrx_word' id='word_1_370' title='bbox 646 3955 775 4011; x_wconf 86' lang='lat' dir='ltr'><strong>Vide</strong></span> <span class='ocrx_word' id='word_1_371' title='bbox 805 3956 1004 4025; x_wconf 87' lang='lat' dir='ltr'><strong>proleg.</strong></span> <span class='ocrx_word' id='word_1_372' title='bbox 1043 3955 1187 4011; x_wconf 87' lang='lat' dir='ltr'><strong>num.</strong></span> <span class='ocrx_word' id='word_1_373' title='bbox 1219 3957 1342 4011; x_wconf 74' lang='lat'><strong>‘21‘2.</strong></span> <span class='ocrx_word' id='word_1_374' title='bbox 1376 3958 1512 4011; x_wconf 88' lang='lat' dir='ltr'><strong>Nihil</strong></span> <span class='ocrx_word' id='word_1_375' title='bbox 1542 3973 1674 4029; x_wconf 90' lang='lat' dir='ltr'><strong>opus</strong></span> <span class='ocrx_word' id='word_1_376' title='bbox 1704 3970 1785 4016; x_wconf 91' lang='lat' dir='ltr'><strong>est</strong></span> 
     </span>
    </p>
   </div>
   <div class='ocr_carea' id='block_1_79' title="bbox 209 4036 571 4082">
    <p class='ocr_par' dir='ltr' id='par_1_79' title="bbox 209 4036 571 4082">
     <span class='ocr_line' id='line_1_79' title="bbox 209 4036 571 4082; baseline -0.011 -1"><span class='ocrx_word' id='word_1_377' title='bbox 209 4036 571 4082; x_wconf 70' lang='lat' dir='ltr'><strong>COI’I’CCUODC.</strong></span> 
     </span>
    </p>
   </div>
   <div class='ocr_carea' id='block_1_80' title="bbox 279 4094 1780 4167">
    <p class='ocr_par' dir='ltr' id='par_1_80' title="bbox 279 4094 1780 4167">
     <span class='ocr_line' id='line_1_80' title="bbox 279 4094 1780 4167; baseline -0.001 -14"><span class='ocrx_word' id='word_1_378' title='bbox 279 4098 380 4153; x_wconf 85' lang='lat'><strong>171</strong></span> <span class='ocrx_word' id='word_1_379' title='bbox 399 4136 412 4147; x_wconf 91' lang='lat'><strong>.</strong></span> <span class='ocrx_word' id='word_1_380' title='bbox 430 4166 437 4167; x_wconf 14' lang='grc' dir='ltr'>ί</span> <span class='ocrx_word' id='word_1_381' title='bbox 458 4094 838 4167; x_wconf 78' lang='lat' dir='ltr'><strong>Etymologiam</strong></span> <span class='ocrx_word' id='word_1_382' title='bbox 859 4096 1143 4167; x_wconf 69' lang='lat' dir='ltr'><strong>locupletia,</strong></span> <span class='ocrx_word' id='word_1_383' title='bbox 1167 4112 1322 4163; x_wconf 84' lang='lat' dir='ltr'><strong>quam</strong></span> <span class='ocrx_word' id='word_1_384' title='bbox 1349 4098 1780 4167; x_wconf 77' lang='lat' dir='ltr'><strong>explicatglossa,</strong></span> 
     </span>
    </p>
   </div>
   <div class='ocr_carea' id='block_1_81' title="bbox 210 4165 1787 4234">
    <p class='ocr_par' dir='ltr' id='par_1_81' title="bbox 210 4165 1787 4234">
     <span class='ocr_line' id='line_1_81' title="bbox 210 4165 1787 4234; baseline 0.003 -14"><span class='ocrx_word' id='word_1_385' title='bbox 210 4168 394 4221; x_wconf 81' lang='lat' dir='ltr'><strong>docuit</strong></span> <span class='ocrx_word' id='word_1_386' title='bbox 427 4166 670 4219; x_wconf 88' lang='lat' dir='ltr'><strong>Isodorus</strong></span> <span class='ocrx_word' id='word_1_387' title='bbox 697 4165 788 4217; x_wconf 90' lang='lat' dir='ltr'><strong>lib.</strong></span> <span class='ocrx_word' id='word_1_388' title='bbox 822 4181 855 4217; x_wconf 84' lang='lat' dir='ltr'><strong>x</strong></span> <span class='ocrx_word' id='word_1_389' title='bbox 886 4165 1062 4234; x_wconf 82' lang='lat' dir='ltr'><strong>Etym.</strong></span> <span class='ocrx_word' id='word_1_390' title='bbox 1095 4182 1162 4220; x_wconf 82' lang='lat' dir='ltr'><strong>ex</strong></span> <span class='ocrx_word' id='word_1_391' title='bbox 1197 4167 1370 4220; x_wconf 87' lang='lat' dir='ltr'><strong>Tullio</strong></span> <span class='ocrx_word' id='word_1_392' title='bbox 1401 4165 1495 4221; x_wconf 87' lang='lat' dir='ltr'><strong>lib.</strong></span> <span class='ocrx_word' id='word_1_393' title='bbox 1529 4184 1564 4221; x_wconf 88' lang='grc' dir='ltr'><strong>ιι</strong></span> <span class='ocrx_word' id='word_1_394' title='bbox 1586 4169 1652 4224; x_wconf 92' lang='lat' dir='ltr'><strong>de</strong></span> <span class='ocrx_word' id='word_1_395' title='bbox 1684 4169 1787 4224; x_wconf 77' lang='lat' dir='ltr'><strong>Re-</strong></span> 
     </span>
    </p>
   </div>
   <div class='ocr_carea' id='block_1_82' title="bbox 214 4234 1559 4305">
    <p class='ocr_par' dir='ltr' id='par_1_82' title="bbox 214 4234 1559 4305">
     <span class='ocr_line' id='line_1_82' title="bbox 214 4234 1559 4305; baseline 0 -16"><span class='ocrx_word' id='word_1_396' title='bbox 214 4239 449 4305; x_wconf 87' lang='lat' dir='ltr'><strong>publica,</strong></span> <span class='ocrx_word' id='word_1_397' title='bbox 480 4244 533 4288; x_wconf 88' lang='lat' dir='ltr'><strong>ct</strong></span> <span class='ocrx_word' id='word_1_398' title='bbox 562 4235 687 4305; x_wconf 81' lang='lat' dir='ltr'><strong>olim</strong></span> <span class='ocrx_word' id='word_1_399' title='bbox 719 4234 931 4303; x_wconf 89' lang='lat' dir='ltr'><strong>quidem</strong></span> <span class='ocrx_word' id='word_1_400' title='bbox 961 4239 1072 4305; x_wconf 88' lang='lat' dir='ltr'><strong>agri</strong></span> <span class='ocrx_word' id='word_1_401' title='bbox 1104 4238 1203 4289; x_wconf 87' lang='lat' dir='ltr'><strong>loci</strong></span> <span class='ocrx_word' id='word_1_402' title='bbox 1230 4237 1559 4291; x_wconf 89' lang='lat' dir='ltr'><strong>dicebantur.</strong></span> 
     </span>
    </p>
   </div>
   <div class='ocr_carea' id='block_1_83' title="bbox 285 4304 1786 4374">
    <p class='ocr_par' dir='ltr' id='par_1_83' title="bbox 285 4304 1786 4374">
     <span class='ocr_line' id='line_1_83' title="bbox 285 4304 1786 4374; baseline 0 -15"><span class='ocrx_word' id='word_1_403' title='bbox 285 4306 414 4361; x_wconf 78' lang='lat'><strong>175.</strong></span> <span class='ocrx_word' id='word_1_404' title='bbox 452 4305 611 4357; x_wconf 88' lang='lat' dir='ltr'><strong>Teuta</strong></span> <span class='ocrx_word' id='word_1_405' title='bbox 632 4304 826 4357; x_wconf 90' lang='lat' dir='ltr'><strong>habent</strong></span> <span class='ocrx_word' id='word_1_406' title='bbox 847 4305 959 4358; x_wconf 74' lang='lat' dir='ltr'><strong>Vat.</strong></span> <span class='ocrx_word' id='word_1_407' title='bbox 988 4304 1051 4369; x_wconf 69' lang='lat' dir='ltr'><strong>a,</strong></span> <span class='ocrx_word' id='word_1_408' title='bbox 1089 4309 1260 4373; x_wconf 90' lang='lat' dir='ltr'><strong>major</strong></span> <span class='ocrx_word' id='word_1_409' title='bbox 1281 4322 1405 4374; x_wconf 89' lang='lat' dir='ltr'><strong>pars</strong></span> <span class='ocrx_word' id='word_1_410' title='bbox 1434 4307 1575 4361; x_wconf 89' lang='lat' dir='ltr'><strong>Vatt.</strong></span> <span class='ocrx_word' id='word_1_411' title='bbox 1603 4309 1786 4374; x_wconf 66' lang='lat' dir='ltr'><strong>cotld.,</strong></span> 
     </span>
    </p>
   </div>
   <div class='ocr_carea' id='block_1_84' title="bbox 214 4374 1786 4443">
    <p class='ocr_par' dir='ltr' id='par_1_84' title="bbox 214 4374 1786 4443">
     <span class='ocr_line' id='line_1_84' title="bbox 214 4374 1786 4443; baseline 0 -13"><span class='ocrx_word' id='word_1_412' title='bbox 214 4377 463 4430; x_wconf 88' lang='lat' dir='ltr'><strong>lleinsius</strong></span> <span class='ocrx_word' id='word_1_413' title='bbox 486 4374 1157 4443; x_wconf 18' lang='lat' dir='ltr'><strong>cumiPut.,Torrentianis</strong></span> <span class='ocrx_word' id='word_1_414' title='bbox 1177 4376 1384 4429; x_wconf 90' lang='lat' dir='ltr'><strong>duobus</strong></span> <span class='ocrx_word' id='word_1_415' title='bbox 1399 4388 1451 4429; x_wconf 92' lang='lat' dir='ltr'><strong>et</strong></span> <span class='ocrx_word' id='word_1_416' title='bbox 1480 4378 1619 4443; x_wconf 90' lang='lat' dir='ltr'><strong>aliis,</strong></span> <span class='ocrx_word' id='word_1_417' title='bbox 1649 4377 1786 4442; x_wconf 86' lang='lat' dir='ltr'><strong>Gis.,</strong></span> 
     </span>
    </p>
   </div>
   <div class='ocr_carea' id='block_1_85' title="bbox 215 4442 1789 4516">
    <p class='ocr_par' dir='ltr' id='par_1_85' title="bbox 215 4442 1789 4516">
     <span class='ocr_line' id='line_1_85' title="bbox 215 4442 1789 4516; baseline 0.001 -17"><span class='ocrx_word' id='word_1_418' title='bbox 215 4447 395 4515; x_wconf 78' lang='lat' dir='ltr'><strong>Egm.,</strong></span> <span class='ocrx_word' id='word_1_419' title='bbox 430 4442 727 4516; x_wconf 35' lang='lat' dir='ltr'><strong>FabilPal.</strong></span> <span class='ocrx_word' id='word_1_420' title='bbox 754 4444 857 4496; x_wconf 83' lang='lat' dir='ltr'><strong>Alii</strong></span> <span class='ocrx_word' id='word_1_421' title='bbox 883 4444 1060 4516; x_wconf 86' lang='lat' dir='ltr'><strong>legunt</strong></span> <span class='ocrx_word' id='word_1_422' title='bbox 1092 4454 1330 4509; x_wconf 81' lang='lat' dir='ltr'><strong>tensa,ut</strong></span> <span class='ocrx_word' id='word_1_423' title='bbox 1357 4446 1580 4510; x_wconf 89' lang='lat' dir='ltr'><strong>Widm.,</strong></span> <span class='ocrx_word' id='word_1_424' title='bbox 1605 4442 1656 4501; x_wconf 90' lang='lat' dir='ltr'><strong>iu</strong></span> <span class='ocrx_word' id='word_1_425' title='bbox 1683 4463 1789 4516; x_wconf 91' lang='lat' dir='ltr'><strong>quo</strong></span> 
     </span>
    </p>
   </div>
   <div class='ocr_carea' id='block_1_86' title="bbox 211 4512 1783 4584">
    <p class='ocr_par' dir='ltr' id='par_1_86' title="bbox 211 4512 1783 4584">
     <span class='ocr_line' id='line_1_86' title="bbox 211 4512 1783 4584; baseline 0.003 -17"><span class='ocrx_word' id='word_1_426' title='bbox 211 4512 371 4580; x_wconf 78' lang='lat' dir='ltr'><strong>supra</strong></span> <span class='ocrx_word' id='word_1_427' title='bbox 397 4515 572 4584; x_wconf 76' lang='lat' dir='ltr'><strong>densa,</strong></span> <span class='ocrx_word' id='word_1_428' title='bbox 599 4512 763 4584; x_wconf 78' lang='lat' dir='ltr'><strong>Bong.</strong></span> <span class='ocrx_word' id='word_1_429' title='bbox 794 4512 971 4584; x_wconf 80' lang='lat' dir='ltr'><strong>supra,</strong></span> <span class='ocrx_word' id='word_1_430' title='bbox 1007 4514 1185 4584; x_wconf 89' lang='lat' dir='ltr'><strong>Prag.,</strong></span> <span class='ocrx_word' id='word_1_431' title='bbox 1219 4516 1365 4571; x_wconf 92' lang='lat' dir='ltr'><strong>Sich.</strong></span> <span class='ocrx_word' id='word_1_432' title='bbox 1399 4517 1498 4569; x_wconf 78' lang='lat' dir='ltr'><strong>Alii</strong></span> <span class='ocrx_word' id='word_1_433' title='bbox 1528 4512 1783 4580; x_wconf 39' lang='lat' dir='ltr'><strong>tanta,’ut</strong></span> 
     </span>
    </p>
   </div>
   <div class='ocr_carea' id='block_1_87' title="bbox 212 4582 1787 4654">
    <p class='ocr_par' dir='ltr' id='par_1_87' title="bbox 212 4582 1787 4654">
     <span class='ocr_line' id='line_1_87' title="bbox 212 4582 1787 4654; baseline 0.003 -17"><span class='ocrx_word' id='word_1_434' title='bbox 212 4586 354 4647; x_wconf 73' lang='grc' dir='ltr'>ΑΜ..</span> <span class='ocrx_word' id='word_1_435' title='bbox 395 4582 506 4636; x_wconf 84' lang='lat' dir='ltr'><strong>Cis.</strong></span> <span class='ocrx_word' id='word_1_436' title='bbox 538 4585 588 4635; x_wconf 92' lang='lat' dir='ltr'><strong>in</strong></span> <span class='ocrx_word' id='word_1_437' title='bbox 622 4584 644 4635; x_wconf 93' lang='lat'><strong>1</strong></span> <span class='ocrx_word' id='word_1_438' title='bbox 674 4583 799 4635; x_wconf 90' lang='lat' dir='ltr'><strong>edit.</strong></span> <span class='ocrx_word' id='word_1_439' title='bbox 823 4583 927 4654; x_wconf 12' lang='lat' dir='ltr'><strong>,Alii</strong></span> <span class='ocrx_word' id='word_1_440' title='bbox 950 4582 1138 4649; x_wconf 68' lang='lat' dir='ltr'><strong>densa,</strong></span> <span class='ocrx_word' id='word_1_441' title='bbox 1170 4585 1433 4651; x_wconf 79' lang='lat' dir='ltr'><strong>utllails.,</strong></span> <span class='ocrx_word' id='word_1_442' title='bbox 1463 4587 1787 4654; x_wconf 84' lang='lat' dir='ltr'><strong>Bong.,Rat.</strong></span> 
     </span>
    </p>
   </div>
   <div class='ocr_carea' id='block_1_88' title="bbox 216 4653 1791 4723">
    <p class='ocr_par' dir='ltr' id='par_1_88' title="bbox 216 4653 1791 4723">
     <span class='ocr_line' id='line_1_88' title="bbox 216 4653 1791 4723; baseline 0.001 -16"><span class='ocrx_word' id='word_1_443' title='bbox 216 4656 377 4723; x_wconf 80' lang='lat' dir='ltr'><strong>Magis</strong></span> <span class='ocrx_word' id='word_1_444' title='bbox 412 4654 581 4723; x_wconf 79' lang='lat' dir='ltr'><strong>placet</strong></span> <span class='ocrx_word' id='word_1_445' title='bbox 614 4660 770 4723; x_wconf 80' lang='lat' dir='ltr'><strong>tenta.</strong></span> <span class='ocrx_word' id='word_1_446' title='bbox 817 4653 1060 4709; x_wconf 85' lang='lat' dir='ltr'><strong>Horatius</strong></span> <span class='ocrx_word' id='word_1_447' title='bbox 1082 4656 1234 4707; x_wconf 85' lang='lat' dir='ltr'><strong>ubera</strong></span> <span class='ocrx_word' id='word_1_448' title='bbox 1254 4665 1408 4707; x_wconf 83' lang='lat' dir='ltr'><strong>tenta.</strong></span> <span class='ocrx_word' id='word_1_449' title='bbox 1438 4653 1791 4710; x_wconf 78' lang='lat' dir='ltr'><strong>HanC‘lectio-</strong></span> 
     </span>
    </p>
   </div>
   <div class='ocr_carea' id='block_1_89' title="bbox 216 4722 1786 4796">
    <p class='ocr_par' dir='ltr' id='par_1_89' title="bbox 216 4722 1786 4796">
     <span class='ocr_line' id='line_1_89' title="bbox 216 4722 1786 4796; baseline 0.001 -19"><span class='ocrx_word' id='word_1_450' title='bbox 216 4722 333 4796; x_wconf 81' lang='lat' dir='ltr'><strong>nem</strong></span> <span class='ocrx_word' id='word_1_451' title='bbox 365 4722 627 4791; x_wconf 75' lang='lat' dir='ltr'><strong>approbat</strong></span> <span class='ocrx_word' id='word_1_452' title='bbox 666 4722 1104 4796; x_wconf 9' lang='lat' dir='ltr'><strong>Becmanusrcap.</strong></span> <span class='ocrx_word' id='word_1_453' title='bbox 1152 4724 1185 4777; x_wconf 88' lang='lat'><strong>6</strong></span> <span class='ocrx_word' id='word_1_454' title='bbox 1226 4724 1524 4779; x_wconf 84' lang='lat' dir='ltr'><strong>Manuduct.</strong></span> <span class='ocrx_word' id='word_1_455' title='bbox 1556 4726 1621 4779; x_wconf 92' lang='lat' dir='ltr'><strong>ad</strong></span> <span class='ocrx_word' id='word_1_456' title='bbox 1664 4728 1786 4796; x_wconf 85' lang='lat' dir='ltr'><strong>ling.</strong></span> 
     </span>
    </p>
   </div>
   <div class='ocr_carea' id='block_1_90' title="bbox 220 4792 1625 4863">
    <p class='ocr_par' dir='ltr' id='par_1_90' title="bbox 220 4792 1625 4863">
     <span class='ocr_line' id='line_1_90' title="bbox 220 4792 1625 4863; baseline 0.001 -18"><span class='ocrx_word' id='word_1_457' title='bbox 220 4794 326 4847; x_wconf 89' lang='lat' dir='ltr'><strong>Lat.</strong></span> <span class='ocrx_word' id='word_1_458' title='bbox 356 4809 423 4847; x_wconf 76' lang='lat' dir='ltr'><strong>ex</strong></span> <span class='ocrx_word' id='word_1_459' title='bbox 446 4809 542 4863; x_wconf 86' lang='lat' dir='ltr'><strong>suo</strong></span> <span class='ocrx_word' id='word_1_460' title='bbox 574 4807 696 4855; x_wconf 87' lang='lat' dir='ltr'><strong>ms.,</strong></span> <span class='ocrx_word' id='word_1_461' title='bbox 721 4792 810 4860; x_wconf 92' lang='lat' dir='ltr'><strong>qui</strong></span> <span class='ocrx_word' id='word_1_462' title='bbox 833 4795 906 4845; x_wconf 92' lang='lat' dir='ltr'><strong>ait</strong></span> <span class='ocrx_word' id='word_1_463' title='bbox 932 4795 1065 4847; x_wconf 90' lang='lat' dir='ltr'><strong>alios</strong></span> <span class='ocrx_word' id='word_1_464' title='bbox 1091 4796 1263 4863; x_wconf 88' lang='lat' dir='ltr'><strong>legere</strong></span> <span class='ocrx_word' id='word_1_465' title='bbox 1290 4796 1477 4848; x_wconf 80' lang='lat' dir='ltr'><strong>viscera</strong></span> <span class='ocrx_word' id='word_1_466' title='bbox 1501 4805 1625 4848; x_wconf 88' lang='lat' dir='ltr'><strong>tota.</strong></span> 
     </span>
    </p>
   </div>
   <div class='ocr_carea' id='block_1_91' title="bbox 1890 2766 3462 2839">
    <p class='ocr_par' dir='ltr' id='par_1_91' title="bbox 1890 2766 3462 2839">
     <span class='ocr_line' id='line_1_91' title="bbox 1890 2766 3462 2839; baseline 0.004 -18"><span class='ocrx_word' id='word_1_467' title='bbox 1890 2781 1942 2821; x_wconf 83' lang='lat' dir='ltr'><strong>ct</strong></span> <span class='ocrx_word' id='word_1_468' title='bbox 1972 2770 2003 2822; x_wconf 87' lang='lat'><strong>6</strong></span> <span class='ocrx_word' id='word_1_469' title='bbox 2037 2769 2191 2835; x_wconf 83' lang='lat' dir='ltr'><strong>longe</strong></span> <span class='ocrx_word' id='word_1_470' title='bbox 2236 2768 2503 2836; x_wconf 88' lang='lat' dir='ltr'><strong>antiquior</strong></span> <span class='ocrx_word' id='word_1_471' title='bbox 2543 2775 2597 2839; x_wconf 81' lang='lat' dir='ltr'><strong>et</strong></span> <span class='ocrx_word' id='word_1_472' title='bbox 2627 2766 2882 2821; x_wconf 89' lang='lat' dir='ltr'><strong>illustrior</strong></span> <span class='ocrx_word' id='word_1_473' title='bbox 2902 2776 3011 2831; x_wconf 90' lang='lat' dir='ltr'><strong>est,</strong></span> <span class='ocrx_word' id='word_1_474' title='bbox 3038 2780 3197 2839; x_wconf 90' lang='lat' dir='ltr'><strong>atque</strong></span> <span class='ocrx_word' id='word_1_475' title='bbox 3225 2771 3358 2827; x_wconf 89' lang='lat' dir='ltr'><strong>adeo</strong></span> <span class='ocrx_word' id='word_1_476' title='bbox 3398 2776 3462 2829; x_wconf 77' lang='lat' dir='ltr'><strong>alt</strong></span> 
     </span>
    </p>
   </div>
   <div class='ocr_carea' id='block_1_92' title="bbox 1899 2836 2648 2907">
    <p class='ocr_par' dir='ltr' id='par_1_92' title="bbox 1899 2836 2648 2907">
     <span class='ocr_line' id='line_1_92' title="bbox 1899 2836 2648 2907; baseline -0.004 -16"><span class='ocrx_word' id='word_1_477' title='bbox 1899 2840 2027 2907; x_wconf 80' lang='lat' dir='ltr'><strong>ipsis</strong></span> <span class='ocrx_word' id='word_1_478' title='bbox 2058 2840 2311 2905; x_wconf 81' lang='lat' dir='ltr'><strong>apostolis</strong></span> <span class='ocrx_word' id='word_1_479' title='bbox 2341 2836 2648 2903; x_wconf 83' lang='lat' dir='ltr'><strong>repetenda.</strong></span> 
     </span>
    </p>
   </div>
   <div class='ocr_carea' id='block_1_93' title="bbox 1965 2906 3461 2975">
    <p class='ocr_par' dir='ltr' id='par_1_93' title="bbox 1965 2906 3461 2975">
     <span class='ocr_line' id='line_1_93' title="bbox 1965 2906 3461 2975; baseline 0.006 -16"><span class='ocrx_word' id='word_1_480' title='bbox 1965 2910 2084 2962; x_wconf 87' lang='lat'><strong>180.</strong></span> <span class='ocrx_word' id='word_1_481' title='bbox 2127 2907 2390 2975; x_wconf 84' lang='lat' dir='ltr'><strong>Jejuuium</strong></span> <span class='ocrx_word' id='word_1_482' title='bbox 2444 2907 2695 2970; x_wconf 83' lang='lat' dir='ltr'><strong>prodesse</strong></span> <span class='ocrx_word' id='word_1_483' title='bbox 2725 2906 2812 2975; x_wconf 83' lang='lat' dir='ltr'><strong>(ac</strong></span> <span class='ocrx_word' id='word_1_484' title='bbox 2854 2908 3102 2962; x_wconf 89' lang='lat' dir='ltr'><strong>similiter</strong></span> <span class='ocrx_word' id='word_1_485' title='bbox 3145 2912 3357 2965; x_wconf 90' lang='lat' dir='ltr'><strong>modum</strong></span> <span class='ocrx_word' id='word_1_486' title='bbox 3408 2915 3461 2969; x_wconf 90' lang='lat' dir='ltr'><strong>iu</strong></span> 
     </span>
    </p>
   </div>
   <div class='ocr_carea' id='block_1_94' title="bbox 1892 2976 3461 3045">
    <p class='ocr_par' dir='ltr' id='par_1_94' title="bbox 1892 2976 3461 3045">
     <span class='ocr_line' id='line_1_94' title="bbox 1892 2976 3461 3045; baseline 0.004 -14"><span class='ocrx_word' id='word_1_487' title='bbox 1892 2980 2055 3045; x_wconf 91' lang='lat' dir='ltr'><strong>victu)</strong></span> <span class='ocrx_word' id='word_1_488' title='bbox 2081 2978 2356 3030; x_wconf 84' lang='lat' dir='ltr'><strong>animabus</strong></span> <span class='ocrx_word' id='word_1_489' title='bbox 2398 2976 2815 3043; x_wconf 88' lang='lat' dir='ltr'><strong>corporibusque</strong></span> <span class='ocrx_word' id='word_1_490' title='bbox 2844 2977 3116 3032; x_wconf 77' lang='lat' dir='ltr'><strong>medendis</strong></span> <span class='ocrx_word' id='word_1_491' title='bbox 3138 3021 3151 3044; x_wconf 94' lang='lat'><strong>,</strong></span> <span class='ocrx_word' id='word_1_492' title='bbox 3178 2997 3277 3035; x_wconf 76' lang='lat' dir='ltr'><strong>vox</strong></span> <span class='ocrx_word' id='word_1_493' title='bbox 3308 2997 3461 3037; x_wconf 79' lang='lat' dir='ltr'><strong>com-</strong></span> 
     </span>
    </p>
   </div>
   <div class='ocr_carea' id='block_1_95' title="bbox 1892 3047 2996 3105">
    <p class='ocr_par' dir='ltr' id='par_1_95' title="bbox 1892 3047 2996 3105">
     <span class='ocr_line' id='line_1_95' title="bbox 1892 3047 2996 3105; baseline -0.005 -2"><span class='ocrx_word' id='word_1_494' title='bbox 1892 3050 2069 3103; x_wconf 89' lang='lat' dir='ltr'><strong>munis</strong></span> <span class='ocrx_word' id='word_1_495' title='bbox 2094 3057 2174 3102; x_wconf 75' lang='lat' dir='ltr'><strong>est</strong></span> <span class='ocrx_word' id='word_1_496' title='bbox 2196 3048 2455 3105; x_wconf 89' lang='lat' dir='ltr'><strong>omnium,</strong></span> <span class='ocrx_word' id='word_1_497' title='bbox 2487 3055 2540 3098; x_wconf 91' lang='lat' dir='ltr'><strong>ct</strong></span> <span class='ocrx_word' id='word_1_498' title='bbox 2568 3047 2709 3097; x_wconf 87' lang='lat' dir='ltr'><strong>canit</strong></span> <span class='ocrx_word' id='word_1_499' title='bbox 2742 3048 2996 3100; x_wconf 87' lang='lat' dir='ltr'><strong>Ecc&#39;csia.</strong></span> 
     </span>
    </p>
   </div>
   <div class='ocr_carea' id='block_1_96' title="bbox 1968 3116 3462 3184">
    <p class='ocr_par' dir='ltr' id='par_1_96' title="bbox 1968 3116 3462 3184">
     <span class='ocr_line' id='line_1_96' title="bbox 1968 3116 3462 3184; baseline 0.003 -11"><span class='ocrx_word' id='word_1_500' title='bbox 1968 3121 2089 3173; x_wconf 74' lang='lat'><strong>182.</strong></span> <span class='ocrx_word' id='word_1_501' title='bbox 2132 3118 2376 3172; x_wconf 84' lang='lat' dir='ltr'><strong>Nebrissa</strong></span> <span class='ocrx_word' id='word_1_502' title='bbox 2421 3118 2795 3181; x_wconf 89' lang='lat' dir='ltr'><strong>interpretatur</strong></span> <span class='ocrx_word' id='word_1_503' title='bbox 2826 3116 2950 3176; x_wconf 86' lang='lat' dir='ltr'><strong>liba,</strong></span> <span class='ocrx_word' id='word_1_504' title='bbox 2980 3133 3095 3184; x_wconf 76' lang='lat' dir='ltr'><strong>quo</strong></span> <span class='ocrx_word' id='word_1_505' title='bbox 3124 3127 3245 3174; x_wconf 85' lang='lat' dir='ltr'><strong>ante</strong></span> <span class='ocrx_word' id='word_1_506' title='bbox 3267 3120 3462 3180; x_wconf 89' lang='lat' dir='ltr'><strong>Christi</strong></span> 
     </span>
    </p>
   </div>
   <div class='ocr_carea' id='block_1_97' title="bbox 1898 3184 3462 3258">
    <p class='ocr_par' dir='ltr' id='par_1_97' title="bbox 1898 3184 3462 3258">
     <span class='ocr_line' id='line_1_97' title="bbox 1898 3184 3462 3258; baseline 0.003 -16"><span class='ocrx_word' id='word_1_507' title='bbox 1898 3190 2127 3243; x_wconf 88' lang='lat' dir='ltr'><strong>natalem</strong></span> <span class='ocrx_word' id='word_1_508' title='bbox 2150 3187 2481 3241; x_wconf 58' lang='lat' dir='ltr'><strong>daemonibus</strong></span> <span class='ocrx_word' id='word_1_509' title='bbox 2509 3186 2904 3258; x_wconf 80' lang='lat' dir='ltr'><strong>deferebantur.</strong></span> <span class='ocrx_word' id='word_1_510' title='bbox 2936 3184 3324 3258; x_wconf 85' lang='lat' dir='ltr'><strong>Chamillardus</strong></span> <span class='ocrx_word' id='word_1_511' title='bbox 3352 3194 3462 3258; x_wconf 90' lang='lat' dir='ltr'><strong>ait,</strong></span> 
     </span>
    </p>
   </div>
   <div class='ocr_carea' id='block_1_98' title="bbox 1897 3256 3463 3327">
    <p class='ocr_par' dir='ltr' id='par_1_98' title="bbox 1897 3256 3463 3327">
     <span class='ocr_line' id='line_1_98' title="bbox 1897 3256 3463 3327; baseline 0.003 -14"><span class='ocrx_word' id='word_1_512' title='bbox 1897 3259 2243 3313; x_wconf 87' lang='lat' dir='ltr'><strong>Prudentium</strong></span> <span class='ocrx_word' id='word_1_513' title='bbox 2279 3272 2377 3324; x_wconf 91' lang='lat' dir='ltr'><strong>pro</strong></span> <span class='ocrx_word' id='word_1_514' title='bbox 2401 3272 2715 3325; x_wconf 85' lang='lat' dir='ltr'><strong>quocunque</strong></span> <span class='ocrx_word' id='word_1_515' title='bbox 2746 3256 2922 3310; x_wconf 81' lang='lat' dir='ltr'><strong>fructu</strong></span> <span class='ocrx_word' id='word_1_516' title='bbox 2946 3257 3358 3327; x_wconf 71' lang='lat' dir='ltr'><strong>liba&#39;accepisse.</strong></span> <span class='ocrx_word' id='word_1_517' title='bbox 3390 3256 3463 3318; x_wconf 84' lang='lat' dir='ltr'><strong>De</strong></span> 
     </span>
    </p>
   </div>
   <div class='ocr_carea' id='block_1_99' title="bbox 1894 3327 3463 3399">
    <p class='ocr_par' dir='ltr' id='par_1_99' title="bbox 1894 3327 3463 3399">
     <span class='ocr_line' id='line_1_99' title="bbox 1894 3327 3463 3399; baseline 0.003 -17"><span class='ocrx_word' id='word_1_518' title='bbox 1894 3331 2012 3383; x_wconf 91' lang='lat' dir='ltr'><strong>solo</strong></span> <span class='ocrx_word' id='word_1_519' title='bbox 2039 3328 2266 3395; x_wconf 87' lang='lat' dir='ltr'><strong>paradisi</strong></span> <span class='ocrx_word' id='word_1_520' title='bbox 2295 3328 2666 3399; x_wconf 32' lang='lat' dir='ltr'><strong>pomouvetito,</strong></span> <span class='ocrx_word' id='word_1_521' title='bbox 2694 3328 2804 3381; x_wconf 88' lang='lat' dir='ltr'><strong>sive</strong></span> <span class='ocrx_word' id='word_1_522' title='bbox 2825 3328 2956 3380; x_wconf 88' lang='lat' dir='ltr'><strong>alius</strong></span> <span class='ocrx_word' id='word_1_523' title='bbox 2977 3327 3021 3380; x_wconf 79' lang='lat' dir='ltr'><strong>is</strong></span> <span class='ocrx_word' id='word_1_524' title='bbox 3052 3327 3209 3383; x_wconf 82' lang='lat' dir='ltr'><strong>fuerit</strong></span> <span class='ocrx_word' id='word_1_525' title='bbox 3240 3331 3463 3399; x_wconf 82' lang='lat' dir='ltr'><strong>fructus,</strong></span> 
     </span>
    </p>
   </div>
   <div class='ocr_carea' id='block_1_100' title="bbox 1895 3395 3463 3471">
    <p class='ocr_par' dir='ltr' id='par_1_100' title="bbox 1895 3395 3463 3471">
     <span class='ocr_line' id='line_1_100' title="bbox 1895 3395 3463 3471; baseline 0.004 -20"><span class='ocrx_word' id='word_1_526' title='bbox 1895 3398 1995 3451; x_wconf 80' lang='lat' dir='ltr'><strong>liba</strong></span> <span class='ocrx_word' id='word_1_527' title='bbox 2016 3400 2181 3471; x_wconf 72' lang='lat' dir='ltr'><strong>impia</strong></span> <span class='ocrx_word' id='word_1_528' title='bbox 2209 3411 2306 3464; x_wconf 82' lang='lat' dir='ltr'><strong>ego</strong></span> <span class='ocrx_word' id='word_1_529' title='bbox 2339 3395 2577 3471; x_wconf 72' lang='lat' dir='ltr'><strong>intelligo</strong></span> <span class='ocrx_word' id='word_1_530' title='bbox 2597 3438 2610 3462; x_wconf 90' lang='lat'><strong>,</strong></span> <span class='ocrx_word' id='word_1_531' title='bbox 2636 3413 2750 3465; x_wconf 73' lang='lat' dir='ltr'><strong>qua:</strong></span> <span class='ocrx_word' id='word_1_532' title='bbox 2786 3401 2853 3449; x_wconf 89' lang='lat' dir='ltr'><strong>ita</strong></span> <span class='ocrx_word' id='word_1_533' title='bbox 2886 3399 3138 3471; x_wconf 79' lang='lat' dir='ltr'><strong>dicuntur</strong></span> <span class='ocrx_word' id='word_1_534' title='bbox 3160 3415 3225 3471; x_wconf 81' lang='lat' dir='ltr'><strong>ex</strong></span> <span class='ocrx_word' id='word_1_535' title='bbox 3252 3395 3463 3471; x_wconf 79' lang='lat' dir='ltr'><strong>prepria</strong></span> 
     </span>
    </p>
   </div>
   <div class='ocr_carea' id='block_1_101' title="bbox 1892 3466 3460 3539">
    <p class='ocr_par' dir='ltr' id='par_1_101' title="bbox 1892 3466 3460 3539">
     <span class='ocr_line' id='line_1_101' title="bbox 1892 3466 3460 3539; baseline 0.002 -18"><span class='ocrx_word' id='word_1_536' title='bbox 1892 3469 2280 3538; x_wconf 63' lang='lat' dir='ltr'><strong>signiﬁcatione</strong></span> <span class='ocrx_word' id='word_1_537' title='bbox 2304 3467 2448 3539; x_wconf 80' lang='lat' dir='ltr'><strong>verbi</strong></span> <span class='ocrx_word' id='word_1_538' title='bbox 2473 3466 2599 3539; x_wconf 78' lang='lat' dir='ltr'><strong>libo.</strong></span> <span class='ocrx_word' id='word_1_539' title='bbox 2623 3477 2845 3539; x_wconf 22' lang='lat' dir='ltr'><strong>qutciesl</strong></span> <span class='ocrx_word' id='word_1_540' title='bbox 2868 3467 3125 3539; x_wconf 59' lang='lat' dir='ltr'><strong>dctibare.</strong></span> <span class='ocrx_word' id='word_1_541' title='bbox 3149 3466 3460 3539; x_wconf 78' lang='lat' dir='ltr'><strong>decerpere,</strong></span> 
     </span>
    </p>
   </div>
   <div class='ocr_carea' id='block_1_102' title="bbox 1888 3536 3464 3605">
    <p class='ocr_par' dir='ltr' id='par_1_102' title="bbox 1888 3536 3464 3605">
     <span class='ocr_line' id='line_1_102' title="bbox 1888 3536 3464 3605; baseline 0.004 -15"><span class='ocrx_word' id='word_1_542' title='bbox 1888 3536 2177 3605; x_wconf 75' lang='lat' dir='ltr'><strong>degustare</strong></span> <span class='ocrx_word' id='word_1_543' title='bbox 2208 3536 2345 3605; x_wconf 85' lang='lat' dir='ltr'><strong>apud</strong></span> <span class='ocrx_word' id='word_1_544' title='bbox 2390 3536 2718 3601; x_wconf 83' lang='lat' dir='ltr'><strong>Lucretium,</strong></span> <span class='ocrx_word' id='word_1_545' title='bbox 2754 3537 3052 3605; x_wconf 72' lang='lat' dir='ltr'><strong>Virgilium,</strong></span> <span class='ocrx_word' id='word_1_546' title='bbox 3090 3536 3375 3595; x_wconf 83' lang='lat' dir='ltr'><strong>Varronem</strong></span> <span class='ocrx_word' id='word_1_547' title='bbox 3412 3536 3464 3597; x_wconf 81' lang='lat' dir='ltr'><strong>et</strong></span> 
     </span>
    </p>
   </div>
   <div class='ocr_carea' id='block_1_103' title="bbox 1888 3606 3461 3679">
    <p class='ocr_par' dir='ltr' id='par_1_103' title="bbox 1888 3606 3461 3679">
     <span class='ocr_line' id='line_1_103' title="bbox 1888 3606 3461 3679; baseline 0.004 -20"><span class='ocrx_word' id='word_1_548' title='bbox 1888 3609 2040 3679; x_wconf 85' lang='lat' dir='ltr'><strong>alios.</strong></span> <span class='ocrx_word' id='word_1_549' title='bbox 2070 3608 2199 3679; x_wconf 85' lang='lat' dir='ltr'><strong>Tota</strong></span> <span class='ocrx_word' id='word_1_550' title='bbox 2226 3607 2447 3679; x_wconf 76' lang='lat' dir='ltr'><strong>stropha</strong></span> <span class='ocrx_word' id='word_1_551' title='bbox 2492 3606 2604 3659; x_wconf 65' lang='lat' dir='ltr'><strong>hace</strong></span> <span class='ocrx_word' id='word_1_552' title='bbox 2648 3608 2713 3658; x_wconf 89' lang='lat' dir='ltr'><strong>ad</strong></span> <span class='ocrx_word' id='word_1_553' title='bbox 2747 3620 2956 3674; x_wconf 65' lang='lat' dir='ltr'><strong>prunam</strong></span> <span class='ocrx_word' id='word_1_554' title='bbox 2990 3610 3180 3663; x_wconf 90' lang='lat' dir='ltr'><strong>mortis</strong></span> <span class='ocrx_word' id='word_1_555' title='bbox 3200 3650 3214 3675; x_wconf 89' lang='lat'><strong>,</strong></span> <span class='ocrx_word' id='word_1_556' title='bbox 3244 3622 3461 3679; x_wconf 78' lang='lat' dir='ltr'><strong>peccato</strong></span> 
     </span>
    </p>
   </div>
   <div class='ocr_carea' id='block_1_104' title="bbox 1887 3676 2691 3749">
    <p class='ocr_par' dir='ltr' id='par_1_104' title="bbox 1887 3676 2691 3749">
     <span class='ocr_line' id='line_1_104' title="bbox 1887 3676 2691 3749; baseline -0.004 -19"><span class='ocrx_word' id='word_1_557' title='bbox 1887 3678 2128 3749; x_wconf 80' lang='lat' dir='ltr'><strong>origipali</strong></span> <span class='ocrx_word' id='word_1_558' title='bbox 2161 3676 2433 3749; x_wconf 77' lang='lat' dir='ltr'><strong>inﬂictam,</strong></span> <span class='ocrx_word' id='word_1_559' title='bbox 2466 3684 2691 3749; x_wconf 81' lang='lat' dir='ltr'><strong>spectat.</strong></span> 
     </span>
    </p>
   </div>
   <div class='ocr_carea' id='block_1_105' title="bbox 1961 3746 3361 3814">
    <p class='ocr_par' dir='ltr' id='par_1_105' title="bbox 1961 3746 3361 3814">
     <span class='ocr_line' id='line_1_105' title="bbox 1961 3746 3361 3814; baseline 0.002 -14"><span class='ocrx_word' id='word_1_560' title='bbox 1961 3746 2083 3802; x_wconf 61' lang='lat'><strong>1811.</strong></span> <span class='ocrx_word' id='word_1_561' title='bbox 2126 3748 2272 3809; x_wconf 82' lang='lat' dir='ltr'><strong>Ald.,</strong></span> <span class='ocrx_word' id='word_1_562' title='bbox 2304 3746 2395 3797; x_wconf 82' lang='lat' dir='ltr'><strong>hoc</strong></span> <span class='ocrx_word' id='word_1_563' title='bbox 2422 3746 2641 3814; x_wconf 75' lang='lat' dir='ltr'><strong>facinus,</strong></span> <span class='ocrx_word' id='word_1_564' title='bbox 2671 3746 2942 3801; x_wconf 87' lang='lat' dir='ltr'><strong>mendose.</strong></span> <span class='ocrx_word' id='word_1_565' title='bbox 3360 3800 3361 3803; x_wconf 45' lang='grc' dir='ltr'><strong>η</strong></span> 
     </span>
    </p>
   </div>
   <div class='ocr_carea' id='block_1_106' title="bbox 1962 3814 3457 3888">
    <p class='ocr_par' dir='ltr' id='par_1_106' title="bbox 1962 3814 3457 3888">
     <span class='ocr_line' id='line_1_106' title="bbox 1962 3814 3457 3888; baseline 0.005 -19"><span class='ocrx_word' id='word_1_566' title='bbox 1962 3818 2108 3888; x_wconf 29' lang='grc'>185..</span> <span class='ocrx_word' id='word_1_567' title='bbox 2131 3814 2396 3867; x_wconf 77' lang='lat' dir='ltr'><strong>Plaamare</strong></span> <span class='ocrx_word' id='word_1_568' title='bbox 2414 3831 2506 3883; x_wconf 89' lang='lat' dir='ltr'><strong>pro</strong></span> <span class='ocrx_word' id='word_1_569' title='bbox 2524 3816 2731 3885; x_wconf 83' lang='lat' dir='ltr'><strong>ﬁngere,</strong></span> <span class='ocrx_word' id='word_1_570' title='bbox 2746 3831 2917 3869; x_wconf 83' lang='lat' dir='ltr'><strong>creare</strong></span> <span class='ocrx_word' id='word_1_571' title='bbox 2936 3832 2954 3879; x_wconf 81' lang='lat'><strong>,&#39;</strong></span> <span class='ocrx_word' id='word_1_572' title='bbox 2975 3814 3175 3885; x_wconf 86' lang='lat' dir='ltr'><strong>plasma</strong></span> <span class='ocrx_word' id='word_1_573' title='bbox 3195 3834 3289 3888; x_wconf 89' lang='lat' dir='ltr'><strong>pro</strong></span> <span class='ocrx_word' id='word_1_574' title='bbox 3310 3836 3457 3877; x_wconf 85' lang='lat' dir='ltr'><strong>crea-</strong></span> 
     </span>
    </p>
   </div>
   <div class='ocr_carea' id='block_1_107' title="bbox 1888 3886 3454 3957">
    <p class='ocr_par' dir='ltr' id='par_1_107' title="bbox 1888 3886 3454 3957">
     <span class='ocr_line' id='line_1_107' title="bbox 1888 3886 3454 3957; baseline 0.004 -18"><span class='ocrx_word' id='word_1_575' title='bbox 1888 3896 2025 3957; x_wconf 82' lang='lat' dir='ltr'><strong>tura,</strong></span> <span class='ocrx_word' id='word_1_576' title='bbox 2056 3886 2336 3956; x_wconf 82' lang='lat' dir='ltr'><strong>plasmator</strong></span> <span class='ocrx_word' id='word_1_577' title='bbox 2382 3902 2477 3951; x_wconf 86' lang='lat' dir='ltr'><strong>pro</strong></span> <span class='ocrx_word' id='word_1_578' title='bbox 2504 3895 2735 3957; x_wconf 59' lang='lat' dir='ltr'><strong>creatore</strong></span> <span class='ocrx_word' id='word_1_579' title='bbox 2761 3897 3112 3957; x_wconf 17' lang='lat' dir='ltr'><strong>,_vocesisunt</strong></span> <span class='ocrx_word' id='word_1_580' title='bbox 3137 3886 3454 3957; x_wconf 74' lang='lat' dir='ltr'><strong>scriptorum</strong></span> 
     </span>
    </p>
   </div>
   <div class='ocr_carea' id='block_1_108' title="bbox 1886 3954 3460 4028">
    <p class='ocr_par' dir='ltr' id='par_1_108' title="bbox 1886 3954 3460 4028">
     <span class='ocr_line' id='line_1_108' title="bbox 1886 3954 3460 4028; baseline 0.004 -17"><span class='ocrx_word' id='word_1_581' title='bbox 1886 3954 2307 4028; x_wconf 80' lang='lat' dir='ltr'><strong>Christianorum</strong></span> <span class='ocrx_word' id='word_1_582' title='bbox 2338 3956 2585 4023; x_wconf 72' lang='lat' dir='ltr'><strong>proprizr,</strong></span> <span class='ocrx_word' id='word_1_583' title='bbox 2610 3954 2938 4021; x_wconf 83' lang='lat' dir='ltr'><strong>Tertulliani,</strong></span> <span class='ocrx_word' id='word_1_584' title='bbox 2966 3954 3297 4028; x_wconf 76' lang='lat' dir='ltr'><strong>Hieronymi,</strong></span> <span class='ocrx_word' id='word_1_585' title='bbox 3321 3962 3460 4017; x_wconf 86' lang='lat' dir='ltr'><strong>Alci-</strong></span> 
     </span>
    </p>
   </div>
   <div class='ocr_carea' id='block_1_109' title="bbox 1890 4026 2467 4081">
    <p class='ocr_par' dir='ltr' id='par_1_109' title="bbox 1890 4026 2467 4081">
     <span class='ocr_line' id='line_1_109' title="bbox 1890 4026 2467 4081; baseline -0.01 0"><span class='ocrx_word' id='word_1_586' title='bbox 1890 4031 1958 4081; x_wconf 91' lang='lat' dir='ltr'><strong>mi</strong></span> <span class='ocrx_word' id='word_1_587' title='bbox 1984 4028 2123 4081; x_wconf 86' lang='lat' dir='ltr'><strong>Avili</strong></span> <span class='ocrx_word' id='word_1_588' title='bbox 2146 4038 2195 4078; x_wconf 89' lang='lat' dir='ltr'><strong>et</strong></span> <span class='ocrx_word' id='word_1_589' title='bbox 2225 4026 2467 4079; x_wconf 90' lang='lat' dir='ltr'><strong>aliorum.</strong></span> 
     </span>
    </p>
   </div>
   <div class='ocr_carea' id='block_1_110' title="bbox 1961 4093 3453 4171">
    <p class='ocr_par' dir='ltr' id='par_1_110' title="bbox 1961 4093 3453 4171">
     <span class='ocr_line' id='line_1_110' title="bbox 1961 4093 3453 4171; baseline 0.002 -21"><span class='ocrx_word' id='word_1_590' title='bbox 1961 4097 2085 4171; x_wconf 64' lang='grc' dir='ltr'><strong>186ἒ</strong></span> <span class='ocrx_word' id='word_1_591' title='bbox 2128 4095 2376 4171; x_wconf 81' lang='lat' dir='ltr'><strong>Virgilius</strong></span> <span class='ocrx_word' id='word_1_592' title='bbox 2402 4096 2497 4171; x_wconf 77' lang='lat' dir='ltr'><strong>lib_.</strong></span> <span class='ocrx_word' id='word_1_593' title='bbox 2522 4093 2724 4171; x_wconf 64' lang='lat' dir='ltr'><strong>vt_.1Eu_.</strong></span> <span class='ocrx_word' id='word_1_594' title='bbox 2748 4136 2761 4157; x_wconf 94' lang='lat'><strong>,</strong></span> <span class='ocrx_word' id='word_1_595' title='bbox 2797 4094 2989 4164; x_wconf 80' lang='lat' dir='ltr'><strong>lgneus</strong></span> <span class='ocrx_word' id='word_1_596' title='bbox 3008 4106 3092 4171; x_wconf 57' lang='lat' dir='ltr'><strong>est</strong></span> <span class='ocrx_word' id='word_1_597' title='bbox 3122 4098 3241 4151; x_wconf 81' lang='lat' dir='ltr'><strong>ollis</strong></span> <span class='ocrx_word' id='word_1_598' title='bbox 3270 4100 3410 4171; x_wconf 84' lang='lat' dir='ltr'><strong>vigor</strong></span> <span class='ocrx_word' id='word_1_599' title='bbox 3439 4145 3453 4163; x_wconf 85' lang='lat'><strong>,</strong></span> 
     </span>
    </p>
   </div>
   <div class='ocr_carea' id='block_1_111' title="bbox 1890 4166 3460 4238">
    <p class='ocr_par' dir='ltr' id='par_1_111' title="bbox 1890 4166 3460 4238">
     <span class='ocr_line' id='line_1_111' title="bbox 1890 4166 3460 4238; baseline 0.004 -18"><span class='ocrx_word' id='word_1_600' title='bbox 1890 4178 1937 4220; x_wconf 88' lang='lat' dir='ltr'><strong>et</strong></span> <span class='ocrx_word' id='word_1_601' title='bbox 1993 4166 2208 4221; x_wconf 76' lang='lat' dir='ltr'><strong>caelestis</strong></span> <span class='ocrx_word' id='word_1_602' title='bbox 2256 4170 2417 4236; x_wconf 87' lang='lat' dir='ltr'><strong>origo.</strong></span> <span class='ocrx_word' id='word_1_603' title='bbox 2467 4166 2782 4219; x_wconf 75' lang='lat' dir='ltr'><strong>Prudentius</strong></span> <span class='ocrx_word' id='word_1_604' title='bbox 2831 4182 2973 4235; x_wconf 69' lang='lat' dir='ltr'><strong>smpe</strong></span> <span class='ocrx_word' id='word_1_605' title='bbox 3006 4166 3168 4222; x_wconf 90' lang='lat' dir='ltr'><strong>Deum</strong></span> <span class='ocrx_word' id='word_1_606' title='bbox 3201 4166 3366 4238; x_wconf 75' lang='lat' dir='ltr'><strong>igneiu</strong></span> <span class='ocrx_word' id='word_1_607' title='bbox 3406 4186 3460 4226; x_wconf 87' lang='lat' dir='ltr'><strong>et</strong></span> 
     </span>
    </p>
   </div>
   <div class='ocr_carea' id='block_1_112' title="bbox 1888 4238 2375 4307">
    <p class='ocr_par' dir='ltr' id='par_1_112' title="bbox 1888 4238 2375 4307">
     <span class='ocr_line' id='line_1_112' title="bbox 1888 4238 2375 4307; baseline 0.002 -17"><span class='ocrx_word' id='word_1_608' title='bbox 1888 4240 2092 4307; x_wconf 84' lang='lat' dir='ltr'><strong>igneum</strong></span> <span class='ocrx_word' id='word_1_609' title='bbox 2125 4238 2375 4307; x_wconf 70' lang='lat' dir='ltr'><strong>appellat.</strong></span> 
     </span>
    </p>
   </div>
   <div class='ocr_carea' id='block_1_113' title="bbox 1963 4300 3455 4378">
    <p class='ocr_par' dir='ltr' id='par_1_113' title="bbox 1963 4300 3455 4378">
     <span class='ocr_line' id='line_1_113' title="bbox 1963 4300 3455 4378; baseline 0.001 -17"><span class='ocrx_word' id='word_1_610' title='bbox 1963 4308 2083 4361; x_wconf 79' lang='grc'>195.</span> <span class='ocrx_word' id='word_1_611' title='bbox 2121 4300 2490 4378; x_wconf 75' lang='lat' dir='ltr'><strong>Equehabent</strong></span> <span class='ocrx_word' id='word_1_612' title='bbox 2519 4305 2777 4378; x_wconf 84' lang='lat' dir='ltr'><strong>plerique.</strong></span> <span class='ocrx_word' id='word_1_613' title='bbox 2808 4300 2922 4359; x_wconf 79' lang='lat' dir='ltr'><strong>Gis.</strong></span> <span class='ocrx_word' id='word_1_614' title='bbox 2963 4308 3011 4359; x_wconf 92' lang='lat' dir='ltr'><strong>in</strong></span> <span class='ocrx_word' id='word_1_615' title='bbox 3037 4307 3126 4378; x_wconf 80' lang='lat' dir='ltr'><strong>ed.</strong></span> <span class='ocrx_word' id='word_1_616' title='bbox 3177 4307 3211 4360; x_wconf 64' lang='grc' dir='ltr'>ἓ</span> <span class='ocrx_word' id='word_1_617' title='bbox 3256 4307 3455 4378; x_wconf 78' lang='lat' dir='ltr'><strong>Deque,</strong></span> 
     </span>
    </p>
   </div>
   <div class='ocr_carea' id='block_1_114' title="bbox 1892 4376 3456 4449">
    <p class='ocr_par' dir='ltr' id='par_1_114' title="bbox 1892 4376 3456 4449">
     <span class='ocr_line' id='line_1_114' title="bbox 1892 4376 3456 4449; baseline 0.001 -17"><span class='ocrx_word' id='word_1_618' title='bbox 1892 4392 2065 4449; x_wconf 90' lang='lat' dir='ltr'><strong>neque</strong></span> <span class='ocrx_word' id='word_1_619' title='bbox 2115 4377 2356 4449; x_wconf 62' lang='lat' dir='ltr'><strong>liciusius</strong></span> <span class='ocrx_word' id='word_1_620' title='bbox 2398 4376 2592 4449; x_wconf 82' lang='lat' dir='ltr'><strong>aliquid</strong></span> <span class='ocrx_word' id='word_1_621' title='bbox 2621 4385 2802 4449; x_wconf 88' lang='lat' dir='ltr'><strong>contra</strong></span> <span class='ocrx_word' id='word_1_622' title='bbox 2835 4386 3000 4449; x_wconf 85' lang='lat' dir='ltr'><strong>notat.</strong></span> <span class='ocrx_word' id='word_1_623' title='bbox 3034 4377 3245 4449; x_wconf 75' lang='lat' dir='ltr'><strong>Vat.A,</strong></span> <span class='ocrx_word' id='word_1_624' title='bbox 3276 4376 3456 4449; x_wconf 77' lang='lat' dir='ltr'><strong>Eique.</strong></span> 
     </span>
    </p>
   </div>
   <div class='ocr_carea' id='block_1_115' title="bbox 1964 4446 3461 4516">
    <p class='ocr_par' dir='ltr' id='par_1_115' title="bbox 1964 4446 3461 4516">
     <span class='ocr_line' id='line_1_115' title="bbox 1964 4446 3461 4516; baseline 0.001 -15"><span class='ocrx_word' id='word_1_625' title='bbox 1964 4448 2087 4501; x_wconf 83' lang='lat'><strong>195.</strong></span> <span class='ocrx_word' id='word_1_626' title='bbox 2127 4446 2373 4500; x_wconf 88' lang='lat' dir='ltr'><strong>Nebrissa</strong></span> <span class='ocrx_word' id='word_1_627' title='bbox 2404 4446 2631 4516; x_wconf 64' lang='lat' dir='ltr'><strong>explicat</strong></span> <span class='ocrx_word' id='word_1_628' title='bbox 2663 4448 2900 4514; x_wconf 80' lang='lat' dir='ltr'><strong>pulvereo</strong></span> <span class='ocrx_word' id='word_1_629' title='bbox 2926 4448 3046 4512; x_wconf 80' lang='lat' dir='ltr'><strong>situ,</strong></span> <span class='ocrx_word' id='word_1_630' title='bbox 3078 4448 3282 4513; x_wconf 84' lang='lat' dir='ltr'><strong>pulvere</strong></span> <span class='ocrx_word' id='word_1_631' title='bbox 3308 4446 3461 4516; x_wconf 81' lang='lat' dir='ltr'><strong>squa-</strong></span> 
     </span>
    </p>
   </div>
   <div class='ocr_carea' id='block_1_116' title="bbox 1892 4515 3459 4585">
    <p class='ocr_par' dir='ltr' id='par_1_116' title="bbox 1892 4515 3459 4585">
     <span class='ocr_line' id='line_1_116' title="bbox 1892 4515 3459 4585; baseline 0.003 -16"><span class='ocrx_word' id='word_1_632' title='bbox 1892 4517 2018 4573; x_wconf 77' lang='lat' dir='ltr'><strong>lida.</strong></span> <span class='ocrx_word' id='word_1_633' title='bbox 2044 4517 2179 4583; x_wconf 85' lang='lat' dir='ltr'><strong>Quid</strong></span> <span class='ocrx_word' id='word_1_634' title='bbox 2209 4517 2279 4570; x_wconf 86' lang='lat' dir='ltr'><strong>sit</strong></span> <span class='ocrx_word' id='word_1_635' title='bbox 2303 4516 2428 4569; x_wconf 77' lang='lat' dir='ltr'><strong>situs</strong></span> <span class='ocrx_word' id='word_1_636' title='bbox 2451 4517 2568 4568; x_wconf 88' lang='lat' dir='ltr'><strong>vide</strong></span> <span class='ocrx_word' id='word_1_637' title='bbox 2590 4515 2771 4585; x_wconf 75' lang='lat' dir='ltr'><strong>bymn.</strong></span> <span class='ocrx_word' id='word_1_638' title='bbox 2804 4517 2852 4583; x_wconf 91' lang='lat'><strong>1,</strong></span> <span class='ocrx_word' id='word_1_639' title='bbox 2880 4532 3018 4570; x_wconf 83' lang='lat' dir='ltr'><strong>vers.</strong></span> <span class='ocrx_word' id='word_1_640' title='bbox 3045 4516 3330 4571; x_wconf 72' lang='lat' dir='ltr'><strong>43.Glossa</strong></span> <span class='ocrx_word' id='word_1_641' title='bbox 3348 4515 3459 4573; x_wconf 82' lang='lat' dir='ltr'><strong>nun</strong></span> 
     </span>
    </p>
   </div>
   <div class='ocr_carea' id='block_1_117' title="bbox 1892 4590 2083 4657">
    <p class='ocr_par' dir='ltr' id='par_1_117' title="bbox 1892 4590 2083 4657">
     <span class='ocr_line' id='line_1_117' title="bbox 1892 4590 2083 4657; baseline -0.005 -17"><span class='ocrx_word' id='word_1_642' title='bbox 1892 4590 2083 4657; x_wconf 87' lang='lat' dir='ltr'><strong>placet.</strong></span> 
     </span>
    </p>
   </div>
   <div class='ocr_carea' id='block_1_118' title="bbox 1965 4655 3457 4725">
    <p class='ocr_par' dir='ltr' id='par_1_118' title="bbox 1965 4655 3457 4725">
     <span class='ocr_line' id='line_1_118' title="bbox 1965 4655 3457 4725; baseline 0.001 -14"><span class='ocrx_word' id='word_1_643' title='bbox 1965 4658 2086 4712; x_wconf 77' lang='lat'><strong>196.</strong></span> <span class='ocrx_word' id='word_1_644' title='bbox 2132 4656 2248 4725; x_wconf 66' lang='lat' dir='ltr'><strong>Rat.</strong></span> <span class='ocrx_word' id='word_1_645' title='bbox 2271 4695 2287 4721; x_wconf 88' lang='lat'><strong>,</strong></span> <span class='ocrx_word' id='word_1_646' title='bbox 2311 4655 2513 4725; x_wconf 80' lang='lat' dir='ltr'><strong>quidem</strong></span> <span class='ocrx_word' id='word_1_647' title='bbox 2545 4670 2639 4721; x_wconf 84' lang='lat' dir='ltr'><strong>pro</strong></span> <span class='ocrx_word' id='word_1_648' title='bbox 2668 4656 2919 4725; x_wconf 82' lang='lat' dir='ltr'><strong>equidem.</strong></span> <span class='ocrx_word' id='word_1_649' title='bbox 2960 4655 3201 4719; x_wconf 73' lang='lat' dir='ltr'><strong>Virgilius</strong></span> <span class='ocrx_word' id='word_1_650' title='bbox 3225 4671 3275 4708; x_wconf 89' lang='lat' dir='ltr'><strong>tv</strong></span> <span class='ocrx_word' id='word_1_651' title='bbox 3305 4656 3457 4721; x_wconf 75' lang='grc' dir='ltr'>ΑΞη..</span> 
     </span>
    </p>
   </div>
   <div class='ocr_carea' id='block_1_119' title="bbox 1892 4724 3460 4795">
    <p class='ocr_par' dir='ltr' id='par_1_119' title="bbox 1892 4724 3460 4795">
     <span class='ocr_line' id='line_1_119' title="bbox 1892 4724 3460 4795; baseline 0 -14"><span class='ocrx_word' id='word_1_652' title='bbox 1892 4742 2033 4782; x_wconf 87' lang='lat' dir='ltr'><strong>vers.</strong></span> <span class='ocrx_word' id='word_1_653' title='bbox 2071 4725 2137 4778; x_wconf 75' lang='lat'><strong>12</strong></span> <span class='ocrx_word' id='word_1_654' title='bbox 2164 4766 2178 4787; x_wconf 91' lang='lat'><strong>,</strong></span> <span class='ocrx_word' id='word_1_655' title='bbox 2208 4724 2371 4777; x_wconf 87' lang='lat' dir='ltr'><strong>Credo</strong></span> <span class='ocrx_word' id='word_1_656' title='bbox 2396 4724 2625 4784; x_wconf 85' lang='lat' dir='ltr'><strong>equidem</strong></span> <span class='ocrx_word' id='word_1_657' title='bbox 2653 4767 2666 4789; x_wconf 92' lang='lat'><strong>,</strong></span> <span class='ocrx_word' id='word_1_658' title='bbox 2698 4740 2791 4795; x_wconf 81' lang='lat' dir='ltr'><strong>nec</strong></span> <span class='ocrx_word' id='word_1_659' title='bbox 2828 4742 2957 4795; x_wconf 74' lang='lat' dir='ltr'><strong>vana</strong></span> <span class='ocrx_word' id='word_1_660' title='bbox 2984 4727 3108 4791; x_wconf 76' lang='lat' dir='ltr'><strong>ﬁdes</strong></span> <span class='ocrx_word' id='word_1_661' title='bbox 3136 4766 3149 4783; x_wconf 90' lang='lat'><strong>.</strong></span> <span class='ocrx_word' id='word_1_662' title='bbox 3183 4742 3337 4795; x_wconf 84' lang='lat' dir='ltr'><strong>genus</strong></span> <span class='ocrx_word' id='word_1_663' title='bbox 3357 4745 3460 4781; x_wconf 81' lang='lat' dir='ltr'><strong>esse</strong></span> 
     </span>
    </p>
   </div>
   <div class='ocr_carea' id='block_1_120' title="bbox 1894 4792 3241 4863">
    <p class='ocr_par' dir='ltr' id='par_1_120' title="bbox 1894 4792 3241 4863">
     <span class='ocr_line' id='line_1_120' title="bbox 1894 4792 3241 4863; baseline -0.001 -15"><span class='ocrx_word' id='word_1_664' title='bbox 1894 4798 2123 4849; x_wconf 83' lang='lat' dir='ltr'><strong>deorum.</strong></span> <span class='ocrx_word' id='word_1_665' title='bbox 2160 4795 2353 4847; x_wconf 91' lang='lat' dir='ltr'><strong>lterum</strong></span> <span class='ocrx_word' id='word_1_666' title='bbox 2386 4808 2457 4856; x_wconf 75' lang='lat' dir='ltr'><strong>vr,</strong></span> <span class='ocrx_word' id='word_1_667' title='bbox 2482 4807 2621 4845; x_wconf 89' lang='lat' dir='ltr'><strong>vers.</strong></span> <span class='ocrx_word' id='word_1_668' title='bbox 2657 4794 2782 4857; x_wconf 86' lang='lat'><strong>859,</strong></span> <span class='ocrx_word' id='word_1_669' title='bbox 2816 4792 2977 4847; x_wconf 85' lang='lat' dir='ltr'><strong>Credo</strong></span> <span class='ocrx_word' id='word_1_670' title='bbox 2994 4792 3241 4863; x_wconf 79' lang='lat' dir='ltr'><strong>equidem.</strong></span> 
     </span>
    </p>
   </div>
   <div class='ocr_carea' id='block_1_121' title="bbox 284 4862 3461 4934">
    <p class='ocr_par' dir='ltr' id='par_1_121' title="bbox 284 4862 3461 4934">
     <span class='ocr_line' id='line_1_121' title="bbox 284 4862 3461 4934; baseline 0 -16"><span class='ocrx_word' id='word_1_671' title='bbox 284 4867 411 4918; x_wconf 77' lang='grc'>176.</span> <span class='ocrx_word' id='word_1_672' title='bbox 446 4862 661 4914; x_wconf 70' lang='lat' dir='ltr'><strong>Amarae</strong></span> <span class='ocrx_word' id='word_1_673' title='bbox 682 4871 836 4931; x_wconf 86' lang='lat' dir='ltr'><strong>potus</strong></span> <span class='ocrx_word' id='word_1_674' title='bbox 857 4875 956 4928; x_wconf 71' lang='grc' dir='ltr'><strong>εει,</strong></span> <span class='ocrx_word' id='word_1_675' title='bbox 981 4865 1101 4934; x_wconf 90' lang='lat' dir='ltr'><strong>quia</strong></span> <span class='ocrx_word' id='word_1_676' title='bbox 1121 4862 1153 4930; x_wconf 54' lang='grc'><strong>,⁷</strong></span> <span class='ocrx_word' id='word_1_677' title='bbox 1179 4865 1223 4918; x_wconf 89' lang='lat' dir='ltr'><strong>si</strong></span> <span class='ocrx_word' id='word_1_678' title='bbox 1260 4864 1451 4919; x_wconf 77' lang='lat' dir='ltr'><strong>nimius</strong></span> <span class='ocrx_word' id='word_1_679' title='bbox 1488 4867 1574 4930; x_wconf 87' lang='lat' dir='ltr'><strong>sit,</strong></span> <span class='ocrx_word' id='word_1_680' title='bbox 1605 4866 1658 4919; x_wconf 93' lang='lat' dir='ltr'><strong>in</strong></span> <span class='ocrx_word' id='word_1_681' title='bbox 1701 4867 1793 4921; x_wconf 91' lang='lat' dir='ltr'><strong>tri-</strong></span> <span class='ocrx_word' id='word_1_682' title='bbox 1821 4868 1874 4927; x_wconf 81' lang='grc' dir='ltr'><strong>Ι)</strong></span> <span class='ocrx_word' id='word_1_683' title='bbox 1972 4865 2092 4917; x_wconf 89' lang='lat'><strong>197.</strong></span> <span class='ocrx_word' id='word_1_684' title='bbox 2137 4863 2454 4934; x_wconf 84' lang='lat' dir='ltr'><strong>Prudentius</strong></span> <span class='ocrx_word' id='word_1_685' title='bbox 2478 4875 2582 4934; x_wconf 85' lang='lat' dir='ltr'><strong>non</strong></span> <span class='ocrx_word' id='word_1_686' title='bbox 2628 4866 2739 4915; x_wconf 83' lang='lat' dir='ltr'><strong>vult</strong></span> <span class='ocrx_word' id='word_1_687' title='bbox 2782 4880 3002 4931; x_wconf 78' lang='lat' dir='ltr'><strong>corpora</strong></span> <span class='ocrx_word' id='word_1_688' title='bbox 3034 4862 3143 4918; x_wconf 86' lang='lat' dir='ltr'><strong>lore</strong></span> <span class='ocrx_word' id='word_1_689' title='bbox 3171 4868 3461 4934; x_wconf 80' lang='lat' dir='ltr'><strong>spiritualia</strong></span> 
     </span>
    </p>
   </div>
   <div class='ocr_carea' id='block_1_122' title="bbox 218 4934 681 4986">
    <p class='ocr_par' dir='ltr' id='par_1_122' title="bbox 218 4934 681 4986">
     <span class='ocr_line' id='line_1_122' title="bbox 218 4934 681 4986; baseline -0.006 0"><span class='ocrx_word' id='word_1_690' title='bbox 218 4934 413 4986; x_wconf 82' lang='lat' dir='ltr'><strong>stitiatu</strong></span> <span class='ocrx_word' id='word_1_691' title='bbox 440 4940 681 4985; x_wconf 79' lang='lat' dir='ltr'><strong>vertitur.</strong></span> 
     </span>
    </p>
   </div>
   <div class='ocr_carea' id='block_1_123' title="bbox 290 5001 1797 5071">
    <p class='ocr_par' dir='ltr' id='par_1_123' title="bbox 290 5001 1797 5071">
     <span class='ocr_line' id='line_1_123' title="bbox 290 5001 1797 5071; baseline 0.001 -14"><span class='ocrx_word' id='word_1_692' title='bbox 290 5006 410 5057; x_wconf 87' lang='lat'><strong>177.</strong></span> <span class='ocrx_word' id='word_1_693' title='bbox 457 5001 537 5055; x_wconf 78' lang='lat' dir='ltr'><strong>Ne</strong></span> <span class='ocrx_word' id='word_1_694' title='bbox 560 5016 653 5069; x_wconf 92' lang='lat' dir='ltr'><strong>pro</strong></span> <span class='ocrx_word' id='word_1_695' title='bbox 676 5018 784 5066; x_wconf 85' lang='lat' dir='ltr'><strong>nec,</strong></span> <span class='ocrx_word' id='word_1_696' title='bbox 815 5001 933 5056; x_wconf 89' lang='lat' dir='ltr'><strong>Vat.</strong></span> <span class='ocrx_word' id='word_1_697' title='bbox 960 5006 1024 5071; x_wconf 86' lang='lat' dir='ltr'><strong>A,</strong></span> <span class='ocrx_word' id='word_1_698' title='bbox 1056 5004 1201 5068; x_wconf 86' lang='lat' dir='ltr'><strong>Put.,</strong></span> <span class='ocrx_word' id='word_1_699' title='bbox 1226 5006 1395 5060; x_wconf 80' lang='lat' dir='ltr'><strong>Oxon.</strong></span> <span class='ocrx_word' id='word_1_700' title='bbox 1429 5004 1611 5058; x_wconf 87' lang='lat' dir='ltr'><strong>Heins.</strong></span> <span class='ocrx_word' id='word_1_701' title='bbox 1633 5003 1797 5059; x_wconf 77' lang='lat' dir='ltr'><strong>Recte</strong></span> 
     </span>
    </p>
   </div>
   <div class='ocr_carea' id='block_1_124' title="bbox 217 5072 1034 5140">
    <p class='ocr_par' dir='ltr' id='par_1_124' title="bbox 217 5072 1034 5140">
     <span class='ocr_line' id='line_1_124' title="bbox 217 5072 1034 5140; baseline 0.002 -14"><span class='ocrx_word' id='word_1_702' title='bbox 217 5076 372 5126; x_wconf 84' lang='lat' dir='ltr'><strong>etiam</strong></span> <span class='ocrx_word' id='word_1_703' title='bbox 405 5088 517 5133; x_wconf 85' lang='lat' dir='ltr'><strong>nec,</strong></span> <span class='ocrx_word' id='word_1_704' title='bbox 541 5072 682 5140; x_wconf 85' lang='lat' dir='ltr'><strong>quod</strong></span> <span class='ocrx_word' id='word_1_705' title='bbox 712 5073 799 5125; x_wconf 89' lang='lat' dir='ltr'><strong>alii</strong></span> <span class='ocrx_word' id='word_1_706' title='bbox 832 5082 1034 5129; x_wconf 86' lang='lat' dir='ltr'><strong>tenent.</strong></span> 
     </span>
    </p>
   </div>
   <div class='ocr_carea' id='block_1_125' title="bbox 287 5141 1788 5214">
    <p class='ocr_par' dir='ltr' id='par_1_125' title="bbox 287 5141 1788 5214">
     <span class='ocr_line' id='line_1_125' title="bbox 287 5141 1788 5214; baseline -0.001 -17"><span class='ocrx_word' id='word_1_707' title='bbox 287 5146 410 5197; x_wconf 79' lang='lat'><strong>178.</strong></span> <span class='ocrx_word' id='word_1_708' title='bbox 452 5141 528 5195; x_wconf 73' lang='lat' dir='ltr'><strong>Ex</strong></span> <span class='ocrx_word' id='word_1_709' title='bbox 579 5142 678 5197; x_wconf 92' lang='lat' dir='ltr'><strong>hoc</strong></span> <span class='ocrx_word' id='word_1_710' title='bbox 725 5143 1071 5214; x_wconf 85' lang='lat' dir='ltr'><strong>locoeolligi</strong></span> <span class='ocrx_word' id='word_1_711' title='bbox 1113 5157 1270 5212; x_wconf 90' lang='lat' dir='ltr'><strong>posse</strong></span> <span class='ocrx_word' id='word_1_712' title='bbox 1305 5142 1553 5214; x_wconf 21' lang='lat' dir='ltr'><strong>videtur,</strong></span> <span class='ocrx_word' id='word_1_713' title='bbox 1582 5143 1788 5205; x_wconf 88' lang='lat' dir='ltr'><strong>Teolio,</strong></span> 
     </span>
    </p>
   </div>
   <div class='ocr_carea' id='block_1_126' title="bbox 222 5212 1792 5279">
    <p class='ocr_par' dir='ltr' id='par_1_126' title="bbox 222 5212 1792 5279">
     <span class='ocr_line' id='line_1_126' title="bbox 222 5212 1792 5279; baseline 0.001 -13"><span class='ocrx_word' id='word_1_714' title='bbox 222 5224 547 5279; x_wconf 72' lang='lat' dir='ltr'><strong>prazceptum</strong></span> <span class='ocrx_word' id='word_1_715' title='bbox 600 5213 900 5267; x_wconf 88' lang='lat' dir='ltr'><strong>abstinendi</strong></span> <span class='ocrx_word' id='word_1_716' title='bbox 951 5230 978 5267; x_wconf 90' lang='lat' dir='ltr'><strong>a</strong></span> <span class='ocrx_word' id='word_1_717' title='bbox 1024 5212 1277 5268; x_wconf 78' lang='lat' dir='ltr'><strong>carnibus</strong></span> <span class='ocrx_word' id='word_1_718' title='bbox 1303 5212 1579 5266; x_wconf 87' lang='lat' dir='ltr'><strong>Prudentii</strong></span> <span class='ocrx_word' id='word_1_719' title='bbox 1634 5223 1792 5267; x_wconf 62' lang='lat' dir='ltr'><strong>aetate</strong></span> 
     </span>
    </p>
   </div>
   <div class='ocr_carea' id='block_1_127' title="bbox 216 5282 1788 5352">
    <p class='ocr_par' dir='ltr' id='par_1_127' title="bbox 216 5282 1788 5352">
     <span class='ocr_line' id='line_1_127' title="bbox 216 5282 1788 5352; baseline 0.001 -16"><span class='ocrx_word' id='word_1_720' title='bbox 216 5287 323 5350; x_wconf 86' lang='lat' dir='ltr'><strong>jam</strong></span> <span class='ocrx_word' id='word_1_721' title='bbox 355 5283 650 5337; x_wconf 81' lang='lat' dir='ltr'><strong>obtinuisse</strong></span> <span class='ocrx_word' id='word_1_722' title='bbox 679 5283 866 5336; x_wconf 86' lang='lat' dir='ltr'><strong>saltem</strong></span> <span class='ocrx_word' id='word_1_723' title='bbox 897 5285 948 5337; x_wconf 91' lang='lat' dir='ltr'><strong>in</strong></span> <span class='ocrx_word' id='word_1_724' title='bbox 973 5283 1239 5352; x_wconf 80' lang='lat' dir='ltr'><strong>Hispania.</strong></span> <span class='ocrx_word' id='word_1_725' title='bbox 1258 5282 1453 5335; x_wconf 88' lang='lat' dir='ltr'><strong>Verum</strong></span> <span class='ocrx_word' id='word_1_726' title='bbox 1468 5282 1788 5337; x_wconf 87' lang='lat' dir='ltr'><strong>Prudentius</strong></span> 
     </span>
    </p>
   </div>
   <div class='ocr_carea' id='block_1_128' title="bbox 220 5352 1781 5421">
    <p class='ocr_par' dir='ltr' id='par_1_128' title="bbox 220 5352 1781 5421">
     <span class='ocr_line' id='line_1_128' title="bbox 220 5352 1781 5421; baseline 0.001 -16"><span class='ocrx_word' id='word_1_727' title='bbox 220 5368 389 5421; x_wconf 87' lang='lat' dir='ltr'><strong>neque</strong></span> <span class='ocrx_word' id='word_1_728' title='bbox 410 5352 861 5421; x_wconf 81' lang='lat' dir='ltr'><strong>explicatquinam</strong></span> <span class='ocrx_word' id='word_1_729' title='bbox 891 5355 998 5407; x_wconf 90' lang='lat' dir='ltr'><strong>sint</strong></span> <span class='ocrx_word' id='word_1_730' title='bbox 1023 5354 1094 5407; x_wconf 86' lang='lat' dir='ltr'><strong>illi</strong></span> <span class='ocrx_word' id='word_1_731' title='bbox 1117 5353 1217 5407; x_wconf 92' lang='lat' dir='ltr'><strong>cibi</strong></span> <span class='ocrx_word' id='word_1_732' title='bbox 1234 5352 1379 5406; x_wconf 89' lang='lat' dir='ltr'><strong>vetiti</strong></span> <span class='ocrx_word' id='word_1_733' title='bbox 1401 5392 1414 5414; x_wconf 89' lang='lat'><strong>,</strong></span> <span class='ocrx_word' id='word_1_734' title='bbox 1448 5367 1619 5420; x_wconf 88' lang='lat' dir='ltr'><strong>neque</strong></span> <span class='ocrx_word' id='word_1_735' title='bbox 1639 5353 1781 5406; x_wconf 92' lang='lat' dir='ltr'><strong>diem</strong></span> 
     </span>
    </p>
   </div>
   <div class='ocr_carea' id='block_1_129' title="bbox 220 5419 1777 5489">
    <p class='ocr_par' dir='ltr' id='par_1_129' title="bbox 220 5419 1777 5489">
     <span class='ocr_line' id='line_1_129' title="bbox 220 5419 1777 5489; baseline 0.001 -16"><span class='ocrx_word' id='word_1_736' title='bbox 220 5419 381 5476; x_wconf 85' lang='lat' dir='ltr'><strong>ullum</strong></span> <span class='ocrx_word' id='word_1_737' title='bbox 412 5422 675 5489; x_wconf 82' lang='lat' dir='ltr'><strong>designat.</strong></span> <span class='ocrx_word' id='word_1_738' title='bbox 704 5419 967 5476; x_wconf 66' lang='lat' dir='ltr'><strong>Caeterum</strong></span> <span class='ocrx_word' id='word_1_739' title='bbox 1008 5422 1338 5479; x_wconf 91' lang='lat' dir='ltr'><strong>consuetudo</strong></span> <span class='ocrx_word' id='word_1_740' title='bbox 1356 5419 1628 5489; x_wconf 87' lang='lat' dir='ltr'><strong>jejuuandi</strong></span> <span class='ocrx_word' id='word_1_741' title='bbox 1656 5423 1777 5475; x_wconf 51' lang='lat' dir='ltr'><strong>sal).</strong></span> 
     </span>
    </p>
   </div>
   <div class='ocr_carea' id='block_1_130' title="bbox 220 5491 1779 5559">
    <p class='ocr_par' dir='ltr' id='par_1_130' title="bbox 220 5491 1779 5559">
     <span class='ocr_line' id='line_1_130' title="bbox 220 5491 1779 5559; baseline 0 -14"><span class='ocrx_word' id='word_1_742' title='bbox 220 5492 345 5545; x_wconf 88' lang='lat' dir='ltr'><strong>bato</strong></span> <span class='ocrx_word' id='word_1_743' title='bbox 374 5495 421 5544; x_wconf 91' lang='lat' dir='ltr'><strong>iu</strong></span> <span class='ocrx_word' id='word_1_744' title='bbox 447 5492 719 5557; x_wconf 84' lang='lat' dir='ltr'><strong>llispania,</strong></span> <span class='ocrx_word' id='word_1_745' title='bbox 752 5491 967 5559; x_wconf 67' lang='lat' dir='ltr'><strong>Romae,</strong></span> <span class='ocrx_word' id='word_1_746' title='bbox 1000 5502 1055 5548; x_wconf 91' lang='lat' dir='ltr'><strong>et</strong></span> <span class='ocrx_word' id='word_1_747' title='bbox 1079 5492 1273 5546; x_wconf 87' lang='lat' dir='ltr'><strong>aliisin</strong></span> <span class='ocrx_word' id='word_1_748' title='bbox 1302 5492 1560 5546; x_wconf 88' lang='lat' dir='ltr'><strong>Ecclesiis</strong></span> <span class='ocrx_word' id='word_1_749' title='bbox 1589 5506 1651 5545; x_wconf 81' lang='lat' dir='ltr'><strong>ex</strong></span> <span class='ocrx_word' id='word_1_750' title='bbox 1684 5506 1779 5545; x_wconf 89' lang='lat' dir='ltr'><strong>ve-</strong></span> 
     </span>
    </p>
   </div>
   <div class='ocr_carea' id='block_1_131' title="bbox 219 5561 1781 5629">
    <p class='ocr_par' dir='ltr' id='par_1_131' title="bbox 219 5561 1781 5629">
     <span class='ocr_line' id='line_1_131' title="bbox 219 5561 1781 5629; baseline -0.001 -15"><span class='ocrx_word' id='word_1_751' title='bbox 219 5562 527 5615; x_wconf 88' lang='lat' dir='ltr'><strong>tustioribus</strong></span> <span class='ocrx_word' id='word_1_752' title='bbox 558 5562 915 5615; x_wconf 89' lang='lat' dir='ltr'><strong>monumentis</strong></span> <span class='ocrx_word' id='word_1_753' title='bbox 942 5572 1176 5627; x_wconf 89' lang='lat' dir='ltr'><strong>constat,</strong></span> <span class='ocrx_word' id='word_1_754' title='bbox 1214 5576 1402 5629; x_wconf 89' lang='lat' dir='ltr'><strong>nempe</strong></span> <span class='ocrx_word' id='word_1_755' title='bbox 1437 5576 1506 5614; x_wconf 70' lang='lat' dir='ltr'><strong>ex</strong></span> <span class='ocrx_word' id='word_1_756' title='bbox 1554 5561 1781 5614; x_wconf 92' lang='lat' dir='ltr'><strong>concilio</strong></span> 
     </span>
    </p>
   </div>
   <div class='ocr_carea' id='block_1_132' title="bbox 221 5631 1779 5697">
    <p class='ocr_par' dir='ltr' id='par_1_132' title="bbox 221 5631 1779 5697">
     <span class='ocr_line' id='line_1_132' title="bbox 221 5631 1779 5697; baseline -0.001 -14"><span class='ocrx_word' id='word_1_757' title='bbox 221 5632 567 5692; x_wconf 77' lang='lat' dir='ltr'><strong>Eliheritauo,</strong></span> <span class='ocrx_word' id='word_1_758' title='bbox 621 5645 683 5682; x_wconf 89' lang='lat' dir='ltr'><strong>ac</strong></span> <span class='ocrx_word' id='word_1_759' title='bbox 742 5631 966 5697; x_wconf 89' lang='lat' dir='ltr'><strong>plurium</strong></span> <span class='ocrx_word' id='word_1_760' title='bbox 1017 5635 1111 5689; x_wconf 85' lang='lat' dir='ltr'><strong>SS.</strong></span> <span class='ocrx_word' id='word_1_761' title='bbox 1170 5633 1382 5685; x_wconf 86' lang='lat' dir='ltr'><strong>Patrum</strong></span> <span class='ocrx_word' id='word_1_762' title='bbox 1441 5631 1779 5684; x_wconf 83' lang='lat' dir='ltr'><strong>testimoniis.</strong></span> 
     </span>
    </p>
   </div>
   <div class='ocr_carea' id='block_1_133' title="bbox 218 5699 1780 5771">
    <p class='ocr_par' dir='ltr' id='par_1_133' title="bbox 218 5699 1780 5771">
     <span class='ocr_line' id='line_1_133' title="bbox 218 5699 1780 5771; baseline -0.001 -16"><span class='ocrx_word' id='word_1_763' title='bbox 218 5702 380 5770; x_wconf 86' lang='lat' dir='ltr'><strong>Origo</strong></span> <span class='ocrx_word' id='word_1_764' title='bbox 406 5714 531 5755; x_wconf 88' lang='lat' dir='ltr'><strong>vero</strong></span> <span class='ocrx_word' id='word_1_765' title='bbox 554 5699 875 5767; x_wconf 84' lang='lat' dir='ltr'><strong>jejuniorum</strong></span> <span class='ocrx_word' id='word_1_766' title='bbox 900 5746 913 5766; x_wconf 94' lang='lat'><strong>,</strong></span> <span class='ocrx_word' id='word_1_767' title='bbox 962 5714 1050 5756; x_wconf 89' lang='lat' dir='ltr'><strong>aut</strong></span> <span class='ocrx_word' id='word_1_768' title='bbox 1090 5703 1541 5771; x_wconf 87' lang='lat' dir='ltr'><strong>semijejuniorum</strong></span> <span class='ocrx_word' id='word_1_769' title='bbox 1591 5701 1716 5755; x_wconf 85' lang='lat' dir='ltr'><strong>feria</strong></span> <span class='ocrx_word' id='word_1_770' title='bbox 1746 5701 1780 5753; x_wconf 79' lang='grc'><strong>4</strong></span> 
     </span>
    </p>
   </div>
   <div class='ocr_carea' id='block_1_134' title="bbox 462 5794 950 5855">
    <p class='ocr_par' dir='ltr' id='par_1_134' title="bbox 462 5794 950 5855">
     <span class='ocr_line' id='line_1_134' title="bbox 462 5794 950 5855; baseline -0.002 -1"><span class='ocrx_word' id='word_1_771' title='bbox 462 5796 735 5854; x_wconf 55' lang='lat' dir='ltr'><strong>Parnm“</strong></span> <span class='ocrx_word' id='word_1_772' title='bbox 788 5794 950 5855; x_wconf 81' lang='lat' dir='ltr'><strong>LIX.</strong></span> 
     </span>
    </p>
   </div>
   <div class='ocr_carea' id='block_1_135' title="bbox 1902 4929 3461 5006">
    <p class='ocr_par' dir='ltr' id='par_1_135' title="bbox 1902 4929 3461 5006">
     <span class='ocr_line' id='line_1_135' title="bbox 1902 4929 3461 5006; baseline 0.003 -20"><span class='ocrx_word' id='word_1_773' title='bbox 1902 4933 2063 5006; x_wconf 91' lang='lat' dir='ltr'><strong>(quod</strong></span> <span class='ocrx_word' id='word_1_774' title='bbox 2094 4934 2167 4986; x_wconf 92' lang='lat' dir='ltr'><strong>ait</strong></span> <span class='ocrx_word' id='word_1_775' title='bbox 2194 4929 2413 5000; x_wconf 90' lang='lat' dir='ltr'><strong>glossa),</strong></span> <span class='ocrx_word' id='word_1_776' title='bbox 2441 4932 2533 4984; x_wconf 91' lang='lat' dir='ltr'><strong>sed</strong></span> <span class='ocrx_word' id='word_1_777' title='bbox 2563 4945 2679 4985; x_wconf 88' lang='lat' dir='ltr'><strong>esse</strong></span> <span class='ocrx_word' id='word_1_778' title='bbox 2710 4929 2967 5006; x_wconf 47' lang='lat' dir='ltr'><strong>aeternum</strong></span> <span class='ocrx_word' id='word_1_779' title='bbox 3001 4929 3206 5006; x_wconf 80' lang='lat' dir='ltr'><strong>victura</strong></span> <span class='ocrx_word' id='word_1_780' title='bbox 3232 4949 3347 5002; x_wconf 78' lang='lat' dir='ltr'><strong>post</strong></span> <span class='ocrx_word' id='word_1_781' title='bbox 3380 4954 3461 4990; x_wconf 91' lang='lat' dir='ltr'><strong>rc-</strong></span> 
     </span>
    </p>
   </div>
   <div class='ocr_carea' id='block_1_136' title="bbox 1899 5002 3461 5067">
    <p class='ocr_par' dir='ltr' id='par_1_136' title="bbox 1899 5002 3461 5067">
     <span class='ocr_line' id='line_1_136' title="bbox 1899 5002 3461 5067; baseline 0.001 -9"><span class='ocrx_word' id='word_1_782' title='bbox 1899 5002 2307 5061; x_wconf 82' lang='lat' dir='ltr'><strong>surrectiouem,</strong></span> <span class='ocrx_word' id='word_1_783' title='bbox 2335 5010 2645 5067; x_wconf 83' lang='lat' dir='ltr'><strong>argumento</strong></span> <span class='ocrx_word' id='word_1_784' title='bbox 2668 5018 2730 5054; x_wconf 81' lang='lat' dir='ltr'><strong>ex</strong></span> <span class='ocrx_word' id='word_1_785' title='bbox 2755 5002 3043 5057; x_wconf 87' lang='lat' dir='ltr'><strong>Salvatoris</strong></span> <span class='ocrx_word' id='word_1_786' title='bbox 3071 5008 3461 5059; x_wconf 81' lang='lat' dir='ltr'><strong>resurrectione</strong></span> 
     </span>
    </p>
   </div>
   <div class='ocr_carea' id='block_1_137' title="bbox 1901 5068 3211 5142">
    <p class='ocr_par' dir='ltr' id='par_1_137' title="bbox 1901 5068 3211 5142">
     <span class='ocr_line' id='line_1_137' title="bbox 1901 5068 3211 5142; baseline -0.002 -15"><span class='ocrx_word' id='word_1_787' title='bbox 1901 5074 2085 5142; x_wconf 89' lang='lat' dir='ltr'><strong>petito,</strong></span> <span class='ocrx_word' id='word_1_788' title='bbox 2118 5071 2265 5142; x_wconf 70' lang='lat' dir='ltr'><strong>quod</strong></span> <span class='ocrx_word' id='word_1_789' title='bbox 2287 5072 2335 5122; x_wconf 90' lang='lat' dir='ltr'><strong>iu</strong></span> <span class='ocrx_word' id='word_1_790' title='bbox 2365 5068 2565 5142; x_wconf 84' lang='lat' dir='ltr'><strong>hymno</strong></span> <span class='ocrx_word' id='word_1_791' title='bbox 2600 5070 2979 5142; x_wconf 78' lang='lat' dir='ltr'><strong>Exsequiarum</strong></span> <span class='ocrx_word' id='word_1_792' title='bbox 3003 5074 3211 5139; x_wconf 87' lang='lat' dir='ltr'><strong>repetit.</strong></span> 
     </span>
    </p>
   </div>
   <div class='ocr_carea' id='block_1_138' title="bbox 1970 5138 3456 5209">
    <p class='ocr_par' dir='ltr' id='par_1_138' title="bbox 1970 5138 3456 5209">
     <span class='ocr_line' id='line_1_138' title="bbox 1970 5138 3456 5209; baseline 0.003 -17"><span class='ocrx_word' id='word_1_793' title='bbox 1970 5142 2090 5196; x_wconf 79' lang='grc'>199.</span> <span class='ocrx_word' id='word_1_794' title='bbox 2134 5138 2221 5195; x_wconf 65' lang='lat' dir='ltr'><strong>Ait</strong></span> <span class='ocrx_word' id='word_1_795' title='bbox 2241 5138 2556 5193; x_wconf 88' lang='lat' dir='ltr'><strong>Prudentius</strong></span> <span class='ocrx_word' id='word_1_796' title='bbox 2576 5140 2741 5208; x_wconf 80' lang='lat' dir='ltr'><strong>gradu</strong></span> <span class='ocrx_word' id='word_1_797' title='bbox 2764 5138 2930 5207; x_wconf 73' lang='lat' dir='ltr'><strong>facili,</strong></span> <span class='ocrx_word' id='word_1_798' title='bbox 2955 5138 3075 5209; x_wconf 89' lang='lat' dir='ltr'><strong>quia</strong></span> <span class='ocrx_word' id='word_1_799' title='bbox 3100 5142 3339 5209; x_wconf 84' lang='lat' dir='ltr'><strong>Virgilius</strong></span> <span class='ocrx_word' id='word_1_800' title='bbox 3365 5145 3456 5197; x_wconf 87' lang='lat' dir='ltr'><strong>lib.</strong></span> 
     </span>
    </p>
   </div>
   <div class='ocr_carea' id='block_1_139' title="bbox 1897 5208 3462 5278">
    <p class='ocr_par' dir='ltr' id='par_1_139' title="bbox 1897 5208 3462 5278">
     <span class='ocr_line' id='line_1_139' title="bbox 1897 5208 3462 5278; baseline 0.001 -15"><span class='ocrx_word' id='word_1_801' title='bbox 1897 5226 1948 5264; x_wconf 76' lang='lat' dir='ltr'><strong>vr</strong></span> <span class='ocrx_word' id='word_1_802' title='bbox 1975 5210 2201 5275; x_wconf 77' lang='lat' dir='ltr'><strong>dixerat,</strong></span> <span class='ocrx_word' id='word_1_803' title='bbox 2228 5210 2391 5278; x_wconf 75' lang='lat' dir='ltr'><strong>[acilia</strong></span> <span class='ocrx_word' id='word_1_804' title='bbox 2420 5208 2686 5263; x_wconf 72' lang='lat' dir='ltr'><strong>descensus</strong></span> <span class='ocrx_word' id='word_1_805' title='bbox 2708 5210 2890 5271; x_wconf 74' lang='lat' dir='ltr'><strong>Averni</strong></span> <span class='ocrx_word' id='word_1_806' title='bbox 2915 5247 2928 5261; x_wconf 94' lang='lat'><strong>.</strong></span> <span class='ocrx_word' id='word_1_807' title='bbox 2966 5208 2981 5261; x_wconf 81' lang='lat'><strong>.</strong></span> <span class='ocrx_word' id='word_1_808' title='bbox 3014 5249 3025 5262; x_wconf 94' lang='lat'><strong>.</strong></span> <span class='ocrx_word' id='word_1_809' title='bbox 3055 5249 3069 5262; x_wconf 93' lang='lat'><strong>.</strong></span> <span class='ocrx_word' id='word_1_810' title='bbox 3104 5212 3205 5265; x_wconf 85' lang='lat' dir='ltr'><strong>Sed</strong></span> <span class='ocrx_word' id='word_1_811' title='bbox 3232 5228 3462 5264; x_wconf 82' lang='lat' dir='ltr'><strong>revocare</strong></span> 
     </span>
    </p>
   </div>
   <div class='ocr_carea' id='block_1_140' title="bbox 1930 5279 3461 5349">
    <p class='ocr_par' dir='ltr' id='par_1_140' title="bbox 1930 5279 3461 5349">
     <span class='ocr_line' id='line_1_140' title="bbox 1930 5279 3461 5349; baseline -0.001 -16"><span class='ocrx_word' id='word_1_812' title='bbox 1930 5281 2113 5333; x_wconf 87' lang='lat' dir='ltr'><strong>radum</strong></span> <span class='ocrx_word' id='word_1_813' title='bbox 2136 5320 2153 5345; x_wconf 88' lang='lat'><strong>,</strong></span> <span class='ocrx_word' id='word_1_814' title='bbox 2175 5279 2703 5349; x_wconf 60' lang='lat' dir='ltr'><strong>superasqueevadere</strong></span> <span class='ocrx_word' id='word_1_815' title='bbox 2726 5279 2794 5330; x_wconf 85' lang='lat' dir='ltr'><strong>ad</strong></span> <span class='ocrx_word' id='word_1_816' title='bbox 2823 5296 2973 5331; x_wconf 78' lang='lat' dir='ltr'><strong>auras</strong></span> <span class='ocrx_word' id='word_1_817' title='bbox 2995 5321 3008 5344; x_wconf 92' lang='lat'><strong>,</strong></span> <span class='ocrx_word' id='word_1_818' title='bbox 3038 5279 3151 5332; x_wconf 87' lang='lat' dir='ltr'><strong>lloc</strong></span> <span class='ocrx_word' id='word_1_819' title='bbox 3188 5296 3334 5349; x_wconf 65' lang='lat' dir='ltr'><strong>01mg,</strong></span> <span class='ocrx_word' id='word_1_820' title='bbox 3381 5282 3461 5333; x_wconf 83' lang='lat' dir='ltr'><strong>hic</strong></span> 
     </span>
    </p>
   </div>
   <div class='ocr_carea' id='block_1_141' title="bbox 1913 5347 3462 5416">
    <p class='ocr_par' dir='ltr' id='par_1_141' title="bbox 1913 5347 3462 5416">
     <span class='ocr_line' id='line_1_141' title="bbox 1913 5347 3462 5416; baseline -0.001 -13"><span class='ocrx_word' id='word_1_821' title='bbox 1913 5351 2034 5404; x_wconf 86' lang='lat' dir='ltr'><strong>abor</strong></span> <span class='ocrx_word' id='word_1_822' title='bbox 2063 5360 2154 5405; x_wconf 77' lang='lat' dir='ltr'><strong>est.</strong></span> <span class='ocrx_word' id='word_1_823' title='bbox 2196 5347 2432 5403; x_wconf 86' lang='lat' dir='ltr'><strong>Clericus</strong></span> <span class='ocrx_word' id='word_1_824' title='bbox 2459 5347 2871 5401; x_wconf 86' lang='lat' dir='ltr'><strong>Chamillardum</strong></span> <span class='ocrx_word' id='word_1_825' title='bbox 2901 5349 3072 5416; x_wconf 88' lang='lat' dir='ltr'><strong>arguit</strong></span> <span class='ocrx_word' id='word_1_826' title='bbox 3115 5351 3163 5400; x_wconf 89' lang='lat' dir='ltr'><strong>in</strong></span> <span class='ocrx_word' id='word_1_827' title='bbox 3194 5347 3305 5400; x_wconf 88' lang='lat' dir='ltr'><strong>Vita</strong></span> <span class='ocrx_word' id='word_1_828' title='bbox 3332 5349 3462 5403; x_wconf 87' lang='lat' dir='ltr'><strong>Pru-</strong></span> 
     </span>
    </p>
   </div>
   <div class='ocr_carea' id='block_1_142' title="bbox 1890 5417 3462 5488">
    <p class='ocr_par' dir='ltr' id='par_1_142' title="bbox 1890 5417 3462 5488">
     <span class='ocr_line' id='line_1_142' title="bbox 1890 5417 3462 5488; baseline -0.001 -13"><span class='ocrx_word' id='word_1_829' title='bbox 1890 5421 2085 5485; x_wconf 88' lang='lat' dir='ltr'><strong>dentii,</strong></span> <span class='ocrx_word' id='word_1_830' title='bbox 2117 5420 2254 5488; x_wconf 90' lang='lat' dir='ltr'><strong>quod</strong></span> <span class='ocrx_word' id='word_1_831' title='bbox 2287 5434 2352 5471; x_wconf 87' lang='lat' dir='ltr'><strong>ex</strong></span> <span class='ocrx_word' id='word_1_832' title='bbox 2383 5418 2576 5488; x_wconf 79' lang='lat' dir='ltr'><strong>usitata</strong></span> <span class='ocrx_word' id='word_1_833' title='bbox 2613 5433 2749 5471; x_wconf 91' lang='lat' dir='ltr'><strong>nunc</strong></span> <span class='ocrx_word' id='word_1_834' title='bbox 2780 5419 3026 5488; x_wconf 77' lang='lat' dir='ltr'><strong>loquendi</strong></span> <span class='ocrx_word' id='word_1_835' title='bbox 3057 5417 3261 5488; x_wconf 83' lang='lat' dir='ltr'><strong>ratione</strong></span> <span class='ocrx_word' id='word_1_836' title='bbox 3298 5418 3462 5473; x_wconf 87' lang='lat' dir='ltr'><strong>inter-</strong></span> 
     </span>
    </p>
   </div>
   <div class='ocr_carea' id='block_1_143' title="bbox 1893 5486 3460 5558">
    <p class='ocr_par' dir='ltr' id='par_1_143' title="bbox 1893 5486 3460 5558">
     <span class='ocr_line' id='line_1_143' title="bbox 1893 5486 3460 5558; baseline 0 -15"><span class='ocrx_word' id='word_1_837' title='bbox 1893 5486 2352 5558; x_wconf 26' lang='lat' dir='ltr'><strong>pretatus‘luerit,</strong></span> <span class='ocrx_word' id='word_1_838' title='bbox 2396 5486 2669 5558; x_wconf 74' lang='lat' dir='ltr'><strong>Christum</strong></span> <span class='ocrx_word' id='word_1_839' title='bbox 2711 5504 2774 5540; x_wconf 74' lang='lat' dir='ltr'><strong>ex</strong></span> <span class='ocrx_word' id='word_1_840' title='bbox 2813 5486 2982 5539; x_wconf 84' lang='lat' dir='ltr'><strong>limbis</strong></span> <span class='ocrx_word' id='word_1_841' title='bbox 3031 5486 3273 5540; x_wconf 86' lang='lat' dir='ltr'><strong>rediisse.</strong></span> <span class='ocrx_word' id='word_1_842' title='bbox 3316 5488 3460 5543; x_wconf 89' lang='lat' dir='ltr'><strong>Idem</strong></span> 
     </span>
    </p>
   </div>
   <div class='ocr_carea' id='block_1_144' title="bbox 1889 5557 3462 5625">
    <p class='ocr_par' dir='ltr' id='par_1_144' title="bbox 1889 5557 3462 5625">
     <span class='ocr_line' id='line_1_144' title="bbox 1889 5557 3462 5625; baseline 0.001 -12"><span class='ocrx_word' id='word_1_843' title='bbox 1889 5560 2126 5613; x_wconf 87' lang='lat' dir='ltr'><strong>Clericus</strong></span> <span class='ocrx_word' id='word_1_844' title='bbox 2154 5558 2373 5625; x_wconf 88' lang='lat' dir='ltr'><strong>colligit,</strong></span> <span class='ocrx_word' id='word_1_845' title='bbox 2395 5557 2665 5609; x_wconf 86' lang='lat' dir='ltr'><strong>Prudentii</strong></span> <span class='ocrx_word' id='word_1_846' title='bbox 2688 5560 2990 5625; x_wconf 87' lang='lat' dir='ltr'><strong>opinionem</strong></span> <span class='ocrx_word' id='word_1_847' title='bbox 3018 5571 3159 5622; x_wconf 87' lang='lat' dir='ltr'><strong>esse,</strong></span> <span class='ocrx_word' id='word_1_848' title='bbox 3192 5558 3462 5614; x_wconf 79' lang='lat' dir='ltr'><strong>Christum</strong></span> 
     </span>
    </p>
   </div>
   <div class='ocr_carea' id='block_1_145' title="bbox 1889 5627 3461 5693">
    <p class='ocr_par' dir='ltr' id='par_1_145' title="bbox 1889 5627 3461 5693">
     <span class='ocr_line' id='line_1_145' title="bbox 1889 5627 3461 5693; baseline 0.001 -12"><span class='ocrx_word' id='word_1_849' title='bbox 1889 5630 1953 5681; x_wconf 92' lang='lat' dir='ltr'><strong>ad</strong></span> <span class='ocrx_word' id='word_1_850' title='bbox 1986 5630 2159 5683; x_wconf 91' lang='lat' dir='ltr'><strong>locum</strong></span> <span class='ocrx_word' id='word_1_851' title='bbox 2192 5629 2501 5692; x_wconf 85' lang='lat' dir='ltr'><strong>inferorum,</strong></span> <span class='ocrx_word' id='word_1_852' title='bbox 2528 5628 2615 5680; x_wconf 90' lang='lat' dir='ltr'><strong>ubi</strong></span> <span class='ocrx_word' id='word_1_853' title='bbox 2636 5636 2947 5693; x_wconf 89' lang='lat' dir='ltr'><strong>torquentur</strong></span> <span class='ocrx_word' id='word_1_854' title='bbox 2966 5627 3223 5693; x_wconf 86' lang='lat' dir='ltr'><strong>damnati,</strong></span> <span class='ocrx_word' id='word_1_855' title='bbox 3242 5628 3461 5684; x_wconf 88' lang='lat' dir='ltr'><strong>descen-</strong></span> 
     </span>
    </p>
   </div>
   <div class='ocr_carea' id='block_1_146' title="bbox 1889 5698 2778 5766">
    <p class='ocr_par' dir='ltr' id='par_1_146' title="bbox 1889 5698 2778 5766">
     <span class='ocr_line' id='line_1_146' title="bbox 1889 5698 2778 5766; baseline -0.001 -14"><span class='ocrx_word' id='word_1_856' title='bbox 1889 5699 2047 5753; x_wconf 85' lang='lat' dir='ltr'><strong>disse.</strong></span> <span class='ocrx_word' id='word_1_857' title='bbox 2086 5698 2217 5752; x_wconf 89' lang='lat' dir='ltr'><strong>Vide</strong></span> <span class='ocrx_word' id='word_1_858' title='bbox 2243 5698 2441 5766; x_wconf 89' lang='lat' dir='ltr'><strong>proleg.</strong></span> <span class='ocrx_word' id='word_1_859' title='bbox 2482 5712 2627 5753; x_wconf 92' lang='lat' dir='ltr'><strong>num.</strong></span> <span class='ocrx_word' id='word_1_860' title='bbox 2659 5698 2778 5754; x_wconf 87' lang='lat'><strong>181.</strong></span> 
     </span>
    </p>
   </div>
   <div class='ocr_carea' id='block_1_147' title="bbox 3027 5789 3104 5847">
    <p class='ocr_par' dir='ltr' id='par_1_147' title="bbox 3027 5789 3104 5847">
     <span class='ocr_line' id='line_1_147' title="bbox 3027 5789 3104 5847; baseline 0 0"><span class='ocrx_word' id='word_1_861' title='bbox 3027 5789 3104 5847; x_wconf 79' lang='lat'><strong>26</strong></span> 
     </span>
    </p>
   </div>
  </div>
