3970 6326
523 358 627 415 διδ
1620 373 1895 432 AURELII
1932 375 2294 435 PRUDEN'I‘II
2332 378 2653 437 clintum.
3656 383 3751 454 att

582 520 589 527 ο
692 480 798 537 Sed
827 494 948 536 cum
978 480 1222 539 tenderet
1248 482 1315 538 ad
1341 495 1571 555 superna
1599 489 1823 556 palmas,

766 575 927 644 279
955 573 1349 646 Expertumque
1369 577 1470 631 sibi
1500 578 1663 633 Deum
1693 591 1922 651 rogaret,

762 664 988 719 Clausus
1008 665 1223 735 jugitex,
1257 667 1605 739 indigensque
1626 670 1767 726 victu
1793 689 1807 726 :

520 756 587 809 55
701 755 883 811 Iussus
913 757 1128 811 nuntius
1149 758 1399 813 advolare
1428 760 1605 825 terris,

764 849 861 915 Qui
888 856 1098 917 pastum
1125 848 1325 905 famulo
1351 851 1505 906 daret
1529 851 1775 922 probato,

763 937 974 1008 Raptim
1000 938 1180 994 desilit
1202 940 1533 1011 obsequente
1556 942 1773 998 mundo.

696 1030 879 1083 Cernit
904 1029 1043 1085 forte
1068 1032 1251 1102 procul
1277 1032 1442 1101 dapes
1466 1034 1752 1103 inemptas,

763 1120 908 1187 Quas
934 1122 1263 1177 messoribus
1292 1123 1537 1179 Habacuc
1567 1126 1825 1195 pmpheta

514 1213 582 1265 60
759 1214 971 1284 Agresti
1002 1215 1174 1271 bonus
1198 1216 1479 1273 exhibebat
1502 1226 1636 1274 arte.

690 1304 859 1373 Hujus
885 1306 1103 1362 caesarie
1133 1322 1292 1363 manu
1315 1308 1601 1378 prehensa,

763 1397 967 1464 Plenis,
996 1399 1135 1453 sicut
1160 1410 1300 1467 erat,
1323 1417 1538 1471 gravem
1564 1404 1813 1460 canistris

763 1488 1093 1558 Suspensum
1122 1492 1280 1561 rapit,
1313 1502 1369 1547 et
1397 1493 1542 1549 vehit
1568 1510 1661 1563 per
1689 1509 1866 1550 auras.

692 1579 826 1635 Tum
858 1589 1041 1650 raptus
1071 1581 1232 1636 simul
1259 1582 1394 1651 ipse,
1422 1585 1808 1657 prandiumque

516 1670 585 1727 65
762 1672 971 1727 Sensim
1005 1671 1195 1727 labitur
1220 1673 1272 1727 in
1305 1674 1476 1728 lacum
1506 1674 1740 1743 leonum,

763 1764 845 1830 Et,
876 1778 1008 1834 quas
1040 1774 1167 1822 tunc
1198 1766 1385 1835 epulas
1406 1767 1646 1837 gerebat,
1677 1768 1851 1825 offert.

2120 500 2174 560 Α

2376 495 2565 551 Sumas
2597 495 2769 560 laetus,
2802 496 2898 562 ait,
2930 495 3205 568 libensque
3235 512 3446 568 carpas,

2437 587 2567 653 Quae
2594 602 2833 642 smnmus
2865 588 3040 653 Pater,
3069 592 3397 662 angelusque
3426 592 3623 649 Christi

2444 678 2607 748 280
2634 678 2847 734 Mittunt
2875 680 2978 734 liba
3012 681 3106 735 tibi
3136 683 3235 736 sub
3265 682 3365 738 hoc
3391 684 3609 753 periclo.

2201 766 2269 818 70
2376 767 2467 822 His
2495 771 2741 838 sumptis,
2773 771 3026 828 Danielus
3052 774 3304 828 excitavit

2444 858 2501 913 ln
2532 860 2723 915 caelum
2756 861 2964 927 faciem,
2994 864 3221 934 ciboque
3250 866 3404 921 fortis

2440 951 2608 1007 Amen
2637 953 2887 1021 reddidit,
2919 955 3166 1011 halleluia
3190 957 3346 1012 dixit.

2369 1041 2463 1097 Sic
2488 1057 2585 1098 nos
2614 1046 2927 1101 muneribus
2961 1048 3063 1102 tuis
3092 1047 3299 1116 refecti,

2437 1133 2683 1204 Largitor
2708 1136 2848 1191 Deus
2874 1139 3117 1194 omnium
3146 1140 3427 1207 bonorum,

2195 1225 2265 1279 75
2444 1222 2634 1289 Grates
2662 1226 2957 1295 reddimus,
2986 1238 3039 1284 et
3067 1244 3335 1287 sacramus
3361 1233 3612 1303 hymnos.

2369 1312 2448 1370 Tu
2479 1331 2598 1385 nos,
2630 1319 2870 1376 tristifico
2899 1323 3045 1377 velut
3073 1332 3318 1394 tyranno,

2443 1409 2620 1464 Mundi
2650 1411 2860 1467 scilicet
2886 1413 3197 1483 impotentis
3224 1426 3343 1471 actu

2443 1498 2754 1564 Conclusos,
2784 1503 2943 1571 regis,
2976 1513 3030 1558 et
3057 1504 3221 1560 feram
3252 1508 3499 1575 repellis;

2370 1592 2527 1663 281
2550 1591 2678 1658 Quae
2700 1592 3101 1661 circumfremit,
3128 1610 3190 1649 ac
3217 1612 3407 1652 vorare
3435 1608 3631 1664 tentat,

2196 1682 2266 1738 80
2446 1682 2667 1737 Insanos
2692 1699 2889 1739 acuens
2916 1684 3099 1741 furore
3125 1686 3332 1753 dentes,

2440 1774 2550 1829 Cur
2578 1785 2647 1841 te,
2675 1790 2881 1831 summe
2906 1776 3066 1843 Deus,
3093 1792 3370 1847 precemur
3395 1794 3581 1833 unum.

1808 1899 2097 1957 GLOSSIE
2140 1900 2473 1959 VETERES.

583 2018 671 2071 55.
718 2015 795 2069 Ex

584 2089 671 2140 57.
715 2085 932 2151 Mundo,
954 2102 1089 2150 aere,
1125 2086 1162 2137 I.
1191 2084 1319 2138 Aere
1338 2084 1413 2137 vel
1436 2085 1584 2147 nube,
1614 2084 1735 2139 Rat.

582 2158 673 2212 b8.
716 2158 1017 2224 lncmptas,
1046 2155 1165 2209 viles
1198 2171 1216 2213 ς
1246 2170 1329 2208 res
1355 2155 1487 2208 enim
1518 2157 1629 2210 vilis
1669 2173 1783 2225 qua:
1822 2156 2047 2211 abundat
2074 2196 2089 2221 ,

516 2243 619 2279 non
649 2227 848 2291 emitur,
876 2226 988 2279 Vat.
1014 2226 1079 2280 A.

583 2296 670 2352 60.
714 2296 944 2363 Agresti,
978 2295 1185 2361 rustica,
1219 2297 1261 2352 ι.

581 2368 671 2423 61.
714 2365 1005 2431 Preltensa,
1031 2365 1421 2435 comprehensa,
1450 2365 1492 2419 Ι.

581 2436 671 2492 65.
714 2435 950 2499 Sensim,
976 2436 1176 2504 leniter,
1206 2435 1314 2490 lso.

807 2021 1046 2091 pertum,
1073 2023 1281 2091 notum,
1307 2029 1455 2091 quem
1485 2014 1752 2091 probatum
1779 2015 2012 2081 habebat,
2042 2016 2084 2072 1.
2119 2022 2169 2084 Β
2270 2021 2354 2091 67.
2400 2018 2614 2091 Sumas,
2645 2018 3213 2091 prosunter-Carpas,
3240 2035 3333 2091 pro
3358 2037 3528 2088 carpe,
3563 2020 3665 2075 lso.

2268 2090 2354 2143 69.
2397 2089 2549 2152 Liba,
2580 2090 3008 2159 prandia.-—Hoc
3037 2089 3256 2158 periclo,
3290 2092 3513 2147 leonum.
3546 2092 3587 2145 l.

2269 2160 2356 2214 70.
2403 2159 2685 2223 Excitavit,
2713 2160 2938 2223 elevavit,
2969 2160 3005 2213 l.

2269 2230 2359 2301 75.
2400 2230 2654 2301 Hymnos,
2668 2300 2675 2301 ί
2691 2230 2890 2295 laudes,
2922 2230 2960 2283 Ι.

2272 2300 2360 2371 77.
2401 2300 2730 2371 hnpowntis,
2753 2300 2900 2354 valde
2929 2301 3164 2369 potentis,
3198 2300 3408 2371 furoris,
3446 2301 3565 2355 Vat.
3600 2304 3664 2357 Α.

2277 2370 2363 2425 78.
2403 2369 2618 2438 Ferant,
2651 2371 2929 2439 diabolum,
2957 2371 2997 2426 ι.

1859 2549 2415 2608 COMMENTARIUS.

510 2678 657 2727 recte
685 2667 1021 2739 procederet.
1049 2665 1369 2739 Gallandius
1384 2662 1561 2739 edidit
1586 2663 1783 2739 lambit,
1804 2672 1862 2719 et
1883 2663 2085 2718 subno-

511 2741 643 2796 tavit
666 2734 799 2794 {Sic
832 2739 995 2793 Aldus
1017 2754 1128 2792 cum
1160 2739 1297 2791 aliis.
1330 2734 1725 2790 Chamillardus.
1759 2749 1915 2789 AIBIT
1940 2746 2089 2804 typo-

511 2813 664 2866 thette
684 2811 830 2873 vitio,
861 2818 917 2862 ut
945 2810 1158 2863 videtur.
1189 2808 1492 2863 Abhorrent
1521 2807 1739 2874 poeticae
1770 2819 1946 2860 aures.

581 2883 672 2937 52.
716 2880 869 2934 Ratio
890 2880 1077 2933 orandi
1110 2879 1276 2933 Deum
1306 2879 1545 2932 extensis
1574 2876 1848 2941 manibus;
1890 2876 1956 2931 de
1983 2891 2088 2947 qua

511 2953 578 3007 ad
602 2954 857 3022 hymnum
888 2950 947 3005 8.
974 2948 1277 3022 Fructuosi.

581 3016 672 3078 57.
715 3021 895 3090 Prag.,
929 3022 1072 3085 Rat.,
1116 3017 1335 3090 Weits.,
1374 3018 1519 3090 Cie...
1544 3018 1705 3090 uictu.
1750 3016 1896 3090 Altl.,
1922 3018 1987 3070 ν.
2020 3018 2086 3082 Α,

509 3094 655 3157 Put.,
680 3087 880 3156 Orioni,
913 3091 1092 3161 Egm.,
1130 3091 1263 3153 Alt.,
1300 3088 1436 3161 Pa|.,
1462 3087 1733 3161 Heins_.__et
1762 3088 1875 3161 alii,
1903 3090 2088 3161 victus.

582 3166 672 3219 57.
714 3161 928 3226 Parrh.,
959 3156 1176 3214 'dissilit.
1228 3162 1284 3213 8.
1339 3158 1574 3212 Isidorus
1625 3156 1720 3212 lib.
1763 3172 1800 3211 ιι
1834 3158 2090 3228 Etymol.,

510 3250 627 3304 cap.
660 3232 730 3287 29
753 3248 768 3286 :
796 3231 1022 3304 Mundus
1050 3232 1191 3304 estis
1219 3230 1307 3304 qui
1330 3237 1528 3304 constat
1553 3227 1765 3304 ea:_cwl_o
1792 3267 1806 3289 ,
1843 3227 2089 3304 et’terra,

510 3315 560 3358 et
579 3295 717 3357 'mari
756 3302 1046 3369 cunctisque
1089 3295 1361 3352 sideribus.
1414 3297 1543 3351 Vide
1586 3295 1828 3365 ejusdem
1868 3312 1987 3364 cap.
2036 3296 2089 3363 t,

512 3375 606 3427 lib.
638 3387 752 3435 χιιι,
784 3382 837 3424 et
861 3379 1013 3423 notas
1040 3369 1254 3425 Grialis.

582 3444 671 3498 58.
717 3440 940 3518 Parrh.,_
962 3455 1191 3518 cernens.
1225 3438 1438 3518 In_V'at.
1469 3436 1515 3491 Α
1540 3436 1735 3518 legitur
1767 3436 1969 3518 ineptas
1993 3450 2091 3501 pro

512 3515 778 3583 inemptas.
814 3511 941 3583 Sed
990 3526 1059 3583 ex
1096 3509 1213 3583 ejus
1258 3506 1760 3583 glossa__corrigitur
1813 3506 2086 3583 mendum.

2192 2681 2341 2719 amen
2378 2664 2817 2734 responsionibus
2854 2664 3093 2720 adhiberi
3121 2665 3323 2720 solebat
3361 2667 3413 2720 in
3444 2666 3628 2721 Veteri
3672 2668 3767 2721 Te.

2193 2744 2480 2802 stamento,
2521 2736 2673 2806 quasi
2715 2745 2865 2801 certe,
2896 2752 3030 2803 vere,
3063 2738 3157 2789 hoc
3183 2737 3297 2801 erit,
3342 2738 3552 2798 veritas,
3593 2739 3673 2791 vel
3705 2740 3772 2793 ita

2194 2807 2321 2878 fiat.
2339 2806 2550 2861 Denter.
2576 2821 2742 2878 xxvu,
2762 2806 2872 2878 715:
2898 2806 2962 2860 Et
2988 2807 3308 2878 respondebit
3336 2808 3494 2860 omnis
3529 2811 3772 2878 papulas,

2194 2885 2239 2948 et
2270 2876 2418 2943 dicet,
2453 2878 2631 2931 Amen.
2662 2876 2719 2931 In
2754 2877 2993 2948 Ecclesia
3017 2877 3315 2931 Chrisliana
3346 2879 3524 2930 statim
3557 2876 3627 2932 ab
3659 2880 3773 2948 ipso

2194 2946 2349 3001 initio
2377 2949 2489 3001 haec
2517 2946 2848 3002 consuetudo
2870 2947 3125 3002 reddendi
3151 2964 3295 3000 amen
3325 2957 3443 3015 post
3468 2946 3771 3005 orationem

2197 3017 2492 3073 sacerdotis
2542 3018 2749 3075 videtur
2788 3017 3034 3071 inducta:
3061 3032 3179 3071 nam
3211 3018 3492 3085 Aposmlus
3528 3018 3544 3071 Ι
3578 3021 3646 3072 ad
3673 3021 3777 3074 Co.

2182 3087 2359 3141 ‘rinth.
2393 3103 2512 3153 cap.
2547 3104 2654 3151 xiv,
2681 3089 2747 3143 15
2776 3096 2830 3141 et
2859 3103 2997 3157 seq.,
3025 3089 3099 3142 ait
3123 3106 3134 3139 :
3165 3088 3300 3153 Quid
3321 3106 3441 3158 ergo
3464 3099 3535 3141 est
3563 3104 3583 3142 :
3608 3090 3778 3144 Orabo

2194 3158 2375 3225 spiritu
2397 3199 2412 3223 ,
2443 3158 2596 3211 orabo
2631 3167 2678 3210 et
2722 3168 2917 3225 mente,
2954 3158 3170 3226 psallam
3212 3160 3393 3226 spiritu
3417 3199 3432 3224 ,
3477 3158 3705 3223 psallunt
3733 3172 3778 3213 et

2194 3238 2375 3301 mente.
2414 3228 2671 3301 ,Cceterum
2720 3229 2765 3281 si
2814 3227 3123 3301 benedixeris
3169 3230 3393 3297 spiritu,
3434 3230 3523 3299 qui
3574 3233 3778 3301 supplet

2194 3298 2362 3350 locum
2406 3298 2597 3363 idiolw,
2630 3298 2879 3365 quomodo
2905 3298 3033 3352 dicet
3062 3298 3212 3351 Ausa
3234 3340 3247 3363 ,
3276 3314 3424 3365 super
3450 3298 3601 3352 tuam
3632 3298 3780 3354 bene-

2195 3367 2507 3421 dictionem?
2542 3368 2785 3430 quoniam
2809 3369 2933 3436 quid
2956 3370 3115 3433 dicas,
3144 3369 3320 3422 nescit.
3360 3369 3607 3423 Justinus
3639 3385 3781 3424 mar-

2196 3446 2281 3517 tyr
2308 3437 2548 3517 in‘Apol.
2580 3439 2633 3501 2,
2662 3438 3009 3517 εἰνθηιιιέιιὶἰ
3040 3440 3299 3517 volunt,_i
3336 3458 3347 3489 ι
3379 3438 3475 3491 Ubi
3516 3439 3612 3517 ille
3662 3444 3778 3509 (an-

2196 3506 2388 3580 tistes?)
2428 3524 2598 3580 preces
2626 3518 2671 3562 et
2699 3507 3057 3580 eucharistiam
3083 3508 3316 3571 absolvit,
3345 3519 3473 3561 totus
3502 3511 3597 3580 qui
3630 3506 3779 3564 adest

522 3576 727 3660 Allndit
764 3581 829 3635 ad
860 3580 1065 3660 Virgilii
1115 3576 1286 3660 locum
1337 3577 1557 3660 dapibus
1606 3592 1802 3660 mensas
1848 3576 2090 3660 onerabat
2120 3579 2165 3639 C
2195 3576 2449 3660 papillas,
2480 3578 2663 3660 fausta
2696 3579 3057 3660 approbatione
3099 3581 3345 3660 declamat
3388 3576 3571 3660 dicens
3597 3583 3777 3660 Ausa.

510 3655 747 3723 inemptis
771 3692 786 3717 ,
840 3647 1001 3723 quod
1027 3651 1225 3717 pariter
1254 3650 1321 3703 de
1350 3648 1608 3723 agricola
1632 3648 1830 3723 dictum
1870 3656 1953 3700 est
1993 3647 2086 3723 lib.

510 3741 563 3780 ιν
596 3717 791 3795 Georg.
820 3717 1072 3795 Horatius
1100 3735 1313 3795 quoque
1340 3718 1407 3774 de
1447 3718 1694 3772 laudibus
1721 3721 1845 3770 vitae
1872 3717 2089 3772 rusticas

510 3798 669 3870 epod.
783 3808 923 3850 vers.
956 3792 1048 3859 48,
1093 3790 1547 3870 Dapesjnemptas
1572 3797 1804 3870 apparet.
1866 3857 1879 3870 .

582 3868 671 3924 59.
713 3866 904 3921 Mirum
954 3858 1226 3935 quantum
1252 3858 1821 3935 discrepentuendices
1865 3858 1917 3913 in
1947 3874 2080 3935 voce

512 3939 759 3994 Habacuc
786 3930 1075 3991 exoranda.
1127 3933 1230 3988 Alii
1273 3934 1473 3987 Abacuc
1496 3971 1511 3996 ,
1539 3930 1628 3984 alii
1677 3930 1911 3982 Abbacuc
1936 3970 1951 3989 ,
1994 3930 2088 3983 alii

511 4008 771 4062 Abbacum
797 4046 812 4069 ,
840 4006 930 4058 alii
974 4006 1248 4057 Ambacum
1273 4043 1287 4065 ,
1318 4003 1405 4056 alii
1432 4003 1703 4055 Ambacuc.
1743 4000 1813 4053 De
1839 4014 1945 4069 quo
1986 4015 2083 4053 no-

512 4077 655 4129 mine
683 4075 805 4127 vide
833 4074 1063 4126 indicem
1103 4074 1395 4127 secundum
1438 4071 1696 4133 Ricciolii,
1731 4069 1819 4123 tibi
1849 4069 2088 4124 Pruden-

509 4145 644 4198 tium
683 4144 941 4196 adversus
982 4142 1306 4196 Lndovicum
1346 4142 1619 4194 Οιινειιιιιιιι
1659 4140 1897 4195 defendit
1944 4140 2085 4208 quod

508 4215 563 4268 in
605 4214 707 4281 hoc
730 4214 928 4281 hymno
952 4228 984 4263 a
1017 4212 1246 4277 primum
1274 4211 1591 4281 produxerit
1632 4209 2084 4281 juxtaSyriacam

508 4294 601 4337 aut
628 4268 892 4337 Persicam
944 4268 1196 4335 radicem.
1242 4268 1495 4347 Quamvis
1541 4268 1718 4333 autem
1769 4268 2012 4333 llabacuc
2056 4295 2086 4333 a

508 4353 800 4407 Prudentio
823 4350 1084 4419 propheta
1110 4358 1353 4412 vocetur,
1384 4365 1487 4402 non
1514 4360 1665 4402 certo
1693 4350 1816 4402 inde
1844 4349 2085 4417 colligas,

505 4424 755 4499 eumdem
785 4434 904 4499 esse
935 4420 1201 4499 Habacuc,
1232 4420 1384 4499 cujus
1415 4426 1589 4499 exstat
1620 4419 1916 4499 prophetia”.
1948 4420 2087 4499 Lege

506 4495 646 4549 hanc
692 4491 1040 4561 qureStionem
1091 4492 1143 4546 in
1188 4486 1497 4560 'praaloquiis
1544 4488 1729 4542 Jacobi
1772 4486 2036 4542 Bonlrerii
2066 4530 2081 4553 ,

505 4575 640 4621 sect.
665 4566 690 4618 ί
708 4567 752 4618 l.

491 4626 495 4633 ’
578 4636 669 4709 6i.
708 4632 937 4709 EVidm.,
967 4633 1114 4709 cujus
1137 4630 1347 4709 caesarie
1374 4645 1403 4684 a
1431 4628 1602 4709 prima
1627 4640 1808 4709 manu.
1842 4696 1855 4708 ο
1926 4697 1957 4709 Δ.

576 4707 667 4760 62.
707 4705 836 4777 Haec
863 4695 1097 4772 phrasis,
1120 4704 1249 4777 sicut
1277 4713 1410 4777 erat,
1434 4695 1636 4777 stylnnt
1663 4695 2083 4777 ecclesiasticum

506 4778 721 4833 videtur
746 4768 990 4830 redolere
1018 4792 1029 4825 :
1056 4774 1151 4828 sed
1183 4773 1249 4826 ab
1271 4772 1487 4840 optimis
1523 4768 1911 4838 antiquissimis
1943 4768 2086 4823 Lati-

506 4846 1026 4905 nitatisauctoribus
1054 4853 1140 4898 est
1160 4854 1434 4909 usurpata.

2194 3649 2251 3700 8.
2288 3647 2541 3719 Paulinus
2572 3647 2740 3701 Natali
2772 3648 2833 3703 11
2864 3667 2877 3702 :
2904 3649 3130 3718 Cumque
3160 3652 3321 3704 sacris
3349 3651 3435 3718 pia
3463 3651 3617 3703 turba
3652 3654 3780 3719 [erat

2194 3718 2483 3841 pastoribus
2507 3722 2685 3783 Artes,
2713 3730 2815 3773 etc.
2848 3722 2919 3774 De
2948 3736 3080 3775 voce
3103 3722 3314 3775 alleluia
3339 3720 3521 3775 confer
3564 3718 3782 3776 Riecio-

2218 3790 2322 3841 ium
2367 3791 2417 3841 in
2451 3791 2559 3841 ind.
2606 3791 2873 3841 secundo:
2917 3806 3087 3841 neque
3132 3802 3305 3841 tamen
3346 3792 3394 3841 ei
3429 3793 3777 3841 assentiaris.

2218 3790 2322 3841 ium
2367 3791 2417 3844 in
2451 3791 2559 3843 ind.
2606 3791 2873 3854 secundo;
2917 3806 3087 3860 neque
3132 3802 3305 3846 tamen
3346 3792 3394 3845 ei
3429 3793 3777 3846 assentiaris.

2192 3860 2334 3927 quod
2367 3861 2535 3922 dicit,
2569 3861 2881 3914 imitandum
2928 3877 3033 3914 non
3057 3876 3176 3914 esse
3206 3862 3588 3926 Prudentium,
3635 3865 3730 3931 qui
3755 3878 3783 3915 e

2194 3930 2245 3982 in
2301 3932 2402 3984 hoc
2452 3946 2603 3985 versu
2654 3932 2941 3998 corripuit;
2981 3931 3120 4000 quod
3168 3932 3366 4001 pariter
3415 3932 3487 4001 ab,
3527 3934 3781 3986 Urientio

2192 4009 2497 4067 correptum
2545 4008 2647 4054 est.
2696 4002 2751 4055 8.
2804 4001 3041 4055 Justinus
3085 4000 3274 4070 quaest.
3317 4000 3385 4055 50
3428 4000 3493 4053 ad
3537 4002 3778 4055 Orthod.

2194 4079 2440 4134 testatur,
2487 4070 2816 4126 Christianos
2837 4112 2852 4137 ,
2895 4085 3012 4125 cum
3045 4071 3229 4126 laudes
3256 4080 3309 4125 et
3338 4071 3567 4140 hymnos
3611 4087 3782 4126 canc-

2193 4150 2310 4211 rent
2337 4183 2349 4203 ,
2392 4143 2500 4209 jam
2534 4151 2660 4195 tunc
2691 4142 2765 4195 uti
2793 4142 2891 4195 hac
2914 4156 3042 4196 voce
3062 4142 3279 4195 alleluia
3302 4150 3355 4194 et
3377 4157 3596 4203 osanna,
3630 4143 3781 4211 quod

2192 4210 2319 4264 nlim
2351 4228 2380 4265 a
2412 4213 2587 4279 pueris
2609 4210 2823 4264 factum.
2863 4212 2995 4265 Vide
3020 4213 3078 4266 S.
3112 4212 3492 4282 Hieronymum
3526 4212 3581 4264 in
3606 4210 3777 4277 epist.

2190 4281 2254 4349 ad
2281 4282 2599 4346 Marcellam,
2632 4283 2687 4335 8.
2717 4283 3067 4349 Augustinum
3094 4282 3146 4336 in
3177 4281 3366 4347 psalm.
3391 4296 3493 4339 ενι.
3528 4292 3583 4335 et
3617 4292 3783 4337 notas

2191 4348 2410 4419 Loaysze
2449 4352 2515 4404 ad
2546 4366 2667 4405 can.
2706 4352 2762 4405 Η
2799 4348 2990 4406 eoncil.
3026 4368 3076 4406 tv
3104 4352 3309 4408 Tolet.:
3339 4352 3411 4404 De
3446 4366 3549 4404 non
3581 4354 3785 4407 decan-

2190 4424 2344 4492 tan_d_o
2372 4421 2425 4492 in
2455 4421 2859 4492 Quadragesima
2887 4423 3118 4477 alleluia.

2261 4488 2350 4562 74.
2390 4491 2446 4543 In
2474 4488 2713 4546 oratione
2745 4493 2801 4547 8.
2829 4495 2982 4546 Rosa:
3005 4493 3223 4562 virginis
3250 4491 3485 4545 Limana:
3520 4492 3611 4546 hic
3655 4511 3783 4548 ver-

2188 4571 2280 4611 sus
2311 4560 2594 4615 includitur
2622 4564 2839 4617 mutatis
2871 4562 3049 4617 verbis
3071 4560 3372 4616 {Bonorum
3402 4563 3633 4615 omnium
3671 4566 3783 4618 lar-

2188 4627 2322 4702 gitgr
2342 4632 2659 4702 omnipotens
2680 4630 2834 4686 Deus.

2262 4699 2349 4771 77.
2390 4699 2656 4756 Cauchius
2666 4704 2956 4771 castigabat
2973 4712 3118 4757 antro
3130 4702 3406 4758 Conclusos
3419 4703 3576 4771 regis,
3592 4714 3782 4768 acute,

2188 4768 2282 4822 sed
2322 4782 2507 4825 contra
2548 4787 2677 4827 mss.
2710 4768 2964 4829 Nebrissa
2986 4785 3157 4827 actum
3188 4768 3571 4841 interpretatur
3600 4775 3782 4826 actio-

2188 4854 2277 4892 nes
2306 4842 2487 4912 tnundi
2528 4843 2735 4897 scilicet
2774 4844 2999 4897 nimium
3041 4844 3304 4912 potentis,
3366 4850 3419 4896 et
3448 4844 3783 4897 saevientis:

576 4915 1024 5001 98-.-Prudemiue
1054 4915 1115 4997 ίιι.
1139 4914 1239 4968 hoc
1259 4908 2083 5001 {E93999észmstisﬁh'isfsi'l
2114 4939 2168 5001 υ
2193 4908 3071 5001 ξιὲεη-[ιρίξέιέξειξεε,εειίξτνφοιεηέέ
3100 4914 3787 5001 relisis?aclutacio!

505 4989 711 5045 inducit
746 5002 841 5056 per
883 4986 1155 5055 prolepsin
1190 4982 1461 5056 :nondum
1501 4981 1646 5035 enim
1684 4978 1915 5056 Verme
1964 4995 2089 5056 caro

503 5061 701 5114 factum
746 5048 939 5121 fuerat,
970 5048 1058 5127 qui
1095 5064 1188 5127 est
1214 5054 1483 5127 Christus,
1492 5060 1563 5127 _ut
1589 5052 1792 5127 notavit
1816 5048 2088 5127 Nebrissa.

504 5128 743 5184 Clericus
765 5127 817 5180 in
833 5127 951 5181 Vita
970 5122 1245 5180 Prudentii
1266 5123 1507 5178 nonnihil
1527 5122 1804 5176 cavillatur
1823 5122 1963 5176 circa
1992 5124 2091 5176 hu-

500 5197 736 5271 iusmodi
762 5197 1083 5271 locutiones.

578 5268 666 5324 69.
713 5266 860 5330 Ald.,
900 5265 1159 5322 mendose
1184 5304 1199 5330 ,
1231 5264 1491 5318 libatibus.
1531 5260 1781 5317 Nebrissa
1829 5262 2085 5317 mendum

506 5338 866 5405 transcripsit,
897 5346 951 5390 et
978 5337 1366 5406 interpretatus
1395 5343 1498 5400 est,
1542 5333 1712 5403 gustui
1742 5341 1849 5385 tuo.
1885 5332 2086 5388 Sensus

505 5419 561 5465 et
586 5422 804 5465 cannea
835 5405 938 5459 liba
967 5406 1056 5459 tibi
1094 5407 1354 5474 exposcit.

577 5481 667 5535 70.
712 5477 1021 5556 Danielem,
1070 5471 1190 5529 cibo
1236 5483 1488 5556 sumpto,
1522 5473 1632 5528 Deo
1672 5471 2088 5556 gratiasegisse

507 5564 819 5624 expressum
841 5548 1055 5624 quidem
1078 5562 1183 5600 non
1213 5557 1297 5602 est
1317 5541 1376 5624 in
1405 5558 1554 5600 sacra
1587 5541 1799 5613 pagina.
1831 5541 1901 5624 At
1928 5551 2083 5607 poeta

504 5622 563 5675 id
582 5617 793 5687 'colligit
819 5632 883 5670 ex
914 5617 1199 5686 gratiarum
1227 5617 1458 5680 actione,
1483 5630 1603 5684 quae
1634 5617 1906 5684 przecessit
1936 5624 2079 5666 vers.

506 5690 578 5744 '56
605 5700 660 5744 et
692 5690 779 5743 37.

578 5761 665 5811 7i.
706 5754 917 5817 Partl|.,
945 5755 1148 5822 ciboque
1179 5757 1401 5822 functus.

578 5826 664 5879 7‘2.
712 5823 922 5887 Perrin,
953 5821 1342 5888 Eviequediait,
1370 5825 1514 5890 quod
1544 5825 1790 5878 vitiosum
1822 5831 1920 5879 est.
1956 5822 2071 5879 Vox

2193 4988 2283 5031 aut
2312 4995 2409 5048 pro
2436 4996 2569 5052 vago
2597 4991 2651 5036 et
2677 4984 2882 5039 incerto
2905 5000 3081 5038 rerum
3108 4986 3454 5037 humanarum
3481 4992 3658 5047 motu,
3688 4993 3788 5037 aut

2192 5063 2387 5173 prodeo
2408 5054 2551 5174 good
2578 5064 2739 5121 agunt
2765 5053 3024 5108 homines.
3050 5054 3159 5109 Hoc
3187 5068 3347 5108 sensu
3373 5052 3506 5106 alias
3531 5068 3668 5106 usus
3698 5064 3789 5108 cst

2237 5134 2296 5173 ru
2335 5136 2400 5174 en
2432 5138 2531 5174 ms.

2237 5134 2531 5176 ruaenttus.

2176 5226 2181 5231 η
2263 5190 2351 5245 79.
2373 5190 2505 5246 Cum
2531 5194 2699 5247 lacum
2722 5193 2933 5248 leonum
2950 5192 3292 5262 descripserit
3309 5202 3595 5261 poeta,suo
3617 5209 3787 5252 more

2191 5271 2358 5315 sacrm
2390 5264 2581 5316 litterae
2612 5263 2909 5323 inharretts.
2950 5264 3219 5318 diabolum
3261 5273 3509 5333 tanquam
3555 5264 3785 5321 leonem

2191 5339 2540 5403 repraesentat
2561 5348 2625 5388 ex
2651 5334 2807 5402 epist.
2833 5335 2850 5388 1
2882 5333 3021 5389 Petri
3049 5349 3167 5403 cap.
3192 5351 3245 5397 v,
3271 5334 3324 5403 8.

2172 5432 2209 5469 ηί
2270 5400 2358 5455 81.
2403 5403 2547 5469 Ald.,
2591 5400 2774 5464 Ncbr..
2825 5404 2980 5467 Hat.,
3021 5400 3255 5467 Widm.,
3300 5400 3489 5468 Gold.,
3535 5413 3663 5457 tunc
3710 5416 3784 5461 te.

2197 5468 2388 5538 llails.,
2438 5468 2570 5527 nunc
2599 5483 2665 5526 te.
2710 5473 2847 5536 Gis..
2879 5473 3095 5540 Weitz.,
3140 5490 3257 5527 cum
3306 5483 3373 5526 te.
3430 5475 3645 5539 Perrin,
3685 5492 3787 5531 nec

2194 5548 2261 5593 te.
2294 5540 2411 5613 \lat.
2436 5545 2501 5611 A,
2540 5544 2717 5613 Prag.,
2752 5544 2895 5609 Put.,
2925 5544 3157 5608 Thuan.,
3188 5544 3414 5598 Torrcn.
3443 5544 3552 5597 duo
3581 5561 3681 5597 cur
3704 5556 3781 5613 te,

2191 5611 2333 5684 quod
2357 5611 2523 5674 placet
2550 5611 2788 5684 Heinsio,
2807 5617 2928 5684 quia
2952 5615 3021 5669 ita
3045 5615 3349 5684 frequenter
3368 5615 3603 5669 occurrit
3624 5611 3787 5683 apud

2188 5680 2519 5736 Ciceronem.
2551 5683 2801 5738 Horatius
2827 5680 2918 5739 lib.
2943 5700 2979 5748 ι¹
3010 5700 3096 5750 ep.
3121 5680 3174 5752 8,
3206 5682 3411 5738 Irascar
3436 5686 3639 5749 amicis,
3667 5680 3787 5741 Cur

2187 5764 2265 5823 me
2289 5754 2485 5819 funesto
2513 5764 2778 5823 properent
2817 5772 2987 5809 arcere
3018 5765 3235 5809 veterno.
3290 5755 3455 5810 Aldus
3486 5756 3538 5811 in
3577 5771 3787 5813 emen-

2178 5817 2334 5889 datis,
2370 5817 2560 5877 summe
2585 5817 2765 5879 Deum.

3938 64 3950 623 ε
