  <div class='ocr_page' id='page_1' title='image "/cluster/home/n/w/nwhite01/storage/ocr_20150623/59/hvd.32044073505257/485.png"; bbox 0 0 3970 6326; ppageno 0'>
   <div class='ocr_carea' id='block_1_1' title="bbox 575 387 678 441">
    <p class='ocr_par' dir='ltr' id='par_1_1' title="bbox 575 387 678 441">
     <span class='ocr_line' id='line_1_1' title="bbox 575 387 678 441; baseline -0.019 0"><span class='ocrx_word' id='word_1_1' title='bbox 575 387 678 441; x_wconf 72' lang='lat'><strong>825</strong></span> 
     </span>
    </p>
   </div>
   <div class='ocr_carea' id='block_1_2' title="bbox 748 494 1781 563">
    <p class='ocr_par' dir='ltr' id='par_1_2' title="bbox 748 494 1781 563">
     <span class='ocr_line' id='line_1_2' title="bbox 748 494 1781 563; baseline -0.009 -13"><span class='ocrx_word' id='word_1_2' title='bbox 748 497 1007 550; x_wconf 86' lang='lat' dir='ltr'><strong>Densetur</strong></span> <span class='ocrx_word' id='word_1_3' title='bbox 1036 496 1220 549; x_wconf 87' lang='lat' dir='ltr'><strong>cuneis</strong></span> <span class='ocrx_word' id='word_1_4' title='bbox 1251 494 1400 548; x_wconf 82' lang='lat' dir='ltr'><strong>turba</strong></span> <span class='ocrx_word' id='word_1_5' title='bbox 1429 494 1781 563; x_wconf 63' lang='lat' dir='ltr'><strong>pedestribus,</strong></span> 
     </span>
    </p>
   </div>
   <div class='ocr_carea' id='block_1_3' title="bbox 824 586 2020 657">
    <p class='ocr_par' dir='ltr' id='par_1_3' title="bbox 824 586 2020 657">
     <span class='ocr_line' id='line_1_3' title="bbox 824 586 2020 657; baseline -0.005 -15"><span class='ocrx_word' id='word_1_6' title='bbox 824 590 1021 642; x_wconf 89' lang='lat' dir='ltr'><strong>Currus</strong></span> <span class='ocrx_word' id='word_1_7' title='bbox 1052 603 1191 657; x_wconf 90' lang='lat' dir='ltr'><strong>pars,</strong></span> <span class='ocrx_word' id='word_1_8' title='bbox 1222 598 1275 642; x_wconf 89' lang='lat' dir='ltr'><strong>et</strong></span> <span class='ocrx_word' id='word_1_9' title='bbox 1304 602 1491 657; x_wconf 82' lang='lat' dir='ltr'><strong>equos,</strong></span> <span class='ocrx_word' id='word_1_10' title='bbox 1526 596 1578 639; x_wconf 85' lang='lat' dir='ltr'><strong>ct</strong></span> <span class='ocrx_word' id='word_1_11' title='bbox 1608 586 1850 639; x_wconf 89' lang='lat' dir='ltr'><strong>volucres</strong></span> <span class='ocrx_word' id='word_1_12' title='bbox 1881 595 2020 640; x_wconf 87' lang='lat' dir='ltr'><strong>rotas</strong></span> 
     </span>
    </p>
   </div>
   <div class='ocr_carea' id='block_1_4' title="bbox 574 679 1941 748">
    <p class='ocr_par' dir='ltr' id='par_1_4' title="bbox 574 679 1941 748">
     <span class='ocr_line' id='line_1_4' title="bbox 574 679 1941 748; baseline -0.005 -10"><span class='ocrx_word' id='word_1_13' title='bbox 574 684 642 738; x_wconf 88' lang='lat'><strong>55</strong></span> <span class='ocrx_word' id='word_1_14' title='bbox 820 681 1197 735; x_wconf 66' lang='lat' dir='ltr'><strong>(lonscendunt</strong></span> <span class='ocrx_word' id='word_1_15' title='bbox 1217 680 1438 744; x_wconf 85' lang='lat' dir='ltr'><strong>celeres,</strong></span> <span class='ocrx_word' id='word_1_16' title='bbox 1472 681 1724 748; x_wconf 89' lang='lat' dir='ltr'><strong>signaque</strong></span> <span class='ocrx_word' id='word_1_17' title='bbox 1756 679 1941 732; x_wconf 87' lang='lat' dir='ltr'><strong>bellica</strong></span> 
     </span>
    </p>
   </div>
   <div class='ocr_carea' id='block_1_5' title="bbox 822 769 1960 827">
    <p class='ocr_par' dir='ltr' id='par_1_5' title="bbox 822 769 1960 827">
     <span class='ocr_line' id='line_1_5' title="bbox 822 769 1960 827; baseline -0.006 -1"><span class='ocrx_word' id='word_1_18' title='bbox 822 772 1171 827; x_wconf 69' lang='lat' dir='ltr'><strong>Prteteudunt</strong></span> <span class='ocrx_word' id='word_1_19' title='bbox 1201 771 1417 825; x_wconf 92' lang='lat' dir='ltr'><strong>tumidis</strong></span> <span class='ocrx_word' id='word_1_20' title='bbox 1448 771 1589 824; x_wconf 87' lang='lat' dir='ltr'><strong>clara</strong></span> <span class='ocrx_word' id='word_1_21' title='bbox 1622 769 1960 825; x_wconf 85' lang='lat' dir='ltr'><strong>draconibus.</strong></span> 
     </span>
    </p>
   </div>
   <div class='ocr_carea' id='block_1_6' title="bbox 753 861 1683 933">
    <p class='ocr_par' dir='ltr' id='par_1_6' title="bbox 753 861 1683 933">
     <span class='ocr_line' id='line_1_6' title="bbox 753 861 1683 933; baseline -0.005 -15"><span class='ocrx_word' id='word_1_22' title='bbox 753 865 885 919; x_wconf 88' lang='lat' dir='ltr'><strong>Hinc</strong></span> <span class='ocrx_word' id='word_1_23' title='bbox 903 864 1011 933; x_wconf 88' lang='lat' dir='ltr'><strong>jam</strong></span> <span class='ocrx_word' id='word_1_24' title='bbox 1037 862 1240 918; x_wconf 88' lang='lat' dir='ltr'><strong>servitii</strong></span> <span class='ocrx_word' id='word_1_25' title='bbox 1270 862 1447 917; x_wconf 88' lang='lat' dir='ltr'><strong>nescia</strong></span> <span class='ocrx_word' id='word_1_26' title='bbox 1474 861 1683 930; x_wconf 91' lang='lat' dir='ltr'><strong>pristini</strong></span> 
     </span>
    </p>
   </div>
   <div class='ocr_carea' id='block_1_7' title="bbox 817 951 1775 1020">
    <p class='ocr_par' dir='ltr' id='par_1_7' title="bbox 817 951 1775 1020">
     <span class='ocr_line' id='line_1_7' title="bbox 817 951 1775 1020; baseline -0.006 -11"><span class='ocrx_word' id='word_1_27' title='bbox 817 956 959 1009; x_wconf 78' lang='lat' dir='ltr'><strong>Gens</strong></span> <span class='ocrx_word' id='word_1_28' title='bbox 990 953 1281 1009; x_wconf 84' lang='lat' dir='ltr'><strong>Pelusiacis</strong></span> <span class='ocrx_word' id='word_1_29' title='bbox 1308 962 1429 1007; x_wconf 92' lang='lat' dir='ltr'><strong>usta</strong></span> <span class='ocrx_word' id='word_1_30' title='bbox 1468 951 1775 1020; x_wconf 78' lang='lat' dir='ltr'><strong>vaporibus,</strong></span> 
     </span>
    </p>
   </div>
   <div class='ocr_carea' id='block_1_8' title="bbox 826 1042 1812 1115">
    <p class='ocr_par' dir='ltr' id='par_1_8' title="bbox 826 1042 1812 1115">
     <span class='ocr_line' id='line_1_8' title="bbox 826 1042 1812 1115; baseline -0.006 -16"><span class='ocrx_word' id='word_1_31' title='bbox 826 1046 1060 1101; x_wconf 82' lang='lat' dir='ltr'><strong>Tandem</strong></span> <span class='ocrx_word' id='word_1_32' title='bbox 1086 1045 1335 1115; x_wconf 87' lang='lat' dir='ltr'><strong>purpurei</strong></span> <span class='ocrx_word' id='word_1_33' title='bbox 1357 1043 1582 1114; x_wconf 75' lang='lat' dir='ltr'><strong>gurgitis</strong></span> <span class='ocrx_word' id='word_1_34' title='bbox 1606 1042 1812 1110; x_wconf 80' lang='lat' dir='ltr'><strong>hospita</strong></span> 
     </span>
    </p>
   </div>
   <div class='ocr_carea' id='block_1_9' title="bbox 578 1133 1791 1196">
    <p class='ocr_par' dir='ltr' id='par_1_9' title="bbox 578 1133 1791 1196">
     <span class='ocr_line' id='line_1_9' title="bbox 578 1133 1791 1196; baseline -0.012 0"><span class='ocrx_word' id='word_1_35' title='bbox 578 1141 645 1196; x_wconf 88' lang='grc'><strong>60</strong></span> <span class='ocrx_word' id='word_1_36' title='bbox 822 1139 1025 1191; x_wconf 80' lang='lat' dir='ltr'><strong>Rubris</strong></span> <span class='ocrx_word' id='word_1_37' title='bbox 1048 1136 1309 1190; x_wconf 89' lang='lat' dir='ltr'><strong>littoribus</strong></span> <span class='ocrx_word' id='word_1_38' title='bbox 1337 1134 1479 1189; x_wconf 87' lang='lat' dir='ltr'><strong>fessa</strong></span> <span class='ocrx_word' id='word_1_39' title='bbox 1502 1133 1791 1187; x_wconf 84' lang='lat' dir='ltr'><strong>resederat.</strong></span> 
     </span>
    </p>
   </div>
   <div class='ocr_carea' id='block_1_10' title="bbox 751 1221 2020 1302">
    <p class='ocr_par' dir='ltr' id='par_1_10' title="bbox 751 1221 2020 1302">
     <span class='ocr_line' id='line_1_10' title="bbox 751 1221 2020 1302; baseline -0.008 -17"><span class='ocrx_word' id='word_1_40' title='bbox 751 1232 912 1302; x_wconf 77' lang='lat'><strong>289</strong></span> <span class='ocrx_word' id='word_1_41' title='bbox 937 1230 1114 1283; x_wconf 90' lang='lat' dir='ltr'><strong>Hostis</strong></span> <span class='ocrx_word' id='word_1_42' title='bbox 1142 1228 1289 1283; x_wconf 91' lang='lat' dir='ltr'><strong>dirus</strong></span> <span class='ocrx_word' id='word_1_43' title='bbox 1316 1227 1467 1279; x_wconf 89' lang='lat' dir='ltr'><strong>adest</strong></span> <span class='ocrx_word' id='word_1_44' title='bbox 1488 1240 1607 1277; x_wconf 89' lang='lat' dir='ltr'><strong>cum</strong></span> <span class='ocrx_word' id='word_1_45' title='bbox 1636 1224 1767 1278; x_wconf 90' lang='lat' dir='ltr'><strong>duce</strong></span> <span class='ocrx_word' id='word_1_46' title='bbox 1799 1221 2020 1292; x_wconf 79' lang='lat' dir='ltr'><strong>perfido,</strong></span> 
     </span>
    </p>
   </div>
   <div class='ocr_carea' id='block_1_11' title="bbox 829 1315 1739 1385">
    <p class='ocr_par' dir='ltr' id='par_1_11' title="bbox 829 1315 1739 1385">
     <span class='ocr_line' id='line_1_11' title="bbox 829 1315 1739 1385; baseline -0.01 -10"><span class='ocrx_word' id='word_1_47' title='bbox 829 1324 988 1375; x_wconf 87' lang='lat' dir='ltr'><strong>Infert</strong></span> <span class='ocrx_word' id='word_1_48' title='bbox 1018 1328 1071 1375; x_wconf 87' lang='lat' dir='ltr'><strong>et</strong></span> <span class='ocrx_word' id='word_1_49' title='bbox 1093 1318 1279 1372; x_wconf 82' lang='lat' dir='ltr'><strong>validis</strong></span> <span class='ocrx_word' id='word_1_50' title='bbox 1309 1317 1489 1385; x_wconf 64' lang='lat' dir='ltr'><strong>praelia</strong></span> <span class='ocrx_word' id='word_1_51' title='bbox 1519 1315 1739 1369; x_wconf 89' lang='lat' dir='ltr'><strong>viribus.</strong></span> 
     </span>
    </p>
   </div>
   <div class='ocr_carea' id='block_1_12' title="bbox 824 1407 1860 1481">
    <p class='ocr_par' dir='ltr' id='par_1_12' title="bbox 824 1407 1860 1481">
     <span class='ocr_line' id='line_1_12' title="bbox 824 1407 1860 1481; baseline -0.008 -15"><span class='ocrx_word' id='word_1_52' title='bbox 824 1416 997 1467; x_wconf 77' lang='lat' dir='ltr'><strong>Moses</strong></span> <span class='ocrx_word' id='word_1_53' title='bbox 1027 1426 1186 1481; x_wconf 92' lang='lat' dir='ltr'><strong>porro</strong></span> <span class='ocrx_word' id='word_1_54' title='bbox 1215 1425 1340 1464; x_wconf 91' lang='lat' dir='ltr'><strong>suos</strong></span> <span class='ocrx_word' id='word_1_55' title='bbox 1372 1410 1424 1463; x_wconf 92' lang='lat' dir='ltr'><strong>in</strong></span> <span class='ocrx_word' id='word_1_56' title='bbox 1456 1423 1601 1463; x_wconf 87' lang='lat' dir='ltr'><strong>mare</strong></span> <span class='ocrx_word' id='word_1_57' title='bbox 1625 1407 1860 1476; x_wconf 68' lang='lat' dir='ltr'><strong>praecipit</strong></span> 
     </span>
    </p>
   </div>
   <div class='ocr_carea' id='block_1_13' title="bbox 820 1496 1963 1570">
    <p class='ocr_par' dir='ltr' id='par_1_13' title="bbox 820 1496 1963 1570">
     <span class='ocr_line' id='line_1_13' title="bbox 820 1496 1963 1570; baseline -0.008 -12"><span class='ocrx_word' id='word_1_58' title='bbox 820 1506 1083 1559; x_wconf 80' lang='lat' dir='ltr'><strong>Constans</strong></span> <span class='ocrx_word' id='word_1_59' title='bbox 1118 1501 1394 1570; x_wconf 87' lang='lat' dir='ltr'><strong>&#39;ntrepidis</strong></span> <span class='ocrx_word' id='word_1_60' title='bbox 1424 1500 1641 1555; x_wconf 86' lang='lat' dir='ltr'><strong>tendere</strong></span> <span class='ocrx_word' id='word_1_61' title='bbox 1669 1496 1963 1567; x_wconf 80' lang='lat' dir='ltr'><strong>gressibus.</strong></span> 
     </span>
    </p>
   </div>
   <div class='ocr_carea' id='block_1_14' title="bbox 578 1589 1886 1664">
    <p class='ocr_par' dir='ltr' id='par_1_14' title="bbox 578 1589 1886 1664">
     <span class='ocr_line' id='line_1_14' title="bbox 578 1589 1886 1664; baseline -0.01 -7"><span class='ocrx_word' id='word_1_62' title='bbox 578 1606 643 1657; x_wconf 76' lang='lat'><strong>65</strong></span> <span class='ocrx_word' id='word_1_63' title='bbox 753 1601 997 1656; x_wconf 68' lang='lat' dir='ltr'><strong>Praebent</strong></span> <span class='ocrx_word' id='word_1_64' title='bbox 1022 1606 1175 1664; x_wconf 90' lang='lat' dir='ltr'><strong>rupta</strong></span> <span class='ocrx_word' id='word_1_65' title='bbox 1207 1594 1381 1648; x_wconf 91' lang='lat' dir='ltr'><strong>locum</strong></span> <span class='ocrx_word' id='word_1_66' title='bbox 1411 1603 1593 1662; x_wconf 87' lang='lat' dir='ltr'><strong>stagna</strong></span> <span class='ocrx_word' id='word_1_67' title='bbox 1620 1589 1886 1645; x_wconf 77' lang='lat' dir='ltr'><strong>viantibus</strong></span> 
     </span>
    </p>
   </div>
   <div class='ocr_carea' id='block_1_15' title="bbox 830 1682 1844 1759">
    <p class='ocr_par' dir='ltr' id='par_1_15' title="bbox 830 1682 1844 1759">
     <span class='ocr_line' id='line_1_15' title="bbox 830 1682 1844 1759; baseline -0.008 -18"><span class='ocrx_word' id='word_1_68' title='bbox 830 1690 1074 1759; x_wconf 72' lang='lat' dir='ltr'><strong>Riparutt</strong></span> <span class='ocrx_word' id='word_1_69' title='bbox 1110 1686 1161 1740; x_wconf 90' lang='lat' dir='ltr'><strong>in</strong></span> <span class='ocrx_word' id='word_1_70' title='bbox 1191 1684 1377 1739; x_wconf 84' lang='lat' dir='ltr'><strong>faciem</strong></span> <span class='ocrx_word' id='word_1_71' title='bbox 1407 1685 1606 1753; x_wconf 75' lang='lat' dir='ltr'><strong>pervia,</strong></span> <span class='ocrx_word' id='word_1_72' title='bbox 1638 1682 1844 1735; x_wconf 84' lang='lat' dir='ltr'><strong>sistitur</strong></span> 
     </span>
    </p>
   </div>
   <div class='ocr_carea' id='block_1_16' title="bbox 823 1774 1901 1842">
    <p class='ocr_par' dir='ltr' id='par_1_16' title="bbox 823 1774 1901 1842">
     <span class='ocr_line' id='line_1_16' title="bbox 823 1774 1901 1842; baseline -0.008 -8"><span class='ocrx_word' id='word_1_73' title='bbox 823 1782 1189 1834; x_wconf 80' lang='lat' dir='ltr'><strong>Circumstans</strong></span> <span class='ocrx_word' id='word_1_74' title='bbox 1218 1776 1399 1830; x_wconf 85' lang='lat' dir='ltr'><strong>vitreis</strong></span> <span class='ocrx_word' id='word_1_75' title='bbox 1467 1774 1566 1828; x_wconf 90' lang='lat' dir='ltr'><strong>nda</strong></span> <span class='ocrx_word' id='word_1_76' title='bbox 1590 1774 1901 1842; x_wconf 80' lang='lat' dir='ltr'><strong>liquoribus,</strong></span> 
     </span>
    </p>
   </div>
   <div class='ocr_carea' id='block_1_17' title="bbox 823 1868 1991 1940">
    <p class='ocr_par' dir='ltr' id='par_1_17' title="bbox 823 1868 1991 1940">
     <span class='ocr_line' id='line_1_17' title="bbox 823 1868 1991 1940; baseline -0.006 -15"><span class='ocrx_word' id='word_1_77' title='bbox 823 1874 952 1925; x_wconf 89' lang='lat' dir='ltr'><strong>Dum</strong></span> <span class='ocrx_word' id='word_1_78' title='bbox 993 1869 1143 1940; x_wconf 87' lang='lat' dir='ltr'><strong>plebs</strong></span> <span class='ocrx_word' id='word_1_79' title='bbox 1172 1868 1270 1923; x_wconf 89' lang='lat' dir='ltr'><strong>sub</strong></span> <span class='ocrx_word' id='word_1_80' title='bbox 1300 1868 1462 1923; x_wconf 86' lang='lat' dir='ltr'><strong>bifido</strong></span> <span class='ocrx_word' id='word_1_81' title='bbox 1489 1874 1730 1936; x_wconf 84' lang='lat' dir='ltr'><strong>permeat</strong></span> <span class='ocrx_word' id='word_1_82' title='bbox 1757 1879 1991 1934; x_wconf 68' lang='lat' dir='ltr'><strong>aequore.</strong></span> 
     </span>
    </p>
   </div>
   <div class='ocr_carea' id='block_1_18' title="bbox 746 1732 773 1757">
    <p class='ocr_par' dir='ltr' id='par_1_18' title="bbox 746 1732 773 1757">
     <span class='ocr_line' id='line_1_18' title="bbox 746 1732 773 1757; baseline 0 0"><span class='ocrx_word' id='word_1_83' title='bbox 746 1732 773 1757; x_wconf 60' lang='grc' dir='ltr'>δ</span> 
     </span>
    </p>
   </div>
   <div class='ocr_carea' id='block_1_19' title="bbox 2167 1860 2215 1919">
    <p class='ocr_par' dir='ltr' id='par_1_19' title="bbox 2167 1860 2215 1919">
     <span class='ocr_line' id='line_1_19' title="bbox 2167 1860 2215 1919; baseline 0 0"><span class='ocrx_word' id='word_1_84' title='bbox 2167 1860 2215 1919; x_wconf 87' lang='grc' dir='ltr'><strong>Β</strong></span> 
     </span>
    </p>
   </div>
   <div class='ocr_carea' id='block_1_20' title="bbox 1672 360 2155 435">
    <p class='ocr_par' dir='ltr' id='par_1_20' title="bbox 1672 375 2155 435">
     <span class='ocr_line' id='line_1_20' title="bbox 1672 375 2155 435; baseline -0.012 0"><span class='ocrx_word' id='word_1_85' title='bbox 1672 378 1944 435; x_wconf 72' lang='lat' dir='ltr'><strong>AL&#39;RELII</strong></span> <span class='ocrx_word' id='word_1_86' title='bbox 1988 375 2155 431; x_wconf 84' lang='lat' dir='ltr'><strong>PRUU</strong></span> 
     </span>
    </p>
   </div>
   <div class='ocr_carea' id='block_1_21' title="bbox 2273 360 3782 435">
    <p class='ocr_par' dir='ltr' id='par_1_21' title="bbox 2273 360 3782 428">
     <span class='ocr_line' id='line_1_21' title="bbox 2273 360 3782 428; baseline -0.007 -1"><span class='ocrx_word' id='word_1_87' title='bbox 2273 372 2347 428; x_wconf 85' lang='lat' dir='ltr'><strong>l&#39;ll</strong></span> <span class='ocrx_word' id='word_1_88' title='bbox 2385 369 2704 426; x_wconf 79' lang='lat' dir='ltr'><strong>CARMINA.</strong></span> <span class='ocrx_word' id='word_1_89' title='bbox 3698 360 3782 416; x_wconf 60' lang='lat'><strong>834</strong></span> 
     </span>
    </p>
   </div>
   <div class='ocr_carea' id='block_1_22' title="bbox 2165 496 2213 555">
    <p class='ocr_par' dir='ltr' id='par_1_22' title="bbox 2165 496 2213 555">
     <span class='ocr_line' id='line_1_22' title="bbox 2165 496 2213 555; baseline 0 0"><span class='ocrx_word' id='word_1_90' title='bbox 2165 496 2213 555; x_wconf 77' lang='grc' dir='ltr'><strong>Α</strong></span> 
     </span>
    </p>
   </div>
   <div class='ocr_carea' id='block_1_23' title="bbox 2420 474 3408 548">
    <p class='ocr_par' dir='ltr' id='par_1_23' title="bbox 2420 474 3408 548">
     <span class='ocr_line' id='line_1_23' title="bbox 2420 474 3408 548; baseline -0.011 -12"><span class='ocrx_word' id='word_1_91' title='bbox 2420 481 2590 535; x_wconf 88' lang='lat' dir='ltr'><strong>Puhes</strong></span> <span class='ocrx_word' id='word_1_92' title='bbox 2620 480 2745 548; x_wconf 85' lang='lat' dir='ltr'><strong>quin</strong></span> <span class='ocrx_word' id='word_1_93' title='bbox 2774 478 2931 531; x_wconf 85' lang='lat' dir='ltr'><strong>etiam</strong></span> <span class='ocrx_word' id='word_1_94' title='bbox 2958 476 3173 529; x_wconf 79' lang='lat' dir='ltr'><strong>decomr</strong></span> <span class='ocrx_word' id='word_1_95' title='bbox 3204 474 3408 541; x_wconf 86' lang='lat' dir='ltr'><strong>asperis</strong></span> 
     </span>
    </p>
   </div>
   <div class='ocr_carea' id='block_1_24' title="bbox 2246 564 3395 636">
    <p class='ocr_par' dir='ltr' id='par_1_24' title="bbox 2246 564 3395 636">
     <span class='ocr_line' id='line_1_24' title="bbox 2246 564 3395 636; baseline -0.009 -7"><span class='ocrx_word' id='word_1_96' title='bbox 2246 574 2315 629; x_wconf 86' lang='lat'><strong>70</strong></span> <span class='ocrx_word' id='word_1_97' title='bbox 2498 573 2704 627; x_wconf 90' lang='lat' dir='ltr'><strong>lrritata</strong></span> <span class='ocrx_word' id='word_1_98' title='bbox 2730 568 2891 633; x_wconf 86' lang='lat' dir='ltr'><strong>odiis,</strong></span> <span class='ocrx_word' id='word_1_99' title='bbox 2922 582 3050 636; x_wconf 89' lang='lat' dir='ltr'><strong>rege</strong></span> <span class='ocrx_word' id='word_1_100' title='bbox 3081 566 3181 620; x_wconf 87' lang='lat' dir='ltr'><strong>sub</strong></span> <span class='ocrx_word' id='word_1_101' title='bbox 3211 564 3395 635; x_wconf 89' lang='lat' dir='ltr'><strong>impio,</strong></span> 
     </span>
    </p>
   </div>
   <div class='ocr_carea' id='block_1_25' title="bbox 2487 659 3599 729">
    <p class='ocr_par' dir='ltr' id='par_1_25' title="bbox 2487 659 3599 729">
     <span class='ocr_line' id='line_1_25' title="bbox 2487 659 3599 729; baseline -0.005 -10"><span class='ocrx_word' id='word_1_102' title='bbox 2487 665 2765 720; x_wconf 65' lang='lat' dir='ltr'><strong>llebrmum</strong></span> <span class='ocrx_word' id='word_1_103' title='bbox 2790 662 2978 717; x_wconf 89' lang='lat' dir='ltr'><strong>sitiens</strong></span> <span class='ocrx_word' id='word_1_104' title='bbox 3009 659 3236 715; x_wconf 86' lang='lat' dir='ltr'><strong>fundere</strong></span> <span class='ocrx_word' id='word_1_105' title='bbox 3266 660 3599 729; x_wconf 87' lang='lat' dir='ltr'><strong>sanguinem,</strong></span> 
     </span>
    </p>
   </div>
   <div class='ocr_carea' id='block_1_26' title="bbox 2491 754 3498 825">
    <p class='ocr_par' dir='ltr' id='par_1_26' title="bbox 2491 754 3498 825">
     <span class='ocr_line' id='line_1_26' title="bbox 2491 754 3498 825; baseline -0.005 -13"><span class='ocrx_word' id='word_1_106' title='bbox 2491 758 2663 812; x_wconf 82' lang='lat' dir='ltr'><strong>Audet</strong></span> <span class='ocrx_word' id='word_1_107' title='bbox 2685 770 2743 810; x_wconf 90' lang='lat' dir='ltr'><strong>se</strong></span> <span class='ocrx_word' id='word_1_108' title='bbox 2770 756 2959 825; x_wconf 82' lang='lat' dir='ltr'><strong>pelago</strong></span> <span class='ocrx_word' id='word_1_109' title='bbox 2989 754 3211 809; x_wconf 87' lang='lat' dir='ltr'><strong>credere</strong></span> <span class='ocrx_word' id='word_1_110' title='bbox 3242 767 3498 808; x_wconf 87' lang='lat' dir='ltr'><strong>concavo.</strong></span> 
     </span>
    </p>
   </div>
   <div class='ocr_carea' id='block_1_27' title="bbox 2416 853 3308 925">
    <p class='ocr_par' dir='ltr' id='par_1_27' title="bbox 2416 853 3308 925">
     <span class='ocr_line' id='line_1_27' title="bbox 2416 853 3308 925; baseline -0.007 -13"><span class='ocrx_word' id='word_1_111' title='bbox 2416 858 2566 912; x_wconf 88' lang='lat' dir='ltr'><strong>lbant</strong></span> <span class='ocrx_word' id='word_1_112' title='bbox 2588 856 2844 925; x_wconf 65' lang='lat' dir='ltr'><strong>praecipiti</strong></span> <span class='ocrx_word' id='word_1_113' title='bbox 2870 854 3084 908; x_wconf 90' lang='lat' dir='ltr'><strong>turbine</strong></span> <span class='ocrx_word' id='word_1_114' title='bbox 3110 853 3308 922; x_wconf 88' lang='lat' dir='ltr'><strong>percita</strong></span> 
     </span>
    </p>
   </div>
   <div class='ocr_carea' id='block_1_28' title="bbox 2495 952 3503 1025">
    <p class='ocr_par' dir='ltr' id='par_1_28' title="bbox 2495 952 3503 1025">
     <span class='ocr_line' id='line_1_28' title="bbox 2495 952 3503 1025; baseline -0.007 -14"><span class='ocrx_word' id='word_1_115' title='bbox 2495 957 2712 1011; x_wconf 82' lang='lat' dir='ltr'><strong>Fluctus</strong></span> <span class='ocrx_word' id='word_1_116' title='bbox 2744 970 2837 1025; x_wconf 89' lang='lat' dir='ltr'><strong>per</strong></span> <span class='ocrx_word' id='word_1_117' title='bbox 2860 953 3063 1009; x_wconf 90' lang='lat' dir='ltr'><strong>medios</strong></span> <span class='ocrx_word' id='word_1_118' title='bbox 3086 952 3293 1023; x_wconf 80' lang='lat' dir='ltr'><strong>agmina</strong></span> <span class='ocrx_word' id='word_1_119' title='bbox 3319 953 3465 1021; x_wconf 86' lang='lat' dir='ltr'><strong>regia</strong></span> <span class='ocrx_word' id='word_1_120' title='bbox 3492 969 3503 1004; x_wconf 87' lang='lat'><strong>:</strong></span> 
     </span>
    </p>
   </div>
   <div class='ocr_carea' id='block_1_29' title="bbox 2243 1053 3545 1113">
    <p class='ocr_par' dir='ltr' id='par_1_29' title="bbox 2243 1053 3545 1113">
     <span class='ocr_line' id='line_1_29' title="bbox 2243 1053 3545 1113; baseline -0.006 0"><span class='ocrx_word' id='word_1_121' title='bbox 2243 1058 2313 1113; x_wconf 88' lang='lat'><strong>75</strong></span> <span class='ocrx_word' id='word_1_122' title='bbox 2486 1059 2589 1113; x_wconf 90' lang='lat' dir='ltr'><strong>Sed</strong></span> <span class='ocrx_word' id='word_1_123' title='bbox 2620 1056 2840 1111; x_wconf 90' lang='lat' dir='ltr'><strong>confusa</strong></span> <span class='ocrx_word' id='word_1_124' title='bbox 2868 1054 3061 1109; x_wconf 89' lang='lat' dir='ltr'><strong>dehinc</strong></span> <span class='ocrx_word' id='word_1_125' title='bbox 3084 1053 3225 1108; x_wconf 87' lang='lat' dir='ltr'><strong>unda</strong></span> <span class='ocrx_word' id='word_1_126' title='bbox 3253 1053 3545 1107; x_wconf 85' lang='lat' dir='ltr'><strong>revolvitur</strong></span> 
     </span>
    </p>
   </div>
   <div class='ocr_carea' id='block_1_30' title="bbox 2488 1155 3521 1225">
    <p class='ocr_par' dir='ltr' id='par_1_30' title="bbox 2488 1155 3521 1225">
     <span class='ocr_line' id='line_1_30' title="bbox 2488 1155 3521 1225; baseline -0.008 -11"><span class='ocrx_word' id='word_1_127' title='bbox 2488 1160 2546 1214; x_wconf 86' lang='lat' dir='ltr'><strong>In</strong></span> <span class='ocrx_word' id='word_1_128' title='bbox 2576 1169 2749 1214; x_wconf 88' lang='lat' dir='ltr'><strong>semet</strong></span> <span class='ocrx_word' id='word_1_129' title='bbox 2777 1156 3024 1212; x_wconf 89' lang='lat' dir='ltr'><strong>revolans</strong></span> <span class='ocrx_word' id='word_1_130' title='bbox 3052 1155 3260 1225; x_wconf 81' lang='lat' dir='ltr'><strong>gurgite</strong></span> <span class='ocrx_word' id='word_1_131' title='bbox 3288 1155 3521 1208; x_wconf 87' lang='lat' dir='ltr'><strong>conﬂuo.</strong></span> 
     </span>
    </p>
   </div>
   <div class='ocr_carea' id='block_1_31' title="bbox 2419 1256 3642 1329">
    <p class='ocr_par' dir='ltr' id='par_1_31' title="bbox 2419 1256 3642 1329">
     <span class='ocr_line' id='line_1_31' title="bbox 2419 1256 3642 1329; baseline -0.008 -12"><span class='ocrx_word' id='word_1_132' title='bbox 2419 1262 2620 1319; x_wconf 79' lang='lat' dir='ltr'><strong>Curras</strong></span> <span class='ocrx_word' id='word_1_133' title='bbox 2649 1270 2800 1323; x_wconf 91' lang='lat' dir='ltr'><strong>tunc,</strong></span> <span class='ocrx_word' id='word_1_134' title='bbox 2831 1269 2884 1314; x_wconf 89' lang='lat' dir='ltr'><strong>et</strong></span> <span class='ocrx_word' id='word_1_135' title='bbox 2914 1272 3102 1329; x_wconf 87' lang='lat' dir='ltr'><strong>equos,</strong></span> <span class='ocrx_word' id='word_1_136' title='bbox 3140 1258 3347 1327; x_wconf 82' lang='lat' dir='ltr'><strong>telaque</strong></span> <span class='ocrx_word' id='word_1_137' title='bbox 3374 1256 3642 1324; x_wconf 84' lang='lat' dir='ltr'><strong>naufraga,</strong></span> 
     </span>
    </p>
   </div>
   <div class='ocr_carea' id='block_1_32' title="bbox 2497 1360 3669 1431">
    <p class='ocr_par' dir='ltr' id='par_1_32' title="bbox 2497 1360 3669 1431">
     <span class='ocr_line' id='line_1_32' title="bbox 2497 1360 3669 1431; baseline -0.005 -18"><span class='ocrx_word' id='word_1_138' title='bbox 2497 1360 2819 1431; x_wconf 68' lang='lat' dir='ltr'><strong>zgolpsos</strong></span> <span class='ocrx_word' id='word_1_139' title='bbox 2847 1368 2901 1413; x_wconf 90' lang='lat' dir='ltr'><strong>et</strong></span> <span class='ocrx_word' id='word_1_140' title='bbox 2929 1372 3200 1428; x_wconf 85' lang='lat' dir='ltr'><strong>proceres,</strong></span> <span class='ocrx_word' id='word_1_141' title='bbox 3226 1366 3280 1411; x_wconf 89' lang='lat' dir='ltr'><strong>et</strong></span> <span class='ocrx_word' id='word_1_142' title='bbox 3298 1371 3429 1425; x_wconf 87' lang='lat' dir='ltr'><strong>vaga</strong></span> <span class='ocrx_word' id='word_1_143' title='bbox 3453 1369 3669 1424; x_wconf 86' lang='lat' dir='ltr'><strong>corpora</strong></span> 
     </span>
    </p>
   </div>
   <div class='ocr_carea' id='block_1_33' title="bbox 2487 1458 3474 1529">
    <p class='ocr_par' dir='ltr' id='par_1_33' title="bbox 2487 1458 3474 1529">
     <span class='ocr_line' id='line_1_33' title="bbox 2487 1458 3474 1529; baseline -0.004 -16"><span class='ocrx_word' id='word_1_144' title='bbox 2487 1461 2770 1529; x_wconf 82' lang='lat' dir='ltr'><strong>Nigrorum</strong></span> <span class='ocrx_word' id='word_1_145' title='bbox 2800 1460 2982 1514; x_wconf 89' lang='lat' dir='ltr'><strong>videas</strong></span> <span class='ocrx_word' id='word_1_146' title='bbox 3010 1473 3137 1513; x_wconf 90' lang='lat' dir='ltr'><strong>nare</strong></span> <span class='ocrx_word' id='word_1_147' title='bbox 3166 1458 3474 1524; x_wconf 87' lang='lat' dir='ltr'><strong>satellitum,</strong></span> 
     </span>
    </p>
   </div>
   <div class='ocr_carea' id='block_1_34' title="bbox 2244 1558 3462 1631">
    <p class='ocr_par' dir='ltr' id='par_1_34' title="bbox 2244 1558 3462 1631">
     <span class='ocr_line' id='line_1_34' title="bbox 2244 1558 3462 1631; baseline -0.006 -14"><span class='ocrx_word' id='word_1_148' title='bbox 2244 1562 2313 1617; x_wconf 78' lang='lat'><strong>80</strong></span> <span class='ocrx_word' id='word_1_149' title='bbox 2492 1564 2644 1618; x_wconf 85' lang='lat' dir='ltr'><strong>Areis</strong></span> <span class='ocrx_word' id='word_1_150' title='bbox 2671 1562 2934 1631; x_wconf 76' lang='lat' dir='ltr'><strong>iustitium</strong></span> <span class='ocrx_word' id='word_1_151' title='bbox 2968 1560 3119 1614; x_wconf 85' lang='lat' dir='ltr'><strong>triste</strong></span> <span class='ocrx_word' id='word_1_152' title='bbox 3150 1558 3462 1628; x_wconf 71' lang='lat' dir='ltr'><strong>tyrannicze.</strong></span> 
     </span>
    </p>
   </div>
   <div class='ocr_carea' id='block_1_35' title="bbox 2427 1666 3517 1737">
    <p class='ocr_par' dir='ltr' id='par_1_35' title="bbox 2427 1666 3517 1737">
     <span class='ocr_line' id='line_1_35' title="bbox 2427 1666 3517 1737; baseline -0.01 -12"><span class='ocrx_word' id='word_1_153' title='bbox 2427 1670 2555 1737; x_wconf 63' lang='lat' dir='ltr'><strong>Quae</strong></span> <span class='ocrx_word' id='word_1_154' title='bbox 2581 1668 2795 1724; x_wconf 87' lang='lat' dir='ltr'><strong>tandem</strong></span> <span class='ocrx_word' id='word_1_155' title='bbox 2829 1668 3024 1737; x_wconf 90' lang='lat' dir='ltr'><strong>poterit</strong></span> <span class='ocrx_word' id='word_1_156' title='bbox 3059 1666 3236 1733; x_wconf 83' lang='lat' dir='ltr'><strong>lingua</strong></span> <span class='ocrx_word' id='word_1_157' title='bbox 3267 1671 3517 1717; x_wconf 80' lang='lat' dir='ltr'><strong>retexere</strong></span> 
     </span>
    </p>
   </div>
   <div class='ocr_carea' id='block_1_36' title="bbox 2492 1755 3786 1833">
    <p class='ocr_par' dir='ltr' id='par_1_36' title="bbox 2492 1755 3786 1833">
     <span class='ocr_line' id='line_1_36' title="bbox 2492 1755 3786 1833; baseline -0.012 -10"><span class='ocrx_word' id='word_1_158' title='bbox 2492 1767 2718 1833; x_wconf 84' lang='lat' dir='ltr'><strong>Laudes,</strong></span> <span class='ocrx_word' id='word_1_159' title='bbox 2746 1766 2976 1833; x_wconf 87' lang='lat' dir='ltr'><strong>Christe,</strong></span> <span class='ocrx_word' id='word_1_160' title='bbox 3003 1772 3119 1819; x_wconf 89' lang='lat' dir='ltr'><strong>tuas</strong></span> <span class='ocrx_word' id='word_1_161' title='bbox 3145 1782 3157 1815; x_wconf 89' lang='lat'><strong>:</strong></span> <span class='ocrx_word' id='word_1_162' title='bbox 3190 1762 3279 1833; x_wconf 90' lang='lat' dir='ltr'><strong>qui</strong></span> <span class='ocrx_word' id='word_1_163' title='bbox 3304 1758 3557 1814; x_wconf 83' lang='lat' dir='ltr'><strong>domitam</strong></span> <span class='ocrx_word' id='word_1_164' title='bbox 3589 1755 3786 1813; x_wconf 84' lang='lat' dir='ltr'><strong>Pharon</strong></span> 
     </span>
    </p>
   </div>
   <div class='ocr_carea' id='block_1_37' title="bbox 2490 1861 3488 1939">
    <p class='ocr_par' dir='ltr' id='par_1_37' title="bbox 2490 1861 3488 1939">
     <span class='ocr_line' id='line_1_37' title="bbox 2490 1861 3488 1939; baseline -0.004 -18"><span class='ocrx_word' id='word_1_165' title='bbox 2490 1868 2668 1939; x_wconf 83' lang='lat' dir='ltr'><strong>Plagis</strong></span> <span class='ocrx_word' id='word_1_166' title='bbox 2697 1866 3027 1922; x_wconf 85' lang='lat' dir='ltr'><strong>multimodis</strong></span> <span class='ocrx_word' id='word_1_167' title='bbox 3056 1865 3251 1922; x_wconf 89' lang='lat' dir='ltr'><strong>cedere</strong></span> <span class='ocrx_word' id='word_1_168' title='bbox 3274 1861 3488 1935; x_wconf 64' lang='lat' dir='ltr'><strong>praesuli</strong></span> 
     </span>
    </p>
   </div>
   <div class='ocr_carea' id='block_1_38' title="bbox 1917 1955 2580 2017">
    <p class='ocr_par' dir='ltr' id='par_1_38' title="bbox 1917 1955 2580 2017">
     <span class='ocr_line' id='line_1_38' title="bbox 1917 1955 2580 2017; baseline 0.003 -6"><span class='ocrx_word' id='word_1_169' title='bbox 1917 1955 2200 2014; x_wconf 68' lang='lat' dir='ltr'><strong>GLOSSIE</strong></span> <span class='ocrx_word' id='word_1_170' title='bbox 2240 1959 2580 2017; x_wconf 75' lang='lat' dir='ltr'><strong>VETERES.</strong></span> 
     </span>
    </p>
   </div>
   <div class='ocr_carea' id='block_1_39' title="bbox 648 2052 2148 2123">
    <p class='ocr_par' dir='ltr' id='par_1_39' title="bbox 648 2052 2148 2123">
     <span class='ocr_line' id='line_1_39' title="bbox 648 2052 2148 2123; baseline -0.008 -7"><span class='ocrx_word' id='word_1_171' title='bbox 648 2062 731 2117; x_wconf 69' lang='lat' dir='ltr'><strong>ao.</strong></span> <span class='ocrx_word' id='word_1_172' title='bbox 767 2058 984 2123; x_wconf 89' lang='lat' dir='ltr'><strong>Cuneis,</strong></span> <span class='ocrx_word' id='word_1_173' title='bbox 1036 2073 1221 2110; x_wconf 84' lang='lat' dir='ltr'><strong>cuneus</strong></span> <span class='ocrx_word' id='word_1_174' title='bbox 1262 2067 1332 2109; x_wconf 86' lang='lat' dir='ltr'><strong>est</strong></span> <span class='ocrx_word' id='word_1_175' title='bbox 1368 2056 1576 2107; x_wconf 81' lang='lat' dir='ltr'><strong>collecta</strong></span> <span class='ocrx_word' id='word_1_176' title='bbox 1606 2054 1656 2104; x_wconf 87' lang='lat' dir='ltr'><strong>in</strong></span> <span class='ocrx_word' id='word_1_177' title='bbox 1686 2068 1839 2104; x_wconf 87' lang='lat' dir='ltr'><strong>unum</strong></span> <span class='ocrx_word' id='word_1_178' title='bbox 1877 2052 2148 2105; x_wconf 85' lang='lat' dir='ltr'><strong>multitudo</strong></span> 
     </span>
    </p>
   </div>
   <div class='ocr_carea' id='block_1_40' title="bbox 580 2123 2049 2194">
    <p class='ocr_par' dir='ltr' id='par_1_40' title="bbox 580 2123 2049 2194">
     <span class='ocr_line' id='line_1_40' title="bbox 580 2123 2049 2194; baseline -0.007 -10"><span class='ocrx_word' id='word_1_179' title='bbox 580 2134 833 2193; x_wconf 82' lang='lat' dir='ltr'><strong>militum;</strong></span> <span class='ocrx_word' id='word_1_180' title='bbox 862 2131 996 2183; x_wconf 87' lang='lat' dir='ltr'><strong>unde</strong></span> <span class='ocrx_word' id='word_1_181' title='bbox 1021 2144 1208 2181; x_wconf 85' lang='lat' dir='ltr'><strong>cuneus</strong></span> <span class='ocrx_word' id='word_1_182' title='bbox 1234 2126 1379 2194; x_wconf 85' lang='lat' dir='ltr'><strong>quasi</strong></span> <span class='ocrx_word' id='word_1_183' title='bbox 1404 2141 1607 2194; x_wconf 63' lang='lat' dir='ltr'><strong>canens,</strong></span> <span class='ocrx_word' id='word_1_184' title='bbox 1636 2139 1667 2177; x_wconf 88' lang='lat' dir='ltr'><strong>a</strong></span> <span class='ocrx_word' id='word_1_185' title='bbox 1692 2138 1807 2189; x_wconf 86' lang='lat' dir='ltr'><strong>con,</strong></span> <span class='ocrx_word' id='word_1_186' title='bbox 1836 2131 1881 2175; x_wconf 89' lang='lat' dir='ltr'><strong>et</strong></span> <span class='ocrx_word' id='word_1_187' title='bbox 1904 2138 1982 2194; x_wconf 77' lang='lat' dir='ltr'><strong>eo,</strong></span> <span class='ocrx_word' id='word_1_188' title='bbox 2008 2123 2049 2176; x_wconf 91' lang='grc' dir='ltr'>Ι.</span> 
     </span>
    </p>
   </div>
   <div class='ocr_carea' id='block_1_41' title="bbox 650 2192 1953 2267">
    <p class='ocr_par' dir='ltr' id='par_1_41' title="bbox 650 2192 1953 2267">
     <span class='ocr_line' id='line_1_41' title="bbox 650 2192 1953 2267; baseline -0.008 -13"><span class='ocrx_word' id='word_1_189' title='bbox 650 2204 739 2255; x_wconf 88' lang='grc'><strong>58.</strong></span> <span class='ocrx_word' id='word_1_190' title='bbox 776 2192 1080 2261; x_wconf 78' lang='lat' dir='ltr'><strong>Pelusiacis,</strong></span> <span class='ocrx_word' id='word_1_191' title='bbox 1114 2192 1413 2267; x_wconf 64' lang='lat' dir='ltr'><strong>ngyptiis;</strong></span> <span class='ocrx_word' id='word_1_192' title='bbox 1443 2193 1659 2267; x_wconf 64' lang='lat' dir='ltr'><strong>ngnpti</strong></span> <span class='ocrx_word' id='word_1_193' title='bbox 1689 2193 1879 2256; x_wconf 82' lang='lat' dir='ltr'><strong>civitas,</strong></span> <span class='ocrx_word' id='word_1_194' title='bbox 1915 2192 1953 2245; x_wconf 91' lang='lat' dir='ltr'><strong>l.</strong></span> 
     </span>
    </p>
   </div>
   <div class='ocr_carea' id='block_1_42' title="bbox 648 2264 2146 2331">
    <p class='ocr_par' dir='ltr' id='par_1_42' title="bbox 648 2264 2146 2331">
     <span class='ocr_line' id='line_1_42' title="bbox 648 2264 2146 2331; baseline -0.007 -6"><span class='ocrx_word' id='word_1_195' title='bbox 648 2274 735 2325; x_wconf 76' lang='lat'><strong>(30.</strong></span> <span class='ocrx_word' id='word_1_196' title='bbox 771 2270 985 2331; x_wconf 80' lang='lat' dir='ltr'><strong>Rubris,</strong></span> <span class='ocrx_word' id='word_1_197' title='bbox 1013 2270 1084 2321; x_wconf 87' lang='lat' dir='ltr'><strong>sic</strong></span> <span class='ocrx_word' id='word_1_198' title='bbox 1114 2264 1505 2319; x_wconf 32' lang='lat' dir='ltr'><strong>ma&#39;re&#39;Rubrum</strong></span> <span class='ocrx_word' id='word_1_199' title='bbox 1536 2264 1741 2321; x_wconf 82' lang='lat' dir='ltr'><strong>dicitur,</strong></span> <span class='ocrx_word' id='word_1_200' title='bbox 1776 2278 1877 2314; x_wconf 84' lang='lat' dir='ltr'><strong>non</strong></span> <span class='ocrx_word' id='word_1_201' title='bbox 1896 2264 2031 2329; x_wconf 83' lang='lat' dir='ltr'><strong>quod</strong></span> <span class='ocrx_word' id='word_1_202' title='bbox 2058 2281 2146 2315; x_wconf 88' lang='lat' dir='ltr'><strong>ru-</strong></span> 
     </span>
    </p>
   </div>
   <div class='ocr_carea' id='block_1_43' title="bbox 582 2332 2147 2409">
    <p class='ocr_par' dir='ltr' id='par_1_43' title="bbox 582 2332 2147 2409">
     <span class='ocr_line' id='line_1_43' title="bbox 582 2332 2147 2409; baseline -0.005 -15"><span class='ocrx_word' id='word_1_203' title='bbox 582 2344 725 2394; x_wconf 84' lang='lat' dir='ltr'><strong>brum</strong></span> <span class='ocrx_word' id='word_1_204' title='bbox 754 2341 815 2391; x_wconf 85' lang='lat' dir='ltr'><strong>sit</strong></span> <span class='ocrx_word' id='word_1_205' title='bbox 838 2355 926 2409; x_wconf 78' lang='lat' dir='ltr'><strong>per</strong></span> <span class='ocrx_word' id='word_1_206' title='bbox 951 2332 1453 2409; x_wconf 77' lang='lat' dir='ltr'><strong>se,_aquaenimper</strong></span> <span class='ocrx_word' id='word_1_207' title='bbox 1476 2350 1529 2385; x_wconf 88' lang='lat' dir='ltr'><strong>se</strong></span> <span class='ocrx_word' id='word_1_208' title='bbox 1571 2333 1790 2383; x_wconf 88' lang='lat' dir='ltr'><strong>colorem</strong></span> <span class='ocrx_word' id='word_1_209' title='bbox 1833 2332 2147 2409; x_wconf 75' lang='lat' dir='ltr'><strong>nm_habet;</strong></span> 
     </span>
    </p>
   </div>
   <div class='ocr_carea' id='block_1_44' title="bbox 584 2401 2153 2478">
    <p class='ocr_par' dir='ltr' id='par_1_44' title="bbox 584 2401 2153 2478">
     <span class='ocr_line' id='line_1_44' title="bbox 584 2401 2153 2478; baseline -0.004 -16"><span class='ocrx_word' id='word_1_210' title='bbox 584 2413 665 2463; x_wconf 81' lang='lat' dir='ltr'><strong>sed</strong></span> <span class='ocrx_word' id='word_1_211' title='bbox 695 2409 813 2478; x_wconf 84' lang='lat' dir='ltr'><strong>quia</strong></span> <span class='ocrx_word' id='word_1_212' title='bbox 838 2401 995 2460; x_wconf 78' lang='lat' dir='ltr'><strong>rubra</strong></span> <span class='ocrx_word' id='word_1_213' title='bbox 1021 2401 1165 2478; x_wconf 84' lang='lat' dir='ltr'><strong>habet</strong></span> <span class='ocrx_word' id='word_1_214' title='bbox 1190 2407 1360 2478; x_wconf 83' lang='lat' dir='ltr'><strong>littora</strong></span> <span class='ocrx_word' id='word_1_215' title='bbox 1384 2418 1402 2456; x_wconf 94' lang='lat'><strong><em>:</em></strong></span> <span class='ocrx_word' id='word_1_216' title='bbox 1428 2419 1563 2478; x_wconf 78' lang='lat' dir='ltr'><strong>aqua</strong></span> <span class='ocrx_word' id='word_1_217' title='bbox 1591 2410 1850 2478; x_wconf 72' lang='lat' dir='ltr'><strong>autemet:</strong></span> <span class='ocrx_word' id='word_1_218' title='bbox 1883 2401 2026 2455; x_wconf 84' lang='lat' dir='ltr'><strong>rebus</strong></span> <span class='ocrx_word' id='word_1_219' title='bbox 2052 2405 2153 2455; x_wconf 86' lang='lat' dir='ltr'><strong>cir-</strong></span> 
     </span>
    </p>
   </div>
   <div class='ocr_carea' id='block_1_45' title="bbox 584 2472 1809 2544">
    <p class='ocr_par' dir='ltr' id='par_1_45' title="bbox 584 2472 1809 2544">
     <span class='ocr_line' id='line_1_45' title="bbox 584 2472 1809 2544; baseline -0.007 -11"><span class='ocrx_word' id='word_1_220' title='bbox 584 2472 902 2544; x_wconf 74' lang='lat' dir='ltr'><strong>cumpositis,</strong></span> <span class='ocrx_word' id='word_1_221' title='bbox 928 2487 972 2529; x_wconf 84' lang='lat' dir='ltr'><strong>et</strong></span> <span class='ocrx_word' id='word_1_222' title='bbox 995 2475 1121 2529; x_wconf 71' lang='lat' dir='ltr'><strong>coelo</strong></span> <span class='ocrx_word' id='word_1_223' title='bbox 1148 2476 1364 2528; x_wconf 83' lang='lat' dir='ltr'><strong>rolorem</strong></span> <span class='ocrx_word' id='word_1_224' title='bbox 1385 2472 1560 2544; x_wconf 76' lang='lat' dir='ltr'><strong>(ru/tit.</strong></span> <span class='ocrx_word' id='word_1_225' title='bbox 1594 2472 1710 2523; x_wconf 88' lang='lat' dir='ltr'><strong>Vat.</strong></span> 
     </span>
    </p>
   </div>
   <div class='ocr_carea' id='block_1_46' title="bbox 650 2541 2153 2615">
    <p class='ocr_par' dir='ltr' id='par_1_46' title="bbox 650 2541 2153 2615">
     <span class='ocr_line' id='line_1_46' title="bbox 650 2541 2153 2615; baseline -0.005 -12"><span class='ocrx_word' id='word_1_226' title='bbox 650 2541 738 2603; x_wconf 69' lang='grc'><strong>62.</strong></span> <span class='ocrx_word' id='word_1_227' title='bbox 773 2548 980 2612; x_wconf 70' lang='lat' dir='ltr'><strong>Puella,</strong></span> <span class='ocrx_word' id='word_1_228' title='bbox 1006 2549 1066 2599; x_wconf 87' lang='lat' dir='ltr'><strong>ab</strong></span> <span class='ocrx_word' id='word_1_229' title='bbox 1086 2545 1416 2615; x_wconf 84' lang='lat' dir='ltr'><strong>imprintendo</strong></span> <span class='ocrx_word' id='word_1_230' title='bbox 1433 2542 1633 2604; x_wconf 79' lang='lat' dir='ltr'><strong>hostes;</strong></span> <span class='ocrx_word' id='word_1_231' title='bbox 1663 2541 1795 2594; x_wconf 86' lang='lat' dir='ltr'><strong>unde</strong></span> <span class='ocrx_word' id='word_1_232' title='bbox 1814 2551 1860 2594; x_wconf 88' lang='lat' dir='ltr'><strong>et</strong></span> <span class='ocrx_word' id='word_1_233' title='bbox 1884 2543 2153 2613; x_wconf 75' lang='lat' dir='ltr'><strong>prreligna,</strong></span> 
     </span>
    </p>
   </div>
   <div class='ocr_carea' id='block_1_47' title="bbox 585 2616 1253 2687">
    <p class='ocr_par' dir='ltr' id='par_1_47' title="bbox 585 2616 1253 2687">
     <span class='ocr_line' id='line_1_47' title="bbox 585 2616 1253 2687; baseline -0.006 -15"><span class='ocrx_word' id='word_1_234' title='bbox 585 2621 765 2687; x_wconf 81' lang='lat' dir='ltr'><strong>quibus</strong></span> <span class='ocrx_word' id='word_1_235' title='bbox 796 2620 1041 2687; x_wconf 76' lang='lat' dir='ltr'><strong>premitur</strong></span> <span class='ocrx_word' id='word_1_236' title='bbox 1070 2632 1181 2676; x_wconf 77' lang='lat' dir='ltr'><strong>uva,</strong></span> <span class='ocrx_word' id='word_1_237' title='bbox 1217 2616 1253 2668; x_wconf 94' lang='grc' dir='ltr'>Ι.</span> 
     </span>
    </p>
   </div>
   <div class='ocr_carea' id='block_1_48' title="bbox 656 2685 1518 2751">
    <p class='ocr_par' dir='ltr' id='par_1_48' title="bbox 656 2685 1518 2751">
     <span class='ocr_line' id='line_1_48' title="bbox 656 2685 1518 2751; baseline -0.007 -8"><span class='ocrx_word' id='word_1_238' title='bbox 656 2690 741 2744; x_wconf 83' lang='grc'><strong>66.</strong></span> <span class='ocrx_word' id='word_1_239' title='bbox 777 2685 829 2742; x_wconf 89' lang='lat' dir='ltr'><strong>ln</strong></span> <span class='ocrx_word' id='word_1_240' title='bbox 864 2688 1070 2750; x_wconf 87' lang='lat' dir='ltr'><strong>faciem,</strong></span> <span class='ocrx_word' id='word_1_241' title='bbox 1094 2687 1274 2751; x_wconf 84' lang='lat' dir='ltr'><strong>instar,</strong></span> <span class='ocrx_word' id='word_1_242' title='bbox 1311 2685 1428 2739; x_wconf 87' lang='lat' dir='ltr'><strong>Vat.</strong></span> <span class='ocrx_word' id='word_1_243' title='bbox 1456 2686 1518 2738; x_wconf 84' lang='lat' dir='ltr'><strong>A.</strong></span> 
     </span>
    </p>
   </div>
   <div class='ocr_carea' id='block_1_49' title="bbox 2331 2045 3809 2124">
    <p class='ocr_par' dir='ltr' id='par_1_49' title="bbox 2331 2045 3809 2124">
     <span class='ocr_line' id='line_1_49' title="bbox 2331 2045 3809 2124; baseline -0.006 -16"><span class='ocrx_word' id='word_1_244' title='bbox 2331 2053 2419 2108; x_wconf 88' lang='grc'><strong>69.</strong></span> <span class='ocrx_word' id='word_1_245' title='bbox 2454 2054 2649 2119; x_wconf 87' lang='lat' dir='ltr'><strong>Pubes,</strong></span> <span class='ocrx_word' id='word_1_246' title='bbox 2672 2056 2912 2124; x_wconf 68' lang='lat' dir='ltr'><strong>juventus</strong></span> <span class='ocrx_word' id='word_1_247' title='bbox 2936 2052 3263 2124; x_wconf 63' lang='lat' dir='ltr'><strong>Egyptian).</strong></span> <span class='ocrx_word' id='word_1_248' title='bbox 3295 2079 3365 2091; x_wconf 91' lang='lat'><strong><em>—</em></strong></span> <span class='ocrx_word' id='word_1_249' title='bbox 3392 2047 3636 2113; x_wconf 88' lang='lat' dir='ltr'><strong>Decolor,</strong></span> <span class='ocrx_word' id='word_1_250' title='bbox 3681 2045 3809 2115; x_wconf 65' lang='lat' dir='ltr'><strong>nigra</strong></span> 
     </span>
    </p>
   </div>
   <div class='ocr_carea' id='block_1_50' title="bbox 2261 2123 2983 2191">
    <p class='ocr_par' dir='ltr' id='par_1_50' title="bbox 2261 2123 2983 2191">
     <span class='ocr_line' id='line_1_50' title="bbox 2261 2123 2983 2191; baseline 0.001 -14"><span class='ocrx_word' id='word_1_251' title='bbox 2261 2123 2320 2177; x_wconf 86' lang='lat' dir='ltr'><strong>ob</strong></span> <span class='ocrx_word' id='word_1_252' title='bbox 2348 2125 2564 2178; x_wconf 80' lang='lat' dir='ltr'><strong>calorem</strong></span> <span class='ocrx_word' id='word_1_253' title='bbox 2594 2123 2735 2191; x_wconf 81' lang='lat' dir='ltr'><strong>solis,</strong></span> <span class='ocrx_word' id='word_1_254' title='bbox 2769 2125 2886 2177; x_wconf 82' lang='lat' dir='ltr'><strong>Vat.</strong></span> <span class='ocrx_word' id='word_1_255' title='bbox 2919 2126 2983 2178; x_wconf 84' lang='lat' dir='ltr'><strong>A.</strong></span> 
     </span>
    </p>
   </div>
   <div class='ocr_carea' id='block_1_51' title="bbox 2326 2194 3006 2259">
    <p class='ocr_par' dir='ltr' id='par_1_51' title="bbox 2326 2194 3006 2259">
     <span class='ocr_line' id='line_1_51' title="bbox 2326 2194 3006 2259; baseline -0.001 -12"><span class='ocrx_word' id='word_1_256' title='bbox 2326 2196 2410 2247; x_wconf 90' lang='lat'><strong>77.</strong></span> <span class='ocrx_word' id='word_1_257' title='bbox 2447 2194 2728 2259; x_wconf 67' lang='lat' dir='ltr'><strong>Naufraga,</strong></span> <span class='ocrx_word' id='word_1_258' title='bbox 2754 2211 2935 2257; x_wconf 85' lang='lat' dir='ltr'><strong>mersa,</strong></span> <span class='ocrx_word' id='word_1_259' title='bbox 2966 2195 3006 2247; x_wconf 92' lang='lat' dir='ltr'><strong>l.</strong></span> 
     </span>
    </p>
   </div>
   <div class='ocr_carea' id='block_1_52' title="bbox 2330 2262 3343 2334">
    <p class='ocr_par' dir='ltr' id='par_1_52' title="bbox 2330 2262 3343 2334">
     <span class='ocr_line' id='line_1_52' title="bbox 2330 2262 3343 2334; baseline 0.001 -17"><span class='ocrx_word' id='word_1_260' title='bbox 2330 2265 2417 2317; x_wconf 83' lang='lat'><strong>79.</strong></span> <span class='ocrx_word' id='word_1_261' title='bbox 2453 2264 2666 2331; x_wconf 85' lang='lat' dir='ltr'><strong>Videas,</strong></span> <span class='ocrx_word' id='word_1_262' title='bbox 2691 2266 2855 2318; x_wconf 80' lang='lat' dir='ltr'><strong>videre</strong></span> <span class='ocrx_word' id='word_1_263' title='bbox 2886 2276 3103 2334; x_wconf 82' lang='lat' dir='ltr'><strong>poteras,</strong></span> <span class='ocrx_word' id='word_1_264' title='bbox 3126 2262 3246 2317; x_wconf 91' lang='lat' dir='ltr'><strong>Vat.</strong></span> <span class='ocrx_word' id='word_1_265' title='bbox 3276 2264 3343 2318; x_wconf 83' lang='lat' dir='ltr'><strong>A.</strong></span> 
     </span>
    </p>
   </div>
   <div class='ocr_carea' id='block_1_53' title="bbox 2330 2329 3811 2401">
    <p class='ocr_par' dir='ltr' id='par_1_53' title="bbox 2330 2329 3811 2401">
     <span class='ocr_line' id='line_1_53' title="bbox 2330 2329 3811 2401; baseline -0.007 -11"><span class='ocrx_word' id='word_1_266' title='bbox 2330 2337 2417 2390; x_wconf 88' lang='grc'><strong>80.</strong></span> <span class='ocrx_word' id='word_1_267' title='bbox 2450 2336 2623 2393; x_wconf 70' lang='lat' dir='ltr'><strong>Areis.</strong></span> <span class='ocrx_word' id='word_1_268' title='bbox 2653 2329 2927 2401; x_wconf 75' lang='lat' dir='ltr'><strong>potestatis,</strong></span> <span class='ocrx_word' id='word_1_269' title='bbox 2972 2335 3087 2388; x_wconf 88' lang='lat' dir='ltr'><strong>Vat.</strong></span> <span class='ocrx_word' id='word_1_270' title='bbox 3120 2334 3186 2386; x_wconf 82' lang='lat' dir='ltr'><strong>A.</strong></span> <span class='ocrx_word' id='word_1_271' title='bbox 3232 2361 3299 2372; x_wconf 92' lang='lat'><strong>——</strong></span> <span class='ocrx_word' id='word_1_272' title='bbox 3340 2331 3609 2386; x_wconf 76' lang='lat' dir='ltr'><strong>Iustitium</strong></span> <span class='ocrx_word' id='word_1_273' title='bbox 3656 2329 3811 2401; x_wconf 70' lang='lat' dir='ltr'><strong>triste.</strong></span> 
     </span>
    </p>
   </div>
   <div class='ocr_carea' id='block_1_54' title="bbox 2261 2398 3812 2476">
    <p class='ocr_par' dir='ltr' id='par_1_54' title="bbox 2261 2398 3812 2476">
     <span class='ocr_line' id='line_1_54' title="bbox 2261 2398 3812 2476; baseline -0.007 -18"><span class='ocrx_word' id='word_1_274' title='bbox 2261 2408 2426 2459; x_wconf 85' lang='lat' dir='ltr'><strong>luctus</strong></span> <span class='ocrx_word' id='word_1_275' title='bbox 2457 2398 3437 2476; x_wconf 78' lang='lat' dir='ltr'><strong>publicus;justiliumest,ubijustitia</strong></span> <span class='ocrx_word' id='word_1_276' title='bbox 3459 2410 3579 2476; x_wconf 79' lang='lat' dir='ltr'><strong>stat,</strong></span> <span class='ocrx_word' id='word_1_277' title='bbox 3614 2411 3657 2452; x_wconf 80' lang='lat' dir='ltr'><strong>et</strong></span> <span class='ocrx_word' id='word_1_278' title='bbox 3687 2398 3812 2476; x_wconf 55' lang='lat' dir='ltr'><strong>non.</strong></span> 
     </span>
    </p>
   </div>
   <div class='ocr_carea' id='block_1_55' title="bbox 2262 2470 3813 2545">
    <p class='ocr_par' dir='ltr' id='par_1_55' title="bbox 2262 2470 3813 2545">
     <span class='ocr_line' id='line_1_55' title="bbox 2262 2470 3813 2545; baseline -0.006 -17"><span class='ocrx_word' id='word_1_279' title='bbox 2262 2477 2389 2528; x_wconf 84' lang='lat' dir='ltr'><strong>tium</strong></span> <span class='ocrx_word' id='word_1_280' title='bbox 2422 2470 2653 2544; x_wconf 81' lang='lat' dir='ltr'><strong>publicus</strong></span> <span class='ocrx_word' id='word_1_281' title='bbox 2676 2470 2844 2529; x_wconf 70' lang='lat' dir='ltr'><strong>luctus</strong></span> <span class='ocrx_word' id='word_1_282' title='bbox 2872 2484 2965 2541; x_wconf 86' lang='lat' dir='ltr'><strong>est,</strong></span> <span class='ocrx_word' id='word_1_283' title='bbox 2993 2476 3079 2540; x_wconf 78' lang='lat' dir='ltr'><strong>qui</strong></span> <span class='ocrx_word' id='word_1_284' title='bbox 3105 2475 3156 2526; x_wconf 90' lang='lat' dir='ltr'><strong>iu</strong></span> <span class='ocrx_word' id='word_1_285' title='bbox 3187 2470 3301 2527; x_wconf 72' lang='lat' dir='ltr'><strong>arce</strong></span> <span class='ocrx_word' id='word_1_286' title='bbox 3330 2473 3545 2545; x_wconf 77' lang='lat' dir='ltr'><strong>cunctis,</strong></span> <span class='ocrx_word' id='word_1_287' title='bbox 3576 2480 3621 2521; x_wconf 85' lang='lat' dir='ltr'><strong>et</strong></span> <span class='ocrx_word' id='word_1_288' title='bbox 3647 2470 3813 2545; x_wconf 73' lang='lat' dir='ltr'><strong>ubique</strong></span> 
     </span>
    </p>
   </div>
   <div class='ocr_carea' id='block_1_56' title="bbox 2262 2541 3813 2614">
    <p class='ocr_par' dir='ltr' id='par_1_56' title="bbox 2262 2541 3813 2614">
     <span class='ocr_line' id='line_1_56' title="bbox 2262 2541 3813 2614; baseline -0.007 -16"><span class='ocrx_word' id='word_1_289' title='bbox 2262 2554 2355 2609; x_wconf 84' lang='lat' dir='ltr'><strong>est,</strong></span> <span class='ocrx_word' id='word_1_290' title='bbox 2389 2541 2429 2598; x_wconf 68' lang='grc'>1.</span> <span class='ocrx_word' id='word_1_291' title='bbox 2454 2546 2717 2599; x_wconf 80' lang='lat' dir='ltr'><strong>Justitiam</strong></span> <span class='ocrx_word' id='word_1_292' title='bbox 2756 2546 2956 2613; x_wconf 81' lang='lat' dir='ltr'><strong>proprie</strong></span> <span class='ocrx_word' id='word_1_293' title='bbox 2995 2555 3063 2597; x_wconf 83' lang='lat' dir='ltr'><strong>est</strong></span> <span class='ocrx_word' id='word_1_294' title='bbox 3104 2545 3237 2614; x_wconf 82' lang='lat' dir='ltr'><strong>juris</strong></span> <span class='ocrx_word' id='word_1_295' title='bbox 3281 2544 3452 2607; x_wconf 78' lang='lat' dir='ltr'><strong>statio,</strong></span> <span class='ocrx_word' id='word_1_296' title='bbox 3482 2542 3617 2614; x_wconf 85' lang='lat' dir='ltr'><strong>sicut</strong></span> <span class='ocrx_word' id='word_1_297' title='bbox 3658 2541 3813 2614; x_wconf 78' lang='lat' dir='ltr'><strong>solsti-</strong></span> 
     </span>
    </p>
   </div>
   <div class='ocr_carea' id='block_1_57' title="bbox 2262 2610 3814 2682">
    <p class='ocr_par' dir='ltr' id='par_1_57' title="bbox 2262 2610 3814 2682">
     <span class='ocr_line' id='line_1_57' title="bbox 2262 2610 3814 2682; baseline -0.006 -14"><span class='ocrx_word' id='word_1_298' title='bbox 2262 2617 2389 2668; x_wconf 87' lang='lat' dir='ltr'><strong>tium</strong></span> <span class='ocrx_word' id='word_1_299' title='bbox 2414 2618 2534 2669; x_wconf 85' lang='lat' dir='ltr'><strong>solis</strong></span> <span class='ocrx_word' id='word_1_300' title='bbox 2562 2610 2977 2682; x_wconf 40' lang='lat' dir='ltr'><strong>statiopponitur</strong></span> <span class='ocrx_word' id='word_1_301' title='bbox 3002 2610 3167 2667; x_wconf 79' lang='lat' dir='ltr'><strong>autem</strong></span> <span class='ocrx_word' id='word_1_302' title='bbox 3201 2630 3291 2678; x_wconf 83' lang='lat' dir='ltr'><strong>pro</strong></span> <span class='ocrx_word' id='word_1_303' title='bbox 3320 2615 3480 2677; x_wconf 86' lang='lat' dir='ltr'><strong>luctu,</strong></span> <span class='ocrx_word' id='word_1_304' title='bbox 3507 2613 3673 2663; x_wconf 82' lang='lat' dir='ltr'><strong>luctus</strong></span> <span class='ocrx_word' id='word_1_305' title='bbox 3697 2610 3814 2663; x_wconf 85' lang='lat' dir='ltr'><strong>enim</strong></span> 
     </span>
    </p>
   </div>
   <div class='ocr_carea' id='block_1_58' title="bbox 2262 2682 3537 2757">
    <p class='ocr_par' dir='ltr' id='par_1_58' title="bbox 2262 2682 3537 2757">
     <span class='ocr_line' id='line_1_58' title="bbox 2262 2682 3537 2757; baseline -0.004 -17"><span class='ocrx_word' id='word_1_306' title='bbox 2262 2703 2369 2740; x_wconf 82' lang='lat' dir='ltr'><strong>esse</strong></span> <span class='ocrx_word' id='word_1_307' title='bbox 2399 2695 2582 2755; x_wconf 84' lang='lat' dir='ltr'><strong>potest,</strong></span> <span class='ocrx_word' id='word_1_308' title='bbox 2613 2702 2727 2738; x_wconf 83' lang='lat' dir='ltr'><strong>cum</strong></span> <span class='ocrx_word' id='word_1_309' title='bbox 2749 2686 2952 2757; x_wconf 86' lang='lat' dir='ltr'><strong>justitia</strong></span> <span class='ocrx_word' id='word_1_310' title='bbox 2975 2684 3295 2751; x_wconf 83' lang='lat' dir='ltr'><strong>relinquitur,</strong></span> <span class='ocrx_word' id='word_1_311' title='bbox 3324 2682 3444 2736; x_wconf 64' lang='lat' dir='ltr'><strong>Vat”.</strong></span> <span class='ocrx_word' id='word_1_312' title='bbox 3479 2685 3537 2736; x_wconf 77' lang='grc' dir='ltr'>Α.</span> 
     </span>
    </p>
   </div>
   <div class='ocr_carea' id='block_1_59' title="bbox 1940 2795 2493 2853">
    <p class='ocr_par' dir='ltr' id='par_1_59' title="bbox 1940 2795 2493 2853">
     <span class='ocr_line' id='line_1_59' title="bbox 1940 2795 2493 2853; baseline -0.004 0"><span class='ocrx_word' id='word_1_313' title='bbox 1940 2795 2493 2853; x_wconf 80' lang='lat' dir='ltr'><strong>COMMENTARIUS.</strong></span> 
     </span>
    </p>
   </div>
   <div class='ocr_carea' id='block_1_60' title="bbox 656 2889 2153 2959">
    <p class='ocr_par' dir='ltr' id='par_1_60' title="bbox 656 2889 2153 2959">
     <span class='ocr_line' id='line_1_60' title="bbox 656 2889 2153 2959; baseline -0.004 -12"><span class='ocrx_word' id='word_1_314' title='bbox 656 2894 743 2947; x_wconf 78' lang='lat'><strong>55.</strong></span> <span class='ocrx_word' id='word_1_315' title='bbox 774 2890 1074 2959; x_wconf 81' lang='lat' dir='ltr'><strong>Legendum</strong></span> <span class='ocrx_word' id='word_1_316' title='bbox 1107 2898 1181 2942; x_wconf 87' lang='lat' dir='ltr'><strong>est</strong></span> <span class='ocrx_word' id='word_1_317' title='bbox 1212 2890 1441 2942; x_wconf 83' lang='lat' dir='ltr'><strong>densetur</strong></span> <span class='ocrx_word' id='word_1_318' title='bbox 1470 2902 1499 2940; x_wconf 90' lang='lat' dir='ltr'><strong>a</strong></span> <span class='ocrx_word' id='word_1_319' title='bbox 1531 2889 1735 2948; x_wconf 77' lang='lat' dir='ltr'><strong>densro,</strong></span> <span class='ocrx_word' id='word_1_320' title='bbox 1760 2903 1831 2949; x_wconf 77' lang='lat' dir='ltr'><strong>es.</strong></span> <span class='ocrx_word' id='word_1_321' title='bbox 1865 2890 2000 2953; x_wconf 81' lang='lat' dir='ltr'><strong>quod</strong></span> <span class='ocrx_word' id='word_1_322' title='bbox 2022 2904 2153 2959; x_wconf 10' lang='lat' dir='ltr'><strong>rver-</strong></span> 
     </span>
    </p>
   </div>
   <div class='ocr_carea' id='block_1_61' title="bbox 586 2958 2151 3018">
    <p class='ocr_par' dir='ltr' id='par_1_61' title="bbox 586 2958 2151 3018">
     <span class='ocr_line' id='line_1_61' title="bbox 586 2958 2151 3018; baseline -0.004 0"><span class='ocrx_word' id='word_1_323' title='bbox 586 2964 706 3018; x_wconf 87' lang='lat' dir='ltr'><strong>bttm</strong></span> <span class='ocrx_word' id='word_1_324' title='bbox 740 2958 1042 3017; x_wconf 87' lang='lat' dir='ltr'><strong>aliisetiam</strong></span> <span class='ocrx_word' id='word_1_325' title='bbox 1076 2962 1124 3013; x_wconf 92' lang='lat' dir='ltr'><strong>in</strong></span> <span class='ocrx_word' id='word_1_326' title='bbox 1159 2960 1287 3015; x_wconf 89' lang='lat' dir='ltr'><strong>locis</strong></span> <span class='ocrx_word' id='word_1_327' title='bbox 1315 2970 1393 3014; x_wconf 87' lang='lat' dir='ltr'><strong>est</strong></span> <span class='ocrx_word' id='word_1_328' title='bbox 1432 2959 1837 3013; x_wconf 79' lang='lat' dir='ltr'><strong>restituendum.</strong></span> <span class='ocrx_word' id='word_1_329' title='bbox 1888 2960 1957 3012; x_wconf 89' lang='lat' dir='ltr'><strong>Ita</strong></span> <span class='ocrx_word' id='word_1_330' title='bbox 1986 2958 2151 3012; x_wconf 79' lang='lat' dir='ltr'><strong>Hein-</strong></span> 
     </span>
    </p>
   </div>
   <div class='ocr_carea' id='block_1_62' title="bbox 585 3028 2151 3093">
    <p class='ocr_par' dir='ltr' id='par_1_62' title="bbox 585 3028 2151 3093">
     <span class='ocr_line' id='line_1_62' title="bbox 585 3028 2151 3093; baseline -0.004 -6"><span class='ocrx_word' id='word_1_331' title='bbox 585 3038 696 3087; x_wconf 86' lang='lat' dir='ltr'><strong>sius</strong></span> <span class='ocrx_word' id='word_1_332' title='bbox 728 3048 845 3087; x_wconf 88' lang='lat' dir='ltr'><strong>cum</strong></span> <span class='ocrx_word' id='word_1_333' title='bbox 878 3033 986 3085; x_wconf 84' lang='lat' dir='ltr'><strong>suis</strong></span> <span class='ocrx_word' id='word_1_334' title='bbox 1023 3030 1179 3085; x_wconf 90' lang='lat' dir='ltr'><strong>codd.</strong></span> <span class='ocrx_word' id='word_1_335' title='bbox 1224 3046 1284 3085; x_wconf 77' lang='lat' dir='ltr'><strong>ex</strong></span> <span class='ocrx_word' id='word_1_336' title='bbox 1329 3030 1526 3083; x_wconf 82' lang='lat' dir='ltr'><strong>nostris</strong></span> <span class='ocrx_word' id='word_1_337' title='bbox 1558 3028 1698 3081; x_wconf 85' lang='lat' dir='ltr'><strong>Vatt.</strong></span> <span class='ocrx_word' id='word_1_338' title='bbox 1733 3033 1796 3092; x_wconf 76' lang='grc' dir='ltr'><strong>Α,</strong></span> <span class='ocrx_word' id='word_1_339' title='bbox 1835 3030 1891 3093; x_wconf 82' lang='grc' dir='ltr'><strong>Β,</strong></span> <span class='ocrx_word' id='word_1_340' title='bbox 1924 3030 1961 3093; x_wconf 92' lang='lat' dir='ltr'><strong>l,</strong></span> <span class='ocrx_word' id='word_1_341' title='bbox 1991 3031 2053 3089; x_wconf 85' lang='grc' dir='ltr'><strong>υ,</strong></span> <span class='ocrx_word' id='word_1_342' title='bbox 2091 3029 2151 3091; x_wconf 81' lang='lat' dir='ltr'><strong>l’,</strong></span> 
     </span>
    </p>
   </div>
   <div class='ocr_carea' id='block_1_63' title="bbox 585 3098 2155 3170">
    <p class='ocr_par' dir='ltr' id='par_1_63' title="bbox 585 3098 2155 3170">
     <span class='ocr_line' id='line_1_63' title="bbox 585 3098 2155 3170; baseline -0.003 -13"><span class='ocrx_word' id='word_1_343' title='bbox 585 3105 760 3165; x_wconf 74' lang='lat' dir='ltr'><strong>Alex.,</strong></span> <span class='ocrx_word' id='word_1_344' title='bbox 796 3104 949 3170; x_wconf 82' lang='lat' dir='ltr'><strong>Prag.</strong></span> <span class='ocrx_word' id='word_1_345' title='bbox 983 3111 1036 3155; x_wconf 91' lang='lat' dir='ltr'><strong>et</strong></span> <span class='ocrx_word' id='word_1_346' title='bbox 1073 3101 1214 3161; x_wconf 84' lang='lat' dir='ltr'><strong>Rat.,</strong></span> <span class='ocrx_word' id='word_1_347' title='bbox 1268 3104 1315 3151; x_wconf 89' lang='lat' dir='ltr'><strong>in</strong></span> <span class='ocrx_word' id='word_1_348' title='bbox 1351 3116 1453 3165; x_wconf 79' lang='lat' dir='ltr'><strong>quo</strong></span> <span class='ocrx_word' id='word_1_349' title='bbox 1482 3101 1561 3162; x_wconf 67' lang='lat' dir='ltr'><strong>{ex</strong></span> <span class='ocrx_word' id='word_1_350' title='bbox 1598 3116 1623 3151; x_wconf 88' lang='lat' dir='ltr'><strong>e</strong></span> <span class='ocrx_word' id='word_1_351' title='bbox 1663 3098 1858 3170; x_wconf 69' lang='lat' dir='ltr'><strong>fit-tum</strong></span> <span class='ocrx_word' id='word_1_352' title='bbox 1894 3110 1974 3152; x_wconf 88' lang='lat' dir='ltr'><strong>est</strong></span> <span class='ocrx_word' id='word_1_353' title='bbox 2015 3099 2155 3170; x_wconf 20' lang='lat' dir='ltr'><strong>aiab</strong></span> 
     </span>
    </p>
   </div>
   <div class='ocr_carea' id='block_1_64' title="bbox 585 3168 2228 3252">
    <p class='ocr_par' dir='ltr' id='par_1_64' title="bbox 585 3168 2228 3252">
     <span class='ocr_line' id='line_1_64' title="bbox 585 3168 2228 3252; baseline -0.002 -27"><span class='ocrx_word' id='word_1_354' title='bbox 585 3168 1120 3252; x_wconf 61' lang='lat' dir='ltr'><strong>ineptocorreptore.</strong></span> <span class='ocrx_word' id='word_1_355' title='bbox 1152 3170 1403 3252; x_wconf 32' lang='lat' dir='ltr'><strong>Dens-utut:</strong></span> <span class='ocrx_word' id='word_1_356' title='bbox 1429 3171 1607 3252; x_wconf 68' lang='lat' dir='ltr'><strong>legunt</strong></span> <span class='ocrx_word' id='word_1_357' title='bbox 1631 3168 1775 3252; x_wconf 38' lang='lat' dir='ltr'><strong>Alii.)</strong></span> <span class='ocrx_word' id='word_1_358' title='bbox 1801 3168 2012 3250; x_wconf 27' lang='lat' dir='ltr'><strong>Charus,</strong></span> <span class='ocrx_word' id='word_1_359' title='bbox 2037 3169 2149 3252; x_wconf 53' lang='lat' dir='ltr'><strong>gis.</strong></span> <span class='ocrx_word' id='word_1_360' title='bbox 2184 3191 2228 3252; x_wconf 67' lang='grc' dir='ltr'><strong>ρ</strong></span> 
     </span>
    </p>
   </div>
   <div class='ocr_carea' id='block_1_65' title="bbox 586 3236 2149 3310">
    <p class='ocr_par' dir='ltr' id='par_1_65' title="bbox 586 3236 2149 3310">
     <span class='ocr_line' id='line_1_65' title="bbox 586 3236 2149 3310; baseline -0.001 -16"><span class='ocrx_word' id='word_1_361' title='bbox 586 3244 639 3295; x_wconf 95' lang='lat' dir='ltr'><strong>in</strong></span> <span class='ocrx_word' id='word_1_362' title='bbox 672 3236 695 3297; x_wconf 69' lang='grc' dir='ltr'>ί</span> <span class='ocrx_word' id='word_1_363' title='bbox 732 3244 885 3303; x_wconf 81' lang='lat' dir='ltr'><strong>edit.,</strong></span> <span class='ocrx_word' id='word_1_364' title='bbox 916 3236 1258 3310; x_wconf 10' lang='lat' dir='ltr'><strong>quotliexslat</strong></span> <span class='ocrx_word' id='word_1_365' title='bbox 1282 3243 1331 3292; x_wconf 91' lang='lat' dir='ltr'><strong>in</strong></span> <span class='ocrx_word' id='word_1_366' title='bbox 1361 3239 1634 3310; x_wconf 82' lang='lat' dir='ltr'><strong>Urbinatc.</strong></span> <span class='ocrx_word' id='word_1_367' title='bbox 1678 3236 1914 3310; x_wconf 65' lang='lat' dir='ltr'><strong>GifanTus</strong></span> <span class='ocrx_word' id='word_1_368' title='bbox 1950 3240 2009 3310; x_wconf 82' lang='lat' dir='ltr'><strong>in</strong></span> <span class='ocrx_word' id='word_1_369' title='bbox 2041 3239 2149 3292; x_wconf 81' lang='lat' dir='ltr'><strong>ltiti.</strong></span> 
     </span>
    </p>
   </div>
   <div class='ocr_carea' id='block_1_66' title="bbox 586 3308 2147 3375">
    <p class='ocr_par' dir='ltr' id='par_1_66' title="bbox 586 3308 2147 3375">
     <span class='ocr_line' id='line_1_66' title="bbox 586 3308 2147 3375; baseline -0.003 -9"><span class='ocrx_word' id='word_1_370' title='bbox 586 3313 822 3373; x_wconf 80' lang='lat' dir='ltr'><strong>Lucret.,</strong></span> <span class='ocrx_word' id='word_1_371' title='bbox 855 3308 1015 3363; x_wconf 79' lang='lat' dir='ltr'><strong>verbo</strong></span> <span class='ocrx_word' id='word_1_372' title='bbox 1044 3309 1285 3372; x_wconf 77' lang='lat' dir='ltr'><strong>Densere,</strong></span> <span class='ocrx_word' id='word_1_373' title='bbox 1321 3308 1572 3373; x_wconf 81' lang='lat' dir='ltr'><strong>notat,.in</strong></span> <span class='ocrx_word' id='word_1_374' title='bbox 1606 3308 1918 3373; x_wconf 84' lang='lat' dir='ltr'><strong>quibusdam</strong></span> <span class='ocrx_word' id='word_1_375' title='bbox 1947 3309 2147 3375; x_wconf 81' lang='lat' dir='ltr'><strong>Virgilii</strong></span> 
     </span>
    </p>
   </div>
   <div class='ocr_carea' id='block_1_67' title="bbox 586 3378 2154 3447">
    <p class='ocr_par' dir='ltr' id='par_1_67' title="bbox 586 3378 2154 3447">
     <span class='ocr_line' id='line_1_67' title="bbox 586 3378 2154 3447; baseline -0.001 -12"><span class='ocrx_word' id='word_1_376' title='bbox 586 3384 716 3435; x_wconf 90' lang='lat' dir='ltr'><strong>locis</strong></span> <span class='ocrx_word' id='word_1_377' title='bbox 748 3381 997 3435; x_wconf 88' lang='lat' dir='ltr'><strong>mendose</strong></span> <span class='ocrx_word' id='word_1_378' title='bbox 1024 3381 1121 3447; x_wconf 85' lang='lat' dir='ltr'><strong>legi</strong></span> <span class='ocrx_word' id='word_1_379' title='bbox 1154 3380 1364 3432; x_wconf 66' lang='lat' dir='ltr'><strong>domare</strong></span> <span class='ocrx_word' id='word_1_380' title='bbox 1392 3394 1485 3442; x_wconf 88' lang='lat' dir='ltr'><strong>pro</strong></span> <span class='ocrx_word' id='word_1_381' title='bbox 1517 3379 1741 3431; x_wconf 84' lang='lat' dir='ltr'><strong>densere.</strong></span> <span class='ocrx_word' id='word_1_382' title='bbox 1769 3378 1965 3432; x_wconf 88' lang='lat' dir='ltr'><strong>Eodem</strong></span> <span class='ocrx_word' id='word_1_383' title='bbox 1992 3380 2154 3433; x_wconf 86' lang='lat' dir='ltr'><strong>verbo</strong></span> 
     </span>
    </p>
   </div>
   <div class='ocr_carea' id='block_1_68' title="bbox 588 3448 2152 3514">
    <p class='ocr_par' dir='ltr' id='par_1_68' title="bbox 588 3448 2152 3514">
     <span class='ocr_line' id='line_1_68' title="bbox 588 3448 2152 3514; baseline -0.001 -11"><span class='ocrx_word' id='word_1_384' title='bbox 588 3453 794 3505; x_wconf 84' lang='lat' dir='ltr'><strong>densere</strong></span> <span class='ocrx_word' id='word_1_385' title='bbox 824 3452 985 3505; x_wconf 85' lang='lat' dir='ltr'><strong>utitur</strong></span> <span class='ocrx_word' id='word_1_386' title='bbox 1009 3450 1278 3511; x_wconf 85' lang='lat' dir='ltr'><strong>Horatius,</strong></span> <span class='ocrx_word' id='word_1_387' title='bbox 1302 3448 1541 3512; x_wconf 83' lang='lat' dir='ltr'><strong>Ovidius,</strong></span> <span class='ocrx_word' id='word_1_388' title='bbox 1574 3458 1624 3500; x_wconf 90' lang='lat' dir='ltr'><strong>et</strong></span> <span class='ocrx_word' id='word_1_389' title='bbox 1672 3463 1815 3514; x_wconf 65' lang='lat' dir='ltr'><strong>saepe</strong></span> <span class='ocrx_word' id='word_1_390' title='bbox 1855 3448 2152 3502; x_wconf 84' lang='lat' dir='ltr'><strong>Lucretius.</strong></span> 
     </span>
    </p>
   </div>
   <div class='ocr_carea' id='block_1_69' title="bbox 587 3518 2151 3576">
    <p class='ocr_par' dir='ltr' id='par_1_69' title="bbox 587 3518 2151 3576">
     <span class='ocr_line' id='line_1_69' title="bbox 587 3518 2151 3576; baseline 0 -3"><span class='ocrx_word' id='word_1_391' title='bbox 587 3522 810 3576; x_wconf 86' lang='lat' dir='ltr'><strong>Codices</strong></span> <span class='ocrx_word' id='word_1_392' title='bbox 839 3536 1024 3574; x_wconf 88' lang='lat' dir='ltr'><strong>omnes</strong></span> <span class='ocrx_word' id='word_1_393' title='bbox 1057 3518 1249 3573; x_wconf 80' lang='lat' dir='ltr'><strong>habent</strong></span> <span class='ocrx_word' id='word_1_394' title='bbox 1281 3518 1424 3571; x_wconf 84' lang='lat' dir='ltr'><strong>turba</strong></span> <span class='ocrx_word' id='word_1_395' title='bbox 1452 3520 1503 3571; x_wconf 92' lang='lat' dir='ltr'><strong>in</strong></span> <span class='ocrx_word' id='word_1_396' title='bbox 1538 3519 1638 3571; x_wconf 91' lang='lat' dir='ltr'><strong>hoc</strong></span> <span class='ocrx_word' id='word_1_397' title='bbox 1671 3518 1938 3571; x_wconf 88' lang='lat' dir='ltr'><strong>Prudentii</strong></span> <span class='ocrx_word' id='word_1_398' title='bbox 1971 3533 2151 3573; x_wconf 90' lang='lat' dir='ltr'><strong>versu.</strong></span> 
     </span>
    </p>
   </div>
   <div class='ocr_carea' id='block_1_70' title="bbox 587 3588 2156 3657">
    <p class='ocr_par' dir='ltr' id='par_1_70' title="bbox 587 3588 2156 3657">
     <span class='ocr_line' id='line_1_70' title="bbox 587 3588 2156 3657; baseline -0.003 -10"><span class='ocrx_word' id='word_1_399' title='bbox 587 3588 886 3647; x_wconf 85' lang='lat' dir='ltr'><strong>Gronovius</strong></span> <span class='ocrx_word' id='word_1_400' title='bbox 911 3602 1075 3643; x_wconf 86' lang='lat' dir='ltr'><strong>turma</strong></span> <span class='ocrx_word' id='word_1_401' title='bbox 1102 3589 1336 3656; x_wconf 79' lang='lat' dir='ltr'><strong>reposuit</strong></span> <span class='ocrx_word' id='word_1_402' title='bbox 1362 3604 1427 3643; x_wconf 81' lang='lat' dir='ltr'><strong>ex</strong></span> <span class='ocrx_word' id='word_1_403' title='bbox 1454 3589 1777 3656; x_wconf 86' lang='lat' dir='ltr'><strong>conjectura,</strong></span> <span class='ocrx_word' id='word_1_404' title='bbox 1801 3604 1917 3657; x_wconf 65' lang='lat' dir='ltr'><strong>quae</strong></span> <span class='ocrx_word' id='word_1_405' title='bbox 1942 3588 2156 3642; x_wconf 85' lang='lat' dir='ltr'><strong>Heinsio</strong></span> 
     </span>
    </p>
   </div>
   <div class='ocr_carea' id='block_1_71' title="bbox 587 3659 2150 3731">
    <p class='ocr_par' dir='ltr' id='par_1_71' title="bbox 587 3659 2150 3731">
     <span class='ocr_line' id='line_1_71' title="bbox 587 3659 2150 3731; baseline -0.001 -16"><span class='ocrx_word' id='word_1_406' title='bbox 587 3664 854 3731; x_wconf 84' lang='lat' dir='ltr'><strong>placebat.</strong></span> <span class='ocrx_word' id='word_1_407' title='bbox 907 3662 1011 3717; x_wconf 88' lang='lat' dir='ltr'><strong>Sed</strong></span> <span class='ocrx_word' id='word_1_408' title='bbox 1054 3660 1469 3729; x_wconf 73' lang='lat' dir='ltr'><strong>repugnantibus</strong></span> <span class='ocrx_word' id='word_1_409' title='bbox 1520 3659 1967 3731; x_wconf 87' lang='lat' dir='ltr'><strong>omnibuscodd.</strong></span> <span class='ocrx_word' id='word_1_410' title='bbox 2017 3660 2150 3731; x_wconf 88' lang='lat' dir='ltr'><strong>nihil</strong></span> 
     </span>
    </p>
   </div>
   <div class='ocr_carea' id='block_1_72' title="bbox 587 3730 2156 3795">
    <p class='ocr_par' dir='ltr' id='par_1_72' title="bbox 587 3730 2156 3795">
     <span class='ocr_line' id='line_1_72' title="bbox 587 3730 2156 3795; baseline -0.001 -10"><span class='ocrx_word' id='word_1_411' title='bbox 587 3730 758 3787; x_wconf 79' lang='lat' dir='ltr'><strong>ausim</strong></span> <span class='ocrx_word' id='word_1_412' title='bbox 815 3743 1035 3787; x_wconf 87' lang='lat' dir='ltr'><strong>mutare.</strong></span> <span class='ocrx_word' id='word_1_413' title='bbox 1087 3732 1220 3795; x_wconf 84' lang='lat' dir='ltr'><strong>Quid</strong></span> <span class='ocrx_word' id='word_1_414' title='bbox 1266 3732 1407 3785; x_wconf 88' lang='lat' dir='ltr'><strong>enim</strong></span> <span class='ocrx_word' id='word_1_415' title='bbox 1450 3732 1493 3785; x_wconf 92' lang='lat' dir='ltr'><strong>si</strong></span> <span class='ocrx_word' id='word_1_416' title='bbox 1543 3730 1861 3783; x_wconf 80' lang='lat' dir='ltr'><strong>Prudentius</strong></span> <span class='ocrx_word' id='word_1_417' title='bbox 1908 3730 2156 3784; x_wconf 78' lang='lat' dir='ltr'><strong>consulto</strong></span> 
     </span>
    </p>
   </div>
   <div class='ocr_carea' id='block_1_73' title="bbox 589 3799 2154 3872">
    <p class='ocr_par' dir='ltr' id='par_1_73' title="bbox 589 3799 2154 3872">
     <span class='ocr_line' id='line_1_73' title="bbox 589 3799 2154 3872; baseline -0.001 -16"><span class='ocrx_word' id='word_1_418' title='bbox 589 3806 734 3857; x_wconf 87' lang='lat' dir='ltr'><strong>turba</strong></span> <span class='ocrx_word' id='word_1_419' title='bbox 766 3804 937 3872; x_wconf 88' lang='lat' dir='ltr'><strong>posuit</strong></span> <span class='ocrx_word' id='word_1_420' title='bbox 963 3802 1028 3857; x_wconf 90' lang='lat' dir='ltr'><strong>ad</strong></span> <span class='ocrx_word' id='word_1_421' title='bbox 1062 3803 1412 3856; x_wconf 87' lang='lat' dir='ltr'><strong>turbationem</strong></span> <span class='ocrx_word' id='word_1_422' title='bbox 1445 3801 1642 3871; x_wconf 90' lang='lat' dir='ltr'><strong>populi,</strong></span> <span class='ocrx_word' id='word_1_423' title='bbox 1666 3817 1729 3855; x_wconf 88' lang='lat' dir='ltr'><strong>ac</strong></span> <span class='ocrx_word' id='word_1_424' title='bbox 1756 3799 2154 3855; x_wconf 86' lang='lat' dir='ltr'><strong>tmnultuariunt</strong></span> 
     </span>
    </p>
   </div>
   <div class='ocr_carea' id='block_1_74' title="bbox 588 3873 2041 3929">
    <p class='ocr_par' dir='ltr' id='par_1_74' title="bbox 588 3873 2041 3929">
     <span class='ocr_line' id='line_1_74' title="bbox 588 3873 2041 3929; baseline -0.003 -1"><span class='ocrx_word' id='word_1_425' title='bbox 588 3879 883 3929; x_wconf 75' lang='lat' dir='ltr'><strong>exercitum</strong></span> <span class='ocrx_word' id='word_1_426' title='bbox 906 3873 1351 3929; x_wconf 73' lang='lat' dir='ltr'><strong>siunilicaudum?</strong></span> <span class='ocrx_word' id='word_1_427' title='bbox 2038 3878 2041 3887; x_wconf 86' lang='lat'><strong>‘</strong></span> 
     </span>
    </p>
   </div>
   <div class='ocr_carea' id='block_1_75' title="bbox 660 3942 2154 4009">
    <p class='ocr_par' dir='ltr' id='par_1_75' title="bbox 660 3942 2154 4009">
     <span class='ocr_line' id='line_1_75' title="bbox 660 3942 2154 4009; baseline -0.001 -13"><span class='ocrx_word' id='word_1_428' title='bbox 660 3946 751 4002; x_wconf 65' lang='lat'><strong>54.</strong></span> <span class='ocrx_word' id='word_1_429' title='bbox 784 3945 923 3997; x_wconf 89' lang='lat' dir='ltr'><strong>Idem</strong></span> <span class='ocrx_word' id='word_1_430' title='bbox 954 3942 1272 4007; x_wconf 87' lang='lat' dir='ltr'><strong>Gronovius,</strong></span> <span class='ocrx_word' id='word_1_431' title='bbox 1297 3943 1521 3997; x_wconf 88' lang='lat' dir='ltr'><strong>Observ.</strong></span> <span class='ocrx_word' id='word_1_432' title='bbox 1560 3942 1754 3995; x_wconf 80' lang='lat' dir='ltr'><strong>eccles.</strong></span> <span class='ocrx_word' id='word_1_433' title='bbox 1793 3956 1911 4009; x_wconf 91' lang='lat' dir='ltr'><strong>cap.</strong></span> <span class='ocrx_word' id='word_1_434' title='bbox 1939 3943 1990 4008; x_wconf 82' lang='lat'><strong>5,</strong></span> <span class='ocrx_word' id='word_1_435' title='bbox 2025 3958 2154 3997; x_wconf 89' lang='lat' dir='ltr'><strong>con-</strong></span> 
     </span>
    </p>
   </div>
   <div class='ocr_carea' id='block_1_76' title="bbox 588 4010 2156 4080">
    <p class='ocr_par' dir='ltr' id='par_1_76' title="bbox 588 4010 2156 4080">
     <span class='ocr_line' id='line_1_76' title="bbox 588 4010 2156 4080; baseline 0.001 -16"><span class='ocrx_word' id='word_1_436' title='bbox 588 4012 723 4080; x_wconf 87' lang='lat' dir='ltr'><strong>jicit,</strong></span> <span class='ocrx_word' id='word_1_437' title='bbox 755 4015 949 4065; x_wconf 84' lang='lat' dir='ltr'><strong>Currus</strong></span> <span class='ocrx_word' id='word_1_438' title='bbox 980 4030 1097 4080; x_wconf 83' lang='lat' dir='ltr'><strong>pars</strong></span> <span class='ocrx_word' id='word_1_439' title='bbox 1138 4022 1187 4067; x_wconf 88' lang='lat' dir='ltr'><strong>et</strong></span> <span class='ocrx_word' id='word_1_440' title='bbox 1222 4014 1360 4080; x_wconf 75' lang='lat' dir='ltr'><strong>equis</strong></span> <span class='ocrx_word' id='word_1_441' title='bbox 1408 4022 1453 4065; x_wconf 86' lang='lat' dir='ltr'><strong>et</strong></span> <span class='ocrx_word' id='word_1_442' title='bbox 1493 4014 1717 4065; x_wconf 80' lang='lat' dir='ltr'><strong>volucres</strong></span> <span class='ocrx_word' id='word_1_443' title='bbox 1746 4014 1872 4065; x_wconf 86' lang='lat' dir='ltr'><strong>rotis</strong></span> <span class='ocrx_word' id='word_1_444' title='bbox 1902 4010 2156 4066; x_wconf 85' lang='lat' dir='ltr'><strong>Conscen-</strong></span> 
     </span>
    </p>
   </div>
   <div class='ocr_carea' id='block_1_77' title="bbox 590 4082 2157 4153">
    <p class='ocr_par' dir='ltr' id='par_1_77' title="bbox 590 4082 2157 4153">
     <span class='ocr_line' id='line_1_77' title="bbox 590 4082 2157 4153; baseline 0.004 -22"><span class='ocrx_word' id='word_1_445' title='bbox 590 4082 715 4133; x_wconf 85' lang='lat' dir='ltr'><strong>dunt</strong></span> <span class='ocrx_word' id='word_1_446' title='bbox 737 4084 939 4153; x_wconf 82' lang='lat' dir='ltr'><strong>celeres,</strong></span> <span class='ocrx_word' id='word_1_447' title='bbox 973 4084 1217 4153; x_wconf 86' lang='lat' dir='ltr'><strong>nimirum</strong></span> <span class='ocrx_word' id='word_1_448' title='bbox 1247 4084 1607 4153; x_wconf 81' lang='lat' dir='ltr'><strong>conscendunt</strong></span> <span class='ocrx_word' id='word_1_449' title='bbox 1636 4097 1825 4136; x_wconf 91' lang='lat' dir='ltr'><strong>currus</strong></span> <span class='ocrx_word' id='word_1_450' title='bbox 1854 4091 1900 4153; x_wconf 72' lang='lat' dir='ltr'><strong>et</strong></span> <span class='ocrx_word' id='word_1_451' title='bbox 1927 4084 2086 4153; x_wconf 81' lang='lat' dir='ltr'><strong>equis,</strong></span> <span class='ocrx_word' id='word_1_452' title='bbox 2112 4092 2157 4137; x_wconf 87' lang='lat' dir='ltr'><strong>et</strong></span> 
     </span>
    </p>
   </div>
   <div class='ocr_carea' id='block_1_78' title="bbox 590 4152 2155 4219">
    <p class='ocr_par' dir='ltr' id='par_1_78' title="bbox 590 4152 2155 4219">
     <span class='ocr_line' id='line_1_78' title="bbox 590 4152 2155 4219; baseline 0.004 -18"><span class='ocrx_word' id='word_1_453' title='bbox 590 4153 711 4202; x_wconf 84' lang='lat' dir='ltr'><strong>rotis</strong></span> <span class='ocrx_word' id='word_1_454' title='bbox 736 4152 983 4213; x_wconf 78' lang='lat' dir='ltr'><strong>volucres,</strong></span> <span class='ocrx_word' id='word_1_455' title='bbox 1015 4152 1153 4219; x_wconf 71' lang='grc' dir='ltr'><strong>ηιμ-(Ι</strong></span> <span class='ocrx_word' id='word_1_456' title='bbox 1188 4152 1381 4218; x_wconf 88' lang='lat' dir='ltr'><strong>pariter</strong></span> <span class='ocrx_word' id='word_1_457' title='bbox 1400 4152 1615 4205; x_wconf 86' lang='lat' dir='ltr'><strong>Heinsio</strong></span> <span class='ocrx_word' id='word_1_458' title='bbox 1636 4153 1832 4205; x_wconf 91' lang='lat' dir='ltr'><strong>arrisit.</strong></span> <span class='ocrx_word' id='word_1_459' title='bbox 1858 4152 2155 4208; x_wconf 84' lang='lat' dir='ltr'><strong>Retinenda</strong></span> 
     </span>
    </p>
   </div>
   <div class='ocr_carea' id='block_1_79' title="bbox 590 4220 2159 4288">
    <p class='ocr_par' dir='ltr' id='par_1_79' title="bbox 590 4220 2159 4288">
     <span class='ocr_line' id='line_1_79' title="bbox 590 4220 2159 4288; baseline 0.002 -15"><span class='ocrx_word' id='word_1_460' title='bbox 590 4230 669 4273; x_wconf 89' lang='lat' dir='ltr'><strong>est</strong></span> <span class='ocrx_word' id='word_1_461' title='bbox 697 4231 849 4275; x_wconf 88' lang='lat' dir='ltr'><strong>vetus</strong></span> <span class='ocrx_word' id='word_1_462' title='bbox 877 4220 1051 4279; x_wconf 91' lang='lat' dir='ltr'><strong>lectio.</strong></span> <span class='ocrx_word' id='word_1_463' title='bbox 1077 4236 1194 4287; x_wconf 78' lang='lat' dir='ltr'><strong>qua:</strong></span> <span class='ocrx_word' id='word_1_464' title='bbox 1226 4222 1487 4288; x_wconf 82' lang='lat' dir='ltr'><strong>elegantia</strong></span> <span class='ocrx_word' id='word_1_465' title='bbox 1519 4222 1721 4288; x_wconf 87' lang='lat' dir='ltr'><strong>poetica</strong></span> <span class='ocrx_word' id='word_1_466' title='bbox 1755 4238 1859 4274; x_wconf 90' lang='lat' dir='ltr'><strong>non</strong></span> <span class='ocrx_word' id='word_1_467' title='bbox 1888 4235 2054 4287; x_wconf 88' lang='lat' dir='ltr'><strong>caret,</strong></span> <span class='ocrx_word' id='word_1_468' title='bbox 2104 4236 2159 4277; x_wconf 91' lang='lat' dir='ltr'><strong>et</strong></span> 
     </span>
    </p>
   </div>
   <div class='ocr_carea' id='block_1_80' title="bbox 592 4290 2155 4362">
    <p class='ocr_par' dir='ltr' id='par_1_80' title="bbox 592 4290 2155 4362">
     <span class='ocr_line' id='line_1_80' title="bbox 592 4290 2155 4362; baseline 0.003 -20"><span class='ocrx_word' id='word_1_469' title='bbox 592 4291 995 4362; x_wconf 67' lang='lat' dir='ltr'><strong>trepidationem</strong></span> <span class='ocrx_word' id='word_1_470' title='bbox 1030 4290 1400 4362; x_wconf 62' lang='lat' dir='ltr'><strong>Egyptiorum</strong></span> <span class='ocrx_word' id='word_1_471' title='bbox 1430 4291 1726 4362; x_wconf 20' lang='lat' dir='ltr'><strong>exprimit.”</strong></span> <span class='ocrx_word' id='word_1_472' title='bbox 1752 4292 1995 4362; x_wconf 75' lang='lat' dir='ltr'><strong>Heinsius</strong></span> <span class='ocrx_word' id='word_1_473' title='bbox 2029 4293 2155 4346; x_wconf 86' lang='lat' dir='ltr'><strong>nihil</strong></span> 
     </span>
    </p>
   </div>
   <div class='ocr_carea' id='block_1_81' title="bbox 592 4360 2154 4430">
    <p class='ocr_par' dir='ltr' id='par_1_81' title="bbox 592 4360 2154 4430">
     <span class='ocr_line' id='line_1_81' title="bbox 592 4360 2154 4430; baseline 0.003 -19"><span class='ocrx_word' id='word_1_474' title='bbox 592 4360 1731 4430; x_wconf 37' lang='lat' dir='ltr'><strong>mutavit,Cel’lariusconjecturasGronovii</strong></span> <span class='ocrx_word' id='word_1_475' title='bbox 1755 4361 2033 4430; x_wconf 80' lang='lat' dir='ltr'><strong>amplexus</strong></span> <span class='ocrx_word' id='word_1_476' title='bbox 2053 4372 2154 4416; x_wconf 90' lang='lat' dir='ltr'><strong>est.</strong></span> 
     </span>
    </p>
   </div>
   <div class='ocr_carea' id='block_1_82' title="bbox 663 4428 2159 4498">
    <p class='ocr_par' dir='ltr' id='par_1_82' title="bbox 663 4428 2159 4498">
     <span class='ocr_line' id='line_1_82' title="bbox 663 4428 2159 4498; baseline 0.001 -13"><span class='ocrx_word' id='word_1_477' title='bbox 663 4430 752 4485; x_wconf 88' lang='lat'><strong>56.</strong></span> <span class='ocrx_word' id='word_1_478' title='bbox 788 4428 1064 4495; x_wconf 84' lang='lat' dir='ltr'><strong>Dracones,</strong></span> <span class='ocrx_word' id='word_1_479' title='bbox 1098 4431 1184 4498; x_wconf 90' lang='lat' dir='ltr'><strong>qui</strong></span> <span class='ocrx_word' id='word_1_480' title='bbox 1213 4439 1333 4497; x_wconf 85' lang='lat' dir='ltr'><strong>post</strong></span> <span class='ocrx_word' id='word_1_481' title='bbox 1375 4429 1585 4497; x_wconf 76' lang='lat' dir='ltr'><strong>Traiani</strong></span> <span class='ocrx_word' id='word_1_482' title='bbox 1632 4428 1869 4497; x_wconf 86' lang='lat' dir='ltr'><strong>tempora</strong></span> <span class='ocrx_word' id='word_1_483' title='bbox 1904 4446 1931 4481; x_wconf 85' lang='lat' dir='ltr'><strong>a</strong></span> <span class='ocrx_word' id='word_1_484' title='bbox 1966 4431 2159 4486; x_wconf 84' lang='lat' dir='ltr'><strong>Roma-</strong></span> 
     </span>
    </p>
   </div>
   <div class='ocr_carea' id='block_1_83' title="bbox 592 4499 2157 4571">
    <p class='ocr_par' dir='ltr' id='par_1_83' title="bbox 592 4499 2157 4571">
     <span class='ocr_line' id='line_1_83' title="bbox 592 4499 2157 4571; baseline 0.002 -19"><span class='ocrx_word' id='word_1_485' title='bbox 592 4499 675 4553; x_wconf 88' lang='lat' dir='ltr'><strong>nis</strong></span> <span class='ocrx_word' id='word_1_486' title='bbox 705 4502 754 4553; x_wconf 92' lang='lat' dir='ltr'><strong>in</strong></span> <span class='ocrx_word' id='word_1_487' title='bbox 780 4501 981 4555; x_wconf 83' lang='lat' dir='ltr'><strong>bellicis</strong></span> <span class='ocrx_word' id='word_1_488' title='bbox 1006 4502 1169 4571; x_wconf 77' lang='lat' dir='ltr'><strong>signis</strong></span> <span class='ocrx_word' id='word_1_489' title='bbox 1196 4500 1414 4571; x_wconf 87' lang='lat' dir='ltr'><strong>adhibiti</strong></span> <span class='ocrx_word' id='word_1_490' title='bbox 1439 4508 1584 4563; x_wconf 90' lang='lat' dir='ltr'><strong>sunt,</strong></span> <span class='ocrx_word' id='word_1_491' title='bbox 1613 4506 1763 4571; x_wconf 69' lang='lat' dir='ltr'><strong>poeta</strong></span> <span class='ocrx_word' id='word_1_492' title='bbox 1786 4500 1851 4552; x_wconf 92' lang='lat' dir='ltr'><strong>ad</strong></span> <span class='ocrx_word' id='word_1_493' title='bbox 1877 4500 2157 4571; x_wconf 62' lang='lat' dir='ltr'><strong>Egyptios</strong></span> 
     </span>
    </p>
   </div>
   <div class='ocr_carea' id='block_1_84' title="bbox 594 4568 2157 4640">
    <p class='ocr_par' dir='ltr' id='par_1_84' title="bbox 594 4568 2157 4640">
     <span class='ocr_line' id='line_1_84' title="bbox 594 4568 2157 4640; baseline 0.002 -17"><span class='ocrx_word' id='word_1_494' title='bbox 594 4573 864 4634; x_wconf 81' lang='lat' dir='ltr'><strong>transfert,</strong></span> <span class='ocrx_word' id='word_1_495' title='bbox 896 4568 1168 4640; x_wconf 63' lang='grc' dir='ltr'><strong>[τοροὲίὺὶ</strong></span> <span class='ocrx_word' id='word_1_496' title='bbox 1196 4568 1464 4639; x_wconf 81' lang='lat' dir='ltr'><strong>familiari,</strong></span> <span class='ocrx_word' id='word_1_497' title='bbox 1500 4572 1573 4621; x_wconf 82' lang='lat' dir='ltr'><strong>uit</strong></span> <span class='ocrx_word' id='word_1_498' title='bbox 1610 4568 1897 4640; x_wconf 51' lang='lat' dir='ltr'><strong>Girelinus.</strong></span> <span class='ocrx_word' id='word_1_499' title='bbox 1942 4568 2157 4627; x_wconf 78' lang='lat' dir='ltr'><strong>scilicet</strong></span> 
     </span>
    </p>
   </div>
   <div class='ocr_carea' id='block_1_85' title="bbox 593 4638 2153 4709">
    <p class='ocr_par' dir='ltr' id='par_1_85' title="bbox 593 4638 2153 4709">
     <span class='ocr_line' id='line_1_85' title="bbox 593 4638 2153 4709; baseline 0.004 -20"><span class='ocrx_word' id='word_1_500' title='bbox 593 4641 841 4695; x_wconf 76' lang='lat' dir='ltr'><strong>dracones</strong></span> <span class='ocrx_word' id='word_1_501' title='bbox 872 4638 1019 4708; x_wconf 88' lang='lat' dir='ltr'><strong>ponit</strong></span> <span class='ocrx_word' id='word_1_502' title='bbox 1048 4655 1142 4709; x_wconf 91' lang='lat' dir='ltr'><strong>pro</strong></span> <span class='ocrx_word' id='word_1_503' title='bbox 1170 4638 1347 4693; x_wconf 80' lang='lat' dir='ltr'><strong>vexilli</strong></span> <span class='ocrx_word' id='word_1_504' title='bbox 1376 4640 1689 4707; x_wconf 86' lang='lat' dir='ltr'><strong>insignibus.</strong></span> <span class='ocrx_word' id='word_1_505' title='bbox 1734 4638 1808 4691; x_wconf 90' lang='lat' dir='ltr'><strong>De</strong></span> <span class='ocrx_word' id='word_1_506' title='bbox 1837 4640 1937 4693; x_wconf 90' lang='lat' dir='ltr'><strong>hoc</strong></span> <span class='ocrx_word' id='word_1_507' title='bbox 1967 4642 2153 4697; x_wconf 87' lang='lat' dir='ltr'><strong>draco-</strong></span> 
     </span>
    </p>
   </div>
   <div class='ocr_carea' id='block_1_86' title="bbox 590 4710 1938 4782">
    <p class='ocr_par' dir='ltr' id='par_1_86' title="bbox 590 4710 1938 4782">
     <span class='ocr_line' id='line_1_86' title="bbox 590 4710 1938 4782; baseline -0.001 -17"><span class='ocrx_word' id='word_1_508' title='bbox 590 4728 714 4766; x_wconf 87' lang='lat' dir='ltr'><strong>num</strong></span> <span class='ocrx_word' id='word_1_509' title='bbox 738 4726 833 4765; x_wconf 91' lang='lat' dir='ltr'><strong>usu</strong></span> <span class='ocrx_word' id='word_1_510' title='bbox 855 4713 973 4766; x_wconf 90' lang='lat' dir='ltr'><strong>vide</strong></span> <span class='ocrx_word' id='word_1_511' title='bbox 1001 4712 1253 4782; x_wconf 87' lang='lat' dir='ltr'><strong>hymnum</strong></span> <span class='ocrx_word' id='word_1_512' title='bbox 1294 4714 1308 4763; x_wconf 90' lang='grc' dir='ltr'><strong>Ι</strong></span> <span class='ocrx_word' id='word_1_513' title='bbox 1333 4710 1652 4782; x_wconf 83' lang='lat' dir='ltr'><strong>Peristeph.,</strong></span> <span class='ocrx_word' id='word_1_514' title='bbox 1679 4723 1819 4782; x_wconf 83' lang='lat' dir='ltr'><strong>vers.</strong></span> <span class='ocrx_word' id='word_1_515' title='bbox 1848 4710 1938 4764; x_wconf 80' lang='lat'><strong>55.</strong></span> 
     </span>
    </p>
   </div>
   <div class='ocr_carea' id='block_1_87' title="bbox 662 4780 2149 4852">
    <p class='ocr_par' dir='ltr' id='par_1_87' title="bbox 662 4780 2149 4852">
     <span class='ocr_line' id='line_1_87' title="bbox 662 4780 2149 4852; baseline 0 -17"><span class='ocrx_word' id='word_1_516' title='bbox 662 4784 749 4837; x_wconf 91' lang='lat'><strong>57.</strong></span> <span class='ocrx_word' id='word_1_517' title='bbox 783 4783 957 4836; x_wconf 84' lang='lat' dir='ltr'><strong>Nostri</strong></span> <span class='ocrx_word' id='word_1_518' title='bbox 985 4780 1120 4846; x_wconf 78' lang='lat' dir='ltr'><strong>hinc,</strong></span> <span class='ocrx_word' id='word_1_519' title='bbox 1150 4782 1248 4834; x_wconf 86' lang='lat' dir='ltr'><strong>nisi</strong></span> <span class='ocrx_word' id='word_1_520' title='bbox 1278 4781 1494 4852; x_wconf 65' lang='lat' dir='ltr'><strong>Quadiu</strong></span> <span class='ocrx_word' id='word_1_521' title='bbox 1525 4780 1877 4852; x_wconf 15' lang='lat' dir='ltr'><strong>Rat.»viiletur</strong></span> <span class='ocrx_word' id='word_1_522' title='bbox 1902 4795 2021 4834; x_wconf 90' lang='lat' dir='ltr'><strong>esse</strong></span> <span class='ocrx_word' id='word_1_523' title='bbox 2049 4784 2149 4835; x_wconf 84' lang='lat' dir='ltr'><strong>hic.</strong></span> 
     </span>
    </p>
   </div>
   <div class='ocr_carea' id='block_1_88' title="bbox 591 4850 2152 4920">
    <p class='ocr_par' dir='ltr' id='par_1_88' title="bbox 591 4850 2152 4920">
     <span class='ocr_line' id='line_1_88' title="bbox 591 4850 2152 4920; baseline 0.001 -15"><span class='ocrx_word' id='word_1_524' title='bbox 591 4852 784 4920; x_wconf 75' lang='lat' dir='ltr'><strong>Boug.,</strong></span> <span class='ocrx_word' id='word_1_525' title='bbox 816 4853 961 4916; x_wconf 83' lang='lat' dir='ltr'><strong>Ald.,</strong></span> <span class='ocrx_word' id='word_1_526' title='bbox 992 4852 1128 4915; x_wconf 88' lang='lat' dir='ltr'><strong>Gis.,</strong></span> <span class='ocrx_word' id='word_1_527' title='bbox 1163 4850 1307 4904; x_wconf 54' lang='lat' dir='ltr'><strong>hinc.</strong></span> <span class='ocrx_word' id='word_1_528' title='bbox 1337 4851 1440 4904; x_wconf 84' lang='lat' dir='ltr'><strong>Sed</strong></span> <span class='ocrx_word' id='word_1_529' title='bbox 1488 4850 1729 4904; x_wconf 87' lang='lat' dir='ltr'><strong>lleinsius</strong></span> <span class='ocrx_word' id='word_1_530' title='bbox 1770 4866 1890 4904; x_wconf 88' lang='lat' dir='ltr'><strong>cum</strong></span> <span class='ocrx_word' id='word_1_531' title='bbox 1920 4851 2033 4905; x_wconf 88' lang='lat' dir='ltr'><strong>suis</strong></span> <span class='ocrx_word' id='word_1_532' title='bbox 2060 4868 2152 4918; x_wconf 90' lang='lat' dir='ltr'><strong>po-</strong></span> 
     </span>
    </p>
   </div>
   <div class='ocr_carea' id='block_1_89' title="bbox 591 4920 2152 4989">
    <p class='ocr_par' dir='ltr' id='par_1_89' title="bbox 591 4920 2152 4989">
     <span class='ocr_line' id='line_1_89' title="bbox 591 4920 2152 4989; baseline 0.001 -15"><span class='ocrx_word' id='word_1_533' title='bbox 591 4926 835 4989; x_wconf 88' lang='lat' dir='ltr'><strong>toribus,</strong></span> <span class='ocrx_word' id='word_1_534' title='bbox 886 4932 942 4976; x_wconf 89' lang='lat' dir='ltr'><strong>et</strong></span> <span class='ocrx_word' id='word_1_535' title='bbox 973 4920 1191 4984; x_wconf 84' lang='lat' dir='ltr'><strong>Wcitz.,</strong></span> <span class='ocrx_word' id='word_1_536' title='bbox 1246 4923 1347 4974; x_wconf 87' lang='lat' dir='ltr'><strong>hic.</strong></span> <span class='ocrx_word' id='word_1_537' title='bbox 1400 4921 1748 4987; x_wconf 87' lang='lat' dir='ltr'><strong>Rotteudorp.</strong></span> <span class='ocrx_word' id='word_1_538' title='bbox 1799 4936 1897 4987; x_wconf 87' lang='lat' dir='ltr'><strong>pro</strong></span> <span class='ocrx_word' id='word_1_539' title='bbox 1943 4922 2152 4976; x_wconf 79' lang='lat' dir='ltr'><strong>diversa</strong></span> 
     </span>
    </p>
   </div>
   <div class='ocr_carea' id='block_1_90' title="bbox 590 4991 1975 5060">
    <p class='ocr_par' dir='ltr' id='par_1_90' title="bbox 590 4991 1975 5060">
     <span class='ocr_line' id='line_1_90' title="bbox 590 4991 1975 5060; baseline -0.001 -16"><span class='ocrx_word' id='word_1_540' title='bbox 590 4994 849 5056; x_wconf 89' lang='lat' dir='ltr'><strong>scriptura</strong></span> <span class='ocrx_word' id='word_1_541' title='bbox 880 4991 1038 5045; x_wconf 85' lang='lat' dir='ltr'><strong>libera</strong></span> <span class='ocrx_word' id='word_1_542' title='bbox 1066 4993 1182 5044; x_wconf 72' lang='lat' dir='ltr'><strong>loco</strong></span> <span class='ocrx_word' id='word_1_543' title='bbox 1211 4993 1399 5053; x_wconf 79' lang='lat' dir='ltr'><strong>nescia,</strong></span> <span class='ocrx_word' id='word_1_544' title='bbox 1428 4991 1654 5043; x_wconf 66' lang='lat' dir='ltr'><strong>fortasse</strong></span> <span class='ocrx_word' id='word_1_545' title='bbox 1684 5006 1750 5043; x_wconf 82' lang='lat' dir='ltr'><strong>ex</strong></span> <span class='ocrx_word' id='word_1_546' title='bbox 1779 4993 1975 5060; x_wconf 88' lang='lat' dir='ltr'><strong>glossa.</strong></span> 
     </span>
    </p>
   </div>
   <div class='ocr_carea' id='block_1_91' title="bbox 659 5061 1517 5130">
    <p class='ocr_par' dir='ltr' id='par_1_91' title="bbox 659 5061 1517 5130">
     <span class='ocr_line' id='line_1_91' title="bbox 659 5061 1517 5130; baseline 0.002 -17"><span class='ocrx_word' id='word_1_547' title='bbox 659 5062 747 5115; x_wconf 86' lang='lat'><strong>59.</strong></span> <span class='ocrx_word' id='word_1_548' title='bbox 784 5063 898 5115; x_wconf 85' lang='lat' dir='ltr'><strong>Vat.</strong></span> <span class='ocrx_word' id='word_1_549' title='bbox 931 5061 1013 5127; x_wconf 90' lang='lat' dir='ltr'><strong>B.,</strong></span> <span class='ocrx_word' id='word_1_550' title='bbox 1050 5077 1324 5130; x_wconf 77' lang='lat' dir='ltr'><strong>purpurea,</strong></span> <span class='ocrx_word' id='word_1_551' title='bbox 1361 5061 1517 5115; x_wconf 82' lang='lat' dir='ltr'><strong>male.</strong></span> 
     </span>
    </p>
   </div>
   <div class='ocr_carea' id='block_1_92' title="bbox 659 5130 2156 5201">
    <p class='ocr_par' dir='ltr' id='par_1_92' title="bbox 659 5130 2156 5201">
     <span class='ocr_line' id='line_1_92' title="bbox 659 5130 2156 5201; baseline 0.001 -18"><span class='ocrx_word' id='word_1_552' title='bbox 659 5131 746 5193; x_wconf 62' lang='lat' dir='ltr'><strong>6t),</strong></span> <span class='ocrx_word' id='word_1_553' title='bbox 783 5131 965 5185; x_wconf 82' lang='lat' dir='ltr'><strong>Graece</strong></span> <span class='ocrx_word' id='word_1_554' title='bbox 996 5146 1142 5185; x_wconf 88' lang='lat' dir='ltr'><strong>mare</strong></span> <span class='ocrx_word' id='word_1_555' title='bbox 1172 5132 1270 5185; x_wconf 91' lang='lat' dir='ltr'><strong>hoc</strong></span> <span class='ocrx_word' id='word_1_556' title='bbox 1292 5132 1485 5185; x_wconf 85' lang='lat' dir='ltr'><strong>dicitur</strong></span> <span class='ocrx_word' id='word_1_557' title='bbox 1512 5130 1871 5201; x_wconf 65' lang='lat' dir='ltr'><strong>Erythrmum.</strong></span> <span class='ocrx_word' id='word_1_558' title='bbox 1907 5130 2156 5185; x_wconf 83' lang='lat' dir='ltr'><strong>Nonnulli</strong></span> 
     </span>
    </p>
   </div>
   <div class='ocr_carea' id='block_1_93' title="bbox 593 5200 2157 5269">
    <p class='ocr_par' dir='ltr' id='par_1_93' title="bbox 593 5200 2157 5269">
     <span class='ocr_line' id='line_1_93' title="bbox 593 5200 2157 5269; baseline 0.002 -16"><span class='ocrx_word' id='word_1_559' title='bbox 593 5200 830 5253; x_wconf 79' lang='lat' dir='ltr'><strong>Rubrum</strong></span> <span class='ocrx_word' id='word_1_560' title='bbox 859 5201 1057 5253; x_wconf 84' lang='lat' dir='ltr'><strong>dictum</strong></span> <span class='ocrx_word' id='word_1_561' title='bbox 1092 5211 1279 5268; x_wconf 88' lang='lat' dir='ltr'><strong>putant</strong></span> <span class='ocrx_word' id='word_1_562' title='bbox 1309 5218 1336 5254; x_wconf 81' lang='lat' dir='ltr'><strong>a</strong></span> <span class='ocrx_word' id='word_1_563' title='bbox 1370 5200 1799 5265; x_wconf 82' lang='lat' dir='ltr'><strong>rubentearena,</strong></span> <span class='ocrx_word' id='word_1_564' title='bbox 1844 5201 2157 5269; x_wconf 79' lang='lat' dir='ltr'><strong>Agatharci-</strong></span> 
     </span>
    </p>
   </div>
   <div class='ocr_carea' id='block_1_94' title="bbox 591 5270 2159 5341">
    <p class='ocr_par' dir='ltr' id='par_1_94' title="bbox 591 5270 2159 5341">
     <span class='ocr_line' id='line_1_94' title="bbox 591 5270 2159 5341; baseline 0.001 -18"><span class='ocrx_word' id='word_1_565' title='bbox 591 5271 686 5325; x_wconf 89' lang='lat' dir='ltr'><strong>des</strong></span> <span class='ocrx_word' id='word_1_566' title='bbox 710 5270 848 5341; x_wconf 84' lang='lat' dir='ltr'><strong>apud</strong></span> <span class='ocrx_word' id='word_1_567' title='bbox 872 5270 1112 5323; x_wconf 89' lang='lat' dir='ltr'><strong>Photinm</strong></span> <span class='ocrx_word' id='word_1_568' title='bbox 1138 5287 1164 5324; x_wconf 91' lang='lat' dir='ltr'><strong>a</strong></span> <span class='ocrx_word' id='word_1_569' title='bbox 1193 5287 1317 5341; x_wconf 85' lang='lat' dir='ltr'><strong>rege</strong></span> <span class='ocrx_word' id='word_1_570' title='bbox 1340 5273 1597 5341; x_wconf 73' lang='lat' dir='ltr'><strong>Erythro;</strong></span> <span class='ocrx_word' id='word_1_571' title='bbox 1633 5272 1768 5325; x_wconf 88' lang='lat' dir='ltr'><strong>hunc</strong></span> <span class='ocrx_word' id='word_1_572' title='bbox 1793 5285 1973 5337; x_wconf 85' lang='lat' dir='ltr'><strong>regem</strong></span> <span class='ocrx_word' id='word_1_573' title='bbox 1996 5273 2159 5326; x_wconf 87' lang='lat' dir='ltr'><strong>fuisse</strong></span> 
     </span>
    </p>
   </div>
   <div class='ocr_carea' id='block_1_95' title="bbox 590 5339 2157 5409">
    <p class='ocr_par' dir='ltr' id='par_1_95' title="bbox 590 5339 2157 5409">
     <span class='ocr_line' id='line_1_95' title="bbox 590 5339 2157 5409; baseline 0.001 -15"><span class='ocrx_word' id='word_1_574' title='bbox 590 5343 732 5394; x_wconf 57' lang='lat' dir='ltr'><strong>&quot;Esau</strong></span> <span class='ocrx_word' id='word_1_575' title='bbox 763 5339 957 5409; x_wconf 83' lang='lat' dir='ltr'><strong>Rufum</strong></span> <span class='ocrx_word' id='word_1_576' title='bbox 983 5355 1011 5393; x_wconf 92' lang='lat' dir='ltr'><strong>a</strong></span> <span class='ocrx_word' id='word_1_577' title='bbox 1035 5339 1273 5395; x_wconf 79' lang='lat' dir='ltr'><strong>rubente</strong></span> <span class='ocrx_word' id='word_1_578' title='bbox 1293 5344 1397 5409; x_wconf 90' lang='lat' dir='ltr'><strong>pilo</strong></span> <span class='ocrx_word' id='word_1_579' title='bbox 1416 5339 1782 5405; x_wconf 81' lang='lat' dir='ltr'><strong>nominatum,</strong></span> <span class='ocrx_word' id='word_1_580' title='bbox 1829 5342 1913 5394; x_wconf 83' lang='lat' dir='ltr'><strong>alii</strong></span> <span class='ocrx_word' id='word_1_581' title='bbox 1953 5340 2157 5396; x_wconf 91' lang='lat' dir='ltr'><strong>dicunt.</strong></span> 
     </span>
    </p>
   </div>
   <div class='ocr_carea' id='block_1_96' title="bbox 661 5412 1634 5480">
    <p class='ocr_par' dir='ltr' id='par_1_96' title="bbox 661 5412 1634 5480">
     <span class='ocr_line' id='line_1_96' title="bbox 661 5412 1634 5480; baseline 0.002 -17"><span class='ocrx_word' id='word_1_582' title='bbox 661 5412 749 5464; x_wconf 71' lang='lat'><strong>62.</strong></span> <span class='ocrx_word' id='word_1_583' title='bbox 786 5412 838 5465; x_wconf 90' lang='lat' dir='ltr'><strong>In</strong></span> <span class='ocrx_word' id='word_1_584' title='bbox 870 5412 1044 5479; x_wconf 86' lang='lat' dir='ltr'><strong>glossa</strong></span> <span class='ocrx_word' id='word_1_585' title='bbox 1072 5413 1280 5479; x_wconf 89' lang='lat' dir='ltr'><strong>corrigo</strong></span> <span class='ocrx_word' id='word_1_586' title='bbox 1311 5412 1451 5480; x_wconf 79' lang='lat' dir='ltr'><strong>prela</strong></span> <span class='ocrx_word' id='word_1_587' title='bbox 1479 5412 1634 5479; x_wconf 89' lang='lat' dir='ltr'><strong>ligna.</strong></span> 
     </span>
    </p>
   </div>
   <div class='ocr_carea' id='block_1_97' title="bbox 660 5480 2158 5549">
    <p class='ocr_par' dir='ltr' id='par_1_97' title="bbox 660 5480 2158 5549">
     <span class='ocr_line' id='line_1_97' title="bbox 660 5480 2158 5549; baseline 0.005 -19"><span class='ocrx_word' id='word_1_588' title='bbox 660 5484 748 5537; x_wconf 74' lang='grc' dir='ltr'><strong>αὖ.</strong></span> <span class='ocrx_word' id='word_1_589' title='bbox 785 5482 1031 5535; x_wconf 86' lang='lat' dir='ltr'><strong>Heinsius</strong></span> <span class='ocrx_word' id='word_1_590' title='bbox 1067 5492 1275 5545; x_wconf 84' lang='lat' dir='ltr'><strong>monet,</strong></span> <span class='ocrx_word' id='word_1_591' title='bbox 1320 5494 1444 5533; x_wconf 86' lang='lat' dir='ltr'><strong>suos</strong></span> <span class='ocrx_word' id='word_1_592' title='bbox 1489 5482 1721 5549; x_wconf 88' lang='lat' dir='ltr'><strong>potiores</strong></span> <span class='ocrx_word' id='word_1_593' title='bbox 1753 5480 1909 5534; x_wconf 87' lang='lat' dir='ltr'><strong>codd.</strong></span> <span class='ocrx_word' id='word_1_594' title='bbox 1958 5481 2158 5536; x_wconf 89' lang='lat' dir='ltr'><strong>habere</strong></span> 
     </span>
    </p>
   </div>
   <div class='ocr_carea' id='block_1_98' title="bbox 587 5551 2160 5619">
    <p class='ocr_par' dir='ltr' id='par_1_98' title="bbox 587 5551 2160 5619">
     <span class='ocr_line' id='line_1_98' title="bbox 587 5551 2160 5619; baseline 0.003 -17"><span class='ocrx_word' id='word_1_595' title='bbox 587 5568 707 5604; x_wconf 79' lang='lat' dir='ltr'><strong>suos</strong></span> <span class='ocrx_word' id='word_1_596' title='bbox 737 5553 1003 5619; x_wconf 74' lang='lat' dir='ltr'><strong>praecipit;</strong></span> <span class='ocrx_word' id='word_1_597' title='bbox 1037 5551 1241 5619; x_wconf 84' lang='lat' dir='ltr'><strong>ignoro.</strong></span> <span class='ocrx_word' id='word_1_598' title='bbox 1268 5552 1385 5618; x_wconf 88' lang='lat' dir='ltr'><strong>quis</strong></span> <span class='ocrx_word' id='word_1_599' title='bbox 1402 5552 1545 5603; x_wconf 91' lang='lat' dir='ltr'><strong>aliud</strong></span> <span class='ocrx_word' id='word_1_600' title='bbox 1576 5551 1784 5618; x_wconf 83' lang='lat' dir='ltr'><strong>legerit.</strong></span> <span class='ocrx_word' id='word_1_601' title='bbox 1818 5551 2051 5604; x_wconf 86' lang='lat' dir='ltr'><strong>Notanda</strong></span> <span class='ocrx_word' id='word_1_602' title='bbox 2079 5562 2160 5606; x_wconf 90' lang='lat' dir='ltr'><strong>est</strong></span> 
     </span>
    </p>
   </div>
   <div class='ocr_carea' id='block_1_99' title="bbox 590 5622 2156 5697">
    <p class='ocr_par' dir='ltr' id='par_1_99' title="bbox 590 5622 2156 5697">
     <span class='ocr_line' id='line_1_99' title="bbox 590 5622 2156 5697; baseline 0.001 -24"><span class='ocrx_word' id='word_1_603' title='bbox 590 5623 883 5697; x_wconf 75' lang='lat' dir='ltr'><strong>proprietas</strong></span> <span class='ocrx_word' id='word_1_604' title='bbox 914 5622 1157 5675; x_wconf 90' lang='lat' dir='ltr'><strong>adverbii</strong></span> <span class='ocrx_word' id='word_1_605' title='bbox 1189 5637 1363 5697; x_wconf 73' lang='lat' dir='ltr'><strong>porro,</strong></span> <span class='ocrx_word' id='word_1_606' title='bbox 1388 5622 1528 5697; x_wconf 82' lang='lat' dir='ltr'><strong>quod</strong></span> <span class='ocrx_word' id='word_1_607' title='bbox 1558 5622 1986 5697; x_wconf 31' lang='lat' dir='ltr'><strong>innuit‘tractum</strong></span> <span class='ocrx_word' id='word_1_608' title='bbox 2018 5623 2156 5676; x_wconf 88' lang='lat' dir='ltr'><strong>ulte-</strong></span> 
     </span>
    </p>
   </div>
   <div class='ocr_carea' id='block_1_100' title="bbox 589 5691 2155 5761">
    <p class='ocr_par' dir='ltr' id='par_1_100' title="bbox 589 5691 2155 5761">
     <span class='ocr_line' id='line_1_100' title="bbox 589 5691 2155 5761; baseline 0.002 -19"><span class='ocrx_word' id='word_1_609' title='bbox 589 5692 782 5761; x_wconf 89' lang='lat' dir='ltr'><strong>riorem</strong></span> <span class='ocrx_word' id='word_1_610' title='bbox 814 5691 878 5743; x_wconf 89' lang='lat' dir='ltr'><strong>ad</strong></span> <span class='ocrx_word' id='word_1_611' title='bbox 908 5699 1182 5761; x_wconf 81' lang='lat' dir='ltr'><strong>extrema;</strong></span> <span class='ocrx_word' id='word_1_612' title='bbox 1228 5691 1608 5761; x_wconf 73' lang='lat' dir='ltr'><strong>liincporricio</strong></span> <span class='ocrx_word' id='word_1_613' title='bbox 1647 5692 1865 5744; x_wconf 86' lang='lat' dir='ltr'><strong>verbum</strong></span> <span class='ocrx_word' id='word_1_614' title='bbox 1897 5706 1960 5745; x_wconf 72' lang='lat' dir='ltr'><strong>ex</strong></span> <span class='ocrx_word' id='word_1_615' title='bbox 1992 5707 2155 5761; x_wconf 88' lang='lat' dir='ltr'><strong>augu-</strong></span> 
     </span>
    </p>
   </div>
   <div class='ocr_carea' id='block_1_101' title="bbox 588 5758 2155 5832">
    <p class='ocr_par' dir='ltr' id='par_1_101' title="bbox 588 5758 2155 5832">
     <span class='ocr_line' id='line_1_101' title="bbox 588 5758 2155 5832; baseline 0.005 -23"><span class='ocrx_word' id='word_1_616' title='bbox 588 5774 703 5811; x_wconf 86' lang='lat' dir='ltr'><strong>rum</strong></span> <span class='ocrx_word' id='word_1_617' title='bbox 729 5758 1231 5832; x_wconf 45' lang='lat' dir='ltr'><strong>disciplitle’orro</strong></span> <span class='ocrx_word' id='word_1_618' title='bbox 1258 5760 1461 5812; x_wconf 77' lang='lat' dir='ltr'><strong>tendere</strong></span> <span class='ocrx_word' id='word_1_619' title='bbox 1491 5761 1540 5812; x_wconf 88' lang='lat' dir='ltr'><strong>in</strong></span> <span class='ocrx_word' id='word_1_620' title='bbox 1581 5777 1720 5814; x_wconf 76' lang='lat' dir='ltr'><strong>mare</strong></span> <span class='ocrx_word' id='word_1_621' title='bbox 1748 5771 1831 5816; x_wconf 78' lang='lat' dir='ltr'><strong>est</strong></span> <span class='ocrx_word' id='word_1_622' title='bbox 1883 5758 2083 5832; x_wconf 42' lang='lat' dir='ltr'><strong>lOnge;</strong></span> <span class='ocrx_word' id='word_1_623' title='bbox 2105 5772 2155 5817; x_wconf 85' lang='lat' dir='ltr'><strong>et</strong></span> 
     </span>
    </p>
   </div>
   <div class='ocr_carea' id='block_1_102' title="bbox 587 5828 1331 5898">
    <p class='ocr_par' dir='ltr' id='par_1_102' title="bbox 587 5828 1331 5898">
     <span class='ocr_line' id='line_1_102' title="bbox 587 5828 1331 5898; baseline 0 -17"><span class='ocrx_word' id='word_1_624' title='bbox 587 5829 773 5897; x_wconf 83' lang='lat' dir='ltr'><strong>procul</strong></span> <span class='ocrx_word' id='word_1_625' title='bbox 804 5828 1053 5898; x_wconf 83' lang='lat' dir='ltr'><strong>progredi</strong></span> <span class='ocrx_word' id='word_1_626' title='bbox 1086 5828 1138 5881; x_wconf 90' lang='lat' dir='ltr'><strong>in</strong></span> <span class='ocrx_word' id='word_1_627' title='bbox 1166 5842 1331 5882; x_wconf 81' lang='lat' dir='ltr'><strong>mare.</strong></span> 
     </span>
    </p>
   </div>
   <div class='ocr_carea' id='block_1_103' title="bbox 2330 2880 3816 2957">
    <p class='ocr_par' dir='ltr' id='par_1_103' title="bbox 2330 2880 3816 2957">
     <span class='ocr_line' id='line_1_103' title="bbox 2330 2880 3816 2957; baseline -0.004 -17"><span class='ocrx_word' id='word_1_628' title='bbox 2330 2890 2417 2941; x_wconf 86' lang='grc'>65.</span> <span class='ocrx_word' id='word_1_629' title='bbox 2452 2889 2807 2942; x_wconf 86' lang='lat' dir='ltr'><strong>Damascenus</strong></span> <span class='ocrx_word' id='word_1_630' title='bbox 2828 2898 2882 2942; x_wconf 90' lang='lat' dir='ltr'><strong>et</strong></span> <span class='ocrx_word' id='word_1_631' title='bbox 2910 2890 3131 2942; x_wconf 87' lang='lat' dir='ltr'><strong>Cosmas</strong></span> <span class='ocrx_word' id='word_1_632' title='bbox 3174 2889 3401 2957; x_wconf 85' lang='lat' dir='ltr'><strong>hymnos</strong></span> <span class='ocrx_word' id='word_1_633' title='bbox 3430 2886 3610 2952; x_wconf 88' lang='lat' dir='ltr'><strong>plures</strong></span> <span class='ocrx_word' id='word_1_634' title='bbox 3638 2882 3705 2957; x_wconf 73' lang='lat' dir='ltr'><strong>ab</strong></span> <span class='ocrx_word' id='word_1_635' title='bbox 3731 2880 3816 2957; x_wconf 74' lang='lat' dir='ltr'><strong>hoc</strong></span> 
     </span>
    </p>
   </div>
   <div class='ocr_carea' id='block_1_104' title="bbox 2262 2952 3818 3013">
    <p class='ocr_par' dir='ltr' id='par_1_104' title="bbox 2262 2952 3818 3013">
     <span class='ocr_line' id='line_1_104' title="bbox 2262 2952 3818 3013; baseline -0.006 -1"><span class='ocrx_word' id='word_1_636' title='bbox 2262 2959 2489 3012; x_wconf 83' lang='lat' dir='ltr'><strong>mirabili</strong></span> <span class='ocrx_word' id='word_1_637' title='bbox 2520 2959 2656 3012; x_wconf 86' lang='lat' dir='ltr'><strong>facto</strong></span> <span class='ocrx_word' id='word_1_638' title='bbox 2684 2958 2955 3013; x_wconf 88' lang='lat' dir='ltr'><strong>inchoant.</strong></span> <span class='ocrx_word' id='word_1_639' title='bbox 2995 2957 3184 3010; x_wconf 84' lang='lat' dir='ltr'><strong>Viandi</strong></span> <span class='ocrx_word' id='word_1_640' title='bbox 3202 2952 3363 3011; x_wconf 76' lang='lat' dir='ltr'><strong>verbo</strong></span> <span class='ocrx_word' id='word_1_641' title='bbox 3386 2968 3511 3010; x_wconf 90' lang='lat' dir='ltr'><strong>usus</strong></span> <span class='ocrx_word' id='word_1_642' title='bbox 3538 2963 3624 3008; x_wconf 86' lang='lat' dir='ltr'><strong>est</strong></span> <span class='ocrx_word' id='word_1_643' title='bbox 3647 2953 3702 3008; x_wconf 86' lang='lat' dir='ltr'><strong>S.</strong></span> <span class='ocrx_word' id='word_1_644' title='bbox 3733 2952 3818 3005; x_wconf 79' lang='lat' dir='ltr'><strong>Da-</strong></span> 
     </span>
    </p>
   </div>
   <div class='ocr_carea' id='block_1_105' title="bbox 2262 3028 3343 3092">
    <p class='ocr_par' dir='ltr' id='par_1_105' title="bbox 2262 3028 3343 3092">
     <span class='ocr_line' id='line_1_105' title="bbox 2262 3028 3343 3092; baseline -0.002 -11"><span class='ocrx_word' id='word_1_645' title='bbox 2262 3045 2439 3081; x_wconf 83' lang='lat' dir='ltr'><strong>masus</strong></span> <span class='ocrx_word' id='word_1_646' title='bbox 2471 3030 2523 3081; x_wconf 92' lang='lat' dir='ltr'><strong>in</strong></span> <span class='ocrx_word' id='word_1_647' title='bbox 2552 3029 2608 3083; x_wconf 90' lang='lat' dir='ltr'><strong>S.</strong></span> <span class='ocrx_word' id='word_1_648' title='bbox 2636 3028 2835 3092; x_wconf 85' lang='lat' dir='ltr'><strong>Felice,</strong></span> <span class='ocrx_word' id='word_1_649' title='bbox 2866 3029 3129 3083; x_wconf 82' lang='lat' dir='ltr'><strong>Juvencus</strong></span> <span class='ocrx_word' id='word_1_650' title='bbox 3159 3037 3212 3083; x_wconf 92' lang='lat' dir='ltr'><strong>et</strong></span> <span class='ocrx_word' id='word_1_651' title='bbox 3236 3028 3343 3081; x_wconf 91' lang='lat' dir='ltr'><strong>alii.</strong></span> 
     </span>
    </p>
   </div>
   <div class='ocr_carea' id='block_1_106' title="bbox 2328 3097 3566 3166">
    <p class='ocr_par' dir='ltr' id='par_1_106' title="bbox 2328 3097 3566 3166">
     <span class='ocr_line' id='line_1_106' title="bbox 2328 3097 3566 3166; baseline -0.004 -13"><span class='ocrx_word' id='word_1_652' title='bbox 2328 3100 2416 3153; x_wconf 90' lang='grc'><strong>66.</strong></span> <span class='ocrx_word' id='word_1_653' title='bbox 2451 3099 2571 3153; x_wconf 85' lang='lat' dir='ltr'><strong>Vat.</strong></span> <span class='ocrx_word' id='word_1_654' title='bbox 2605 3100 2661 3159; x_wconf 81' lang='grc' dir='ltr'><strong>Β,</strong></span> <span class='ocrx_word' id='word_1_655' title='bbox 2695 3104 2912 3165; x_wconf 74' lang='lat' dir='ltr'><strong>pervias,</strong></span> <span class='ocrx_word' id='word_1_656' title='bbox 2944 3100 3215 3162; x_wconf 89' lang='lat' dir='ltr'><strong>mendose,</strong></span> <span class='ocrx_word' id='word_1_657' title='bbox 3254 3114 3351 3166; x_wconf 89' lang='lat' dir='ltr'><strong>pro</strong></span> <span class='ocrx_word' id='word_1_658' title='bbox 3375 3097 3566 3164; x_wconf 81' lang='lat' dir='ltr'><strong>pervia.</strong></span> 
     </span>
    </p>
   </div>
   <div class='ocr_carea' id='block_1_107' title="bbox 2332 3163 3820 3239">
    <p class='ocr_par' dir='ltr' id='par_1_107' title="bbox 2332 3163 3820 3239">
     <span class='ocr_line' id='line_1_107' title="bbox 2332 3163 3820 3239; baseline -0.004 -18"><span class='ocrx_word' id='word_1_659' title='bbox 2332 3171 2419 3221; x_wconf 84' lang='grc'><strong>67.</strong></span> <span class='ocrx_word' id='word_1_660' title='bbox 2454 3168 2602 3223; x_wconf 87' lang='lat' dir='ltr'><strong>lluuc</strong></span> <span class='ocrx_word' id='word_1_661' title='bbox 2629 3163 2902 3224; x_wconf 77' lang='lat' dir='ltr'><strong>Israelitici</strong></span> <span class='ocrx_word' id='word_1_662' title='bbox 2930 3170 3104 3239; x_wconf 87' lang='lat' dir='ltr'><strong>populi</strong></span> <span class='ocrx_word' id='word_1_663' title='bbox 3129 3163 3451 3238; x_wconf 87' lang='lat' dir='ltr'><strong>triumphum</strong></span> <span class='ocrx_word' id='word_1_664' title='bbox 3475 3166 3604 3220; x_wconf 89' lang='lat' dir='ltr'><strong>olim</strong></span> <span class='ocrx_word' id='word_1_665' title='bbox 3636 3164 3685 3217; x_wconf 90' lang='lat' dir='ltr'><strong>in</strong></span> <span class='ocrx_word' id='word_1_666' title='bbox 3710 3163 3820 3239; x_wconf 76' lang='lat' dir='ltr'><strong>sab-</strong></span> 
     </span>
    </p>
   </div>
   <div class='ocr_carea' id='block_1_108' title="bbox 2263 3234 3818 3305">
    <p class='ocr_par' dir='ltr' id='par_1_108' title="bbox 2263 3234 3818 3305">
     <span class='ocr_line' id='line_1_108' title="bbox 2263 3234 3818 3305; baseline -0.005 -14"><span class='ocrx_word' id='word_1_667' title='bbox 2263 3238 2386 3292; x_wconf 91' lang='lat' dir='ltr'><strong>bato</strong></span> <span class='ocrx_word' id='word_1_668' title='bbox 2418 3240 2649 3305; x_wconf 66' lang='lat' dir='ltr'><strong>paschali</strong></span> <span class='ocrx_word' id='word_1_669' title='bbox 2672 3234 2943 3294; x_wconf 77' lang='lat' dir='ltr'><strong>cantatum</strong></span> <span class='ocrx_word' id='word_1_670' title='bbox 2976 3234 3026 3293; x_wconf 85' lang='lat' dir='ltr'><strong>in</strong></span> <span class='ocrx_word' id='word_1_671' title='bbox 3072 3234 3306 3294; x_wconf 78' lang='lat' dir='ltr'><strong>Ecclesia</strong></span> <span class='ocrx_word' id='word_1_672' title='bbox 3337 3239 3497 3291; x_wconf 85' lang='lat' dir='ltr'><strong>fuisse</strong></span> <span class='ocrx_word' id='word_1_673' title='bbox 3537 3252 3603 3290; x_wconf 58' lang='lat' dir='ltr'><strong>ex</strong></span> <span class='ocrx_word' id='word_1_674' title='bbox 3636 3234 3818 3289; x_wconf 82' lang='lat' dir='ltr'><strong>Ordine</strong></span> 
     </span>
    </p>
   </div>
   <div class='ocr_carea' id='block_1_109' title="bbox 2258 3306 3817 3376">
    <p class='ocr_par' dir='ltr' id='par_1_109' title="bbox 2258 3306 3817 3376">
     <span class='ocr_line' id='line_1_109' title="bbox 2258 3306 3817 3376; baseline -0.004 -15"><span class='ocrx_word' id='word_1_675' title='bbox 2258 3310 2421 3362; x_wconf 86' lang='lat' dir='ltr'><strong>veteri</strong></span> <span class='ocrx_word' id='word_1_676' title='bbox 2468 3311 2703 3362; x_wconf 81' lang='lat' dir='ltr'><strong>Romano</strong></span> <span class='ocrx_word' id='word_1_677' title='bbox 2738 3312 2960 3376; x_wconf 85' lang='lat' dir='ltr'><strong>aliisque</strong></span> <span class='ocrx_word' id='word_1_678' title='bbox 3002 3310 3354 3363; x_wconf 85' lang='lat' dir='ltr'><strong>monumentis</strong></span> <span class='ocrx_word' id='word_1_679' title='bbox 3393 3316 3627 3373; x_wconf 81' lang='lat' dir='ltr'><strong>constat,</strong></span> <span class='ocrx_word' id='word_1_680' title='bbox 3672 3306 3817 3371; x_wconf 85' lang='lat' dir='ltr'><strong>idque</strong></span> 
     </span>
    </p>
   </div>
   <div class='ocr_carea' id='block_1_110' title="bbox 2258 3376 3818 3447">
    <p class='ocr_par' dir='ltr' id='par_1_110' title="bbox 2258 3376 3818 3447">
     <span class='ocr_line' id='line_1_110' title="bbox 2258 3376 3818 3447; baseline -0.006 -14"><span class='ocrx_word' id='word_1_681' title='bbox 2258 3379 2538 3433; x_wconf 83' lang='lat' dir='ltr'><strong>confirmat</strong></span> <span class='ocrx_word' id='word_1_682' title='bbox 2581 3380 2767 3434; x_wconf 81' lang='lat' dir='ltr'><strong>Avitus</strong></span> <span class='ocrx_word' id='word_1_683' title='bbox 2817 3382 2907 3434; x_wconf 80' lang='lat' dir='ltr'><strong>lib.</strong></span> <span class='ocrx_word' id='word_1_684' title='bbox 2943 3396 2975 3432; x_wconf 93' lang='lat' dir='ltr'><strong>v</strong></span> <span class='ocrx_word' id='word_1_685' title='bbox 3022 3382 3071 3433; x_wconf 93' lang='lat' dir='ltr'><strong>iu</strong></span> <span class='ocrx_word' id='word_1_686' title='bbox 3106 3382 3243 3433; x_wconf 88' lang='lat' dir='ltr'><strong>line:</strong></span> <span class='ocrx_word' id='word_1_687' title='bbox 3289 3378 3521 3447; x_wconf 83' lang='lat' dir='ltr'><strong>lnrlytus</strong></span> <span class='ocrx_word' id='word_1_688' title='bbox 3573 3376 3818 3447; x_wconf 85' lang='lat' dir='ltr'><strong>egregium</strong></span> 
     </span>
    </p>
   </div>
   <div class='ocr_carea' id='block_1_111' title="bbox 2257 3446 3814 3518">
    <p class='ocr_par' dir='ltr' id='par_1_111' title="bbox 2257 3446 3814 3518">
     <span class='ocr_line' id='line_1_111' title="bbox 2257 3446 3814 3518; baseline -0.006 -15"><span class='ocrx_word' id='word_1_689' title='bbox 2257 3450 2469 3503; x_wconf 83' lang='lat' dir='ltr'><strong>solemni</strong></span> <span class='ocrx_word' id='word_1_690' title='bbox 2498 3450 2723 3503; x_wconf 86' lang='lat' dir='ltr'><strong>carmine</strong></span> <span class='ocrx_word' id='word_1_691' title='bbox 2746 3452 2926 3505; x_wconf 83' lang='lat' dir='ltr'><strong>ductor</strong></span> <span class='ocrx_word' id='word_1_692' title='bbox 2956 3450 3224 3511; x_wconf 74' lang='lat' dir='ltr'><strong>Describit,</strong></span> <span class='ocrx_word' id='word_1_693' title='bbox 3277 3459 3378 3502; x_wconf 85' lang='lat' dir='ltr'><strong>toto</strong></span> <span class='ocrx_word' id='word_1_694' title='bbox 3412 3446 3558 3516; x_wconf 76' lang='lat' dir='ltr'><strong>quod</strong></span> <span class='ocrx_word' id='word_1_695' title='bbox 3590 3446 3814 3518; x_wconf 81' lang='lat' dir='ltr'><strong>psallitur</strong></span> 
     </span>
    </p>
   </div>
   <div class='ocr_carea' id='block_1_112' title="bbox 2258 3514 3817 3642">
    <p class='ocr_par' dir='ltr' id='par_1_112' title="bbox 2258 3514 3817 3642">
     <span class='ocr_line' id='line_1_112' title="bbox 2258 3514 3817 3642; baseline -0.003 -72"><span class='ocrx_word' id='word_1_696' title='bbox 2258 3520 2375 3642; x_wconf 65' lang='lat' dir='ltr'><strong>lcrbe</strong></span> <span class='ocrx_word' id='word_1_697' title='bbox 2415 3532 2697 3601; x_wconf 68' lang='lat' dir='ltr'><strong>tropaeum,</strong></span> <span class='ocrx_word' id='word_1_698' title='bbox 2754 3520 2879 3574; x_wconf 88' lang='lat' dir='ltr'><strong>Cum</strong></span> <span class='ocrx_word' id='word_1_699' title='bbox 2929 3532 3141 3590; x_wconf 69' lang='lat' dir='ltr'><strong>purgata</strong></span> <span class='ocrx_word' id='word_1_700' title='bbox 3196 3520 3353 3574; x_wconf 85' lang='lat' dir='ltr'><strong>sacris</strong></span> <span class='ocrx_word' id='word_1_701' title='bbox 3411 3514 3613 3571; x_wconf 71' lang='lat' dir='ltr'><strong>deletur</strong></span> <span class='ocrx_word' id='word_1_702' title='bbox 3680 3514 3817 3579; x_wconf 83' lang='lat' dir='ltr'><strong>culpa</strong></span> 
     </span>
     <span class='ocr_line' id='line_1_113' title="bbox 2279 3606 2495 3642; baseline 0.005 -1"><span class='ocrx_word' id='word_1_703' title='bbox 2279 3606 2495 3642; x_wconf 78' lang='lat' dir='ltr'><strong>avarrts.</strong></span> 
     </span>
    </p>
   </div>
   <div class='ocr_carea' id='block_1_113' title="bbox 2279 3606 2495 3643">
    <p class='ocr_par' dir='ltr' id='par_1_113' title="bbox 2279 3606 2495 3643">
     <span class='ocr_line' id='line_1_114' title="bbox 2279 3606 2495 3643; baseline 0.009 -2"><span class='ocrx_word' id='word_1_704' title='bbox 2279 3606 2495 3643; x_wconf 84' lang='lat' dir='ltr'><strong>avarrts.</strong></span> 
     </span>
    </p>
   </div>
   <div class='ocr_carea' id='block_1_114' title="bbox 2329 3657 3819 3731">
    <p class='ocr_par' dir='ltr' id='par_1_114' title="bbox 2329 3657 3819 3731">
     <span class='ocr_line' id='line_1_115' title="bbox 2329 3657 3819 3731; baseline -0.004 -17"><span class='ocrx_word' id='word_1_705' title='bbox 2329 3662 2415 3714; x_wconf 84' lang='grc'>68.</span> <span class='ocrx_word' id='word_1_706' title='bbox 2465 3661 2558 3714; x_wconf 85' lang='lat' dir='ltr'><strong>llic</strong></span> <span class='ocrx_word' id='word_1_707' title='bbox 2594 3676 2804 3731; x_wconf 85' lang='lat' dir='ltr'><strong>quoque</strong></span> <span class='ocrx_word' id='word_1_708' title='bbox 2837 3662 3078 3717; x_wconf 84' lang='lat' dir='ltr'><strong>Heinsius</strong></span> <span class='ocrx_word' id='word_1_709' title='bbox 3110 3670 3307 3727; x_wconf 87' lang='lat' dir='ltr'><strong>monet,</strong></span> <span class='ocrx_word' id='word_1_710' title='bbox 3334 3660 3385 3714; x_wconf 87' lang='lat' dir='ltr'><strong>in</strong></span> <span class='ocrx_word' id='word_1_711' title='bbox 3417 3658 3538 3713; x_wconf 84' lang='lat' dir='ltr'><strong>Rot.</strong></span> <span class='ocrx_word' id='word_1_712' title='bbox 3576 3657 3682 3728; x_wconf 88' lang='lat' dir='ltr'><strong>legi</strong></span> <span class='ocrx_word' id='word_1_713' title='bbox 3709 3658 3819 3711; x_wconf 84' lang='lat' dir='ltr'><strong>dum</strong></span> 
     </span>
    </p>
   </div>
   <div class='ocr_carea' id='block_1_115' title="bbox 2259 3732 3237 3800">
    <p class='ocr_par' dir='ltr' id='par_1_115' title="bbox 2259 3732 3237 3800">
     <span class='ocr_line' id='line_1_116' title="bbox 2259 3732 3237 3800; baseline 0.002 -17"><span class='ocrx_word' id='word_1_714' title='bbox 2259 3740 2499 3799; x_wconf 81' lang='lat' dir='ltr'><strong>permeat,</strong></span> <span class='ocrx_word' id='word_1_715' title='bbox 2532 3735 2668 3793; x_wconf 76' lang='lat' dir='ltr'><strong>quini</strong></span> <span class='ocrx_word' id='word_1_716' title='bbox 2694 3732 2744 3785; x_wconf 91' lang='lat' dir='ltr'><strong>in</strong></span> <span class='ocrx_word' id='word_1_717' title='bbox 2774 3734 3019 3787; x_wconf 86' lang='lat' dir='ltr'><strong>omnibus</strong></span> <span class='ocrx_word' id='word_1_718' title='bbox 3049 3733 3237 3800; x_wconf 82' lang='lat' dir='ltr'><strong>legitur</strong></span> 
     </span>
    </p>
   </div>
   <div class='ocr_carea' id='block_1_116' title="bbox 2329 3801 3819 3872">
    <p class='ocr_par' dir='ltr' id='par_1_116' title="bbox 2329 3801 3819 3872">
     <span class='ocr_line' id='line_1_117' title="bbox 2329 3801 3819 3872; baseline -0.002 -19"><span class='ocrx_word' id='word_1_719' title='bbox 2329 3801 2417 3853; x_wconf 85' lang='grc'><strong>76.</strong></span> <span class='ocrx_word' id='word_1_720' title='bbox 2460 3803 2513 3855; x_wconf 93' lang='lat' dir='ltr'><strong>In</strong></span> <span class='ocrx_word' id='word_1_721' title='bbox 2542 3802 2657 3854; x_wconf 88' lang='lat' dir='ltr'><strong>Vat.</strong></span> <span class='ocrx_word' id='word_1_722' title='bbox 2691 3804 2731 3855; x_wconf 85' lang='lat' dir='ltr'><strong>A</strong></span> <span class='ocrx_word' id='word_1_723' title='bbox 2759 3814 2811 3856; x_wconf 89' lang='lat' dir='ltr'><strong>et</strong></span> <span class='ocrx_word' id='word_1_724' title='bbox 2840 3804 2989 3872; x_wconf 80' lang='lat' dir='ltr'><strong>Prag.</strong></span> <span class='ocrx_word' id='word_1_725' title='bbox 3033 3820 3060 3855; x_wconf 90' lang='lat' dir='ltr'><strong>a</strong></span> <span class='ocrx_word' id='word_1_726' title='bbox 3095 3803 3325 3857; x_wconf 89' lang='lat' dir='ltr'><strong>secunda</strong></span> <span class='ocrx_word' id='word_1_727' title='bbox 3354 3802 3707 3872; x_wconf 66' lang='lat' dir='ltr'><strong>manare/luo</strong></span> <span class='ocrx_word' id='word_1_728' title='bbox 3736 3812 3819 3866; x_wconf 89' lang='lat' dir='ltr'><strong>pro</strong></span> 
     </span>
    </p>
   </div>
   <div class='ocr_carea' id='block_1_117' title="bbox 2259 3870 3819 3942">
    <p class='ocr_par' dir='ltr' id='par_1_117' title="bbox 2259 3870 3819 3942">
     <span class='ocr_line' id='line_1_118' title="bbox 2259 3870 3819 3942; baseline -0.002 -19"><span class='ocrx_word' id='word_1_729' title='bbox 2259 3874 2481 3934; x_wconf 82' lang='lat' dir='ltr'><strong>ron/luo.</strong></span> <span class='ocrx_word' id='word_1_730' title='bbox 2516 3874 2587 3926; x_wconf 79' lang='lat' dir='ltr'><strong>Ex</strong></span> <span class='ocrx_word' id='word_1_731' title='bbox 2620 3870 3131 3942; x_wconf 63' lang='lat' dir='ltr'><strong>Weitziauisligm.,</strong></span> <span class='ocrx_word' id='word_1_732' title='bbox 3161 3874 3343 3927; x_wconf 85' lang='lat' dir='ltr'><strong>Pal.et</strong></span> <span class='ocrx_word' id='word_1_733' title='bbox 3372 3870 3630 3942; x_wconf 36' lang='lat' dir='ltr'><strong>Hai_lsbaa</strong></span> <span class='ocrx_word' id='word_1_734' title='bbox 3667 3872 3819 3938; x_wconf 85' lang='lat' dir='ltr'><strong>prima</strong></span> 
     </span>
    </p>
   </div>
   <div class='ocr_carea' id='block_1_118' title="bbox 2261 3940 3820 4013">
    <p class='ocr_par' dir='ltr' id='par_1_118' title="bbox 2261 3940 3820 4013">
     <span class='ocr_line' id='line_1_119' title="bbox 2261 3940 3820 4013; baseline -0.001 -20"><span class='ocrx_word' id='word_1_735' title='bbox 2261 3956 2457 4013; x_wconf 56' lang='lat' dir='ltr'><strong>manu,</strong></span> <span class='ocrx_word' id='word_1_736' title='bbox 2503 3953 2559 3995; x_wconf 91' lang='lat' dir='ltr'><strong>ut</strong></span> <span class='ocrx_word' id='word_1_737' title='bbox 2604 3943 2824 4005; x_wconf 74' lang='lat' dir='ltr'><strong>videtur,</strong></span> <span class='ocrx_word' id='word_1_738' title='bbox 2890 3940 3054 4013; x_wconf 66' lang='lat' dir='ltr'><strong>reﬂuo</strong></span> <span class='ocrx_word' id='word_1_739' title='bbox 3091 3960 3108 3997; x_wconf 91' lang='lat'><strong><em>:</em></strong></span> <span class='ocrx_word' id='word_1_740' title='bbox 3164 3959 3261 4013; x_wconf 87' lang='lat' dir='ltr'><strong>pro</strong></span> <span class='ocrx_word' id='word_1_741' title='bbox 3303 3958 3407 4012; x_wconf 77' lang='lat' dir='ltr'><strong>quo</strong></span> <span class='ocrx_word' id='word_1_742' title='bbox 3446 3940 3670 3994; x_wconf 89' lang='lat' dir='ltr'><strong>Teolius</strong></span> <span class='ocrx_word' id='word_1_743' title='bbox 3705 3944 3820 3993; x_wconf 87' lang='lat' dir='ltr'><strong>citat</strong></span> 
     </span>
    </p>
   </div>
   <div class='ocr_carea' id='block_1_119' title="bbox 2260 4010 2561 4065">
    <p class='ocr_par' dir='ltr' id='par_1_119' title="bbox 2260 4010 2561 4065">
     <span class='ocr_line' id='line_1_120' title="bbox 2260 4010 2561 4065; baseline 0.003 -1"><span class='ocrx_word' id='word_1_744' title='bbox 2260 4010 2394 4065; x_wconf 91' lang='lat' dir='ltr'><strong>duos</strong></span> <span class='ocrx_word' id='word_1_745' title='bbox 2426 4012 2561 4065; x_wconf 85' lang='lat' dir='ltr'><strong>Vatt.</strong></span> 
     </span>
    </p>
   </div>
   <div class='ocr_carea' id='block_1_120' title="bbox 2333 4080 3881 4151">
    <p class='ocr_par' dir='ltr' id='par_1_120' title="bbox 2333 4080 3881 4151">
     <span class='ocr_line' id='line_1_121' title="bbox 2333 4080 3881 4151; baseline -0.002 -18"><span class='ocrx_word' id='word_1_746' title='bbox 2333 4082 2419 4138; x_wconf 82' lang='lat'><strong>79.</strong></span> <span class='ocrx_word' id='word_1_747' title='bbox 2456 4084 2572 4137; x_wconf 87' lang='lat' dir='ltr'><strong>Rat.</strong></span> <span class='ocrx_word' id='word_1_748' title='bbox 2604 4096 2758 4151; x_wconf 87' lang='lat' dir='ltr'><strong>supra</strong></span> <span class='ocrx_word' id='word_1_749' title='bbox 2785 4101 2905 4136; x_wconf 88' lang='lat' dir='ltr'><strong>nare</strong></span> <span class='ocrx_word' id='word_1_750' title='bbox 2934 4085 3079 4138; x_wconf 88' lang='lat' dir='ltr'><strong>addit</strong></span> <span class='ocrx_word' id='word_1_751' title='bbox 3104 4085 3174 4150; x_wconf 87' lang='lat' dir='ltr'><strong>in,</strong></span> <span class='ocrx_word' id='word_1_752' title='bbox 3223 4094 3278 4136; x_wconf 90' lang='lat' dir='ltr'><strong>ut</strong></span> <span class='ocrx_word' id='word_1_753' title='bbox 3316 4084 3386 4136; x_wconf 89' lang='lat' dir='ltr'><strong>sit</strong></span> <span class='ocrx_word' id='word_1_754' title='bbox 3436 4084 3645 4149; x_wconf 83' lang='lat' dir='ltr'><strong>innare,</strong></span> <span class='ocrx_word' id='word_1_755' title='bbox 3685 4080 3815 4150; x_wconf 88' lang='lat' dir='ltr'><strong>quod</strong></span> <span class='ocrx_word' id='word_1_756' title='bbox 3876 4086 3881 4097; x_wconf 92' lang='lat'>&#39;</span> 
     </span>
    </p>
   </div>
   <div class='ocr_carea' id='block_1_121' title="bbox 2262 4150 3263 4222">
    <p class='ocr_par' dir='ltr' id='par_1_121' title="bbox 2262 4150 3263 4222">
     <span class='ocr_line' id='line_1_122' title="bbox 2262 4150 3263 4222; baseline 0.001 -18"><span class='ocrx_word' id='word_1_757' title='bbox 2262 4150 2419 4205; x_wconf 88' lang='lat' dir='ltr'><strong>habet</strong></span> <span class='ocrx_word' id='word_1_758' title='bbox 2449 4152 2564 4205; x_wconf 79' lang='lat' dir='ltr'><strong>Vat.</strong></span> <span class='ocrx_word' id='word_1_759' title='bbox 2609 4150 2681 4205; x_wconf 70' lang='grc' dir='ltr'>Α.</span> <span class='ocrx_word' id='word_1_760' title='bbox 2707 4154 2983 4222; x_wconf 71' lang='lat' dir='ltr'><strong>Repuguat</strong></span> <span class='ocrx_word' id='word_1_761' title='bbox 3016 4165 3263 4208; x_wconf 86' lang='lat' dir='ltr'><strong>metrum.</strong></span> 
     </span>
    </p>
   </div>
   <div class='ocr_carea' id='block_1_122' title="bbox 2333 4219 3823 4293">
    <p class='ocr_par' dir='ltr' id='par_1_122' title="bbox 2333 4219 3823 4293">
     <span class='ocr_line' id='line_1_123' title="bbox 2333 4219 3823 4293; baseline -0.002 -18"><span class='ocrx_word' id='word_1_762' title='bbox 2333 4224 2420 4276; x_wconf 87' lang='grc'><strong>80.</strong></span> <span class='ocrx_word' id='word_1_763' title='bbox 2454 4224 2620 4275; x_wconf 58' lang='lat' dir='ltr'><strong>Aldus</strong></span> <span class='ocrx_word' id='word_1_764' title='bbox 2643 4219 2886 4285; x_wconf 44' lang='lat' dir='ltr'><strong>addit&#39;ui,</strong></span> <span class='ocrx_word' id='word_1_765' title='bbox 2922 4240 3111 4293; x_wconf 90' lang='lat' dir='ltr'><strong>nempe</strong></span> <span class='ocrx_word' id='word_1_766' title='bbox 3133 4224 3393 4293; x_wconf 78' lang='lat' dir='ltr'><strong>justitiam</strong></span> <span class='ocrx_word' id='word_1_767' title='bbox 3426 4231 3476 4274; x_wconf 88' lang='lat' dir='ltr'><strong>ut</strong></span> <span class='ocrx_word' id='word_1_768' title='bbox 3500 4224 3666 4285; x_wconf 82' lang='lat' dir='ltr'><strong>triste,</strong></span> <span class='ocrx_word' id='word_1_769' title='bbox 3696 4219 3823 4293; x_wconf 87' lang='lat' dir='ltr'><strong>quod</strong></span> 
     </span>
    </p>
   </div>
   <div class='ocr_carea' id='block_1_123' title="bbox 2262 4244 3823 4361">
    <p class='ocr_par' dir='ltr' id='par_1_123' title="bbox 2262 4244 3823 4361">
     <span class='ocr_line' id='line_1_124' title="bbox 2333 4244 3823 4293; baseline -0.003 -18"><span class='ocrx_word' id='word_1_770' title='bbox 2333 4244 2420 4276; x_wconf 79' lang='lat' dir='ltr'><strong>OU.</strong></span> <span class='ocrx_word' id='word_1_771' title='bbox 2454 4244 2620 4275; x_wconf 67' lang='lat' dir='ltr'>AIUIH</span> <span class='ocrx_word' id='word_1_772' title='bbox 2643 4244 2788 4277; x_wconf 70' lang='grc' dir='ltr'><strong>θααιι</strong></span> <span class='ocrx_word' id='word_1_773' title='bbox 2815 4244 2886 4285; x_wconf 79' lang='grc' dir='ltr'><strong>ιη,</strong></span> <span class='ocrx_word' id='word_1_774' title='bbox 2922 4244 3111 4293; x_wconf 81' lang='lat' dir='ltr'><strong>nenth</strong></span> <span class='ocrx_word' id='word_1_775' title='bbox 3168 4244 3393 4277; x_wconf 74' lang='grc' dir='ltr'><strong>υειηηιιη</strong></span> <span class='ocrx_word' id='word_1_776' title='bbox 3426 4244 3475 4274; x_wconf 75' lang='grc' dir='ltr'><strong>ιιι</strong></span> <span class='ocrx_word' id='word_1_777' title='bbox 3500 4244 3666 4285; x_wconf 70' lang='grc' dir='ltr'><strong>ιηδιξ,</strong></span> <span class='ocrx_word' id='word_1_778' title='bbox 3696 4244 3823 4287; x_wconf 80' lang='lat' dir='ltr'><strong>quuu</strong></span> 
     </span>
     <span class='ocr_line' id='line_1_125' title="bbox 2262 4244 3823 4361; baseline -0.002 -18"><span class='ocrx_word' id='word_1_779' title='bbox 2262 4307 2386 4345; x_wconf 87' lang='lat' dir='ltr'><strong>vere</strong></span> <span class='ocrx_word' id='word_1_780' title='bbox 2413 4294 2741 4361; x_wconf 85' lang='lat' dir='ltr'><strong>superfluum</strong></span> <span class='ocrx_word' id='word_1_781' title='bbox 2772 4303 2873 4348; x_wconf 88' lang='lat' dir='ltr'><strong>est.</strong></span> <span class='ocrx_word' id='word_1_782' title='bbox 2911 4295 2964 4347; x_wconf 93' lang='lat' dir='ltr'><strong>In</strong></span> <span class='ocrx_word' id='word_1_783' title='bbox 2990 4244 3312 4347; x_wconf 55' lang='lat' dir='ltr'><strong>membranis</strong></span> <span class='ocrx_word' id='word_1_784' title='bbox 3365 4292 3563 4346; x_wconf 86' lang='lat' dir='ltr'><strong>Barthii</strong></span> <span class='ocrx_word' id='word_1_785' title='bbox 3616 4292 3823 4359; x_wconf 84' lang='lat' dir='ltr'><strong>ineptis-</strong></span> 
     </span>
    </p>
   </div>
   <div class='ocr_carea' id='block_1_124' title="bbox 2260 4361 3817 4433">
    <p class='ocr_par' dir='ltr' id='par_1_124' title="bbox 2260 4361 3817 4433">
     <span class='ocr_line' id='line_1_126' title="bbox 2260 4361 3817 4433; baseline -0.003 -19"><span class='ocrx_word' id='word_1_786' title='bbox 2260 4364 2395 4433; x_wconf 84' lang='lat' dir='ltr'><strong>sime</strong></span> <span class='ocrx_word' id='word_1_787' title='bbox 2424 4364 2679 4415; x_wconf 79' lang='lat' dir='ltr'><strong>inscitiam</strong></span> <span class='ocrx_word' id='word_1_788' title='bbox 2709 4379 2802 4431; x_wconf 89' lang='lat' dir='ltr'><strong>pro</strong></span> <span class='ocrx_word' id='word_1_789' title='bbox 2822 4366 3103 4433; x_wconf 78' lang='lat' dir='ltr'><strong>justitium.</strong></span> <span class='ocrx_word' id='word_1_790' title='bbox 3150 4364 3397 4417; x_wconf 86' lang='lat' dir='ltr'><strong>Barthius</strong></span> <span class='ocrx_word' id='word_1_791' title='bbox 3427 4365 3631 4417; x_wconf 91' lang='lat' dir='ltr'><strong>multus</strong></span> <span class='ocrx_word' id='word_1_792' title='bbox 3662 4371 3739 4415; x_wconf 85' lang='lat' dir='ltr'><strong>est</strong></span> <span class='ocrx_word' id='word_1_793' title='bbox 3771 4361 3817 4411; x_wconf 91' lang='lat' dir='ltr'><strong>in</strong></span> 
     </span>
    </p>
   </div>
   <div class='ocr_carea' id='block_1_125' title="bbox 2262 4430 3821 4499">
    <p class='ocr_par' dir='ltr' id='par_1_125' title="bbox 2262 4430 3821 4499">
     <span class='ocr_line' id='line_1_127' title="bbox 2262 4430 3821 4499; baseline -0.003 -14"><span class='ocrx_word' id='word_1_794' title='bbox 2262 4430 2366 4485; x_wconf 89' lang='lat' dir='ltr'><strong>hoc</strong></span> <span class='ocrx_word' id='word_1_795' title='bbox 2395 4434 2511 4485; x_wconf 81' lang='lat' dir='ltr'><strong>locn</strong></span> <span class='ocrx_word' id='word_1_796' title='bbox 2544 4430 2859 4488; x_wconf 80' lang='lat' dir='ltr'><strong>illustraudo</strong></span> <span class='ocrx_word' id='word_1_797' title='bbox 2888 4453 2898 4486; x_wconf 88' lang='lat'><strong>:</strong></span> <span class='ocrx_word' id='word_1_798' title='bbox 2935 4450 2995 4487; x_wconf 81' lang='lat' dir='ltr'><strong>ac</strong></span> <span class='ocrx_word' id='word_1_799' title='bbox 3027 4437 3137 4488; x_wconf 81' lang='lat' dir='ltr'><strong>fere</strong></span> <span class='ocrx_word' id='word_1_800' title='bbox 3164 4450 3282 4487; x_wconf 88' lang='lat' dir='ltr'><strong>cum</strong></span> <span class='ocrx_word' id='word_1_801' title='bbox 3322 4434 3513 4499; x_wconf 69' lang='lat' dir='ltr'><strong>glossis</strong></span> <span class='ocrx_word' id='word_1_802' title='bbox 3540 4439 3821 4485; x_wconf 87' lang='lat' dir='ltr'><strong>consonat.</strong></span> 
     </span>
    </p>
   </div>
   <div class='ocr_carea' id='block_1_126' title="bbox 2262 4501 3825 4566">
    <p class='ocr_par' dir='ltr' id='par_1_126' title="bbox 2262 4501 3825 4566">
     <span class='ocr_line' id='line_1_128' title="bbox 2262 4501 3825 4566; baseline -0.001 -14"><span class='ocrx_word' id='word_1_803' title='bbox 2262 4501 2439 4553; x_wconf 80' lang='lat' dir='ltr'><strong>Arcem</strong></span> <span class='ocrx_word' id='word_1_804' title='bbox 2466 4504 2680 4557; x_wconf 80' lang='lat' dir='ltr'><strong>aitesse</strong></span> <span class='ocrx_word' id='word_1_805' title='bbox 2710 4508 2905 4565; x_wconf 81' lang='lat' dir='ltr'><strong>aulam.</strong></span> <span class='ocrx_word' id='word_1_806' title='bbox 2936 4506 3068 4566; x_wconf 88' lang='lat' dir='ltr'><strong>sive,</strong></span> <span class='ocrx_word' id='word_1_807' title='bbox 3116 4512 3173 4557; x_wconf 93' lang='lat' dir='ltr'><strong>ut</strong></span> <span class='ocrx_word' id='word_1_808' title='bbox 3211 4503 3368 4557; x_wconf 87' lang='lat' dir='ltr'><strong>hodie</strong></span> <span class='ocrx_word' id='word_1_809' title='bbox 3410 4502 3825 4556; x_wconf 77' lang='lat' dir='ltr'><strong>harbarissantus</strong></span> 
     </span>
    </p>
   </div>
   <div class='ocr_carea' id='block_1_127' title="bbox 2185 4567 3825 4645">
    <p class='ocr_par' dir='ltr' id='par_1_127' title="bbox 2185 4567 3825 4645">
     <span class='ocr_line' id='line_1_129' title="bbox 2185 4567 3825 4645; baseline -0.003 -19"><span class='ocrx_word' id='word_1_810' title='bbox 2185 4567 2238 4626; x_wconf 88' lang='lat' dir='ltr'><strong>D</strong></span> <span class='ocrx_word' id='word_1_811' title='bbox 2261 4579 2457 4645; x_wconf 77' lang='lat' dir='ltr'><strong>statum</strong></span> <span class='ocrx_word' id='word_1_812' title='bbox 2483 4575 2706 4645; x_wconf 85' lang='lat' dir='ltr'><strong>regium,</strong></span> <span class='ocrx_word' id='word_1_813' title='bbox 2731 4576 2993 4645; x_wconf 80' lang='lat' dir='ltr'><strong>justitiam</strong></span> <span class='ocrx_word' id='word_1_814' title='bbox 3027 4575 3336 4645; x_wconf 84' lang='lat' dir='ltr'><strong>vindictam,</strong></span> <span class='ocrx_word' id='word_1_815' title='bbox 3361 4573 3825 4645; x_wconf 72' lang='lat' dir='ltr'><strong>sivecversionetn</strong></span> 
     </span>
    </p>
   </div>
   <div class='ocr_carea' id='block_1_128' title="bbox 2263 4640 3826 4713">
    <p class='ocr_par' dir='ltr' id='par_1_128' title="bbox 2263 4640 3826 4713">
     <span class='ocr_line' id='line_1_130' title="bbox 2263 4640 3826 4713; baseline -0.003 -20"><span class='ocrx_word' id='word_1_816' title='bbox 2263 4640 2577 4695; x_wconf 64' lang='lat' dir='ltr'><strong>luctuosam.</strong></span> <span class='ocrx_word' id='word_1_817' title='bbox 2618 4640 2860 4698; x_wconf 77' lang='lat' dir='ltr'><strong>Lucanus</strong></span> <span class='ocrx_word' id='word_1_818' title='bbox 2902 4645 2991 4697; x_wconf 89' lang='lat' dir='ltr'><strong>lib.</strong></span> <span class='ocrx_word' id='word_1_819' title='bbox 3023 4662 3081 4707; x_wconf 86' lang='lat' dir='ltr'><strong>ll,</strong></span> <span class='ocrx_word' id='word_1_820' title='bbox 3134 4644 3292 4713; x_wconf 79' lang='lat' dir='ltr'><strong>ferale</strong></span> <span class='ocrx_word' id='word_1_821' title='bbox 3338 4659 3425 4710; x_wconf 73' lang='lat' dir='ltr'><strong>per</strong></span> <span class='ocrx_word' id='word_1_822' title='bbox 3455 4640 3655 4713; x_wconf 76' lang='lat' dir='ltr'><strong>Urbem</strong></span> <span class='ocrx_word' id='word_1_823' title='bbox 3672 4640 3826 4713; x_wconf 75' lang='lat' dir='ltr'><strong>Justi-</strong></span> 
     </span>
    </p>
   </div>
   <div class='ocr_carea' id='block_1_129' title="bbox 2261 4710 3827 4783">
    <p class='ocr_par' dir='ltr' id='par_1_129' title="bbox 2261 4710 3827 4783">
     <span class='ocr_line' id='line_1_131' title="bbox 2261 4710 3827 4783; baseline -0.001 -21"><span class='ocrx_word' id='word_1_824' title='bbox 2261 4713 2405 4783; x_wconf 86' lang='lat' dir='ltr'><strong>tium.</strong></span> <span class='ocrx_word' id='word_1_825' title='bbox 2444 4714 2565 4766; x_wconf 71' lang='lat' dir='ltr'><strong>llmc</strong></span> <span class='ocrx_word' id='word_1_826' title='bbox 2589 4716 2820 4779; x_wconf 85' lang='lat' dir='ltr'><strong>denique</strong></span> <span class='ocrx_word' id='word_1_827' title='bbox 2848 4725 2931 4769; x_wconf 87' lang='lat' dir='ltr'><strong>est</strong></span> <span class='ocrx_word' id='word_1_828' title='bbox 2952 4710 3179 4781; x_wconf 81' lang='lat' dir='ltr'><strong>summa,</strong></span> <span class='ocrx_word' id='word_1_829' title='bbox 3204 4718 3345 4782; x_wconf 86' lang='lat' dir='ltr'><strong>quod</strong></span> <span class='ocrx_word' id='word_1_830' title='bbox 3374 4711 3655 4767; x_wconf 84' lang='lat' dir='ltr'><strong>veteribus</strong></span> <span class='ocrx_word' id='word_1_831' title='bbox 3676 4710 3827 4783; x_wconf 84' lang='lat' dir='ltr'><strong>justi-</strong></span> 
     </span>
    </p>
   </div>
   <div class='ocr_carea' id='block_1_130' title="bbox 2262 4782 3010 4853">
    <p class='ocr_par' dir='ltr' id='par_1_130' title="bbox 2262 4782 3010 4853">
     <span class='ocr_line' id='line_1_132' title="bbox 2262 4782 3010 4853; baseline 0.011 -22"><span class='ocrx_word' id='word_1_832' title='bbox 2262 4782 2384 4853; x_wconf 85' lang='lat' dir='ltr'><strong>tium</strong></span> <span class='ocrx_word' id='word_1_833' title='bbox 2414 4783 2581 4836; x_wconf 73' lang='lat' dir='ltr'><strong>lurttls</strong></span> <span class='ocrx_word' id='word_1_834' title='bbox 2607 4786 2846 4853; x_wconf 88' lang='lat' dir='ltr'><strong>publicus</strong></span> <span class='ocrx_word' id='word_1_835' title='bbox 2874 4796 3010 4839; x_wconf 89' lang='lat' dir='ltr'><strong>erat.</strong></span> 
     </span>
    </p>
   </div>
   <div class='ocr_carea' id='block_1_131' title="bbox 2336 4849 3828 4924">
    <p class='ocr_par' dir='ltr' id='par_1_131' title="bbox 2336 4849 3828 4924">
     <span class='ocr_line' id='line_1_133' title="bbox 2336 4849 3828 4924; baseline -0.002 -20"><span class='ocrx_word' id='word_1_836' title='bbox 2336 4852 2423 4905; x_wconf 79' lang='lat' dir='ltr'><strong>8t.</strong></span> <span class='ocrx_word' id='word_1_837' title='bbox 2461 4849 2617 4906; x_wconf 52' lang='lat' dir='ltr'><strong>llunc&#39;</strong></span> <span class='ocrx_word' id='word_1_838' title='bbox 2641 4858 2809 4908; x_wconf 87' lang='lat' dir='ltr'><strong>locum</strong></span> <span class='ocrx_word' id='word_1_839' title='bbox 2841 4857 3103 4923; x_wconf 83' lang='lat' dir='ltr'><strong>expressit</strong></span> <span class='ocrx_word' id='word_1_840' title='bbox 3125 4868 3418 4924; x_wconf 73' lang='lat' dir='ltr'><strong>:inonyntus</strong></span> <span class='ocrx_word' id='word_1_841' title='bbox 3441 4859 3631 4906; x_wconf 91' lang='lat' dir='ltr'><strong>auctor</strong></span> <span class='ocrx_word' id='word_1_842' title='bbox 3654 4849 3828 4924; x_wconf 81' lang='lat' dir='ltr'><strong>hymni</strong></span> 
     </span>
    </p>
   </div>
   <div class='ocr_carea' id='block_1_132' title="bbox 2263 4918 3827 4993">
    <p class='ocr_par' dir='ltr' id='par_1_132' title="bbox 2263 4918 3827 4993">
     <span class='ocr_line' id='line_1_134' title="bbox 2263 4918 3827 4993; baseline -0.001 -21"><span class='ocrx_word' id='word_1_843' title='bbox 2263 4932 2552 4991; x_wconf 87' lang='lat' dir='ltr'><strong>martyrum</strong></span> <span class='ocrx_word' id='word_1_844' title='bbox 2585 4925 2648 4977; x_wconf 91' lang='lat' dir='ltr'><strong>ad</strong></span> <span class='ocrx_word' id='word_1_845' title='bbox 2674 4938 2820 4993; x_wconf 83' lang='lat' dir='ltr'><strong>veSp.</strong></span> <span class='ocrx_word' id='word_1_846' title='bbox 2851 4918 3049 4979; x_wconf 63' lang='lat' dir='ltr'><strong>saiculo</strong></span> <span class='ocrx_word' id='word_1_847' title='bbox 3079 4941 3150 4978; x_wconf 76' lang='lat' dir='ltr'><strong>IX.</strong></span> <span class='ocrx_word' id='word_1_848' title='bbox 3186 4918 3316 4978; x_wconf 85' lang='lat' dir='ltr'><strong>Vide</strong></span> <span class='ocrx_word' id='word_1_849' title='bbox 3355 4918 3728 4987; x_wconf 77' lang='lat' dir='ltr'><strong>Hincmarum,</strong></span> <span class='ocrx_word' id='word_1_850' title='bbox 3766 4918 3827 4971; x_wconf 85' lang='lat' dir='ltr'><strong>de</strong></span> 
     </span>
    </p>
   </div>
   <div class='ocr_carea' id='block_1_133' title="bbox 2263 4994 2777 5049">
    <p class='ocr_par' dir='ltr' id='par_1_133' title="bbox 2263 4994 2777 5049">
     <span class='ocr_line' id='line_1_135' title="bbox 2263 4994 2777 5049; baseline 0.008 -6"><span class='ocrx_word' id='word_1_851' title='bbox 2263 5007 2367 5045; x_wconf 89' lang='lat' dir='ltr'><strong>non</strong></span> <span class='ocrx_word' id='word_1_852' title='bbox 2397 4994 2533 5045; x_wconf 87' lang='lat' dir='ltr'><strong>trina</strong></span> <span class='ocrx_word' id='word_1_853' title='bbox 2562 4994 2777 5049; x_wconf 84' lang='lat' dir='ltr'><strong>[)eitate.</strong></span> 
     </span>
    </p>
   </div>
   <div class='ocr_carea' id='block_1_134' title="bbox 2333 5058 3827 5134">
    <p class='ocr_par' dir='ltr' id='par_1_134' title="bbox 2333 5058 3827 5134">
     <span class='ocr_line' id='line_1_136' title="bbox 2333 5058 3827 5134; baseline 0.003 -19"><span class='ocrx_word' id='word_1_854' title='bbox 2333 5064 2419 5115; x_wconf 73' lang='lat'><strong>82.</strong></span> <span class='ocrx_word' id='word_1_855' title='bbox 2456 5062 2642 5134; x_wconf 77' lang='lat' dir='ltr'><strong>Bung..</strong></span> <span class='ocrx_word' id='word_1_856' title='bbox 2679 5063 2789 5117; x_wconf 87' lang='lat' dir='ltr'><strong>Gis.</strong></span> <span class='ocrx_word' id='word_1_857' title='bbox 2822 5066 2843 5117; x_wconf 80' lang='lat' dir='ltr'><strong>l</strong></span> <span class='ocrx_word' id='word_1_858' title='bbox 2878 5066 2989 5134; x_wconf 90' lang='lat' dir='ltr'><strong>ed.,</strong></span> <span class='ocrx_word' id='word_1_859' title='bbox 3032 5066 3278 5119; x_wconf 85' lang='lat' dir='ltr'><strong>domitum</strong></span> <span class='ocrx_word' id='word_1_860' title='bbox 3334 5062 3563 5118; x_wconf 84' lang='lat' dir='ltr'><strong>Pharon.</strong></span> <span class='ocrx_word' id='word_1_861' title='bbox 3613 5062 3738 5134; x_wconf 79' lang='lat' dir='ltr'><strong>Val.</strong></span> <span class='ocrx_word' id='word_1_862' title='bbox 3770 5058 3827 5119; x_wconf 85' lang='grc' dir='ltr'><strong>Β.</strong></span> 
     </span>
    </p>
   </div>
   <div class='ocr_carea' id='block_1_135' title="bbox 2263 5131 3829 5199">
    <p class='ocr_par' dir='ltr' id='par_1_135' title="bbox 2263 5131 3829 5199">
     <span class='ocr_line' id='line_1_137' title="bbox 2263 5131 3829 5199; baseline -0.001 -16"><span class='ocrx_word' id='word_1_863' title='bbox 2263 5132 2508 5185; x_wconf 86' lang='lat' dir='ltr'><strong>domitant</strong></span> <span class='ocrx_word' id='word_1_864' title='bbox 2555 5131 2816 5189; x_wconf 80' lang='lat' dir='ltr'><strong>I’Itaraon.</strong></span> <span class='ocrx_word' id='word_1_865' title='bbox 2869 5131 3021 5199; x_wconf 77' lang='lat' dir='ltr'><strong>Rat.,</strong></span> <span class='ocrx_word' id='word_1_866' title='bbox 3066 5136 3253 5197; x_wconf 83' lang='lat' dir='ltr'><strong>Gold.,</strong></span> <span class='ocrx_word' id='word_1_867' title='bbox 3304 5134 3528 5198; x_wconf 86' lang='lat' dir='ltr'><strong>Widm.,</strong></span> <span class='ocrx_word' id='word_1_868' title='bbox 3582 5133 3829 5186; x_wconf 84' lang='lat' dir='ltr'><strong>domitum</strong></span> 
     </span>
    </p>
   </div>
   <div class='ocr_carea' id='block_1_136' title="bbox 2265 5200 3830 5271">
    <p class='ocr_par' dir='ltr' id='par_1_136' title="bbox 2265 5200 3830 5271">
     <span class='ocr_line' id='line_1_138' title="bbox 2265 5200 3830 5271; baseline 0 -18"><span class='ocrx_word' id='word_1_869' title='bbox 2265 5200 2529 5255; x_wconf 84' lang='lat' dir='ltr'><strong>Pharaon.</strong></span> <span class='ocrx_word' id='word_1_870' title='bbox 2564 5204 2810 5258; x_wconf 73' lang='lat' dir='ltr'><strong>llr-iusius</strong></span> <span class='ocrx_word' id='word_1_871' title='bbox 2832 5220 2951 5260; x_wconf 91' lang='lat' dir='ltr'><strong>cum</strong></span> <span class='ocrx_word' id='word_1_872' title='bbox 2981 5208 3092 5261; x_wconf 90' lang='lat' dir='ltr'><strong>suis</strong></span> <span class='ocrx_word' id='word_1_873' title='bbox 3112 5205 3294 5266; x_wconf 88' lang='lat' dir='ltr'><strong>codd.,</strong></span> <span class='ocrx_word' id='word_1_874' title='bbox 3327 5203 3561 5271; x_wconf 84' lang='lat' dir='ltr'><strong>Gifanio,</strong></span> <span class='ocrx_word' id='word_1_875' title='bbox 3607 5215 3664 5257; x_wconf 88' lang='lat' dir='ltr'><strong>et</strong></span> <span class='ocrx_word' id='word_1_876' title='bbox 3700 5203 3830 5257; x_wconf 85' lang='lat' dir='ltr'><strong>Cau-</strong></span> 
     </span>
    </p>
   </div>
   <div class='ocr_carea' id='block_1_137' title="bbox 2263 5272 3828 5341">
    <p class='ocr_par' dir='ltr' id='par_1_137' title="bbox 2263 5272 3828 5341">
     <span class='ocr_line' id='line_1_139' title="bbox 2263 5272 3828 5341; baseline 0.003 -16"><span class='ocrx_word' id='word_1_877' title='bbox 2263 5272 2386 5326; x_wconf 87' lang='lat' dir='ltr'><strong>chio</strong></span> <span class='ocrx_word' id='word_1_878' title='bbox 2415 5273 2659 5325; x_wconf 78' lang='lat' dir='ltr'><strong>domitam</strong></span> <span class='ocrx_word' id='word_1_879' title='bbox 2685 5274 2926 5341; x_wconf 85' lang='lat' dir='ltr'><strong>Pharon;</strong></span> <span class='ocrx_word' id='word_1_880' title='bbox 2975 5277 3042 5329; x_wconf 87' lang='lat' dir='ltr'><strong>ita</strong></span> <span class='ocrx_word' id='word_1_881' title='bbox 3086 5278 3245 5329; x_wconf 88' lang='lat' dir='ltr'><strong>etiam</strong></span> <span class='ocrx_word' id='word_1_882' title='bbox 3284 5274 3429 5336; x_wconf 83' lang='lat' dir='ltr'><strong>Ald.,</strong></span> <span class='ocrx_word' id='word_1_883' title='bbox 3482 5272 3597 5327; x_wconf 84' lang='lat' dir='ltr'><strong>Gis.</strong></span> <span class='ocrx_word' id='word_1_884' title='bbox 3642 5274 3679 5324; x_wconf 64' lang='grc' dir='ltr'><strong>ἓ</strong></span> <span class='ocrx_word' id='word_1_885' title='bbox 3724 5274 3828 5330; x_wconf 68' lang='grc' dir='ltr'>θα..</span> 
     </span>
    </p>
   </div>
   <div class='ocr_carea' id='block_1_138' title="bbox 2265 5342 3828 5414">
    <p class='ocr_par' dir='ltr' id='par_1_138' title="bbox 2265 5342 3828 5414">
     <span class='ocr_line' id='line_1_140' title="bbox 2265 5342 3828 5414; baseline -0.001 -19"><span class='ocrx_word' id='word_1_886' title='bbox 2265 5342 2445 5414; x_wconf 87' lang='lat' dir='ltr'><strong>Prag.,</strong></span> <span class='ocrx_word' id='word_1_887' title='bbox 2481 5342 2690 5414; x_wconf 26' lang='lat' dir='ltr'><strong>\‘atLA,</strong></span> <span class='ocrx_word' id='word_1_888' title='bbox 2719 5346 2895 5414; x_wconf 85' lang='lat' dir='ltr'><strong>Egm.,</strong></span> <span class='ocrx_word' id='word_1_889' title='bbox 2926 5346 3094 5399; x_wconf 80' lang='lat' dir='ltr'><strong>Palat.</strong></span> <span class='ocrx_word' id='word_1_890' title='bbox 3131 5346 3313 5411; x_wconf 87' lang='lat' dir='ltr'><strong>Fabr.,</strong></span> <span class='ocrx_word' id='word_1_891' title='bbox 3359 5344 3586 5407; x_wconf 87' lang='lat' dir='ltr'><strong>Hailsb.,</strong></span> <span class='ocrx_word' id='word_1_892' title='bbox 3618 5343 3828 5398; x_wconf 82' lang='lat' dir='ltr'><strong>Weitz..</strong></span> 
     </span>
    </p>
   </div>
   <div class='ocr_carea' id='block_1_139' title="bbox 2264 5412 3831 5478">
    <p class='ocr_par' dir='ltr' id='par_1_139' title="bbox 2264 5412 3831 5478">
     <span class='ocr_line' id='line_1_141' title="bbox 2264 5412 3831 5478; baseline -0.002 -14"><span class='ocrx_word' id='word_1_893' title='bbox 2264 5413 2352 5478; x_wconf 86' lang='lat' dir='ltr'><strong>qui</strong></span> <span class='ocrx_word' id='word_1_894' title='bbox 2375 5412 2555 5466; x_wconf 74' lang='lat' dir='ltr'><strong>scribit</strong></span> <span class='ocrx_word' id='word_1_895' title='bbox 2585 5412 2786 5467; x_wconf 65' lang='lat' dir='ltr'><strong>FaronI</strong></span> <span class='ocrx_word' id='word_1_896' title='bbox 2816 5418 2971 5470; x_wconf 65' lang='lat' dir='ltr'><strong>Pot-ta</strong></span> <span class='ocrx_word' id='word_1_897' title='bbox 3002 5416 3209 5469; x_wconf 83' lang='lat' dir='ltr'><strong>Pharon</strong></span> <span class='ocrx_word' id='word_1_898' title='bbox 3240 5416 3465 5469; x_wconf 90' lang='lat' dir='ltr'><strong>insulam</strong></span> <span class='ocrx_word' id='word_1_899' title='bbox 3498 5414 3831 5468; x_wconf 63' lang='lat' dir='ltr'><strong>Alexandriae</strong></span> 
     </span>
    </p>
   </div>
   <div class='ocr_carea' id='block_1_140' title="bbox 2264 5483 3832 5555">
    <p class='ocr_par' dir='ltr' id='par_1_140' title="bbox 2264 5483 3832 5555">
     <span class='ocr_line' id='line_1_142' title="bbox 2264 5483 3832 5555; baseline -0.013 -6"><span class='ocrx_word' id='word_1_900' title='bbox 2264 5484 2565 5555; x_wconf 66' lang='lat' dir='ltr'><strong>PFMimam</strong></span> <span class='ocrx_word' id='word_1_901' title='bbox 2596 5500 2690 5552; x_wconf 84' lang='lat' dir='ltr'><strong>pro</strong></span> <span class='ocrx_word' id='word_1_902' title='bbox 2720 5486 2951 5555; x_wconf 63' lang='lat' dir='ltr'><strong>Egypto</strong></span> <span class='ocrx_word' id='word_1_903' title='bbox 2981 5488 3175 5552; x_wconf 70' lang='lat' dir='ltr'><strong>posuit.</strong></span> <span class='ocrx_word' id='word_1_904' title='bbox 3211 5487 3455 5540; x_wconf 89' lang='lat' dir='ltr'><strong>Lucanus</strong></span> <span class='ocrx_word' id='word_1_905' title='bbox 3478 5484 3571 5537; x_wconf 92' lang='lat' dir='ltr'><strong>lib.</strong></span> <span class='ocrx_word' id='word_1_906' title='bbox 3608 5500 3675 5555; x_wconf 10' lang='lat' dir='ltr'><strong>x7:</strong></span> <span class='ocrx_word' id='word_1_907' title='bbox 3702 5483 3832 5555; x_wconf 82' lang='lat' dir='ltr'><strong>Tunc</strong></span> 
     </span>
    </p>
   </div>
   <div class='ocr_carea' id='block_1_141' title="bbox 2266 5550 3829 5633">
    <p class='ocr_par' dir='ltr' id='par_1_141' title="bbox 2266 5550 3829 5633">
     <span class='ocr_line' id='line_1_143' title="bbox 2266 5550 3829 5633; baseline 0.003 -30"><span class='ocrx_word' id='word_1_908' title='bbox 2266 5550 2545 5633; x_wconf 71' lang='lat' dir='ltr'><strong>claustrum</strong></span> <span class='ocrx_word' id='word_1_909' title='bbox 2568 5550 2743 5633; x_wconf 68' lang='lat' dir='ltr'><strong>pelagi</strong></span> <span class='ocrx_word' id='word_1_910' title='bbox 2782 5550 2909 5633; x_wconf 65' lang='lat' dir='ltr'><strong>cepit</strong></span> <span class='ocrx_word' id='word_1_911' title='bbox 2949 5550 3159 5633; x_wconf 77' lang='lat' dir='ltr'><strong>Pharon</strong></span> <span class='ocrx_word' id='word_1_912' title='bbox 3196 5572 3213 5610; x_wconf 91' lang='lat'><strong><em>:</em></strong></span> <span class='ocrx_word' id='word_1_913' title='bbox 3252 5555 3435 5633; x_wconf 83' lang='lat' dir='ltr'><strong>_Insul_a</strong></span> <span class='ocrx_word' id='word_1_914' title='bbox 3480 5554 3745 5633; x_wconf 72' lang='lat' dir='ltr'><strong>quondam</strong></span> <span class='ocrx_word' id='word_1_915' title='bbox 3783 5554 3829 5603; x_wconf 79' lang='lat' dir='ltr'><strong>in</strong></span> 
     </span>
    </p>
   </div>
   <div class='ocr_carea' id='block_1_142' title="bbox 2266 5623 3833 5700">
    <p class='ocr_par' dir='ltr' id='par_1_142' title="bbox 2266 5623 3833 5700">
     <span class='ocr_line' id='line_1_144' title="bbox 2266 5623 3833 5700; baseline 0.001 -27"><span class='ocrx_word' id='word_1_916' title='bbox 2266 5623 2431 5700; x_wconf 73' lang='lat' dir='ltr'><strong>medio</strong></span> <span class='ocrx_word' id='word_1_917' title='bbox 2460 5627 2596 5700; x_wconf 80' lang='lat' dir='ltr'><strong>stetit</strong></span> <span class='ocrx_word' id='word_1_918' title='bbox 2622 5623 2903 5700; x_wconf 67' lang='lat' dir='ltr'><strong>attentari,</strong></span> <span class='ocrx_word' id='word_1_919' title='bbox 2934 5638 3039 5681; x_wconf 91' lang='lat' dir='ltr'><strong>etc.</strong></span> <span class='ocrx_word' id='word_1_920' title='bbox 3095 5627 3148 5680; x_wconf 88' lang='lat' dir='ltr'><strong>In</strong></span> <span class='ocrx_word' id='word_1_921' title='bbox 3171 5628 3356 5700; x_wconf 77' lang='lat' dir='ltr'><strong>eadem</strong></span> <span class='ocrx_word' id='word_1_922' title='bbox 3393 5625 3565 5678; x_wconf 88' lang='lat' dir='ltr'><strong>insula</strong></span> <span class='ocrx_word' id='word_1_923' title='bbox 3597 5624 3697 5677; x_wconf 89' lang='lat' dir='ltr'><strong>fuit</strong></span> <span class='ocrx_word' id='word_1_924' title='bbox 3728 5634 3833 5700; x_wconf 77' lang='lat' dir='ltr'><strong>tur-</strong></span> 
     </span>
    </p>
   </div>
   <div class='ocr_carea' id='block_1_143' title="bbox 2266 5692 3833 5759">
    <p class='ocr_par' dir='ltr' id='par_1_143' title="bbox 2266 5692 3833 5759">
     <span class='ocr_line' id='line_1_145' title="bbox 2266 5692 3833 5759; baseline 0 -16"><span class='ocrx_word' id='word_1_925' title='bbox 2266 5693 2341 5744; x_wconf 90' lang='lat' dir='ltr'><strong>ris</strong></span> <span class='ocrx_word' id='word_1_926' title='bbox 2367 5695 2605 5759; x_wconf 70' lang='lat' dir='ltr'><strong>praealta,</strong></span> <span class='ocrx_word' id='word_1_927' title='bbox 2633 5696 2773 5749; x_wconf 91' lang='lat' dir='ltr'><strong>unde</strong></span> <span class='ocrx_word' id='word_1_928' title='bbox 2800 5692 3037 5751; x_wconf 74' lang='lat' dir='ltr'><strong>accensa:</strong></span> <span class='ocrx_word' id='word_1_929' title='bbox 3066 5707 3222 5749; x_wconf 81' lang='lat' dir='ltr'><strong>noctu</strong></span> <span class='ocrx_word' id='word_1_930' title='bbox 3264 5696 3403 5750; x_wconf 87' lang='lat' dir='ltr'><strong>faces</strong></span> <span class='ocrx_word' id='word_1_931' title='bbox 3435 5709 3654 5747; x_wconf 87' lang='lat' dir='ltr'><strong>cursum</strong></span> <span class='ocrx_word' id='word_1_932' title='bbox 3693 5692 3833 5747; x_wconf 79' lang='lat' dir='ltr'><strong>navi~</strong></span> 
     </span>
    </p>
   </div>
   <div class='ocr_carea' id='block_1_144' title="bbox 2267 5763 3700 5835">
    <p class='ocr_par' dir='ltr' id='par_1_144' title="bbox 2267 5763 3700 5835">
     <span class='ocr_line' id='line_1_146' title="bbox 2267 5763 3700 5835; baseline 0.003 -22"><span class='ocrx_word' id='word_1_933' title='bbox 2267 5763 2801 5835; x_wconf 50' lang='lat' dir='ltr'><strong>gat_tt_iuntregebant,</strong></span> <span class='ocrx_word' id='word_1_934' title='bbox 2833 5782 2950 5835; x_wconf 70' lang='lat' dir='ltr'><strong>qua:</strong></span> <span class='ocrx_word' id='word_1_935' title='bbox 2979 5766 3167 5833; x_wconf 85' lang='lat' dir='ltr'><strong>pharos</strong></span> <span class='ocrx_word' id='word_1_936' title='bbox 3196 5782 3405 5834; x_wconf 83' lang='lat' dir='ltr'><strong>quoque</strong></span> <span class='ocrx_word' id='word_1_937' title='bbox 3425 5766 3567 5818; x_wconf 90' lang='lat' dir='ltr'><strong>dicta</strong></span> <span class='ocrx_word' id='word_1_938' title='bbox 3592 5773 3700 5835; x_wconf 81' lang='lat' dir='ltr'><strong>est.</strong></span> 
     </span>
    </p>
   </div>
   <div class='ocr_carea' id='block_1_145' title="bbox 2341 5832 3835 5908">
    <p class='ocr_par' dir='ltr' id='par_1_145' title="bbox 2341 5832 3835 5908">
     <span class='ocr_line' id='line_1_147' title="bbox 2341 5832 3835 5908; baseline 0.003 -23"><span class='ocrx_word' id='word_1_939' title='bbox 2341 5832 2427 5885; x_wconf 78' lang='lat'><strong>85.</strong></span> <span class='ocrx_word' id='word_1_940' title='bbox 2478 5832 2663 5901; x_wconf 85' lang='lat' dir='ltr'><strong>Fabr.,</strong></span> <span class='ocrx_word' id='word_1_941' title='bbox 2714 5832 2864 5902; x_wconf 48' lang='lat' dir='ltr'><strong>(iis,</strong></span> <span class='ocrx_word' id='word_1_942' title='bbox 2900 5832 3144 5908; x_wconf 64' lang='lat' dir='ltr'><strong>pra’sidi;</strong></span> <span class='ocrx_word' id='word_1_943' title='bbox 3181 5832 3290 5906; x_wconf 87' lang='lat' dir='ltr'><strong>alii,</strong></span> <span class='ocrx_word' id='word_1_944' title='bbox 3324 5832 3559 5907; x_wconf 26' lang='lat' dir='ltr'><strong>‘pra’suti.</strong></span> <span class='ocrx_word' id='word_1_945' title='bbox 3616 5834 3717 5889; x_wconf 89' lang='lat' dir='ltr'><strong>llic</strong></span> <span class='ocrx_word' id='word_1_946' title='bbox 3764 5841 3835 5890; x_wconf 84' lang='lat' dir='ltr'><strong>est</strong></span> 
     </span>
    </p>
   </div>
  </div>
