3970 6326
224 432 301 485 815
837 428 1370 483 CATIIEMElllNON
1418 430 1474 484 ν.
1523 431 1605 483 DE
1646 431 1827 484 Μ)νο
1868 431 2121 485 LUMINE
2164 431 2529 488 PASCIIALIS
2571 434 2876 490 SABBATI.

1765 548 1811 604 Α
1842 543 1942 600 100

422 540 576 610 (logis
592 540 837 609 justitias,
868 541 1077 596 vindice
1105 543 1365 597 dextera?

224 634 273 689 25
363 632 449 700 Qui
480 640 700 701 pontum
725 631 928 702 rapidis
957 634 1175 687 a-stibus
1204 633 1402 687 invium

418 724 722 779 Persultare
744 734 916 790 velas,
940 733 997 779 ut
1022 726 1188 779 reﬂuo
1212 726 1262 779 in
1290 724 1425 780 salo‘

423 817 653 872 Securus
684 825 881 887 pateat,
908 826 957 872 te
982 817 1134 883 duce,
1172 820 1442 884 transitus,

430 909 492 961 Et
521 924 642 962 mox
676 908 817 963 unda
848 924 1006 977 rapax
1038 918 1096 963 ut
1123 919 1277 963 voret
1305 909 1514 977 impios.

368 1000 510 1070 291
539 1000 632 1053 Cui
659 1000 836 1069 jejuna
868 1002 1033 1056 eremi
1061 1016 1186 1055 saxa
1214 1002 1525 1072 loquacibus

229 1094 282 1147 90
433 1092 722 1145 Exundant
752 1091 1027 1155 scatebris,
1061 1100 1115 1147 et
1141 1093 1323 1148 latices
1354 1111 1521 1150 novos

432 1181 621 1234 Fundit
643 1181 808 1235 scissa
831 1181 997 1234 silex:
1022 1196 1141 1250 qua:
1171 1183 1471 1239 sitientibus

435 1272 528 1324 Dat
558 1280 739 1340 potum
769 1272 977 1340 populis
1003 1287 1102 1327 axe
1130 1273 1230 1328 sub
1258 1274 1431 1342 igneo.

370 1364 527 1417 lnstar
554 1362 695 1416 I'ellis
723 1378 855 1430 aqua
890 1363 1129 1419 tristiﬁco
1162 1365 1214 1417 in
1246 1364 1361 1418 lacu

439 1456 519 1509 Fit
542 1456 667 1524 ligni
692 1455 845 1509 venia
880 1456 983 1509 tnel
1019 1455 1162 1509 velut
1190 1457 1448 1510 Atticum.

228 1548 280 1602 93
436 1544 654 1615 Liguum
679 1554 783 1610 est,
808 1544 1019 1612 sapiunt
1047 1560 1234 1613 aspera
1265 1545 1506 1608 dulcius;

432 1636 563 1689 Nam
596 1638 808 1705 prteIixa
834 1636 977 1690 cruci
1007 1650 1130 1704 spes
1160 1636 1431 1690 hominum
1459 1637 1620 1705 viget.

318 1798 325 1805 υ
373 1726 550 1796 Implet
578 1736 751 1782 castra
783 1726 931 1781 cibus
956 1734 1081 1781 tunc
1105 1741 1317 1796 quoque
1346 1727 1629 1797 ninguidus
1652 1769 1665 1794 ,

432 1818 665 1873 lllabens
680 1817 854 1887 gelida
880 1818 1137 1886 grandine
1159 1819 1397 1873 densius.

430 1909 523 1964 His
557 1922 771 1965 mensas
796 1908 989 1977 epulis,
1014 1907 1113 1962 hac
1133 1909 1268 1977 dape
1292 1918 1630 1975 construunt,

1858 1551 1962 1604 110

3302 440 3406 496 8‘26

2085 546 2250 611 Quam
2278 548 2369 600 dat
2396 549 2606 603 sidereo
2626 549 2873 603 Christus
2897 550 2962 603 ab
2990 551 3227 606 temere.-

2023 637 2237 693 Necnon
2266 640 2542 696 iinbrifero
2571 652 2759 697 ventus
2783 643 3018 698 anhelitu

2094 731 2284 785 Crassa
2317 734 2456 787 nube
2486 733 2630 789 leves
2660 734 2858 789 invehit
2880 735 3059 800 alites,

2098 821 2257 891 292
2312 822 2441 888 Qua:
2488 822 2684 877 difﬂata
2727 825 2777 878 in
2824 825 3041 880 humum
3087 839 3205 880 cum
3251 826 3414 881 semel

2835 916 3063 988 [agmina

2106 1006 2419 1071 Fluxerunt,
2450 1007 2632 1061 reduci
2664 1021 2770 1062 non
2797 1008 3038 1062 revolant
3067 1006 3206 1077 fuga.

1855 1090 1957 1152 105
2032 1096 2156 1151 llaec
2183 1096 2311 1151 olim
2347 1100 2582 1168 patrihus
2604 1098 2819 1168 praemia
2850 1098 3073 1153 contulit

2101 1186 2329 1255 Insignis
2351 1188 2518 1254 pietas
2540 1187 2770 1241 numinis
2798 1188 2969 1242 unici:

2101 1275 2265 1344 Cujus
2291 1275 2531 1331 subsidio
2559 1292 2658 1333 nos
2679 1292 2889 1348 quoque
2908 1277 3205 1343 vescimur,

2107 1368 2396 1423 Pascentes
2421 1368 2647 1438 dapibus
2668 1379 2881 1438 pectora
2904 1368 3164 1441 mysticis.

2038 1457 2229 1514 Fessos
2252 1459 2345 1514 ille
2367 1468 2521 1515 vocat
2548 1474 2640 1528 per
2672 1460 2803 1515 lreta
2844 1460 3041 1522 saeculi,

2108 1550 2355 1605 Discissis
2378 1552 2627 1619 populum
2651 1550 2952 1605 turbinibus
2980 1561 3188 1617 regens,

2105 1640 2441 1711 Jactatasque
2464 1643 2669 1697 animas
2690 1642 2839 1696 mille
2862 1639 3133 1695 laboribus

2109 1730 2380 1785 Justortnn
2409 1731 2463 1785 in
2490 1731 2713 1801 patriam
2745 1729 3000 1785 scandere
3026 1727 3282 1799 praecipit.

2040 1818 2151 1875 Illic
2174 1820 2452 1889 purpureis
2484 1828 2619 1876 tecta
2651 1819 2869 1875 rosariis

2115 1914 2299 1968 Omnis
2329 1913 2527 1984 fragrat
2552 1912 2769 1982 humus,
2802 1914 3083 1986 calthaque
3103 1914 3310 1986 pinguia

1484 2023 1761 2079 GLOSSE
1800 2024 2131 2083 VETERES.

278 2144 353 2198 9%.
381 2146 511 2212 Axe,
542 2148 667 2209 sole,
705 2146 746 2199 I.
777 2147 884 2201 Sub
914 2152 1118 2214 perusta
1142 2144 1316 2213 plaga,
1344 2143 1381 2195 i.
1416 2157 1461 2195 e.
1506 2158 1595 2211 per
1625 2143 1756 2196 Ara-
1789 2147 1835 2206 B
1934 2145 2054 2199 106.
2081 2145 2346 2211 Numinis,
2377 2146 2499 2200 Filii
2529 2147 2642 2214 Dei,
2678 2147 2794 2202 Vat.
2820 2148 2883 2202 A.

227 2214 351 2280 bium,
377 2214 489 2269 Vat.
522 2217 593 2271 Α.

281 2284 352 2341 91.
382 2287 551 2355 Ligni,
601 2302 787 2341 crum.
831 2316 898 2327 -—
950 2285 1128 2346 Venia,
1160 2283 1419 2351 beneﬁcio,
1446 2282 1567 2355 Vat.
1603 2284 1665 2337 A.
1691 2312 1759 2322 --

225 2353 458 2422 Atticum,
473 2359 613 2425 quod
639 2358 891 2410 invenitur
922 2356 1119 2409 dulcius
1151 2358 1284 2408 omni
1316 2354 1481 2421 melle,
1509 2354 1547 2406 l.

280 2427 358 2481 97.
380 2427 690 2496 Ninguidus,
722 2430 914 2491 niveus,
942 2427 980 2479 l.

284 2497 385 2551 102.
411 2498 603 2561 Alites,
628 2499 924 2561 coturnices,
955 2496 1073 2551 Vat.
1108 2498 1172 2551 A.

1939 2217 2058 2269 10'l.
2091 2216 2269 2272 Frela.
2302 2226 2632 2285 tempestates,
2671 2219 2708 2271 I.

1938 2285 2058 2339 115.
2091 2286 2353 2352 liosariis,
2399 2289 2555 2352 rosis,
2601 2304 2886 2351 rosarium,
2938 2297 2982 2340 et
3038 2298 3258 2341 rosetum
3306 2287 3428 2338 idem

1879 2365 2019 2417 sunt,
2048 2356 2085 2407 i.
2112 2374 2158 2409 e.
2186 2357 2325 2410 locus
2348 2360 2394 2409 in
2422 2374 2520 2426 quo
2542 2374 2669 2411 rosa:
2699 2368 2997 2422 nascuntur,
3022 2358 3059 2411 I.

1946 2427 2067 2498 1|}.
2091 2426 2399 2496 Calthaquc,
2428 2432 2647 2498 pretiosa
2673 2430 2947 2498 pigmenta,
2973 2429 3141 2482 caltha
3166 2426 3435 2496 virgultum

1872 2496 1926 2549 in
1948 2494 2199 2566 zEgypto,
2227 2494 2356 2552 unde
2388 2494 2681 2553 balsamum
2694 2494 2827 2568 ﬂuit.
2845 2530 2911 2540 —
2930 2500 3169 2570 Pinguia,
3195 2494 3376 2562 Iterba',
3401 2498 3437 2552 I.

1536 2629 2069 2688 COMMENTARIUS

224 2746 418 2816 Moyses,
444 2747 644 2816 prtesul
660 2747 897 2816 justitiaa.
934 2744 1205 2800 Giselinus
1226 2744 1359 2811 vult,
1382 2744 1593 2798 dextera
1615 2744 1771 2816 justi:

227 2813 496 2873 tiw'vindice
525 2813 773 2887 intelligi,
818 2834 920 2872 non
960 2816 1169 2886 praesuli
1206 2817 1421 2887 justitire
1446 2832 1463 2867 :
1497 2816 1598 2868 hoc
1638 2813 1768 2887 mihi

225 2889 366 2955 magis
386 2890 578 2959 placet,
611 2899 670 2943 ut
700 2886 896 2959 hymno
928 2888 1179 2957 11,,vers.
1211 2886 1335 2953 115,
1386 2886 1569 2952 Quem,
1611 2894 1656 2938 te
1690 2886 1771 2955 fu-

227 2960 334 3009 roris
370 2963 606 3029 prwsule.

283 3026 505 3085 85IVat.
537 3031 608 3095 A,
638 3040 843 3098 pontum
871 3030 1079 3083 rabidis.
1112 3028 1504 3098 Heinsiuscum
1529 3026 1638 3079 suis
1662 3026 1767 3092 (ni-

225 3097 286 3152 hil
325 3100 456 3154 enim
497 3096 697 3168 notat),
744 3101 891 3163 Ald.,
938 3099 1084 3164 Bat.,
1122 3099 1259 3165 Gis.,
1305 3096 1522 3164 Weitz.,
1568 3107 1777 3166 pontum

226 3170 415 3236 rapidis.
448 3170 662 3225 Scheda
694 3172 890 3224 Barthii
920 3171 1136 3223 rabidis.

282 3240 361 3294 86.
406 3242 589 3311 Prag.,
630 3240 743 3295 Gis.
785 3242 871 3295 ed.
902 3246 957 3305 ‘2,
1000 3242 1317 3310 persulcare,
1362 3237 1513 3311 Ald.,_
1540 3235 1662 3289 Vat.
1712 3235 1773 3299 Β,

226 3307 381 3381 Prag.,
409 3307 633 3378 Weitz.,
657 3311 777 3365 Vat.
799 3313 864 3376 υ,
895 3307 1194 3381 persultare,
1220 3309 1393 3381 quod
1431 3308 1641 3381 videtur
1678 3320 1773 3359 vo-

228 3376 367 3435 luisse
392 3383 507 3437 Vat.
540 3376 725 3445 A,'ubi
747 3391 830 3436 est
855 3376 1172 3445 persultetre.
1216 3376 1417 3433 Barthii
1444 3376 1642 3432 scheda
1676 3390 1774 3445 pro

229 3451 321 3503 salo
349 3453 499 3507 habet
521 3454 658 3518 sale,
686 3453 825 3521 quod
856 3449 1107 3521 Virgilius
1138 3449 1394 3521 adhibuit.

286 3522 367 3576 88.
393 3524 526 3589 PaL,
556 3517 714 3587 Ald.,
737 3517 975 3584 Weitz,
993 3523 1216 3575 devoret.
1246 3520 1421 3589 Nostri
1448 3528 1503 3572 et
1536 3517 1779 3589 lleinsia-

230 3590 291 3654 ni,
317 3606 411 3715 ἁκεῖ
427 3602 589 3715 υοΙγει.
636 3591 748 3647 Gis.
797 3593 865 3647 ad
913 3607 1105 3662 marg.,
1147 3593 1367 3644 devoret.
1398 3588 1470 3643 Ita
1500 3590 1605 3644 duo
1634 3588 1774 3643 Vatt.

230 3675 313 3715 sou
414 3679 475 3715 eo
501 3704 514 3715 .

228 3663 346 3728 apud
372 3663 514 3718 Teol.

289 3732 367 3785 89.
395 3736 540 3801 Ald.,
571 3734 689 3790 Gis.
733 3734 784 3787 in
813 3735 1005 3787 textui
1040 3733 1193 3797 edit.,
1236 3733 1327 3786 vite
1378 3746 1477 3801 pro
1522 3729 1694 3783 eremi.
1727 3728 1784 3782 Id

229 3800 332 3873 ideo
356 3800 573 3870 factum,
609 3806 728 3873 quia
776 3806 931 3857 eremi
971 3803 1132 3857 habet
1163 3820 1189 3854 e
1217 3800 1508 3873 secundum
1544 3801 1783 3867 longum.

228 3871 318 3925 Sed
343 3877 567 3929 notanda
603 3871 684 3929 est
711 3876 1041 3930 consuetudo
1068 3882 1257 3942 poette,
1283 3883 1333 3928 et
1362 3872 1479 3942 ejus
1507 3872 1781 3942 temporis,

232 3951 281 3994 ut
305 3944 510 4000 uberius
540 3947 597 3999 in
622 3944 1015 4013 prolegomeuis
1039 3939 1289 4011 explicui.
1322 3939 1537 3997 Te'olins
1563 3942 1657 4013 ait,
1690 3939 1789 3993 Se-

230 4015 425 4067 cundam
454 4017 506 4068 in
538 4012 705 4071 eam
727 4012 987 4082 corripuit,
1016 4015 1145 4067 alias
1194 4014 1464 4083 producit,
1494 4020 1549 4066 et
1592 4012 1791 4083 allegat

232 4096 357 4155 vers.
381 4086 447 4140 39
469 4085 685 4155 praefat.
707 4088 775 4139 At
799 4086 907 4153 jatn
934 4098 998 4155 eo
1030 4085 1146 4138 loco
1177 4082 1381 4155 monui,
1414 4082 1704 4155 secundam
1735 4082 1789 4134 in

234 4152 408 4226 ζητέεις
428 4152 654 4226 corripi,
686 4152 1041 4226 non’produci
1068 4170 1081 4217 ;
1115 4153 1254 4226 quod
1284 4154 1536 4222 putabam
1566 4166 1662 4226 per
1691 4164 1785 4226 c_a—

232 4221 340 4276 Iami
363 4220 629 4294 lapsutn'a
672 4220 859 4280 Teolio
888 4224 1109 4278 dictum.
1134 4220 1367 4276 Vlfremus
1396 4238 1498 4276 vox
1536 4220 1793 4294 ecclesia—

238 4291 461 4366 stica_est
488 4297 632 4362 apud
672 4296 1076 4366 Hieronymum,
1122 4303 1177 4366 et
1204 4294 1453 4361 aequales.
1487 4294 1541 4347 In
1576 4291 1793 4366 ileinsio

239 4363 467 4420 mendum
497 4360 763 4429 arbitror,
793 4360 934 4436 quod
978 4368 1051 4418 ait
1074 4406 1088 4428 ,
1120 4360 1426 4436 Irequenter
1455 4362 1652 4436 corripi
1688 4360 1795 4436 pri-

240 4448 360 4506 inain
390 4437 439 4490 in
465 4454 666 4491 eremus
686 4453 715 4490 a
743 4431 1089 4506 scriptoribus
1127 4435 1521 4506 ecclesiasticis.
1554 4432 1667 4506 Non
1699 4431 1795 4485 du-

238 4501 335 4575 bito
361 4508 482 4575 quin
518 4510 680 4561 homo
720 4501 982 4575 prosodia:
1026 4507 1226 4574 peritus
1273 4504 1561 4575 secundam
1611 4503 1792 4575 dicere

239 4572 482 4646 voluerit:
514 4594 637 4631 nam
669 4572 838 4646 prima
869 4572 1120 4631 certo'est
1148 4575 1340 4629 brevis.
1374 4574 1487 4629 Gis.
1512 4574 1564 4628 in
1596 4583 1742 4628 textu
1768 4572 1793 4623 1

238 4644 351 4716 edit.
376 4655 427 4699 et
459 4648 651 4713 Fabr.,
670 4644 1001 4700 madentibus
1027 4661 1124 4716 pro
1163 4646 1475 4713 loquacibus.

300 4715 382 4767 b3.
414 4716 702 4784 Tristiﬁcas
735 4733 829 4786 pro
855 4714 1041 4770 amaro
1062 4716 1179 4781 hic,
1209 4726 1263 4769 et
1290 4724 1500 4769 tetrast.
1533 4716 1601 4769 13
1632 4714 1803 4786 Ditte-

238 4781 391 4857 δμωὶς
417 4781 703 4854 Tristiﬁcas
737 4781 917 4840 latices
946 4788 1205 4857 stagnanti
1240 4785 1357 4852 felle
1406 4785 1624 4842 tenebat.
1669 4784 1801 4839 Vide

240 4852 332 4904 aha
361 4852 587 4911 ibidem.
619 4858 869 4913 Nebrissa
902 4852 1066 4910 tristes
1090 4856 1311 4924 lupinos,
1343 4865 1389 4908 et
1419 4857 1587 4909 tristes
1625 4871 1801 4908 succos

240 4924 408 4977 eadem
451 4927 845 4996 signiﬁcatione
890 4928 941 4981 in
986 4925 1134 4996 Virg.
1175 4926 1393 4980 n0tavit.
1430 4925 1557 4980 lude
1604 4926 1799 4994 Aputh.

242 5006 365 5067 vers.
397 4995 526 5067 μμ
570 4995 806 5067 Unguine
830 5013 1007 5050 amaro
1031 4995 1328 5049 contristare
1355 5012 1546 5049 comas.

302 5062 383 5136 94}.
414 5062 733 5135 Becmanus,
759 5068 826 5121 de
855 5068 1001 5136 Orig.
1036 5066 1166 5135 ling.
1214 5067 1328 5119 Lat.
1351 5106 1367 5132 ,
1397 5068 1561 5120 verbo
1590 5064 1759 5119 VENIO
1787 5082 1797 5116 :

250 5127 392 5205 Venia
422 5153 539 5203 qua:
589 5127 783 5205 optanti
815 5127 979 5201 venit:
1028 5127 1230 5204 aut'per
1267 5127 1420 5205 quant
1456 5138 1624 5189 venire
1666 5136 1800 5188 licet.

243 5196 394 5276 Plane
413 5196 478 5259 ea:
502 5196 701 5276 origine
732 5209 894 5261 utitur
916 5196 1247 5271 Prudentius,
1280 5196 1368 5258 Fit
1407 5207 1531 5275 ligni
1562 5206 1726 5276 venia,
1754 5206 1807 5257 id

242 5278 322 5345 est,
341 5273 630 5330 interventu
649 5280 718 5330 uel
748 5279 1048 5333 accessione.
1071 5278 1193 5329 dum
1214 5278 1410 5345 lignum
1432 5273 1648 5329 advenit.
1676 5275 1803 5328 Bar-

242 5341 392 5405 thius,
419 5347 512 5400 lib.
544 5362 638 5400 vttt
669 5348 826 5414 Adv.,
856 5364 974 5415 cap.
995 5348 1085 5413 ‘20,
1118 5341 1521 5415 interpretatur,
1544 5346 1669 5415 ligni
1690 5361 1804 5414 ape,

242 5415 499 5479 medicina,
532 5420 843 5472 correctione
864 5459 877 5483 ,
910 5418 1128 5471 auxilio.
1164 5418 1327 5472 Recte
1360 5417 1679 5469 Prudentius
1714 5431 1809 5468 au-

243 5488 415 5556 tumat,
449 5502 516 5540 eo
539 5488 687 5555 ligno
716 5504 928 5543 crucem
952 5489 1260 5556 signiﬁcari.
1290 5487 1667 5556 Locusexstat
1686 5499 1804 5553 cap.

239 5564 302 5669 ἓν
317 5551 676 5679 Exodiiihlel.
704 5562 961 5626 Atticum,
988 5551 1045 5611 tit
1073 5573 1235 5627 supra
1264 5555 1579 5624 Cecropium
1612 5551 1808 5624 hymno

273 5659 289 5679 .
348 5638 452 5677 ers.
565 5666 576 5678 .

272 5659 289 5685 ,
317 5637 452 5677 vers.
486 5630 576 5679 71.

420 5694 537 5769 gis.
572 5699 598 5769 1
634 5700 1219 5769 ed.,ribus.pinguidus.
1244 5697 1491 5752 Correxit
1514 5696 1806 5766 ninguidus.

298 5764 383 5837 illi.
421 5764 658 5837 llailsb.,
684 5764 741 5823 ac
767 5786 861 5837 pro
884 5764 1204 5833 liae,'tniuus
1227 5770 1382 5823 bene.

305 5833 423 5889 101.
460 5836 713 5896 Barthius
748 5833 1025 5908 observat,
1074 5847 1353 5896 ventorum
1414 5840 1568 5893 [latus
1611 5838 1806 5893 animas

1879 2744 1980 2797 dici
2004 2760 2070 2797 ex
2106 2746 2337 2798 Arnohio
2364 2744 2455 2798 lib.
2482 2761 2494 2798 ι
2521 2764 2533 2797 :
2568 2745 2819 2815 Nunquid
2842 2747 3215 2816 exspiraverunt
3245 2744 3441 2816 animas

1878 2831 1997 2868 suas
2020 2816 2150 2868 venti
2173 2817 2195 2869 ἱ)
2217 2816 2375 2869 Addit
2401 2857 2415 2880 ,
2447 2816 2789 2871 Prudentium
2834 2814 2939 2870 hoc
2980 2830 3135 2870 versu
3165 2814 3442 2868 anhelitum

1881 2899 1977 2953 pro
2002 2887 2268 2937 animabus
2302 2886 2562 2954 posuisse.
2614 2887 2859 2954 lntelligit
2906 2889 3102 2939 animas
3151 2886 3323 2941 venti:
3352 2882 3444 2937 sed

1879 2971 1975 3009 cur
2007 2970 2110 3009 non
2139 2956 2268 3009 dicit
2293 2957 2488 3023 potius,
2515 2956 2859 3009 Prudentium
2886 2957 3176 3009 anhelitum
3206 2970 3300 3025 pro
3320 2955 3444 3007 llatu

1879 3027 2140 3096 posnisse.
2175 3035 2230 3078 ut
2259 3027 2523 3080 Arnohius
2550 3030 2745 3079 artiums
2778 3042 2870 3094 pro
2900 3027 3103 3095 [latibus
3128 3027 3149 3078 ?

1952 3098 2075 3151 103.
2104 3097 2248 3159 Ald.,
2286 3096 2428 3151 Vatt.
2460 3098 2520 3161 A,
2548 3112 2575 3149 a
2604 3093 2784 3165 prima
2815 3093 2970 3150 manu
2992 3138 3006 3161 ,
3048 3101 3123 3159 υ,
3148 3094 3210 3160 P,
3242 3093 3405 3149 Weit.
3429 3134 3445 3159 ,

1880 3168 2106 3230 Widtn.,
2130 3167 2316 3229 llails.,
2342 3167 2455 3220 Pal.
2476 3178 2529 3221 et
2552 3168 2663 3229 alii,
2688 3169 2933 3234 con/lata,
2966 3166 3103 3236 quod
3126 3182 3189 3219 ex
3221 3180 3317 3219 suo
3342 3181 3443 3218 tns.

1878 3237 2238 3305 amplectitur.
2276 3239 2546 3302 Barthius,
2586 3252 2893 3305 exponens,
2937 3247 3151 3291 ventum
3194 3251 3281 3288 eas
3325 3250 3449 3288 aves

1880 3315 2183 3376 compactas
2212 3308 2566 3371 conglobatim
2613 3318 2766 3376 terra}
2792 3309 3025 3363 illisisse.
3054 3307 3171 3361 Vat.
3202 3307 3263 3371 Β,
3295 3307 3447 3370 llat.,

1882 3370 2064 3460 Pragl,
2094 3379 2285 3460 Bong,
2306 3370 2708 3460 iVidin._supra,
2739 3370 3121 3460 Gis.,hdiﬂlata.
3156 3370 3335 3460 aliqui
3367 3378 3452 3458 de-

1882 3452 2025 3518 ﬂata,
2057 3448 2199 3516 quod
2242 3452 2343 3503 erit
2364 3449 2523 3502 veluti
2548 3450 2760 3519 disjecta
2786 3459 2837 3503 et
2857 3448 3124 3519 dissipata.
3156 3448 3369 3501 Tcolius
3400 3449 3449 3500 in

1887 3530 2033 3574 textu
2074 3520 2274 3574 Heinsii
2317 3521 2416 3589 legi
2444 3524 2665 3589 conﬂata
2702 3520 2949 3586 allirmat,
2982 3520 3221 3588 quamvis
3263 3519 3307 3572 is
3337 3532 3451 3571 mo-

1887 3591 2065 3644 nuerit
2089 3590 2140 3643 iu
2169 3590 2331 3654 notis,
2362 3591 2552 3659 di/ﬂata
2578 3606 2697 3645 esse
2725 3592 2774 3643 iu
2806 3592 3013 3644 duobus
3035 3603 3163 3643 mss.
3193 3589 3453 3641 vetustio-

1806 3649 1852 3713 C
1883 3662 2048 3714 ribus.
2078 3649 2343 3713 Giselinus
2370 3649 2527 3729 vero,
2556 3676 2709 3728 quem
2742 3660 2854 3714 fere
2900 3660 3144 3714 Heinsius
3183 3659 3449 3729 sequitur,

1890 3730 1991 3783 nisi
2016 3744 2136 3783 cum
2169 3730 2494 3785 contrarium
2516 3726 2723 3798 aliquid
2756 3738 2931 3793 notat,
2967 3730 3124 3783 habet
3151 3726 3366 3798 diﬁlata,
3401 3736 3455 3798 et

1890 3801 1940 3854 in
1971 3800 2087 3868 ipso
2110 3800 2311 3854 Heinsii
2343 3809 2486 3854 textu
2524 3796 2666 3854 clare
2698 3800 2888 3869 legitur
2917 3799 3125 3868 difﬂata.
3150 3797 3269 3869 Vat.
3314 3800 3376 3859 A,
3401 3796 3451 3847 in

1890 3886 2076 3931 unum,
2106 3871 2243 3937 quod
2290 3879 2438 3924 recte
2484 3880 2780 3926 correctum
2814 3878 2895 3925 est
2931 3884 3090 3938 snpra
3144 3868 3456 3923 charactere

1895 3940 2165 3995 minutiori
2196 3942 2246 3993 in
2276 3943 2505 3993 humum.

1962 4010 2085 4065 104.
2120 4011 2367 4065 lleinsius
2394 4012 2575 4066 mallet
2602 4011 2843 4066 revolent.
2880 4012 2947 4066 At
2970 4024 3100 4065 mss.
3136 4023 3240 4063 non
3265 4022 3454 4079 perpe-

1892 4096 2029 4144 ram,
2060 4082 2309 4135 revolant.
2335 4082 2604 4149 Barthius,
2632 4082 2877 4151 referunt.

1968 4151 2087 4223 106.
2141 4151 2198 4205 lu
2247 4151 2366 4206 Vat.
2392 4155 2433 4205 A
2457 4148 2655 4223 supra,
2684 4148 2759 4208 uel
2806 4152 3022 4208 nominis
3057 4168 3152 4223 pro
3200 4148 3422 4205 numinis
3444 4191 3457 4215 ,

1895 4222 2034 4292 quod
2081 4234 2407 4291 postremum
2435 4222 2768 4280 retinendum
2799 4237 2899 4279 εει.

1970 4290 2091 4349 108.
2128 4295 2204 4349 Ex
2230 4295 2470 4364 dapibus,
2498 4297 2687 4365 quibus
2717 4296 2898 4350 refecti
2930 4304 3051 4350 sunt
3093 4293 3367 4365 Israelitze,
3394 4290 3460 4365 ad

1897 4362 2062 4435 dapes
2085 4362 2357 4435 ttiy'sticas,
2390 4362 2579 4435 quibus
2625 4367 2911 4421 Christiani
2953 4368 3004 4418 in
3036 4363 3314 4434 pervigilio
3340 4364 3462 4435 sali-

1898 4434 2007 4507 bati
2069 4431 2367 4507 paschalis
2406 4431 2780 4503 vescebantur,
2831 4446 2983 4507 poeta
3034 4431 3268 4490 advolat.
3336 4431 3463 4486 Vide

1900 4506 2098 4575 prolcg.
2130 4523 2274 4560 num.
2310 4505 2435 4563 146.

1972 4573 2095 4632 109.
2131 4576 2387 4631 Steculum
2417 4593 2509 4646 pro
2532 4578 2728 4631 mundo
2758 4577 3017 4646 rebusque
3038 4573 3315 4630 mundanis
3347 4575 3464 4639 pas:

1902 4646 2003 4701 sim
2036 4647 2104 4700 ab
2132 4648 2506 4701 ecelesiasticis
2530 4649 2879 4717 scriptoribus
2911 4647 3210 4701 adhibetur.

1974 4718 2098 4772 110.
2130 4718 2375 4771 Nonnulli
2411 4718 2653 4777 discussis
2679 4732 2771 4784 pro
2801 4718 3045 4771 discissis.

1974 4789 2096 4840 1lt.
2122 4787 2232 4841 Gis.
2267 4790 2289 4840 1
2317 4786 2403 4841 ed.
2430 4788 2480 4842 in
2526 4783 2702 4853 textui,
2726 4796 3086 4853 raptatasque;
3112 4786 3177 4839 ad
3209 4798 3357 4840 oram
3379 4783 3465 4851 ja-

1905 4867 2183 4978 ctaéasque.
2213 4856 2357 4925 Virg.
2392 4858 2486 4913 lib.
2518 4872 2532 4909 ι
2571 4857 2694 4911 ΑΞη.
2725 4872 2863 4912 vers.
2896 4859 2947 4922 5,
2979 4858 3124 4909 terris
3145 4858 3391 4927 jactatus,
3420 4862 3467 4907 et

1906 4944 1973 4978 un
2018 4942 2079 4978 ιδ.

1906 4942 2079 4979 unats.

1829 5013 1883 5074 ι)
1980 4996 2100 5074 111.
2132 4994 2431 5051 Gronovius
2460 4998 2510 5074 in
2539 4997 2818 5074 _0bservat.
2847 4996 3041 5074 ecc_le_s_.
3090 4995 3367 5074 legendum
3397 4995 3470 5048 ait

1911 5068 2159 5134 cultaque,
2186 5076 2241 5122 ut
2268 5083 2418 5137 seges
2443 5068 2769 5135 designetur,
2803 5067 2941 5136 quod
2962 5067 3133 5135 aliqua
3165 5066 3469 5135 conjectura

1914 5139 2099 5192 lulcirc
2122 5139 2230 5191 vult
2258 5137 2524 5191 Heinsius.
2560 5138 2778 5192 Videtur
2799 5139 3124 5206 distinguere
3149 5138 3229 5191 lso
3249 5138 3416 5189 Callhlt
3442 5152 3470 5188 a

1914 5208 2205 5278 pinguibus,
2239 5208 2377 5277 quod
2424 5226 2530 5262 non
2565 5218 2644 5263 est
2682 5222 2923 5263 necesse.
2963 5208 3350 5262 Chamillardus
3377 5207 3470 5267 ait,

1916 5292 2126 5332 errasse
2158 5289 2385 5345 poetam,
2417 5281 2557 5347 quod
2597 5288 2786 5333 neutro
2814 5294 3012 5348 genere
3042 5280 3321 5347 protulerit
3370 5278 3476 5331 cal-

1917 5352 2075 5411 tham,
2108 5363 2225 5415 qua:
2247 5351 2382 5418 apud
2407 5366 2592 5404 omnes
2615 5351 2859 5418 antiquos
2880 5358 2960 5403 est
2981 5349 3217 5403 feminini
3242 5348 3474 5418 generis,

1919 5421 2015 5473 llos
2045 5418 2250 5473 scilicet
2279 5422 2403 5474 lutei
2436 5423 2517 5474 vel
2549 5422 2720 5475 crocei
2751 5420 2965 5475 coloris.
2998 5420 3061 5473 Et
3094 5420 3205 5473 litec
3233 5428 3316 5472 est
3344 5419 3478 5472 ratio

1920 5489 2170 5545 Gronmii
2222 5508 2316 5543 cur
2371 5492 2520 5544 malit
2569 5493 2836 5558 cultaque,
2889 5490 3133 5557 exemplo
3197 5488 3395 5559 Virgilii
3446 5504 3479 5540 x

1918 5559 2157 5624 .‘Eneid.,
2186 5564 2269 5613 ubi
2298 5563 2506 5630 pinguia
2535 5562 2694 5625 culta,
2726 5572 2830 5615 etc.
2862 5560 3109 5614 Nebrissa
3139 5574 3201 5613 ex
3237 5558 3477 5625 Virgilio,

1918 5641 1972 5686 et
1999 5633 2288 5697 Columella
2313 5634 2643 5698 ohservarat,
2674 5634 2847 5699 potius
2873 5630 2978 5685 dici
3006 5631 3234 5683 calthatu
3254 5630 3483 5684 l'eutiueo

1914 5718 2132 5770 genere.
2185 5702 2363 5769 Neque
2410 5719 2509 5771 ego
2550 5704 2793 5767 invenio,
2839 5701 2959 5771 quis
3000 5702 3233 5754 calthum
3270 5699 3483 5765 dixerit,

1916 5781 2111 5840 praeter
2143 5773 2484 5828 Prudentium
2511 5792 2523 5837 ;
2558 5775 2651 5828 sed
2677 5790 2780 5829 non
2812 5787 2932 5827 eum
2957 5771 3169 5827 damno.
