3970 6326
504 346 602 402 827

499 463 602 518 115
741 462 898 532 293
925 461 987 514 Et
1017 462 1199 516 molles
1232 463 1417 527 violas,
1444 472 1496 518 et
1523 474 1709 518 tenues
1739 481 1927 520 crocos

747 556 944 610 Fundit
974 539 1240 611 fonticulis
1271 559 1371 612 uda
1400 552 1694 629 fugacibus.

678 647 784 700 Illic
814 656 868 700 et
896 648 1080 716 gracili
1099 649 1334 704 balsama
1364 653 1582 706 surculo

751 739 1012 806 Desudata
1041 739 1228 805 ﬂuunt,
1258 758 1485 813 raraque
1515 745 1759 798 cinnama

747 829 984 896 Spirant,
1009 839 1064 884 et
1095 832 1304 894 folium,
1335 832 1479 887 fonte
1508 835 1647 902 quod
1676 835 1858 888 abdito

749 921 1108 977 l’rarlambens
1134 923 1323 979 ﬂuvius
1358 934 1534 994 portat
1559 927 1609 979 in
1637 928 1857 980 exitum.

685 1013 721 1065 F
725 1012 884 1068 elices
905 1014 1098 1068 anima:
1126 1023 1273 1082 prata
1307 1030 1402 1084 per
1425 1015 1647 1070 herbida

746 1104 1018 1160 Concentu
1043 1105 1200 1174 parili
1230 1120 1394 1160 suave
1424 1108 1734 1161 sonantibus

723 1194 1078 1269 lllymnorum
1109 1196 1339 1251 modulis
1367 1196 1522 1251 dulce
1550 1209 1746 1251 canunt
1781 1199 1967 1260 metm,

747 1285 1146 1357 ﬁhﬂalcant
1165 1297 1218 1342 et
1249 1287 1472 1356 pedibus
1496 1288 1600 1341 lilia
1633 1289 1895 1342 candidis.

681 1377 816 1432 Sunt
843 1388 894 1433 ct
921 1379 1191 1448 spiritibus
1223 1395 1366 1450 saepe
1393 1382 1714 1436 nocentibus

506 921 602 972 1‘20

507 1376 607 1432 1ἓῦ

1605 349 1872 405 AURELH
1915 350 2278 406 PRUBENTII
2320 351 2642 407 CARMINA.
3640 345 3729 407 833

2099 473 2148 530 Α

2422 471 2704 525 Pmnarum
2741 469 2981 524 celebres
3004 471 3101 523 sub
3129 469 3292 540 Styge
3316 470 3460 524 feria:

2423 563 2512 616 Illa
2540 572 2719 626 nocte.
2753 577 2905 618 sacer
2928 578 3028 632 qua
3054 562 3213 614 rediit
3237 560 3381 616 Deus

2420 655 2632 723 Stpgnis
2655 655 2719 707 ad
2754 669 2977 720 superos
3000 670 3062 706 ex
3089 639 3490 724 ltelteronticis-

2356 745 2468 798 Non
2499 745 2635 798 sicut
2667 744 2917 798 tenebras
2938 743 3004 798 de
3030 745 3143 798 face
3174 743 3370 812 fulgida

2427 835 2664 901 Surgens
2695 849 2896 887 oceano
2919 833 3111 888 lucifer
3132 833 3341 896 imbuit,

2428 926 2531 980 Sed
2565 926 2721 979 terris
2748 926 2947 978 domini
2969 926 3036 979 de
3057 941 3218 981 cruce
3239 926 3488 981 tristibus

2431 1018 2598 1085 Major
2621 1017 2735 1069 sole
2763 1031 2958 1070 novum
2992 1016 3282 1072 restituens
3312 1016 3473 1071 diem.

2357 1108 2516 1178 295
2547 1107 2785 1160 Marcent
2813 1107 3088 1176 suppliciis
3124 1117 3318 1162 tartara
3350 1109 3585 1170 mitibus,

2432 1199 2783 1267 Exsultatque
2812 1199 2892 1251 sui
2924 1200 3156 1253 carceris
3183 1199 3296 1253 otio
3408 1196 3411 1198 ’

2433 1286 2753 1341 Umbrarum
2787 1290 3029 1356 populus,
3064 1289 3200 1343 liber
3225 1291 3292 1345 ab
3329 1291 3553 1360 ignibus,

2431 1379 2540 1433 Nec
2572 1378 2783 1434 fervent
2809 1379 2969 1432 solito
2990 1380 3205 1434 flumina
3239 1381 3509 1450 Sulphure.

2187 838 2202 888 1
2217 839 2282 888 30

2189 1289 2288 1343 155

1812 1469 2093 1527 GLOSSE
2129 1469 2468 1526 VETERES.

723 1563 940 1648 Erocos‘,
964 1580 1119 1647 genus
1148 1565 1410 1648 pigtnenti,
1445 1565 1482 1617 1.

508 1705 543 1770 ﬂ
579 1633 698 1714 116..
726 1633 1334 1756 Fltlgacibus,vivacibus.
1353 1634 1692 1698 "iuuantibus,
1712 1635 1789 1688 vel
1807 1634 2079 1689 viventibus

549 1713 733 1766 uentts,
787 1744 800 1756 .

549 1713 733 1766 uentis,
760 1713 800 1756 Ι.

580 1774 695 1826 HS.
735 1773 890 1838 Rara,
920 1776 1154 1841 pretiosa,
1190 1774 1227 1828 Ι.

582 1845 700 1917 HE).
731 1844 936 1917 folium
959 1884 974 1908 ,
1009 1847 1317 1917 pigmentum
1363 1846 1640 1911 optimum,
1674 1862 1830 1917 genus
1875 1861 2080 1898 aroma-

509 1923 631 1975 tum,
655 1914 695 1966 1.
725 1914 926 1967 Folium
953 1925 1025 1976 est
1065 1914 1217 1968 herba
1256 1917 1616 1980 pretiosissima
1653 1914 1765 1983 qum
1784 1916 1971 1968 dicitur
1997 1933 2081 1967 tte-

510 1985 617 2035 nire
645 1985 705 2054 de
746 1986 1014 2053 paradiso,
1055 1987 1188 2038 unde
1235 1986 1293 2053 ﬁt
1325 1997 1636 2054 unguentum
1671 1989 1976 2052 pretiosum,
2018 1984 2081 2037 de

509 2071 606 2175 ξικο
634 2053 894 2176 JAtrenulis
920 2071 935 2107 :
961 2057 1038 2107 Ad
1062 2072 1138 2108 me
1166 2057 1295 2108 venit
1326 2053 1565 2110 meretrix
1605 2058 1782 2126 foliato
1817 2064 2078 2124 peruncta,

560 2132 630 2176 ιιι.
710 2164 721 2176 .

560 2132 630 2176 :tl.
662 2132 721 2176 Α.

582 2194 700 2248 120.
733 2193 1053 2260 Praelabens,
1087 2195 1279 2261 ﬂuens,
1314 2195 1433 2250 Vat.
1467 2195 1531 2251 T.

2264 1562 2385 1614 1'22.
2412 1562 2609 1625 Suave,
2637 1563 2875 1626 suaviter,
2903 1563 3022 1617 Vat.
3051 1564 3116 1615 A.

2259 1633 2381 1686 125.
2413 1633 2598 1699 Melos,
2623 1635 2758 1696 laus,
2777 1635 2971 1701 generis
2994 1635 3161 1686 neutri
3183 1634 3460 1701 singularis
3489 1636 3696 1690 numeri.
3719 1635 3752 1687 I.

2263 1704 2384 1758 126.
2415 1704 2596 1774 Styge,
2624 1703 2764 1774 δῖνα)
2790 1705 2976 1772 fluvius
3004 1704 3193 1772 inferni
3217 1706 3580 1771 interpretatur
3614 1707 3754 1756 tristi-

2185 1774 2275 1837 tia,
2306 1773 2491 1826 luctus.
2525 1804 2593 1814 -——
2620 1773 2811 1834 Feriat,
2843 1774 2990 1842 festa,
3023 1773 3124 1827 lsn.

2259 1845 2382 1898 128.
2418 1843 2808 1914 Acherunticis,
2856 1845 2962 1895 sine
2996 1845 3185 1914 gaudio
3209 1887 3221 1909 ,
3270 1843 3584 1914 Phlegethon
3621 1845 3757 1912 flant-

2185 1931 2346 1976 meus,
2370 1914 2547 1982 phlox,
2580 1913 2753 1966 Gra'ce
2775 1913 3012 1982 flantum,
3043 1916 3079 1968 I.

2258 1985 2379 2040 150.
2413 1984 2622 2044 lmbuit,
2650 1984 2878 2050 expellit,
2909 1985 3146 2050 impellit,
3185 1985 3260 2037 vel
3289 1986 3562 2046 illuminat,
3598 1985 3636 2037 1.

2258 2057 2380 2110 155.
2438 2054 2678 2119 Milibus,
2703 2054 2996 2122 ntitefactis,
3029 2054 3068 2108 l.

2260 2126 2384 2180 155.
2410 2123 2751 2189 Umbrarum,
2780 2124 3159 2193 defunctorum,
3203 2124 3350 2176 aliter
3385 2127 3692 2194 functorum,
3730 2126 3760 2178 l.

1858 2281 2413 2341 COMMENTARIUS.

585 2376 714 2448 115.
741 2375 1129 2448 Pascltalis,de
1161 2378 1394 2432 Coronis
1423 2393 1544 2448 pag.
1578 2378 1702 2440 145,
1741 2378 1862 2443 H7,
1908 2380 2008 2434 187
2037 2388 2093 2434 et

634 2446 764 2517 edit.
785 2445 920 2500 1610
935 2446 1285 2517 ParisiiSqltos
1310 2444 1781 2502 verSus'tnemorat
1802 2463 1861 2500 ac
1877 2450 2084 2515 repetit.

517 2515 766 2583 Virgilius
799 2517 998 2569 mollem
1021 2515 1202 2569 violam
1225 2517 1354 2571 dixit
1379 2561 1392 2581 ,
1433 2519 1658 2572 Ovidius
1691 2528 1862 2571 tenues
1891 2535 2084 2572 crocos.

589 2587 706 2639 116.
745 2589 924 2658 l'rag.,
958 2587 1229 2658 viventibus
1260 2589 1308 2642 in
1331 2598 1478 2642 textu
1505 2604 1569 2643 ex
1598 2589 1807 2658 glossa;
1836 2589 1885 2641 in
1917 2605 2087 2658 marg.

518 2665 666 2728 recte
686 2698 700 2719 ,
731 2657 1019 2728 fugacibus.
1052 2657 1167 2712 Uda
1207 2675 1305 2728 pro
1329 2661 1467 2711 unda
1519 2661 1747 2728 prazlero
1793 2674 1912 2712 cum
1944 2657 2089 2722 Put.,

516 2727 751 2790 'l'buan.,
789 2727 962 2796 Egm.,
996 2729 1126 2796 Alt.,
1165 2727 1343 2793 Ποία..
1375 2727 1588 2790 Urbin..
1623 2729 1804 2788 Alex..
1837 2731 1975 2794 quod
2013 2739 2092 2782 te-

519 2807 610 2870 net
640 2801 798 2870 etiam
831 2797 1131 2870 Gronovius
1163 2800 1215 2853 in
1239 2801 1521 2854 Observat.
1552 2800 1748 2854 eccles.
1784 2800 2090 2870 Eleganter,

519 2867 724 2939 humus,
754 2869 1012 2939 fonticulis
1046 2869 1178 2936 uda,
1225 2871 1390 2939 fundit
1440 2872 1620 2924 violas.
1658 2872 1728 2923 Ita
1782 2867 1940 2926 etiam
1973 2885 2094 2923 cum

522 2935 730 3060 Tlautan.
756 2935 955 2993 Perist.
988 2938 1133 3010 Itym.
1167 2935 1388 3008 8,'vers.
1417 2942 1502 3006 11,
1524 2950 1656 2995 terra
1682 2941 1784 2993 uda
1816 2941 2096 3010 legendum

522 3022 580 3060 ar
621 3025 633 3060 ι
663 3025 771 3060 ror.

521 3009 771 3063 arbitror.

595 3079 717 3155 1l8.
765 3080 1010 3135 Barthius
1053 3081 1102 3134 itt
1151 3081 1344 3136 scbeda
1393 3082 1592 3150 reperit
1624 3092 1916 3155 prataque,
1949 3081 2100 3155 quasi

523 3149 706 3220 qugo,
756 3167 953 3218 perque
986 3162 1132 3220 prata
1188 3149 1540 3206 nascerentur
1587 3149 1852 3207 cinnama.
1905 3149 2008 3208 Sed
2055 3153 2100 3205 si

525 3221 750 3294 mutatio
776 3221 949 3290 aliqua
981 3232 1122 3294 esset
1150 3222 1467 3294 invehenda,
1501 3222 1692 3275 melius
1723 3223 1954 3289 legerem
1981 3239 2101 3291 gra-

2273 2375 2779 2447 125.Qu_;estionem
2803 2376 2924 2432 Itinc
2945 2386 3187 2431 exortam
3205 2378 3554 2444 explicuimus
3575 2383 3766 2447 proteg.

2201 2463 2320 2514 cap.
2361 2446 2447 2500 18.
2478 2445 2744 2500 Giselinus
2785 2447 3053 2501 fictionem
3089 2447 3224 2501 hanc
3255 2463 3374 2501 esse
3406 2451 3670 2516 poeticam
3702 2445 3770 2503 af-

2203 2518 2398 2579 firmat,
2429 2517 2668 2584 quamvis
2715 2516 3034 2583 Etltiupes,
3065 2529 3118 2569 ttt
3151 2526 3336 2570 auctor
3368 2529 3447 2570 est
3494 2520 3770 2572 Damianus

2202 2588 2343 2641 Goes
2365 2587 2414 2640 in
2449 2587 2677 2640 Ilistoria
2702 2589 2768 2641 de
2800 2587 3010 2640 illorum
3037 2588 3296 2652 moribus,
3325 2588 3500 2640 adhuc
3521 2593 3766 2647 sentiant.

2203 2658 2429 2719 animas,
2467 2673 2569 2710 non
2601 2659 2816 2723 quidem
2847 2659 3154 2713 damnatas.
3185 2659 3275 2710 sed
3306 2662 3644 2726 purgandas,
3677 2664 3772 2712 sin-

2204 2729 2342 2798 gulis
2371 2727 2558 2781 diebus
2597 2727 2906 2788 dominicis,
2939 2738 2992 2780 et
3017 2727 3221 2781 sabbati
3252 2727 3318 2780 ab
3341 2729 3488 2781 ontni
3517 2731 3775 2798 supplicio

2204 2797 2401 2851 liberas
2427 2812 2565 2851 esse.
2617 2798 3006 2851 Cltamillardus
3051 2812 3179 2850 sane
3211 2813 3393 2851 errare
3426 2797 3641 2865 poetam
3679 2804 3771 2861 ait,

2207 2869 2318 2922 sive
2346 2868 2413 2920 de
2440 2869 2726 2932 damnatis,
2757 2867 2868 2921 sive
2894 2869 2959 2921 tle
2983 2868 3268 2935 purgandis
3292 2868 3772 2937 auimislotptatnr,

2207 2938 2449 3005 quamvis
2482 2939 2720 2992 nonnulli
2747 2954 2810 2990 ex
2841 2937 2935 2992 SS.
2973 2939 3214 2991 Patribns
3243 2941 3582 3003 censuerint,
3622 2943 3776 2994 levar:

2208 3008 2497 3080 aliquando
2525 3023 2710 3080 poenas
2737 3009 3140 3080 damnatorum.
3176 3022 3310 3080 quos
3341 3009 3476 3061 inter
3512 3009 3569 3062 S.
3602 3016 3778 3080 Angu-

2206 3078 2379 3131 stinus
2412 3078 2704 3132 Encbi’ridii
2734 3079 2906 3146 capite
2940 3078 3061 3130 11:2.
3095 3078 3353 3147 Georgius
3387 3079 3583 3132 ltetuus
3624 3078 3779 3135 etiam

2207 3150 2427 3217 statuit,
2466 3150 2722 3214 poeticam
2754 3149 2891 3201 hanc.
2917 3163 3034 3202 esse
3066 3148 3334 3201 fictionem
3356 3190 3368 3212 ,
3413 3164 3588 3217 neque
3622 3151 3782 3206 verbo

2205 3216 2300 3271 Dei
2330 3217 2446 3271 niti.
2478 3217 2737 3286 Georgius
2762 3219 3037 3271 Fabricius
3068 3219 3116 3270 id
3143 3218 3268 3270 alibi
3301 3234 3406 3270 non
3434 3216 3536 3288 legi
3567 3233 3782 3276 asseve-

525 3288 673 3358 t'aque
705 3288 960 3343 cinnama.
1006 3291 1107 3346 Sed
1156 3306 1274 3344 rara
1321 3293 1634 3359 epithetbon
1673 3302 1754 3344 est
1783 3288 2098 3358 congruens
2129 3295 2176 3357 ο
2211 3297 2424 3359 rat,_ct
2451 3288 2793 3355 Hispanicum
2848 3289 3014 3340 vidtri
3059 3297 3438 3341 cnnnnentttm.
3489 3289 3637 3357 Lege
3668 3306 3778 3359 cap.

525 3359 806 3412 cinnamo:
843 3360 1114 3424 Martialis,
1137 3361 1229 3413 lib.
1264 3377 1336 3424 ιν,
1365 3361 1508 3429 epig.
1547 3363 1608 3414 13
1634 3380 1644 3413 :
1672 3360 1799 3414 Tant
1828 3362 1952 3415 bene
1979 3378 2099 3415 rara

527 3445 619 3480 suo
647 3431 915 3481 miscentur
942 3431 1179 3482 cinnama
1209 3431 1392 3484 nardo.

457 3515 460 3519 '
584 3499 721 3568 7119.
753 3499 806 3552 In
839 3501 1021 3554 eadem
1069 3500 1260 3554 sclteda
1313 3501 1513 3554 Barlltii
1547 3511 1780 3565 notatur,
1810 3502 2010 3568 spirare
2036 3502 2101 3556 ad

528 3567 746 3622 odorem
775 3585 876 3623 non
906 3571 1172 3638 vulgarem
1220 3573 1509 3640 pertinere.
1541 3581 1596 3626 et
1625 3571 1804 3626 folium
1835 3577 1988 3640 spica:
2009 3587 2101 3626 ex-

531 3640 764 3708 ponitur.
803 3641 1048 3712 Barthius
1094 3642 1339 3712 iuteltigit
1385 3643 1531 3703 folia,
1580 3659 1698 3711 qua:
1745 3643 1888 3696 varia
1941 3645 2104 3696 variis

531 3714 808 3782 unguentis
831 3711 1022 3778 indita,
1053 3711 1629 3782 gustumpretintnque
1654 3714 1950 3776 variabant,
1982 3728 2099 3766 cum

530 3781 794 3854 hodieque
835 3783 1138 3850 Gallorum,
1200 3781 1587 3854 ltelgarnmqtie
1637 3783 1920 3836 idiotismis
1974 3785 2098 3835 folia

529 3853 637 3905 sint
668 3855 825 3906 flores
854 3869 1045 3908 nucum
1089 3855 1498 3925 myristicarutn.
1547 3855 1792 3908 Juvenal.
1827 3855 2002 3922 s-tty‘ra
2033 3856 2100 3925 ti,

531 3925 733 3995 ntwchis
782 3925 962 3991 foliata
1002 3924 1261 3993 parantur.
1293 3925 1636 3990 Scholiasles,
1678 3933 1936 3995 unguenta
1965 3924 2104 3988 foliis

531 3991 702 4058 plena,
722 3995 798 4045 rel
822 3997 936 4046 aliis
963 3991 1298 4056 aromatibus.
1322 3995 1640 4048 Claudianus
1666 3991 1765 4048 lib:
1788 4011 1798 4048 l
1831 3997 1880 4046 in
1913 3995 2105 4048 Eutro-

533 4062 696 4127 pittm,
718 4061 790 4114 Te
815 4064 948 4129 foliis
979 4066 1132 4115 ditent
1164 4065 1363 4128 arabes,
1398 4074 1444 4116 te
1476 4065 1657 4118 uellere
1689 4082 1841 4118 seres.
1874 4065 2068 4118 Lactan
2089 4095 2103 4104 -

533 4131 657 4191 lius,
684 4134 796 4182 sive
822 4134 940 4200 quis
971 4135 1105 4185 alius
1137 4137 1186 4185 itt
1214 4133 1488 4196 l‘ltmuice,
1522 4136 1769 4187 Cinnanm
1789 4135 1991 4196 dehinc,
2014 4151 2104 4186 ott-

531 4215 742 4264 ramque
771 4201 921 4251 simul
945 4202 1185 4270 spirantis
1212 4205 1401 4255 amomi
1420 4204 1677 4271 Congerit,
1715 4213 1762 4257 et
1807 4207 1967 4257 mixto
1988 4205 2101 4256 bul-

531 4285 672 4338 sama
724 4285 837 4338 cum
891 4271 1034 4337 folio.
1094 4271 1418 4325 Medicorum
1478 4274 1752 4327 innumera
1809 4286 1930 4327 sunt
1987 4276 2100 4328 loca

533 4337 800 4411 Gisclinus
853 4342 1031 4408 folium
1074 4342 1292 4410 intelligi
1342 4357 1496 4411 posse
1546 4343 1619 4394 ait
1660 4345 1739 4395 vel
1791 4344 1856 4398 de
1908 4344 2104 4396 bdellio

533 4409 753 4480 arbore,
787 4419 865 4464 vel
897 4411 962 4463 de
1017 4409 1386 4478 malobathro,
1438 4413 1626 4464 indicis
1657 4413 1934 4480 paludibus
1989 4415 2104 4468 sine

536 4478 714 4532 radice
745 4483 1038 4534 innatante.

607 4549 724 4604 190.
762 4550 905 4621 llat.,
933 4552 1087 4604 Fabr.
1121 4550 1300 4617 Alex.,
1334 4550 1487 4611 Urb.,
1522 4548 1634 4604 Gis.
1672 4551 1721 4603 in
1752 4560 1894 4604 textu
1917 4554 2106 4621 preclu-

537 4618 674 4692 bens.
715 4623 784 4673 lla
816 4618 935 4675 Vat.
975 4622 1036 4688 ρ.
1089 4621 1300 4685 Ca‘tcri,
1353 4622 1721 4692 pra’lttntbens,
1773 4632 1825 4675 et
1857 4618 2050 4675 itt'Vat.
2088 4625 2101 4676 I

534 4691 730 4756 glossa,
762 4693 824 4744 de
850 4692 1017 4745 littore
1038 4693 1316 4757 attraheus,
1347 4691 1483 4760 quod
1517 4693 1749 4746 imitatus
1779 4691 1989 4745 videtur
2015 4695 2102 4746 Al-

531 4762 701 4815 cimus
725 4764 912 4816 Avitus
946 4764 1036 4816 lib.
1066 4780 1077 4815 l
1102 4764 1281 4817 Poeni.
1313 4763 1378 4816 de
1405 4763 1617 4831 Gange:
1642 4761 1815 4816 Motus
1847 4764 2103 4832 odorifero

533 4835 726 4896 quoties
747 4835 831 4901 qui
850 4835 1028 4886 rerticc
1050 4835 1220 4897 crevit,
1242 4834 1528 4904 Deciduas,
1567 4836 1778 4904 pulchro
1805 4851 1931 4902 quas
1953 4851 2102 4904 spur-

533 4911 657 4968 gunt
697 4904 909 4971 flumina
934 4906 1080 4969 luco,
1115 4903 1458 4956 l'ra'lantbens
1509 4908 1713 4968 furatur
1740 4906 2102 4970 opes.~llnrat.

519 4973 625 5040 111).
649 4988 686 5035 1,
709 4975 807 5027 oda
823 4975 884 5027 9.1
911 4993 920 5026 :
949 4977 1025 5028 vel
1042 4992 1154 5044 qua:
1175 4975 1284 5027 loca
1307 4976 1568 5043 fabulosus
1587 4975 1782 5027 Lambit
1809 4973 2102 5044 Hydaspes.

609 5044 727 5095 1‘22.
755 5044 895 5107 Put.,
949 5043 1121 5113 Μυκη
1169 5055 1219 5098 et
1267 5046 1516 5109 llotten.,
1549 5043 1734 5116 pariles
1782 5043 1877 5113 pro
1919 5047 2095 5113 parili.

533 5110 769 5185 ΤΙῃιηιν.ἱ
796 5127 847 5167 et
881 5115 1032 5185 Egm.
1073 5110 1256 5182 pariles
1301 5110 1953 5184 suavismtantibus,'quod
1989 5118 2099 5184 pla-

534 5183 690 5236 cebat
733 5183 965 5236 Heinsio.
1012 5187 1100 5239 Sic
1129 5187 1434 5249 Lucretius,
1483 5183 1844 5252 suaviloquus,
1881 5183 2100 5238 suauilo-

534 5269 712 5320 (tuens,
747 5255 1004 5306 suavitlim
1029 5257 1206 5318 verba,
1240 5266 1291 5309 et
1319 5257 1658 5316 Prudentius,
1689 5258 2098 5324 ﬂavicomuules,

535 5325 880 5446 Ei'llifgrmis,
925 5327 1243 5380 multinodis.
1282 5325 1413 5380 Vide
1449 5328 1678 5382 Iudicem
1731 5325 2098 5381 Lucretianum

585 5410 596 5445 t
624 5411 752 5446 atnt.

585 5393 752 5448 il'anii.

612 5465 732 5517 121.
766 5465 976 5519 Calcare
991 5469 1139 5534 ﬂores
1165 5467 1428 5521 felicitatis
1450 5482 1618 5535 genus
1648 5467 1941 5533 prmsertim
1966 5467 2101 5530 apud

536 5545 744 5605 poetas.
777 5536 1024 5590 Martia'is
1054 5552 1164 5598 vm,
1196 5537 1288 5588 77:
1310 5536 1455 5590 Liber
1478 5555 1527 5589 tn
1555 5549 1742 5590 ceterum
1765 5541 1922 5590 vivere
1953 5538 2106 5605 digne

539 5618 675 5672 rosa.
709 5604 921 5659 Persius
953 5608 1198 5660 similiter
1225 5625 1234 5658 :
1272 5608 1529 5672 Quidquid
1559 5606 1824 5661 calcaverit
1852 5608 1950 5666 hic.
1984 5604 2102 5659 rosa

538 5671 649 5745 ﬁet.
678 5674 790 5745 Peri
822 5678 1220 5729 translationem
1251 5671 1533 5745 alapillis,
1577 5679 1628 5731 in
1662 5693 1846 5732 urnam
1894 5679 2098 5738 missis,

518 5742 736 5816 -quibus
765 5744 879 5816 dies
902 5745 1085 5816 felices
1115 5747 1236 5816 olim
1264 5742 1600 5811 notabantur,
1636 5750 1887 5802 candidus
1911 5749 2102 5816 arcipi-

541 5814 627 5862 tur
658 5825 752 5878 pro
775 5813 1048 5878 felici.’S_ic
1069 5815 1195 5879 pede
1221 5817 1459 5866 candido.

2135 4665 2184 4724 D

2207 3356 2628 3430 cit._Videndum
2679 3373 2742 3411 an
2777 3359 3144 3430 hujuscemodi
3197 3359 3337 3426 ferite
3379 3360 3470 3410 sub
3519 3356 3690 3430 Styge
3715 3356 3781 3414 ita

2207 3428 2456 3494 explicari
2490 3430 2712 3495 possint,
2741 3439 2795 3481 nt
2817 3428 2988 3481 solum
3019 3430 3258 3482 levamen
3291 3431 3557 3482 senserint
3591 3428 3784 3485 animm

2208 3498 2513 3564 purgatorio
2544 3500 2646 3567 igni
2672 3499 2922 3559 addictze,
2948 3514 3050 3551 non
3077 3500 3196 3550 alim
3216 3508 3474 3552 :etcrnum
3492 3499 3782 3555 damnatur.

2206 3569 2345 3622 Olim
2375 3570 2517 3641 enim
2545 3571 2840 3641 itd'erorumr
2863 3569 3276 3641 nominelocum
3303 3571 3461 3621 etiam
3491 3570 3638 3636 ignis
3667 3588 3784 3641 pur-

2205 3640 2395 3705 gatorii
2429 3639 2976 3706 comprehendebant,
3010 3640 3095 3690 ubi
3127 3640 3398 3692 d:emones
3430 3655 3653 3708 quoque
3670 3639 3785 3694 itor-

2208 3718 2382 3777 menta
2417 3709 2466 3761 iu
2496 3713 2701 3762 animas
2752 3709 3049 3777 purgandus
3093 3709 3444 3762 exercebant.
3489 3710 3699 3765 Confer
3731 3713 3782 3765 S.

2205 3776 2496 3830 Ctesarium
2521 3776 2886 3833 Arelatensem
2913 3794 3031 3832 mox
3058 3780 3378 3831 laudandum
3405 3781 3466 3831 ad
3496 3795 3640 3835 vers.
3665 3784 3781 3836 129.

2282 3849 2402 3903 1‘26.
2437 3850 2611 3921 Stygis
2641 3863 2762 3903 vera
2792 3850 2942 3917 origo
2976 3865 3001 3898 a
3047 3853 3265 3921 στυγέει),
3311 3851 3415 3921 odi.
3468 3851 3602 3904 lline
3643 3854 3786 3921 Virg.

2207 3919 2295 3972 lib.
2318 3935 2387 3983 vt,
2420 3920 2645 3983 tristique
2669 3921 2813 3986 palus
2838 3920 3121 3973 inamabilis
3141 3919 3278 3972 unda
3303 3920 3514 3990 Alligut,
3534 3933 3582 3974 et
3614 3919 3785 3975 not-iet

2207 3991 2342 4058 Styx
2369 3993 2616 4060 interfusa
2645 4001 2861 4044 coercet.
2905 3992 3202 4045 INAMABIHS
3221 4032 3234 4054 ,
3266 3993 3383 4059 quia
3414 3993 3538 4044 odio
3567 4003 3655 4046 cst
3681 4011 3790 4045 0111-

2208 4064 2383 4115 nibus.

2282 4132 2400 4188 129.
2433 4131 2548 4184 Vat.
2581 4133 2618 4184 Β
2645 4132 2830 4184 dividit
2860 4131 2979 4185 Non
2995 4132 3152 4183 sicut.
3186 4131 3465 4184 Lucretius
3491 4146 3623 4184 usus
3652 4150 3792 4202 quo-

2207 4217 2308 4273 que
2335 4212 2416 4255 est
2457 4218 2586 4257 voce
2616 4203 2877 4273 fulgidus,
2905 4217 3063 4268 quam
3111 4203 3349 4273 nonnulli
3389 4202 3452 4273 ad
3483 4217 3663 4255 mvum
3698 4220 3787 4257 ca-

2207 4271 2382 4324 dentis
2407 4271 2709 4326 Latinitatis
2731 4273 2995 4340 rejiciunt.
3029 4273 3214 4343 Cicero
3235 4272 3307 4325 ait
3338 4272 3557 4343 fulgens.
3582 4273 3642 4326 S.
3673 4275 3790 4327 (la--

2208 4343 2378 4394 saritt~
2432 4343 2760 4396 Arelatensis
2805 4343 3014 4396 videtur
3066 4342 3301 4395 imitatus
3343 4345 3483 4395 hunc
3513 4342 3705 4396 locum
3741 4347 3790 4396 itt

2209 4412 2421 4464 ltotnilia
2454 4415 2486 4466 5
2507 4413 2574 4465 de
2603 4414 2859 4466 Paécltate
2887 4430 2898 4463 :
2933 4412 3064 4464 Deus
3087 4414 3178 4464 iste
3203 4412 3424 4478 amplius
3468 4429 3530 4465 ea:
3549 4419 3795 4478 sepulcro

2209 4482 2448 4542 radiavit,
2473 4500 2621 4548 quam
2654 4484 2716 4535 de
2743 4486 2850 4536 sole
2865 4483 3129 4552 refulsit...
3160 4483 3436 4551 Confestim
3468 4484 3626 4552 igitur
3647 4499 3794 4535 auer-

2210 4569 2273 4603 nu
2302 4569 2403 4605 non:
2432 4554 2712 4619 inferorum
2735 4555 2935 4606 Christo
2966 4553 3299 4605 descendente
3324 4552 3666 4622 resplenduit.
3701 4556 3792 4606 Si-

2211 4622 2304 4674 luit
2331 4625 2520 4675 stridor
2538 4626 2816 4694 lugentium
2836 4623 2943 4694 ille,
2964 4623 3132 4694 soluta
3155 4635 3271 4676 sunt
3295 4639 3447 4694 onera
3469 4635 3790 4682 catenarum.

2210 4693 2422 4759 dirupta
2444 4692 2730 4748 ceciderunt
2758 4692 2959 4746 vincula
2982 4693 3362 4746 damnatorum.
3388 4692 3634 4745 Attonittc
3656 4710 3790 4746 men.

2209 4763 2272 4814 tis
2303 4765 2604 4832 Obstupuere
2630 4775 2864 4817 tortores.
2893 4766 3070 4815 ()ntnis
3093 4766 3246 4816 simul
3264 4764 3418 4831 impia
3445 4763 3647 4832 officina
3669 4781 3794 4816 con-

2210 4834 2434 4895 tremuit,
2465 4850 2579 4885 cum
2608 4836 2863 4887 Christum
2889 4845 3092 4902 repente
3120 4835 3172 4886 in
3205 4833 3310 4886 suis
3337 4833 3538 4885 sedibus
3570 4835 3720 4885 vidit.

2283 4905 2402 4960 150.
2432 4902 2546 4957 Νοη
2577 4907 2810 4958 occurrit
2842 4905 3144 4972 exemplum
3177 4904 3372 4964 simile.
3394 4905 3621 4972 imbuere
3655 4915 3791 4956 teneo

2209 4972 2323 5044 liras
2357 4990 2450 5040 pro
2489 4975 2761 5038 discutere,
2805 4968 3018 5044 fugare,
3073 4975 3342 5042 expellere.
3381 4968 3573 5028 Melior
3609 4975 3793 5042 glossa

2205 5043 2482 5098 illuminat.

2283 5112 2397 5168 135.
2435 5116 2653 5168 Videtur
2687 5115 2767 5168 lso
2794 5115 3078 5183 agnovisse
3107 5115 3242 5168 hanc
3277 5115 3435 5168 aliam
3470 5114 3787 5170 lectionem.

2207 5184 2498 5252 functorum
2522 5200 2616 5253 pro
2644 5185 2954 5238 umbrarum.
2979 5184 3214 5247 'l‘ltnan.,
3246 5185 3390 5248 Rot.,
3424 5187 3553 5246 Alt.,
3579 5184 3794 5245 Noms.,

2209 5255 2378 5314 ὃίιτιι..
2411 5259 2520 5310 duo
2547 5255 2820 5313 Torrent..
2857 5256 3073 5317 Boher.,
3119 5255 3271 5322 Egm.
3323 5257 3375 5309 in
3426 5263 3594 5319 textu,
3650 5256 3790 5318 PaL,

2212 5325 2440 5379 llailsbr.
2486 5343 2512 5376 a
2567 5328 2732 5393 prima
2785 5341 2986 5383 manu.
3026 5329 3337 5393 functorum.
3386 5327 3583 5386 Aldus,
3648 5325 3792 5383 Οἱς..

2211 5394 2428 5458 \Veitz.,
2455 5396 2596 5457 Rat.,
2635 5396 2749 5448 Vat.
2788 5397 2845 5455 Β,
2876 5396 3188 5449 umbrarum.
3228 5397 3281 5449 In
3314 5395 3430 5448 Vat.
3478 5397 3545 5458 Λ,
3587 5395 3796 5460 functo-

2193 5482 2342 5524 rum.
2382 5482 2538 5533 supra
2570 5467 2880 5519 charactere
2911 5467 3182 5520 minutiori
3213 5465 3529 5519 umbrarum.
3565 5465 3792 5519 Ptttean.

2210 5552 2420 5604 quoque
2441 5546 2494 5589 et
2527 5538 2676 5605 Egm.
2705 5537 2755 5588 in
2781 5536 3020 5603 margine
3047 5538 3362 5600 umbrarum,
3390 5537 3532 5603 quod
3561 5538 3796 5603 pra’fern

2211 5620 2331 5659 cum
2365 5606 2756 5669 vetustissimis,
2820 5615 2872 5657 et
2899 5607 3018 5673 quia
3050 5607 3337 5675 functorum
3360 5607 3570 5660 videtur
3593 5607 3792 5673 glossa,

2214 5686 2303 5728 aut
2325 5691 2386 5728 ex
2420 5679 2755 5729 correctione
2789 5678 2950 5739 inepti
2975 5678 3322 5744 exscriptoris
3344 5677 3666 5730 Prudentius
3693 5677 3798 5726 bne.

2214 5744 2332 5796 loco
2372 5747 2536 5799 libere
2573 5749 2734 5800 utitur
2773 5748 2947 5797 verbis
2978 5755 3252 5812 poetarum
3283 5746 3584 5815 gentilium,
3617 5756 3671 5814 ut
3703 5747 3794 5805 alii

2215 5825 2426 5870 veteres
2460 5823 2631 5884 poetae
2662 5816 2962 5872 Christiani.
