3970 6326
566 313 662 370 δδι
1672 312 1947 367 AURELII
1987 312 2350 368 ramosam
2389 310 2715 368 CARMINA.
3152 290 3157 297 ’
3191 292 3194 296 λ
3704 299 3788 357 sas

814 431 1058 485 Tinctum
1088 429 1288 498 pacitici
1323 427 1626 483 chrismatis
1653 431 1883 498 unguine
1906 446 1917 483 :
2159 436 2212 494 Α

748 520 844 575 Per
887 523 1157 577 Christum
1198 520 1455 591 genitum,
1504 536 1712 575 summe
1758 522 1931 584 Pater,
1968 531 2137 587 tuum,

816 614 868 667 In
903 611 1263 682 quo-visibilis
1290 621 1394 666 stat
1423 611 1516 666 tibi
1545 614 1711 681 gloria
1736 632 1745 664 :
1778 636 1783 641 ι

811 706 911 770 Qui
935 714 1116 759 noster
1140 704 1409 768 dominus,
1443 703 1532 773 qui
1564 712 1683 757 tuus
1713 705 1897 759 unicus

788 814 789 819 ‘
815 796 993 865 Spirat
1018 796 1086 851 de
1120 796 1294 866 patrio
1324 795 1489 850 corde
1509 795 1826 849 Paraclitum
1856 816 1866 847 :

747 885 850 942 Per
879 902 1037 956 quem
1068 886 1343 956 splendor,
1370 886 1564 951 honos,
1597 884 1732 950 laus,
1756 887 2037 955 sapientia,

820 979 1087 1049 Majestas,
1125 979 1356 1043 bonitas,
1384 988 1439 1032 et
1470 979 1639 1047 pietas
1668 986 1757 1032 tua

819 1069 1059 1139 Regnum
1087 1069 1361 1123 continuat
1395 1068 1608 1121 nomine
1639 1068 1850 1136 triplici,

818 1162 1028 1217 Texens
1059 1162 1331 1232 perpetuis
1356 1161 1546 1216 saecula
1571 1160 1800 1215 saeculis.

771 1298 934 1369 298
975 1295 1064 1353 Vl.
1110 1296 1388 1352 llYMNUS
1427 1295 1607 1351 ANTE
1648 1297 1952 1354 SOMNUM.

751 1432 916 1499 Ades,
952 1430 1109 1486 Pater
1132 1446 1405 1500 supreme,

820 1526 990 1592 Quem
1018 1539 1177 1579 nemo
1207 1525 1344 1581 vidit
1372 1541 1630 1596 unquam,

835 1615 1111 1684 Patrisque
1142 1631 1322 1670 sermo
1342 1616 1578 1681 Christe,

825 1706 889 1760 Et
920 1705 1150 1776 Spiritus
1177 1706 1428 1778 benigne.

577 1799 609 1849 ἲ)
755 1799 799 1853 0
829 1797 1105 1854 Trinitatis
1128 1799 1285 1869 hujus

827 1889 917 1945 Vis
944 1906 1069 1959 una,
1105 1891 1281 1949 lumen
1313 1909 1501 1962 unum,

574 799 672 851 160

2186 1811 2234 1872 Β

2481 430 2622 484 Deus
2646 443 2710 481 ex
2736 425 2846 480 Deo
2874 424 3143 494 perennis,

2490 522 2631 576 Deus
2654 535 2717 573 ex
2750 526 2973 587 utroque
3002 515 3217 572 missus.

2422 614 2597 669 Fluxit
2624 613 2774 668 labor
2794 610 2928 677 diei,

2253 709 2317 761 10
2499 705 2658 760 Redit
2686 714 2739 759 et
2767 704 2966 773 quietis
3000 703 3132 757 hora
3161 720 3172 755 :

2497 797 2658 868 299
2689 796 2918 850 Blandus
2944 809 3108 864 sopor
3137 794 3368 849 vicissim

2501 888 2695 942 Fessos
2722 886 2929 940 relaxat
2957 893 3128 939 artus.

2429 980 2577 1034 Mens
2608 988 2841 1032 aestuans
2870 976 3141 1045 procellis,

2496 1066 2758 1137 Curisque
2788 1066 3047 1129 sauciata,

2258 1164 2322 1217 15
2501 1161 2651 1216 Totis
2674 1161 2807 1216 bibit
2832 1160 3082 1215 medullis

2500 1254 2765 1311 Obliviale
2793 1254 3027 1320 poclum.

2432 1346 2613 1413 Serpit
2641 1358 2737 1411 per
2764 1358 2924 1399 omne
2950 1359 3148 1414 corpus

2520 1434 2737 1490 Lethaea
2766 1436 2870 1501 vis,
2898 1451 2994 1491 nec
3021 1435 3183 1488 ullum

2508 1524 2723 1579 Miseris
2750 1524 2953 1579 doloris
2976 1522 3103 1591 :rgri

2258 1620 2329 1675 20
2510 1615 2715 1669 Patitur
2744 1628 2967 1669 manere
2996 1628 3237 1669 sensum.

2444 1711 2552 1766 Lex
2582 1708 2700 1763 brec
2719 1706 2843 1762 data
2878 1716 2964 1762 est
2989 1708 3231 1773 caducis,

2516 1804 2625 1860 Deo
2647 1803 2893 1874 iubente,
2925 1799 3199 1863 membris,

2513 1894 2583 1951 Ut
2612 1902 2877 1965 temperet
2903 1891 3141 1947 laborem

1879 1985 2167 2043 GLOSSA‘I
2208 1986 2548 2042 VETERES.

807 2077 987 2152 Gloria
1019 2087 1129 2149 tua,
1165 2083 1302 2152 facta
1329 2082 1595 2137 invisibilis
1624 2098 1713 2151 per
1744 2081 1890 2135 illum
1923 2082 2059 2149 facta
2085 2090 2157 2137 est

579 2148 806 2213 visibilis,
846 2150 960 2203 Vat.
996 2153 1060 2203 Α.

652 2217 700 2272 1.
735 2220 894 2289 Ades,
919 2235 1011 2289 pro
1041 2220 1240 2285 adesto,
1273 2222 1309 2274 1.

649 2290 701 2339 9.
738 2286 929 2351 Fluxit,
966 2289 1153 2355 deﬁcit,
1186 2291 1222 2344 Ι.

655 2360 739 2410 10.
771 2357 994 2421 Quietis,
1019 2360 1241 2425 soporis,
1276 2360 1378 2413 lso.

657 2426 742 2480 11.
774 2426 1043 2491 Vicissim,
1066 2430 1198 2481 inter
1224 2430 1358 2481 diem
1381 2438 1425 2482 et
1448 2440 1668 2495 noctem,
1696 2431 1733 2483 1.

658 2496 743 2551 12.
776 2496 1015 2564 Relaxat,
1048 2499 1101 2552 in
1130 2500 1495 2569 tranquillitate
1527 2501 1736 2566 obtinet,
1771 2503 1873 2557 lso.

2339 2081 2429 2135 15.
2458 2079 2733 2145 Proceilis,
2761 2079 2814 2131 in
2846 2078 3077 2130 laborum
3104 2072 3358 2145 procellis,
3389 2072 3497 2128 lso.

2342 2151 2427 2205 M.
2464 2151 2732 2206 Sauciata.
2767 2156 2901 2209 tuta,
2933 2147 2971 2202 1.

2341 2222 2429 2276 15.
2464 2221 2622 2285 Bibit,
2654 2220 2859 2290 diligit,
2874 2218 2914 2270 1.

2343 2292 2429 2346 16.
2460 2291 2720 2346 Obliviale
2750 2285 2981 2355 poclum,
3006 2286 3193 2341 laboris
3218 2285 3509 2355 senialis,|.

2343 2363 2429 2417 18.
2464 2362 2699 2425 ιρῑιιωθ,
2729 2353 3003 2421 oblivialis,
3031 2358 3201 2411 lethes
3227 2354 3403 2410 (ἔνεπε
3426 2372 3604 2427 sopor,
3627 2355 3722 2410 iso.
3744 2353 3802 2409 So

2280 2450 2393 2499 por,
2422 2432 2544 2488 Vat.
2579 2434 2643 2489 A.

2348 2505 2434 2558 19.
2468 2504 2698 2571 Doloris,
2733 2500 2921 2555 laboris
2946 2500 3075 2565 dies,
3106 2497 3209 2554 lso.

1936 2590 2503 2649 COMMENTARIUS.

586 2677 785 2749 hymno
822 2679 909 2741 12.
942 2694 1062 2734 vers
1092 2681 1184 2745 53,
1228 2678 1491 2735 Frondem
1541 2697 1830 2749 perennem,
1878 2683 2167 2736 chrismatis

585 2748 821 2822 feracem.
841 2749 952 2804 Nisi
981 2752 1157 2822 malis,
1182 2768 1384 2822 unguen
1404 2754 1611 2819 paciﬁci
1635 2753 1923 2806 chrismatis
1946 2753 2167 2808 innuero

589 2820 933 2893 sacratiorem
970 2821 1204 2893 aliquem
1255 2820 1437 2885 ritum,
1474 2838 1578 2893 quo
1610 2824 1787 2878 lumen
1838 2824 2045 2877 sabbati
2078 2839 2168 2893 pa-

584 2889 781 2943 schalis
804 2890 983 2945 olferri
1008 2898 1364 2946 consueverit.
1389 2895 1445 2946 S.
1479 2892 1733 2947 Paulinus
1762 2893 1929 2957 Natali
1952 2898 1985 2948 8
2005 2889 2165 2948 etiam

587 2975 715 3031 u_sus
745 2970 825 3015 est
857 2961 957 3016 hoc
988 2963 1201 3016 nomine
1232 2979 1435 3031 unguen
1464 2964 1514 3017 in
1538 2964 1887 3019 describenda
1925 2967 2139 3020 lucerna

589 3029 904 3104 Consumpto
936 3033 1159 3086 bibulum
1185 3029 1435 3098 defecerat
1466 3036 1689 3104 unguine
1715 3035 1900 3088 lumen.

664 3102 784 3157 157.
820 3102 1033 3176 Genitus
1062 3119 1254 3176 nomen
1278 3102 1668 3176 substanti'vom
1696 3121 1792 3175 pro
1820 3106 1930 3176 ﬁlio
1958 3121 1987 3161 a
2017 3105 2173 3162 Chri-

592 3172 783 3244 stianis
823 3174 994 3239 poetis
1025 3174 1219 3244 passim
1251 3184 1555 3242 usurpatur.
1590 3172 1910 3231 Fortunatus
1937 3179 2029 3232 lib.
2058 3194 2073 3230 ι
2106 3179 2173 3232 de

591 3243 753 3298 Partu
784 3243 1033 3316 Virginis,
1058 3243 1262 3298 Curavit
1293 3247 1513 3315 genitus,
1549 3245 1708 3316 Virgo
1738 3247 1928 3311 Maria,
1962 3259 2096 3302 tuus.

667 3315 789 3369 158.
840 3314 1042 3370 Plinius
1082 3316 1249 3370 utitur
1280 3314 1490 3371 visibilis
1540 3314 1857 3385 proﬂvisivo.
1900 3318 2172 3374 Ciceronis

594 3383 801 3457 phrasis
828 3394 926 3457 est,
956 3402 1034 3440 res
1059 3402 1180 3457 quae,
1207 3387 1296 3440 sub
1326 3383 1583 3457 aspectum
1609 3390 1817 3441 cadunt.

670 3454 793 3510 160.
837 3456 1113 3511 Processio
1163 3454 1394 3523 Spiritus
1420 3458 1590 3512 sancti
1629 3473 1693 3512 ex
1746 3458 1898 3513 Putre
1936 3458 2176 3526 Filioque

596 3523 697 3599 hoc
721 3525 839 3580 loco
862 3534 1138 3599 astruitur,
1164 3543 1227 3582 ac
1249 3530 1505 3595 repetitur
1529 3529 1678 3599 initio
1700 3529 1880 3599 hymni
1904 3542 2019 3597 seq.
2046 3523 2176 3583 Vide

595 3594 781 3652 Petav.
814 3606 943 3651 tom.
976 3596 1017 3651 ll
1050 3597 1143 3653 lib.
1176 3615 1263 3661 vn,
1294 3594 1411 3666 cap.
1444 3600 1495 3653 8.
1532 3598 1694 3653 Filius
1721 3594 1916 3667 spirare
1948 3594 2178 3653 Paracli-

600 3674 711 3722 tum
744 3678 891 3723 recte
921 3668 1145 3722 dicitur:
1179 3685 1303 3723 nam
1333 3680 1385 3723 et
1422 3671 1633 3735 spiritus
1680 3670 1935 3736 appellari
1980 3680 2175 3738 potest,

598 3747 654 3793 ut
684 3739 875 3807 probat
905 3738 1055 3810 llugo
1086 3738 1302 3794 Grotius
1331 3740 1396 3794 ad
1426 3755 1543 3810 cap.
1574 3756 1609 3794 ιι
1644 3739 1801 3794 Marci
1825 3756 1963 3793 vers.
1994 3746 2048 3810 8.

674 3810 793 3865 165.
838 3808 1019 3878 Ριηθεξ,
1049 3813 1327 3873 contineat,
1361 3826 1457 3880 pro
1494 3808 1778 3865 continuat.
1824 3810 1969 3877 Rat.,
1994 3808 2180 3865 ‘conti-

597 3891 733 3946 neat,
767 3882 861 3935 sed
889 3896 1049 3950 supra
1080 3884 1363 3935 continuat.
1398 3881 1594 3936 Widm.
1620 3892 1673 3935 et
1698 3882 1878 3945 Cold.,
1904 3884 2178 3935 contineat.

600 3950 748 4022 Rat,
778 3950 1100 4005 Theodull‘us
1138 3954 1187 4006 in
1242 3954 1333 4006 lib.
1375 3952 1442 4006 de
1479 3952 1674 4022 Spiritu
1714 3963 1919 4015 sancto,
1959 3953 2177 4022 nomine,

602 4018 689 4070 alii
720 4023 945 4074 numine.
980 4021 1156 4087 Alex.,
1188 4025 1330 4078 Vatt.
1366 4026 1431 4087 A,
1463 4018 1534 4085 υ,“
1560 4023 1620 4087 P,
1658 4021 1721 4088 ρ,
1761 4023 1985 4075 numine.
2014 4021 2129 4075 Vat.
2165 4025 2181 4075 l

602 4101 723 4140 cum
757 4090 905 4150 Urb.,
952 4092 1169 4144 nomine.
1210 4092 1362 4146 Brev.
1410 4092 1543 4144 Moz.
1577 4093 1647 4145 ita
1689 4092 1773 4145 hic
1801 4102 1853 4145 et
1901 4093 2055 4155 alibi;
2088 4093 2183 4147 sed

602 4158 741 4211 male
771 4166 823 4210 tu
848 4168 902 4213 et
926 4160 1151 4213 contines
1182 4177 1278 4226 pro
1321 4172 1407 4212 tua
1443 4170 1499 4214 et
1539 4161 1818 4215 continuet.
1868 4163 2185 4217 Hincmarus

604 4235 883 4302 utramque
928 4229 1229 4302 lectionem
1257 4232 1498 4302 agnovit.
1538 4230 1671 4302 dee
1722 4231 1913 4302 Psych.
1956 4246 2077 4287 vers
2127 4232 2181 4286 2.

604 4296 773 4420 :lldus
798 4296 918 4353 huic
948 4299 1146 4369 hymno
1170 4296 1321 4355 addii
1342 4301 1522 4353 Amen.
1554 4298 1723 4369 Finis,
1754 4296 1896 4371 quod
1924 4316 2183 4372 nusquam

658 4383 754 4420 tas.
1279 4383 1288 4392 ·

604 4382 754 4423 anas.
1279 4383 1288 4392 ⁸

679 4440 807 4494 Ante
838 4456 1090 4495 somnum.
1140 4439 1220 4495 Ex
1251 4441 1385 4495 libro
1413 4438 1797 4495 ConSIitution.
1842 4452 2014 4510 apost.
2047 4442 2185 4497 dixi-

608 4525 724 4563 mus
745 4510 810 4565 ad
843 4511 1054 4583 titulum
1086 4511 1266 4583 hymni
1302 4513 1349 4575 1,
1386 4510 1721 4583 precationes
1746 4526 1865 4565 esse
1914 4513 2183 4583 faciendas

606 4596 726 4636 cum
766 4584 884 4637 aliis
928 4582 1092 4645 horis,
1127 4581 1237 4636 tum
1284 4598 1503 4653 vespere,
1552 4581 1691 4650 quod
1734 4592 1946 4653 noctem
1976 4582 2186 4637 dederit

607 4653 864 4708 Dominus
893 4655 959 4707 ad
992 4653 1435 4722 requiescendum
1465 4669 1493 4706 a
1522 4653 1795 4707 laboribus
1814 4652 2042 4707 diurnis.
2074 4653 2186 4709 Huc

608 4725 837 4794 pertinet
879 4725 964 4778 hic
1010 4726 1257 4794 hymnus,
1292 4735 1347 4779 ut
1374 4739 1437 4778 ex
1469 4739 1625 4777 versu
1667 4725 1699 4779 9
1733 4733 1786 4777 et
1832 4739 1985 4794 seqq.
2020 4735 2184 4794 patet,

610 4792 789 4849 Fluxit
834 4795 975 4849 labor
1019 4792 1140 4855 diei,
1195 4795 1342 4849 Redit
1384 4804 1431 4848 et
1471 4794 1653 4866 quietis
1690 4796 1834 4849 liora.
1876 4792 2186 4862 Coinpleto-

608 4868 745 4920 rium
770 4867 941 4922 locum
966 4866 1267 4935 hujusmodi
1296 4865 1615 4932 precationis
1641 4881 1780 4920 nunc
1800 4876 1962 4921 tenet.
1983 4867 2187 4921 Citatur

611 4935 698 5008 hic
733 4937 960 5008 hymnus
986 4953 1013 4991 a
1053 4937 1350 4992 Theodull‘o
1394 4938 1446 4990 in
1488 4936 1579 4990 lib.
1615 4936 1683 5008 de
1725 4936 1925 5008 Spiritu
1974 4947 2183 5004 sancto,

614 5006 699 5059 ubi
730 5006 921 5075 probat
943 5008 1175 5077 Spiritus
1198 5008 1365 5062 sancti
1399 5006 1795 5076 processionem
1819 5023 1882 5061 ex
1912 5007 2015 5060 hoc
2046 5008 2189 5061 aliis-

608 5092 711 5144 que
750 5078 882 5133 locis
914 5078 1209 5144 Prudentii,
1240 5078 1398 5134 simul
1421 5093 1538 5131 cum
1566 5078 1775 5131 ceteris
1812 5078 1905 5132 SS.
1946 5077 2190 5131 Patribus

610 5145 829 5202 laudati.
856 5150 1071 5216 Septem
1101 5152 1335 5217 strophae
1366 5148 1566 5201 ultimae
1598 5147 1753 5215 hujus
1787 5148 1967 5216 hymni
2000 5148 2188 5217 legun-

613 5228 695 5269 tur
729 5219 778 5272 in
818 5219 1091 5273 Breviario
1131 5220 1469 5273 Mozarabico
1516 5218 1654 5271 inter
1701 5217 1929 5286 hymnos
1957 5217 2092 5271 alios
2128 5222 2191 5272 de

564 5318 573 5330 ο
610 5287 891 5360 Completa.
932 5291 987 5344 S.
1021 5289 1312 5360 Gregorius
1343 5289 1668 5342 Turonensis
1714 5288 1804 5340 lib.
1853 5304 1864 5340 ι
1904 5287 1975 5360 de
2008 5287 2189 5360 Cloria

614 5357 930 5431 martyrum,
959 5375 1075 5431 cap.
1104 5359 1222 5426 16%,
1256 5375 1319 5413 ex
1347 5360 1446 5412 hoc
1470 5360 1668 5426 hymno
1692 5359 1978 5431 nonnullos
2006 5357 2190 5431 decer-

614 5432 686 5497 pit
714 5428 916 5486 vcrsus.
942 5430 1101 5485 Juxta
1131 5430 1484 5490 Prudentium,
1505 5444 1630 5481 crux
1649 5430 1787 5497 pelli!
1811 5443 1958 5481 omne
1975 5428 2188 5491 crimen,

614 5511 721 5556 etc.
790 5502 954 5568 llujus
996 5501 1179 5573 hymni
1208 5502 1419 5555 titulum
1450 5500 1637 5573 alicubi
1671 5514 1788 5553 esse
1836 5497 1910 5550 De
1933 5499 2099 5573 quiete
2145 5507 2193 5550 et

618 5586 814 5633 somno,
835 5574 1002 5626 divino
1031 5569 1258 5639 munere,
1287 5570 1463 5625 notavi
1497 5569 1725 5637 proleg.,
1746 5585 1891 5621 num.
1926 5569 2047 5621 105.

686 5641 735 5693 '5.
782 5643 1050 5697 Adversus
1094 5637 1418 5699 aovatorum
1456 5640 1709 5695 elft‘enem
1763 5639 2057 5701 libidinem,
2100 5637 2189 5705 qui

621 5709 962 5783 PVchrbunt
987 5715 1036 5764 in
1070 5712 1357 5783 Evangelio
1387 5712 1565 5779 legunt
1585 5725 1886 5783 sermonem,
1914 5709 2036 5783 quia
2062 5722 2193 5783 non-

621 5776 754 5833 nulli
781 5781 877 5835 SS.
910 5781 1089 5837 Patres
1112 5783 1181 5836 ita
1210 5776 1367 5837 locuti
1395 5776 1542 5839 sunt.
1573 5789 1630 5835 ut
1667 5780 1768 5835 hoc
1805 5776 2191 5836 loco’Prudcn-

2146 3005 2161 3031 ’
2200 3008 2245 3070 C

2279 2684 2403 2749 tius,
2458 2681 2716 2737 videndus
2767 2689 2852 2737 est
2902 2680 3137 2736 Joannes
3186 2680 3547 2746 Maldonatus,
3594 2677 3751 2748 gravis
3785 2676 3824 2729 in

2279 2755 2465 2822 primis
2496 2752 2794 2822 theologus,
2824 2752 2977 2821 cujus
3004 2752 3179 2819 aliqua
3203 2752 3364 2806 verba
3394 2751 3444 2804 in
3476 2750 3676 2822 proleg.
3704 2761 3823 2822 utin}.

2277 2815 2400 2878 140.
2435 2815 2864 2879 τειιιΙὶ.Λῖ1‹1υαίι
2886 2815 3061 2877 autem
3092 2815 3423 2877 Maldonatus
3449 2815 3594 2876 inter
3612 2815 3824 2875 aliosSS.

2278 2895 2465 2948 Patres
2495 2896 2635 2949 hunc
2665 2895 2835 2962 ipsum
2869 2892 3143 2947 Prudentii
3176 2893 3371 2946 locum.

2349 2964 2402 3021 6.
2446 2968 2496 3017 ιιι
2548 2958 2785 3033 margine
2819 2963 2935 3017 Vat.
2972 2963 3013 3015 A
3040 2962 3283 3033 additum
3316 2970 3432 3017 erat
3473 2962 3637 3024 aliter,
3664 2958 3828 3033 Visun:

2277 3045 2497 3105 potestas
2546 3026 2990 3111 unm'gltanetiatu
3036 3032 3088 3111 in
3146 3034 3289 3111 Putr,
3318 3034 3500 3111 Aleis.
3554 3048 3582 3087 a
3628 3026 3828 3111 secunda

2280 3097 2459 3173 manu,
2492 3117 2547 3163 et
2568 3110 2620 3162 in
2649 3106 2864 3161 schedis
2894 3106 3216 3162 Graivianis.
3242 3097 3546 3160 Salmasius
3573 3117 3766 3173 quoque
3789 3097 3829 3153 id

2278 3172 2509 3243 volebat,
2531 3178 2809 3247 quilocum
2835 3175 3055 3231 Ausonii
3075 3175 3374 3241 addiderat,
3404 3175 3457 3227 Μ
3471 3172 3655 3247 ajestas
3686 3172 3812 3247 unius

2280 3250 2417 3302 modi
2446 3245 2655 3302 Sociata
2680 3259 2854 3302 sancto
2882 3246 3088 3316 spiritu,
3113 3257 3169 3300 ut
3191 3247 3242 3300 in
3272 3245 3545 3301 tonsus
3563 3262 3593 3297 α
3612 3245 3812 3316 corripis

2282 3328 2387 3383 tur,
2414 3321 2547 3374 sicut
2580 3320 2631 3372 in
2665 3314 2924 3372 nuesrss
2957 3335 2989 3370 a
3012 3327 3337 3383 postremum
3375 3316 3442 3368 ab
3489 3314 3715 3370 Ausonio
3736 3326 3814 3383 cor

2281 3391 2496 3458 ripitur.
2530 3389 2723 3443 Verum
2754 3388 2885 3458 nihil
2913 3382 3021 3455 agit
3050 3386 3345 3458 Salmasius
3371 3404 3384 3439 :
3412 3382 3820 3458 Ausonius‘enim

2281 3455 2427 3530 saepe
2459 3461 2574 3514 loco
2602 3459 2839 3530 secundo
2867 3457 3083 3530 iambici
3109 3457 3323 3530 dimetri
3349 3455 3831 3530 sponqgumgimtn.

2281 3522 2380 3583 dit'.
2427 3531 2489 3583 Et
2520 3532 2569 3584 in
2604 3532 2703 3583 hoc
2727 3529 2915 3585 eodem
2961 3527 3190 3583 iambico
3220 3522 3602 3598 Epheineridis
3634 3526 3730 3579 ait:
3760 3522 3831 3576 [tri

2282 3600 2630 3672 divintecopia
2656 3610 2750 3672 est.
3018 3667 3031 3672 _
3090 3669 3136 3672 Α
3408 3668 3418 3672 _
3577 3667 3590 3672 _
3702 3665 3711 3672 .
3781 3662 3791 3672 .

2353 3670 2406 3726 ϐ.
2438 3669 2493 3724 In
2527 3665 2644 3724 Rat.
2675 3671 2826 3725 abest
2842 3679 2909 3731 et,
2940 3667 3035 3739 sed
3054 3669 3264 3723 videtur
3284 3668 3523 3739 spatium
3545 3665 3831 3739 abrasionis.

2285 3741 2417 3806 Alt.,
2446 3741 2618 3795 rediit.
2657 3740 2813 3794 Fabr.
2842 3750 2897 3809 et
2929 3737 3069 3804 Gis.,
3102 3740 3232 3793 redit
3258 3731 3458 3809 quietis,
3502 3739 3615 3791 sine
3636 3746 3698 3796 et,
3719 3731 3833 3804 quod

2287 3812 2487 3865 habent
2536 3811 2728 3879 reliqui
2766 3807 2976 3882 omnes,
3015 3807 3424 3882 exceptis't'att.
3483 3809 3690 3863 duobus
3727 3814 3833 3882 quos

2286 3884 2464 3936 laudat
2495 3882 2729 3936 Teolius.
2757 3880 2909 3945 Quod
2933 3890 3107 3951 autem
3133 3881 3451 3951 particulam
3486 3891 3534 3932 et
3564 3893 3664 3951 non
3678 3880 3832 3951 pitta-

2288 3962 2375 4007 tur
2409 3953 2563 4025 hujus
2587 3943 2843 4025 carminis
2882 3949 3111 4019 indoles,
3135 3943 3289 4004 idem
3315 3948 3639 4025 afﬁrmavit.
3672 3943 3765 4025 Sed
3792 3946 3833 3994 iII

2289 4024 2390 4077 hoc
2428 4020 2624 4093 hymno
2666 4024 2863 4092 passim
2909 4030 3216 4088 anapmstus
3249 4020 3421 4089 prima
3472 4020 3601 4076 sede
3632 4020 3835 4089 ponitur,

2287 4093 2428 4165 quod
2455 4094 2671 4165 minime
2697 4100 2958 4165 repugnat
2969 4099 3171 4165 _m_etro.

2363 4164 2449 4218 12.
2481 4162 2731 4233 Virgilius
2758 4157 2856 4234 lib.
2875 4178 2929 4223 v,
2952 4160 3069 4234 Vix
3102 4163 3291 4234 primos
3316 4162 3529 4231 inopina
3552 4157 3836 4234 quintasq-

2289 4245 2424 4288 verat
2453 4225 2612 4288 artus.
2642 4232 2849 4288 Similia
2880 4231 3034 4305 vulgo
3062 4225 3213 4305 apud;
3227 4225 3433 4305 poetas.
3464 4225 3654 4305 Cicero
3672 4228 3743 4305 de

2293 4306 2424 4371 vin.,
2450 4306 2652 4357 animus
2678 4318 2852 4358 somno
2877 4300 3155 4357 relaxatus.
3200 4300 3428 4371 Insignis
3459 4312 3543 4357 est
3586 4300 3837 4371 descriptio

2212 4389 2264 4449 ι)
2292 4366 2488 4449 somni,
2520 4383 2864 4449 quampoeta
2902 4383 3091 4449 noster
3134 4366 3376 4449 versibus
3414 4374 3529 4449 suis
3565 4366 3839 4449 complecti:

2295 4455 2396 4498 tur.
2447 4435 2845 4512 Descriptiones
2899 4443 3080 4498 Somni
3145 4444 3365 4512 ejusque
3418 4444 3610 4496 domus
3655 4435 3840 4503 collegit

2292 4515 2529 4569 Joannes
2559 4511 2794 4584 Baptista
2823 4511 3117 4567 Gandutius
3153 4514 3292 4567 inter
3318 4512 3705 4584 descriptiones
3736 4522 3840 4584 poe-

2292 4588 2440 4640 ticas.
2473 4577 2668 4640 Confer
2694 4587 2849 4640 etiam
2883 4585 3095 4639 Lucret.
3121 4585 3212 4639 lib.
3238 4594 3308 4638 tv.
3340 4577 3524 4651 Neque
3545 4577 3841 4635 omittendus

2290 4666 2372 4711 est
2403 4658 2631 4726 hymnus
2657 4659 2712 4710 S.
2739 4655 3027 4725 Ambrosii,
3056 4655 3186 4709 Deus
3222 4662 3421 4726 creator
3457 4654 3695 4726 omnium.

2364 4720 2455 4781 M:
2480 4727 2603 4791 Pro,
2632 4727 2858 4781 sauciata
2889 4722 3097 4780 mallem
3122 4726 3174 4780 in
3203 4722 3375 4794 glossa
3403 4725 3686 4788 vulnerata,
3708 4720 3836 4789 fessa.

2290 4812 2448 4865 quam
2481 4806 2608 4849 tuta.

2362 4866 2450 4921 10.
2483 4866 2736 4920 Poculttnt
2766 4867 2962 4921 habent
2991 4865 3158 4919 Aldus
3185 4875 3238 4919 et
3283 4864 3443 4918 Nebr.
3495 4880 3593 4934 pro
3642 4858 3839 4934 poclum.

2291 4938 2432 5005 quod
2464 4946 2693 4992 metrum
2735 4939 2917 5006 exigit.
2951 4936 3194 4990 lloratius
3234 4936 3392 5005 epod.
3435 4926 3524 4999 Μ’,
3554 4926 3739 5006 Pocula
3765 4926 3841 5006 ζτί-

2294 5000 2451 5061 ιῚιωοε
2480 5018 2533 5060 ut
2565 5009 2607 5060 si
2636 5000 2867 5061 ducentia
2902 5023 3125 5060 somnos.
3157 5000 3437 5073 Surriptum
3471 5006 3521 5057 id
3561 5019 3622 5056 cx
3656 5000 3838 5054 fabulis.

2292 5079 2394 5133 Sed
2418 5078 2557 5132 licuit
2587 5079 2926 5133 sanctissimo
2950 5090 3121 5144 poeta:
3144 5076 3508 5144 metaphoram
3532 5074 3838 5144 continuarc,

2293 5161 2366 5213 et,
2401 5151 2651 5219 quoniam
2680 5151 2800 5202 bibit
2825 5136 2980 5210 dixii,
3006 5136 3435 5219 adderegpoclum
3465 5160 3562 5219 pro
3592 5155 3772 5196 somno.
3799 5136 3841 5185 lu

2294 5217 2469 5289 glasSa
2494 5222 2719 5272 fmtasse
2749 5218 3029 5289 legendum
3064 5217 3251 5289 laboris
3276 5218 3617 5289 sensualis.___
3658 5282 3666 5289 .
3755 5274 3782 5289 η

2368 5271 2453 5345 iii.
2490 5271 2858 5344 Fabricius-in
2904 5288 3090 5341 dolore
3137 5288 3405 5339 molestias
3451 5282 3708 5350 intelligit.
3755 5271 3841 5327 Sal

2296 5376 2390 5413 cur
2420 5377 2524 5412 non
2560 5376 2742 5413 verum
2774 5359 3014 5411 dolorem
3048 5372 3167 5429 esse
3199 5357 3458 5429 dicamus,
3505 5355 3842 5429 cupisse-usui

2297 5431 2472 5483 nullus
2500 5442 2579 5484 est
2618 5432 2667 5482 in
2700 5429 3033 5484 dormiente?
3075 5427 3167 5481 Sic
3206 5426 3360 5496 paulo
3406 5415 3522 5493 post
3564 5415 3843 5496 medicabilis

2298 5499 2555 5569 voluptas,
2588 5505 2707 5568 quia
2734 5515 2958 5553 somnu~
2987 5498 3147 5551 etiam
3189 5490 3469 5550 sanitatem
3497 5490 3749 5547 interdum
3778 5490 3843 5535 itt-

2298 5571 2463 5624 ducit.
2499 5571 2553 5624 In
2590 5571 2778 5634 llails.,
2802 5569 2953 5638 wgris
2978 5583 3071 5634 pro
3101 5569 3245 5635 aegri.

2369 5617 2458 5693 ἐξ.
2491 5617 2788 5695 'i'eoliusviit
2822 5617 2930 5693 uiuo
2956 5617 3077 5692 Vat.
3127 5617 3254 5693 vidit
3300 5637 3406 5693 Deo
3444 5636 3680 5699 donante,
3725 5617 3844 5695 (μιυά

2298 5713 2433 5769 ratio
2464 5713 2716 5768 carminis
2746 5725 2850 5766 non
2883 5708 3097 5780 patitur.
