3970 6326
181 343 266 401 933
1149 318 1678 381 CATHEMERINON
1722 320 1805 376 Vl.
1847 319 2029 376 ANTE
2069 316 2344 375 SOMNUM
3285 310 3388 370 87.5

378 442 705 501 Medicnbilis
732 438 997 508 voluptas.
1531 436 1537 445 '
1734 439 1786 499 Α
2058 435 2245 503 Dispar
2276 434 2460 504 fatigat
2491 432 2704 487 horror.

177 547 233 603 25
316 539 463 611 300
486 534 613 598 Sed,
639 534 767 587 dum
800 539 1041 601 pererrat
1069 545 1256 587 omnes
2056 527 2207 582 Nunc
2230 527 2483 597 splendor
2515 527 2820 591 intererrat,

378 629 535 696 Quies
564 624 736 680 amica
762 638 949 687 venas,
2056 618 2156 686 Qui
2179 619 2271 673 dat
2298 618 2471 674 futura
2502 633 2680 673 nosse.

379 720 673 786 Pectusque
712 714 959 769 feriatum
1808 707 1880 762 45
1988 708 2310 778 Plerumque
2338 706 2613 778 dissipatis

378 811 553 866 Placat
581 807 791 875 rigante
820 817 1031 869 somno,
2058 801 2285 861 Mendax
2316 801 2494 872 imago
2522 805 2665 857 veris

317 902 465 959 Liber
493 906 649 969 vagat
678 911 774 966 per
802 908 964 948 auras

2058 893 2280 948 Animos
2312 908 2507 963 pavore
2528 901 2751 949 nunstos

175 1000 230 1055 30
378 989 581 1061 Rapido
611 988 793 1057 vigore
813 999 1027 1047 sensus,
2054 984 2290 1056 Ambage
2316 986 2452 1041 fallit
2471 995 2611 1041 atra.

380 1084 669 1151 Variasque
693 1093 791 1150 per
820 1077 1041 1147 ﬁguras,
1988 1078 2158 1145 Quem
2189 1092 2308 1133 rara
2335 1079 2493 1148 culpa
2524 1094 2733 1135 morum

378 1175 503 1241 θυαε
524 1178 650 1227 sum
676 1176 885 1238 ορθΐίίδν
917 1169 1108 1222 “mih
1810 1167 1880 1222 50
2060 1168 2176 1223 Non
2208 1170 2400 1239 polluit
2429 1170 2759 1240 frequenter,

315 1268 437 1337 Quia
470 1279 622 1320 mens
645 1263 819 1319 soluta
851 1260 1021 1325 curis,
2059 1260 2209 1315 Hunc
2240 1261 2328 1316 lux
2360 1275 2551 1317 serena
2580 1262 2798 1317 vibrans

381 1358 474 1413 Cui
498 1365 583 1411 est
613 1354 768 1415 origo
795 1352 1017 1415 cretum,
2058 1352 2219 1415 302
2250 1353 2357 1408 Res
2378 1354 2569 1409 edocet
2593 1355 2841 1409 latentes.

381 1358 474 1413 Cui
498 1365 583 1411 est
613 1354 768 1422 origo
795 1352 1017 1415 ctelum,
2058 1352 2219 1423 302
2250 1353 2357 1408 Res
2378 1354 2569 1409 edocet
2593 1355 2638 1408 la

173 1453 227 1509 55
380 1449 656 1516 Purusque
679 1445 798 1499 fons
827 1443 894 1497 ab
920 1442 1114 1508 aethra,
1992 1445 2081 1509 At,
2108 1446 2198 1513 qui
2235 1447 2638 1516 coinquinatum

380 1542 524 1595 Iners
547 1539 728 1607 jacere
768 1534 957 1590 nescit.
2062 1536 2217 1591 Vitiis
2245 1553 2339 1593 cor
2372 1539 2636 1609 impiavit,

316 1634 511 1688 lmitata
538 1629 893 1685 multiformes
1811 1626 1882 1682 55
2061 1626 2231 1681 Lusus
2261 1643 2457 1697 pavore
2482 1630 2649 1683 multo

381 1724 566 1779 Facies
591 1720 693 1775 sibi
723 1720 840 1789 ipsa
871 1719 1043 1788 lingit,
2062 1719 2281 1789 Species
2312 1721 2457 1775 videt
2482 1720 2802 1775 tremendas.

376 1816 476 1871 Per
504 1828 636 1884 quas
660 1821 884 1881 repente
918 1824 1159 1865 currens
1734 1811 1783 1871 Β
1992 1808 2105 1863 Hoc
2136 1810 2436 1877 patriarcha
2463 1818 2646 1863 noster

171 1913 224 1965 ιυ
376 1906 543 1962 Tenui
576 1905 781 1959 fruatur
806 1910 948 1957 actu.
2059 1902 2171 1956 Sub
2191 1904 2423 1957 carceris
2446 1912 2634 1958 catena

313 1999 459 2069 θοι
489 1996 596 2052 Sed
625 2008 781 2050 sensa
807 1993 1163 2048 somniantum
2066 1994 2306 2050 Geminis
2334 1996 2490 2050 simul
2522 1995 2779 2051 ministris

1416 2081 1703 2138 GLOSSE
1744 2082 2085 2140 VETERES.

223 2182 297 2235 27.
328 2179 618 2243 Feriatum,
652 2166 893 2240 otiosum,
916 2175 1155 2245 quietunt,
1194 2173 1235 2229 l.
1885 2177 1975 2234 42.
2007 2178 2230 2243 Horror,
2263 2181 2445 2241 somni,
2476 2178 2515 2231 I.

223 2253 297 2329 ἒξ.
318 2250 530 2329 έΕιιιη,
550 2247 819 2329 splendor,
854 2246 973 2301 Vat.
1001 2246 1065 2299 A.
1821 2319 1832 2329 .
1882 2248 1970 2329 d5.
2003 2248 2289 2329 Splendor,
2323 2252 2444 2302 visio
2471 2266 2711 2319 superna,
2740 2250 2857 2305 Vat.
2885 2252 2948 2304 Α.
2976 2279 3043 2290 ——
3076 2250 3385 2317 Intererrat,

223 2322 296 2374 36.
320 2322 479 2383 Iners,
519 2320 626 2370 sine
655 2328 785 2375 arte.

221 2392 295 2446 39.
321 2390 417 2445 Per
441 2402 602 2459 quas,
638 2388 807 2459 facies,
842 2387 881 2440 I.
1424 2458 1427 2459 ν
1559 2456 1566 2459 Α
1678 2455 1705 2459 ,ί

1816 2320 2102 2383 internteat,
2136 2320 2173 2372 Ι.

1424 2458 1427 2459 ν
1559 2456 1566 2459 Α
1678 2455 1705 2459 ,ί
1886 2389 1974 2459 47.
2010 2390 2229 2451 Pavorc,
2260 2391 2323 2443 de
2354 2391 2429 2444 vel
2457 2406 2592 2453 cunt,
2622 2390 2658 2442 I.

221 2462 295 2515 41.
324 2455 511 2524 Sensit,
544 2458 867 2522 neutraliter,
911 2473 1113 2511 sensum
1159 2472 1322 2509 meum
1351 2474 1370 2521 ;
1414 2458 1464 2509 itt
1513 2455 1705 2525 plurali
1889 2458 1979 2511 48.
2016 2462 2272 2527 Ambage,
2304 2462 2746 2527 circumventione,
2780 2460 2816 2513 I.

169 2546 339 2585 numero
364 2531 486 2654 {ocis
517 2530 569 2581 hi
597 2544 769 2583 sensus
791 2566 805 2593 ,
856 2535 902 2582 et
945 2528 1050 2582 Iure
1095 2543 1241 2583 sensa
1291 2538 1468 2582 neutro
1506 2543 1706 2599 genere,
1889 2529 1979 2583 Δὶ).
2006 2531 2198 2597 Quem,
2227 2532 2448 2600 aliquem
2478 2534 2663 2597 uirum,
2697 2534 2735 2585 Ι.

169 2602 198 2654 Ι.
223 2600 360 2654 Plura
386 2642 397 2654 .
426 2616 527 2654 pro
554 2614 743 2654 sensu:
786 2600 903 2652 hinc
933 2599 1135 2652 Tullius
1168 2616 1185 2652 :
1216 2598 1349 2651 Caro
1392 2600 1514 2652 laesa
1566 2599 1707 2650 laedit
1887 2600 1975 2654 51.
2004 2602 2245 2654 Vibrans.
2281 2603 2599 2654 illuminans.
2630 2603 2667 2654 Ι.

169 2602 198 2655 Ι.
223 2598 406 2686 Ριιιται..
426 2616 527 2670 pro
554 2614 743 2665 sensu;
786 2600 903 2652 hinc
933 2599 1141 2686 Tullius
1168 2616 1185 2652 :
1214 2598 1349 2686 paro
1392 2598 1517 2682 laesa
1566 2599 1707 2686 laedit
1887 2600 1975 2686 .
2004 2602 2245 2686 Vibrans,
2281 2598 2599 2685 illuminatts,
2630 2603 2667 2656 Ι.
2830 2672 2840 2683 1

168 2686 317 2736 tensa;
365 2669 434 2727 sic
481 2686 661 2726 verum
710 2686 801 2739 pro
846 2671 1070 2734 veritate,
1114 2673 1314 2742 justum
1359 2686 1449 2740 pro
1482 2669 1705 2740 justitia,
1892 2669 1979 2723 54.
2015 2672 2274 2739 Impiavit,
2303 2674 2604 2741 inquinavit,
2636 2672 2884 2741 corrupit,
2919 2674 3015 2731 lso.

169 2744 262 2798 Vat.
286 2747 345 2799 A.
1890 2742 1978 2796 57.
2013 2741 2342 2809 Patriarcha,
2367 2742 2582 2813 Joseplt,
2615 2743 2654 2796 I.

1486 2851 2042 2911 COMMENTARIUS.

224 2953 298 3006 34.
329 2952 443 3007 Vat.
470 2951 543 3015 Β,
574 2947 1010 3021 ΡΓῼΕἾᾼἪΜΠῙη
1044 2946 1223 3011 Gold.,
1266 2947 1548 3021 medicalis,
1578 2962 1708 3021 con-
1816 2950 1983 3021 imago
2012 2949 2138 3021 veris
2164 2950 2447 3021 tlissipttis,
2474 2948 2687 3021 ambage
2722 2948 2883 3021 fallit,
2924 2958 2977 3003 et
3007 2951 3169 3021 lusus
3211 2968 3391 3021 pavore

168 3033 228 3077 lra
254 3023 449 3089 regulas
494 3020 677 3075 metri.
733 3018 826 3073 Est
867 3030 1045 3073 autem
1102 3033 1321 3072 somnus
1372 3018 1703 3079 medicabilis,
1816 3019 1997 3071 multo.
2029 3018 2160 3072 Vide
2192 3035 2333 3072 vers.
2370 3020 2488 3081 Illi,
2527 3019 2663 3083 Quos
2693 3019 2861 3071 creber
2890 3019 3063 3089 implet
3090 3018 3253 3074 error.
3287 3022 3391 3075 Cur

168 3096 264 3161 quia
289 3104 370 3148 aut
412 3093 705 3146 sanitatem
733 3090 977 3161 corporis
996 3089 1267 3153 iri-stituit,
1296 3095 1389 3142 aut
1407 3159 1413 3161 _
1432 3103 1707 3161 eamcon-
1817 3098 1996 3161 autem
2025 3089 2193 3156 magis
2216 3106 2355 3142 error
2383 3104 2540 3158 quam
2567 3090 2748 3142 ltorror
2771 3093 2837 3142 sit
2862 3089 3276 3161 praeferendum,
3304 3107 3388 3144 ra-

169 3158 334 3217 servat.
360 3163 542 3219 Utitur
574 3163 675 3214 hoc
704 3161 865 3214 verbo
890 3160 1109 3213 Ovidius
1132 3174 1227 3228 pro
1249 3175 1313 3211 eo
1334 3159 1417 3213 cui
1445 3158 1706 3214 medicina
1819 3160 2015 3213 tionem
2047 3169 2165 3227 peto
2190 3175 2255 3213 ex
2291 3162 2418 3227 ipsis
2444 3161 2727 3213 insomniis
2756 3160 3120 3214 ministrorum
3157 3160 3392 3215 Pharao-

167 3234 375 3289 adhiberi
407 3231 887 3307 potest,__in_epi_s_t.
912 3229 1165 3285 (Enones
1188 3230 1253 3283 ad
1277 3229 1541 3297 Paridem,
1568 3244 1711 3282 amor
1741 3246 1787 3307 ρ
1822 3232 1928 3307 nis,
1961 3231 2032 3307 itt_
2056 3231 2261 3307 quibus
2292 3231 2418 3307 nihil
2466 3232 2757 3307 apparebat
2802 3230 3075 3307 horridum
3097 3273 3109 3291 .
3153 3232 3392 3299 quamvis

170 3321 251 3357 non
276 3314 340 3357 est
360 3302 683 3358 medicabilis
710 3300 893 3355 herbis.
1750 3300 1787 3307 “
1821 3300 1917 3366 ipsi
1950 3303 2093 3355 vultu
2127 3301 2303 3355 tristiti
2324 3317 2391 3354 tm
2424 3302 2841 3363 manifestarent,
2877 3302 2997 3369 quia
3029 3317 3133 3355 non
3163 3308 3386 3371 eratqui

224 3375 301 3429 25.
332 3375 474 3437 Rat.,
512 3389 631 3425 eum
662 3387 759 3440 pro
791 3372 932 3423 dum.
1822 3386 1882 3425 ea
1920 3374 2380 3438 interpretaretur.
2439 3372 2635 3425 Eorum
2671 3387 2797 3425 vero
2844 3372 3216 3439 interpretatio
3240 3374 3392 3427 alteri

223 3445 303 3499 27.
325 3443 675 3498 Chamillardi
707 3441 955 3495 mendum
983 3440 1250 3507 feriarum.
1822 3441 2034 3507 quidem
2063 3442 2381 3495 famulorum
2413 3442 2691 3495 horrorem
2737 3443 2980 3504 incussit,
3010 3442 3236 3497 alterum
3270 3460 3394 3498 vero

222 3514 299 3567 29.
325 3515 457 3570 Vatt.
497 3517 567 3567 l5.
602 3512 638 3575 I,
674 3512 816 3575 Rat.,
849 3510 1027 3573 Gold.,
1062 3510 1243 3577 Fahr.,
1269 3509 1493 3581 Widm,
1528 3509 1716 3579 Bong.,
1820 3512 2015 3579 gaudio
2040 3514 2344 3577 complevit.
2382 3514 2561 3581 Itaque
2588 3512 2905 3567 Prudentius
2928 3514 3107 3580 dispar
3128 3514 3392 3568 somnium

166 3594 300 3649 racat,
320 3585 451 3639 Valt.
472 3584 627 3648 A,0,
651 3582 707 3644 l’,
726 3584 788 3653 Q,
806 3582 911 3653 duo
929 3581 1285 3653 Torrentiani,
1303 3592 1410 3635 tres
1427 3580 1714 3653 Hejttsiani,
1821 3582 2122 3653 disuinguit,
2156 3592 2209 3635 et
2239 3584 2303 3636 tle
2330 3580 2500 3650 primo
2534 3598 2799 3653 nunquam
2842 3582 2998 3637 verba
3034 3584 3271 3637 horroris
3296 3586 3391 3637 ad.

166 3671 294 3725 rogas
321 3673 403 3721 per
431 3671 619 3709 auras.
644 3652 787 3716 ΑΜ..
820 3652 1024 3725 "eius,
1057 3650 1276 3718 Weitz.,
1300 3653 1451 3725 ξυμ,
1484 3650 1716 3725 Thtta_tt.,
1824 3651 1998 3725 hihttit
2026 3669 2036 3704 :
2066 3652 2221 3706 Nunc
2246 3653 2488 3718 splendor
2526 3650 2789 3725 intererrat
2827 3654 2925 3717 Qui
2948 3654 3043 3725 dat
3067 3653 3241 3725 futura
3269 3670 3389 3707 nos-

169 3721 321 3793 res”
348 3725 482 3788 Gis.,
522 3733 696 3793 vagat,
720 3722 857 3790 quod
890 3723 1048 3775 etiam
1081 3730 1256 3776 tuetur
1279 3722 1518 3793 (lifanius
1547 3722 1598 3793 in
1630 3722 1717 3793 ln-
1821 3739 1942 3793 se...
1963 3723 2123 3786 Quem
2171 3741 2288 3775 raro
2315 3726 2465 3786 culpa
2498 3740 2692 3775 morum
2726 3721 2847 3775 Non
2872 3722 3053 3787 polluit
3085 3722 3391 3793 frequenter.

167 3792 271 3849 dice
301 3795 546 3855 Lucretii,
586 3792 704 3862 pag.
736 3793 863 3855 4‘25,
904 3802 958 3845 et
985 3793 1219 3845 Latinius
1251 3793 1300 3845 in
1332 3792 1467 3845 Bibl.
1494 3792 1591 3845 sel.
1628 3792 1718 3845 Vi-
1824 3792 1874 3843 11
1883 3810 1979 3845 unc
2010 3794 2100 3845 tua:
2127 3810 2304 3845 serena
2330 3792 2532 3845 vibrans
2563 3793 2658 3845 Res
2701 3793 2874 3845 edocet
2916 3794 3139 3844 latentes.
3196 3792 3390 3847 Contta
3456 3794 3463 3799 '

169 3864 264 3918 deri
290 3876 451 3932 potest
498 3864 808 3919 Priscianus
854 3862 946 3915 lib.
991 3878 1082 3915 VIII
1112 3903 1126 3925 ,
1164 3863 1253 3931 qui
1298 3864 1365 3917 de
1418 3862 1716 3927 huiusmodi
1822 3863 1888 3915 de
1915 3865 2079 3915 altero
2110 3879 2123 3918 :
2158 3866 2361 3915 Animos
2382 3879 2566 3931 pavore
2598 3872 2795 3915 intestos
2818 3862 3038 3930 Ambage
3054 3862 3189 3931 fallit
3208 3874 3387 3916 atra...

172 3936 345 3999 verbis,
392 3952 511 4005 qua:
570 3934 700 3989 olim
749 3933 971 4005 antiqui,
1003 3934 1351 4005 usurpabant,
1394 3943 1447 4005 ut
1495 3947 1714 4005 auguro,
1821 3932 1985 4005 Lusus
2014 3949 2197 4005 pavore
2227 3938 2386 4005 multo
2418 3932 2621 4005 Species
2642 3932 2771 4005 videt
2797 3932 3100 4005 tremendas.

168 4005 314 4071 opino,
344 4002 573 4068 exsecro,
607 4006 713 4070 agit
738 4003 1178 4071 diligentissime;
1202 4014 1254 4057 et
1285 4002 1509 4067 NoniUs,
1539 4003 1622 4069 qui
1651 4004 1717 4056 de
1891 4002 1980 4056 45.
2006 4004 2219 4057 Somnia
2261 4018 2289 4055 a
2333 4004 2441 4056 Deo
2469 4002 2753 4069 aliquando
2799 4003 3007 4057 immitti
3051 4004 3389 4071 perspituutu

168 4077 306 4145 verbo
328 4092 449 4145 vago
481 4074 706 4129 adducit
730 4073 994 4145 Plautum,
1026 4076 1246 4145 Attium,
1276 4073 1579 4134 Pacuvium,
1610 4073 1716 4145 litt-
1820 4081 1922 4134 est,
1950 4075 2265 4145 etgplurima
2290 4083 2411 4126 sunt
2450 4074 2503 4126 In
2531 4073 2709 4145 Veteri
2732 4072 3017 4145 Novoque
3042 4074 3391 4129 Tesmmentu

166 4143 308 4215 nium,
353 4142 678 4215 Turpilium,
710 4144 1112 4215 Pomponium,
1158 4142 1482 4206 Varronem,
1533 4152 1587 4196 et
1634 4142 1716 4196 his
1820 4143 2231 4215 exemplannze
2256 4144 2524 4197 Dttrantus
2554 4142 2771 4212 collegit
2808 4152 2961 4198 tract.
2988 4142 3056 4198 de
3089 4145 3391 4201 Visionibus

165 4213 296 4285 longe
324 4213 677 4283 posteriorem
701 4213 984 4269 Serenum.
1188 4284 1199 4285 ί
1818 4227 1937 4280 cztp.
1965 4213 2017 4285 9.
2049 4213 2222 4284 Eque
2244 4223 2420 4285 autem
2450 4224 2651 4267 certum
2672 4224 2784 4285 est,
2828 4215 3111 4285 insomnia,
3142 4231 3260 4285 quae
3288 4217 3386 4271 ali-

222 4283 299 4355 35.
332 4286 555 4341 Fontem
591 4287 802 4353 igneum
834 4285 1128 4338 animarum
1178 4284 1345 4338 Deum
1380 4291 1533 4336 vacat
1560 4294 1716 4351 poeta
1820 4284 2032 4351 quando
2063 4300 2187 4338 vera
2216 4284 2777 4355 accidunt,interdum
2800 4284 2866 4337 ad
2893 4300 3072 4339 casum
3103 4283 3389 4355 pertinere.

166 4354 210 4424 in
237 4354 420 4423 hymno
455 4355 850 4424 Exsequiarum
874 4370 1013 4409 vers.
1049 4356 1101 4409 1.
1136 4354 1279 4419 Rat.,
1310 4356 1369 4408 ab
1392 4355 1597 4421 tetltere,
1620 4356 1713 4410 sed
1819 4355 2023 4419 Quotus
2051 4358 2191 4409 enim
2217 4356 2438 4424 quisque
2462 4354 2537 4407 \ir
2564 4354 2778 4423 sapiens
2802 4356 2879 4408 rei
2903 4355 3089 4409 lutum
3110 4354 3403 4412 veritatem

165 4423 407 4480 inductum
438 4438 524 4482 est
552 4423 788 4480 medium
820 4442 846 4478 e
871 4436 1035 4493 reete,
1066 4434 1124 4479 ut
1154 4426 1242 4478 Iiat
1271 4426 1333 4478 ab
1361 4425 1545 4491 azthra,
1569 4426 1711 4494 quod
1818 4425 2092 4478 dormiens
2118 4423 2365 4494 agnovit?
2402 4428 2469 4479 At
2503 4440 2690 4480 omnes
2721 4426 2879 4494 vulgo
2913 4428 3202 4479 somniant.
3251 4428 3389 4492 Quid

166 4506 408 4552 corrector
429 4498 651 4551 videtur
678 4497 929 4549 voluisse.
1818 4504 1996 4549 autem
2020 4497 2232 4561 mirum,
2259 4498 2299 4549 si
2326 4498 2376 4549 in
2408 4505 2553 4549 tanto
2581 4510 2803 4549 numero
2830 4496 3027 4564 aliquid
3055 4510 3236 4548 verum
3263 4512 3390 4549 cnn-

220 4567 302 4636 57.
330 4568 477 4623 Mens
500 4566 611 4621 sibi
654 4566 1006 4621 multiformes
1055 4564 1220 4636 facies
1265 4564 1467 4636 ﬁngere
1518 4565 1713 4620 dicitur
1742 4623 1786 4636 __
1819 4566 2021 4636 litigat?
2050 4567 2210 4621 Recte
2236 4567 2422 4619 Cicero
2451 4566 2543 4619 lib.
2570 4582 2604 4620 II
2635 4567 2701 4620 de
2729 4565 2959 4619 Divinat.
2984 4580 3103 4632 cap.
3126 4564 3193 4619 59
3220 4580 3231 4615 :
3263 4568 3390 4629 Quis

167 4633 223 4686 ob
258 4630 623 4692 diversitatem
656 4636 1063 4690 insomniorum.
1094 4635 1223 4689 Nam
1250 4623 1709 4691 etsivso-niorum
1737 4623 1791 4685 D
1814 4623 1928 4699 est:
1939 4638 2026 4705 qui
2049 4645 2204 4689 totum
2226 4638 2357 4688 diem
2377 4636 2619 4703 jaculans
2644 4652 2743 4689 non
2770 4623 3305 4705 aliquandofcollinee't
3328 4639 3350 4689 ξ)

166 4716 296 4759 causa
330 4723 432 4761 non
478 4709 661 4761 solum
694 4710 765 4759 sit
801 4707 1030 4776 interna,
1062 4706 1155 4759 sed
1186 4705 1345 4776 etiam
1379 4713 1617 4770 externa,
1654 4717 1711 4762 ut
1886 4703 1975 4761 51⁷.
2018 4705 2227 4759 Vibrare
2250 4720 2343 4774 pro
2366 4705 2868 4776 fulgere.Virgilius,
2893 4703 3382 4774 Catttllus,Cicero,

163 4776 327 4846 ωδε.
361 4779 618 4833 Patribus
644 4776 873 4843 explicat
906 4775 962 4830 S.
988 4776 1221 4829 'I'homas
1254 4774 1371 4839 2-2,
1397 4786 1585 4843 quaest.
1617 4778 1707 4846 95,
1815 4776 2033 4844 aliique.

163 4852 206 4893 et
230 4845 449 4901 Thomas
490 4847 736 4901 Ilurtadu
785 4856 911 4899 tom.
958 4846 974 4898 l
1005 4846 1185 4900 Tract.
1219 4846 1439 4910 varior.,
1470 4855 1625 4901 tract.
1654 4844 1708 4912 5,
1885 4847 1971 4900 52.
2010 4846 2122 4898 Vat.
2150 4846 2215 4909 A,
2244 4845 2545 4915 frequenter,
2577 4861 2736 4915 supra
2762 4845 3074 4899 charactere
3107 4844 3378 4901 minutiori

162 4925 261 4984 cap.
290 4916 341 4982 6,
380 4919 610 4974 resolut.
643 4917 734 4981 56,
764 4932 910 4970 num.
939 4916 1079 4970 H55
1114 4925 1168 4970 et
1209 4930 1382 4984 seqq,
1414 4925 1589 4971 tamen
1638 4918 1711 4971 fa-
1816 4918 2050 4979 latentes,
2090 4917 2228 4983 quod
2263 4932 2442 4970 verum
2474 4927 2573 4972 est.

163 4983 253 5037 cies
279 4988 382 5043 sive
408 4990 617 5057 ﬁguras
653 4996 707 5041 et
742 4989 1109 5054 phantasmata
1151 4983 1315 5057 mens
1333 4986 1445 5057 ipsa
1475 4988 1573 5041 sibi
1607 4989 1713 5041 for-
1886 4987 1974 5057 575.
2003 4985 2169 5039 Aldus
2214 4988 2350 5040 male
2390 4986 2663 5056 conjungit
2697 4984 2868 5053 Atqui.
2911 4984 3161 5039 Horatius
3214 4986 3381 5041 utitur

163 5065 255 5107 mat
283 5074 295 5106 :
321 5059 426 5128 agit
454 5057 606 5113 enim
646 5057 804 5128 etiam
835 5065 961 5111 tunc
1005 5057 1202 5128 anima.
1263 5056 1479 5128 Videtur
1530 5068 1708 5128 autem
1816 5056 1980 5111 verho
2009 5057 2299 5128 coinquino.

162 5135 293 5197 poeta
323 5125 461 5196 loqui
492 5128 567 5183 de
595 5127 840 5181 omnibus
863 5127 1159 5194 insomniis,
1197 5126 1441 5197 quamvis
1472 5142 1608 5183 vers.
1640 5127 1709 5183 40
1816 5195 1853 5197 Α
1885 5127 1975 5181 54.
2009 5127 2281 5193 Sidonius,
2316 5127 2569 5197 Apuleius
2599 5136 2652 5181 et
2684 5126 2777 5197 alii
2812 5126 2891 5179 usi
2924 5125 3173 5197 sunthoc
3202 5126 3384 5179 vcrho.

162 5192 299 5266 dicat,
322 5192 486 5251 Tenui
519 5213 767 5251 summa
790 5207 926 5251 actu.
1148 5192 1153 5194 ⁷
1214 5192 1230 5197 ⁷
1814 5195 2025 5262 Festus,
2058 5198 2317 5265 impiatus,
2345 5192 2641 5252 sceleratus.
2675 5196 2793 5250 Rat.
2828 5212 2892 5250 ex
2928 5196 3108 5264 glossa
3155 5211 3250 5266 pro
3292 5197 3387 5250 im-

319 5266 474 5361 litat:3
507 5269 872 5361 somniantium
898 5284 926 5321 a
958 5282 1117 5321 manu
1139 5266 1337 5361 prima}
1814 5268 1969 5361 piagvit
1994 5262 2168 5361 ppsuit
2195 5268 2493 5361 in‘quinanvt't.

220 5334 570 5408 li.Conjicio
600 5338 875 5408 legendum
893 5353 1013 5393 esse
1034 5334 1173 5391 error
1200 5352 1296 5406 pro
1317 5336 1516 5408 horror,
1542 5352 1709 5408 quan-
1818 5334 1821 5335 ⁷
1885 5338 1973 5393 56.
1996 5334 2119 5393 Rat.
2151 5346 2205 5392 et
2240 5334 2353 5392 Vat.
2385 5339 2449 5405 Q,
2486 5338 2632 5404 vidit,
2676 5345 3003 5407 repugnante
3051 5346 3245 5397 metro,
3267 5407 3270 5408 ν
3290 5352 3387 5406 pro

162 5407 333 5476 tumvis
354 5423 515 5462 nemo
548 5407 652 5460 hac
678 5407 744 5463 de
770 5424 826 5463 re
852 5408 1191 5462 dubitaverit.
1226 5407 1431 5460 Etenim
1460 5424 1571 5476 erro
1590 5424 1713 5475 pro-
1814 5408 1967 5463 videt.
2001 5410 2073 5462 De
2102 5410 2381 5476 impiorum
2413 5409 2655 5473 somniis,
2687 5418 2943 5463 terrorem
2978 5407 3385 5471 incutientibus,

159 5474 255 5538 prie
269 5488 346 5530 est
371 5494 554 5548 vagor,
590 5486 648 5530 ut
676 5478 810 5545 apud
844 5478 1115 5538 Virgilium
1145 5477 1329 5547 egloga
1363 5478 1413 5545 I,
1448 5475 1549 5531 Ille
1575 5474 1711 5548 meas
1814 5479 2063 5533 Salomon
2091 5474 2212 5546 cap.
2238 5494 2364 5532 xvm
2394 5477 2545 5545 Sap.,
2580 5494 2722 5533 vers.
2754 5479 2842 5543 l7,
2873 5478 3018 5530 Tum:
3042 5478 3281 5532 continuo
3310 5480 3388 5531 vi-

159 5556 306 5617 θηταῖς
326 5547 490 5609 boves,
520 5554 581 5601 et
621 5558 799 5601 noster
844 5559 996 5617 poeta
1041 5562 1202 5602 versu
1250 5549 1511 5615 sequenti,
1557 5547 1712 5601 Nunc
1814 5566 1900 5602 suc
1921 5549 2235 5617 somniorum
2256 5550 2511 5601 malorum
2548 5549 2871 5601 turbaverunt
2911 5550 3044 5613 illos,
3092 5558 3136 5601 et
3184 5558 3383 5602 tonores

158 5612 376 5693 splen-dor
403 5619 701 5671 intererrat.
727 5612 1586 5693 Etﬂq'uamvis_Iictionis_'nonnihil
1618 5634 1710 5671 ex-
1817 5616 2210 5693 supervenerunt
2236 5618 2515 5693 insperati._
2548 5617 2613 5693 Et
2640 5618 2738 5693 Job
2768 5633 2887 5685 cap.
2924 5634 3016 5683 vn,
3043 5619 3132 5693 il,
3165 5617 3393 5672 Terrebis

157 5686 291 5747 primi
316 5703 409 5751 per
430 5700 679 5742 errorem
718 5686 872 5753 velis,
913 5705 1029 5742 eam
1072 5689 1122 5741 in
1155 5689 1365 5742 somnio
1395 5689 1593 5757 poteris
1618 5704 1709 5758 ag-
1817 5705 1894 5742 me
1920 5706 2009 5757 per
2031 5690 2246 5751 somnia,
2280 5686 2328 5741 et
2361 5705 2447 5750 per
2470 5688 2679 5742 visiones
2702 5688 2912 5742 horrore
2934 5690 3208 5742 concuties.

158 5764 358 5832 noscere
392 5774 406 5809 :
439 5758 518 5831 sic
572 5771 727 5823 supra
776 5758 939 5826 ﬁngit.
990 5758 1120 5812 infra
1164 5759 1448 5823 intererrat,
1494 5759 1707 5813 mendo:
1888 5760 1973 5813 59.
2002 5758 2156 5812 Gold.
2202 5768 2255 5813 et
2302 5758 2498 5813 Widm.
2540 5773 2699 5827 supra
2730 5760 3010 5831 magistris.
3059 5760 3201 5823 Ald.,
3241 5773 3391 5811 uten-
