  <div class='ocr_page' id='page_1' title='image "/cluster/home/n/w/nwhite01/storage/ocr_20150623/59/hvd.32044073505257/491.png"; bbox 0 0 3970 6326; ppageno 0'>
   <div class='ocr_carea' id='block_1_1' title="bbox 579 367 681 422">
    <p class='ocr_par' dir='ltr' id='par_1_1' title="bbox 579 367 681 422">
     <span class='ocr_line' id='line_1_1' title="bbox 579 367 681 422; baseline 0 0"><span class='ocrx_word' id='word_1_1' title='bbox 579 367 681 422; x_wconf 80' lang='grc'><strong>855</strong></span> 
     </span>
    </p>
   </div>
   <div class='ocr_carea' id='block_1_2' title="bbox 577 469 1442 538">
    <p class='ocr_par' dir='ltr' id='par_1_2' title="bbox 577 469 1442 538">
     <span class='ocr_line' id='line_1_2' title="bbox 577 469 1442 538; baseline -0.007 -9"><span class='ocrx_word' id='word_1_2' title='bbox 577 475 646 530; x_wconf 83' lang='grc'><strong>60</strong></span> <span class='ocrx_word' id='word_1_3' title='bbox 821 474 1086 538; x_wconf 89' lang='lat' dir='ltr'><strong>lnterpres</strong></span> <span class='ocrx_word' id='word_1_4' title='bbox 1106 469 1442 538; x_wconf 74' lang='lat' dir='ltr'><strong>approbavit.</strong></span> 
     </span>
    </p>
   </div>
   <div class='ocr_carea' id='block_1_3' title="bbox 753 566 1426 640">
    <p class='ocr_par' dir='ltr' id='par_1_3' title="bbox 753 566 1426 640">
     <span class='ocr_line' id='line_1_3' title="bbox 753 566 1426 640; baseline -0.01 -19"><span class='ocrx_word' id='word_1_5' title='bbox 753 566 987 632; x_wconf 85' lang='lat' dir='ltr'><strong>Quorum</strong></span> <span class='ocrx_word' id='word_1_6' title='bbox 1015 576 1261 618; x_wconf 85' lang='lat' dir='ltr'><strong>reversus</strong></span> <span class='ocrx_word' id='word_1_7' title='bbox 1292 577 1426 640; x_wconf 87' lang='lat' dir='ltr'><strong>unus</strong></span> 
     </span>
    </p>
   </div>
   <div class='ocr_carea' id='block_1_4' title="bbox 826 658 1491 726">
    <p class='ocr_par' dir='ltr' id='par_1_4' title="bbox 826 658 1491 726">
     <span class='ocr_line' id='line_1_4' title="bbox 826 658 1491 726; baseline -0.008 -14"><span class='ocrx_word' id='word_1_8' title='bbox 826 659 923 713; x_wconf 90' lang='lat' dir='ltr'><strong>Dat</strong></span> <span class='ocrx_word' id='word_1_9' title='bbox 952 658 1196 726; x_wconf 84' lang='lat' dir='ltr'><strong>poculum</strong></span> <span class='ocrx_word' id='word_1_10' title='bbox 1222 663 1448 725; x_wconf 77' lang='lat' dir='ltr'><strong>tyranno</strong></span> <span class='ocrx_word' id='word_1_11' title='bbox 1482 674 1491 707; x_wconf 84' lang='lat'>:</span> 
     </span>
    </p>
   </div>
   <div class='ocr_carea' id='block_1_5' title="bbox 819 747 1413 816">
    <p class='ocr_par' dir='ltr' id='par_1_5' title="bbox 819 747 1413 816">
     <span class='ocr_line' id='line_1_5' title="bbox 819 747 1413 816; baseline -0.005 -13"><span class='ocrx_word' id='word_1_12' title='bbox 819 750 919 804; x_wconf 86' lang='lat' dir='ltr'><strong>Ast</strong></span> <span class='ocrx_word' id='word_1_13' title='bbox 939 747 1166 802; x_wconf 89' lang='lat' dir='ltr'><strong>alterum</strong></span> <span class='ocrx_word' id='word_1_14' title='bbox 1187 761 1413 816; x_wconf 88' lang='lat' dir='ltr'><strong>rapaces</strong></span> 
     </span>
    </p>
   </div>
   <div class='ocr_carea' id='block_1_6' title="bbox 825 838 1533 895">
    <p class='ocr_par' dir='ltr' id='par_1_6' title="bbox 825 838 1533 895">
     <span class='ocr_line' id='line_1_6' title="bbox 825 838 1533 895; baseline -0.006 0"><span class='ocrx_word' id='word_1_15' title='bbox 825 841 1014 895; x_wconf 84' lang='lat' dir='ltr'><strong>Fixum</strong></span> <span class='ocrx_word' id='word_1_16' title='bbox 1043 847 1235 894; x_wconf 90' lang='lat' dir='ltr'><strong>vorant</strong></span> <span class='ocrx_word' id='word_1_17' title='bbox 1263 838 1533 892; x_wconf 83' lang='lat' dir='ltr'><strong>volucres.</strong></span> 
     </span>
    </p>
   </div>
   <div class='ocr_carea' id='block_1_7' title="bbox 581 933 1383 1004">
    <p class='ocr_par' dir='ltr' id='par_1_7' title="bbox 581 933 1383 1004">
     <span class='ocr_line' id='line_1_7' title="bbox 581 933 1383 1004; baseline -0.006 -14"><span class='ocrx_word' id='word_1_18' title='bbox 581 935 648 990; x_wconf 79' lang='lat'><strong>05</strong></span> <span class='ocrx_word' id='word_1_19' title='bbox 756 935 929 1004; x_wconf 89' lang='lat' dir='ltr'><strong>Ipsum</strong></span> <span class='ocrx_word' id='word_1_20' title='bbox 959 933 1154 988; x_wconf 89' lang='lat' dir='ltr'><strong>deinde</strong></span> <span class='ocrx_word' id='word_1_21' title='bbox 1182 945 1383 1001; x_wconf 90' lang='lat' dir='ltr'><strong>regem,</strong></span> 
     </span>
    </p>
   </div>
   <div class='ocr_carea' id='block_1_8' title="bbox 824 1003 1486 1093">
    <p class='ocr_par' dir='ltr' id='par_1_8' title="bbox 824 1003 1486 1093">
     <span class='ocr_line' id='line_1_8' title="bbox 824 1003 1486 1093; baseline -0.011 -13"><span class='ocrx_word' id='word_1_22' title='bbox 824 1024 1081 1093; x_wconf 79' lang='lat' dir='ltr'><strong>Perplexa</strong></span> <span class='ocrx_word' id='word_1_23' title='bbox 1107 1003 1486 1086; x_wconf 83' lang='lat' dir='ltr'><strong>somniantem,</strong></span> 
     </span>
    </p>
   </div>
   <div class='ocr_carea' id='block_1_9' title="bbox 748 1097 1494 1185">
    <p class='ocr_par' dir='ltr' id='par_1_9' title="bbox 748 1097 1494 1185">
     <span class='ocr_line' id='line_1_9' title="bbox 748 1097 1494 1185; baseline -0.004 -16"><span class='ocrx_word' id='word_1_24' title='bbox 748 1183 750 1185; x_wconf 14' lang='grc' dir='ltr'>ν</span> <span class='ocrx_word' id='word_1_25' title='bbox 821 1115 1022 1169; x_wconf 88' lang='lat' dir='ltr'><strong>Monuit</strong></span> <span class='ocrx_word' id='word_1_26' title='bbox 1046 1113 1239 1168; x_wconf 82' lang='lat' dir='ltr'><strong>famem</strong></span> <span class='ocrx_word' id='word_1_27' title='bbox 1263 1097 1494 1168; x_wconf 86' lang='lat' dir='ltr'><strong>futuram</strong></span> 
     </span>
    </p>
   </div>
   <div class='ocr_carea' id='block_1_10' title="bbox 820 1188 1675 1282">
    <p class='ocr_par' dir='ltr' id='par_1_10' title="bbox 820 1188 1675 1282">
     <span class='ocr_line' id='line_1_10' title="bbox 820 1188 1675 1282; baseline -0.009 -16"><span class='ocrx_word' id='word_1_28' title='bbox 820 1209 978 1279; x_wconf 80' lang='lat'><strong>303</strong></span> <span class='ocrx_word' id='word_1_29' title='bbox 999 1206 1206 1261; x_wconf 83' lang='lat' dir='ltr'><strong>Clausis</strong></span> <span class='ocrx_word' id='word_1_30' title='bbox 1233 1188 1422 1282; x_wconf 77' lang='lat' dir='ltr'><strong>cavere</strong></span> <span class='ocrx_word' id='word_1_31' title='bbox 1453 1206 1675 1260; x_wconf 82' lang='lat' dir='ltr'><strong>acervis.</strong></span> 
     </span>
    </p>
   </div>
   <div class='ocr_carea' id='block_1_11' title="bbox 752 1297 1557 1366">
    <p class='ocr_par' dir='ltr' id='par_1_11' title="bbox 752 1297 1557 1366">
     <span class='ocr_line' id='line_1_11' title="bbox 752 1297 1557 1366; baseline -0.006 -12"><span class='ocrx_word' id='word_1_32' title='bbox 752 1301 873 1354; x_wconf 76' lang='lat' dir='ltr'><strong>Mox</strong></span> <span class='ocrx_word' id='word_1_33' title='bbox 905 1297 1121 1366; x_wconf 65' lang='lat' dir='ltr'><strong>praesul,</strong></span> <span class='ocrx_word' id='word_1_34' title='bbox 1150 1311 1210 1352; x_wconf 87' lang='lat' dir='ltr'><strong>ac</strong></span> <span class='ocrx_word' id='word_1_35' title='bbox 1240 1297 1557 1360; x_wconf 83' lang='lat' dir='ltr'><strong>tetrarches,</strong></span> 
     </span>
    </p>
   </div>
   <div class='ocr_carea' id='block_1_12' title="bbox 581 1386 1584 1458">
    <p class='ocr_par' dir='ltr' id='par_1_12' title="bbox 581 1386 1584 1458">
     <span class='ocr_line' id='line_1_12' title="bbox 581 1386 1584 1458; baseline -0.006 -12"><span class='ocrx_word' id='word_1_36' title='bbox 581 1395 648 1449; x_wconf 85' lang='lat'><strong>70</strong></span> <span class='ocrx_word' id='word_1_37' title='bbox 824 1389 1060 1458; x_wconf 80' lang='lat' dir='ltr'><strong>Regnum</strong></span> <span class='ocrx_word' id='word_1_38' title='bbox 1095 1401 1191 1455; x_wconf 88' lang='lat' dir='ltr'><strong>per</strong></span> <span class='ocrx_word' id='word_1_39' title='bbox 1222 1402 1380 1442; x_wconf 90' lang='lat' dir='ltr'><strong>omne</strong></span> <span class='ocrx_word' id='word_1_40' title='bbox 1403 1386 1584 1456; x_wconf 87' lang='lat' dir='ltr'><strong>jussus</strong></span> 
     </span>
    </p>
   </div>
   <div class='ocr_carea' id='block_1_13' title="bbox 822 1465 1497 1550">
    <p class='ocr_par' dir='ltr' id='par_1_13' title="bbox 822 1465 1497 1550">
     <span class='ocr_line' id='line_1_13' title="bbox 822 1465 1497 1550; baseline -0.007 -10"><span class='ocrx_word' id='word_1_41' title='bbox 822 1483 1033 1540; x_wconf 89' lang='lat' dir='ltr'><strong>Sociam</strong></span> <span class='ocrx_word' id='word_1_42' title='bbox 1065 1493 1247 1537; x_wconf 86' lang='lat' dir='ltr'><strong>tenere</strong></span> <span class='ocrx_word' id='word_1_43' title='bbox 1275 1465 1497 1550; x_wconf 78' lang='lat' dir='ltr'><strong>virgam,</strong></span> 
     </span>
    </p>
   </div>
   <div class='ocr_carea' id='block_1_14' title="bbox 819 1572 1438 1629">
    <p class='ocr_par' dir='ltr' id='par_1_14' title="bbox 819 1572 1438 1629">
     <span class='ocr_line' id='line_1_14' title="bbox 819 1572 1438 1629; baseline -0.005 -1"><span class='ocrx_word' id='word_1_44' title='bbox 819 1575 1053 1629; x_wconf 72' lang='lat' dir='ltr'><strong>Domina:</strong></span> <span class='ocrx_word' id='word_1_45' title='bbox 1071 1572 1268 1628; x_wconf 87' lang='lat' dir='ltr'><strong>resedit</strong></span> <span class='ocrx_word' id='word_1_46' title='bbox 1283 1572 1438 1626; x_wconf 66' lang='lat' dir='ltr'><strong>aulai.</strong></span> 
     </span>
    </p>
   </div>
   <div class='ocr_carea' id='block_1_15' title="bbox 749 1664 1460 1738">
    <p class='ocr_par' dir='ltr' id='par_1_15' title="bbox 749 1664 1460 1738">
     <span class='ocr_line' id='line_1_15' title="bbox 749 1664 1460 1738; baseline -0.006 -16"><span class='ocrx_word' id='word_1_47' title='bbox 749 1669 792 1723; x_wconf 89' lang='grc'><strong>0</strong></span> <span class='ocrx_word' id='word_1_48' title='bbox 821 1683 975 1738; x_wconf 87' lang='lat' dir='ltr'><strong>quam</strong></span> <span class='ocrx_word' id='word_1_49' title='bbox 1009 1665 1265 1737; x_wconf 88' lang='lat' dir='ltr'><strong>profunda</strong></span> <span class='ocrx_word' id='word_1_50' title='bbox 1299 1664 1460 1735; x_wconf 88' lang='lat' dir='ltr'><strong>justis</strong></span> 
     </span>
    </p>
   </div>
   <div class='ocr_carea' id='block_1_16' title="bbox 820 1760 1428 1828">
    <p class='ocr_par' dir='ltr' id='par_1_16' title="bbox 820 1760 1428 1828">
     <span class='ocr_line' id='line_1_16' title="bbox 820 1760 1428 1828; baseline -0.007 -14"><span class='ocrx_word' id='word_1_51' title='bbox 820 1760 1022 1814; x_wconf 79' lang='lat' dir='ltr'><strong>Arcana</strong></span> <span class='ocrx_word' id='word_1_52' title='bbox 1056 1773 1150 1828; x_wconf 90' lang='lat' dir='ltr'><strong>per</strong></span> <span class='ocrx_word' id='word_1_53' title='bbox 1179 1773 1428 1827; x_wconf 85' lang='lat' dir='ltr'><strong>soporem</strong></span> 
     </span>
    </p>
   </div>
   <div class='ocr_carea' id='block_1_17' title="bbox 576 1847 1558 1918">
    <p class='ocr_par' dir='ltr' id='par_1_17' title="bbox 576 1847 1558 1918">
     <span class='ocr_line' id='line_1_17' title="bbox 576 1847 1558 1918; baseline -0.009 -12"><span class='ocrx_word' id='word_1_54' title='bbox 576 1850 642 1906; x_wconf 86' lang='lat'><strong>75</strong></span> <span class='ocrx_word' id='word_1_55' title='bbox 819 1849 1010 1918; x_wconf 83' lang='lat' dir='ltr'><strong>Aperit</strong></span> <span class='ocrx_word' id='word_1_56' title='bbox 1040 1847 1234 1903; x_wconf 87' lang='lat' dir='ltr'><strong>tuenda</strong></span> <span class='ocrx_word' id='word_1_57' title='bbox 1265 1847 1514 1902; x_wconf 86' lang='lat' dir='ltr'><strong>Christus</strong></span> <span class='ocrx_word' id='word_1_58' title='bbox 1547 1847 1558 1898; x_wconf 87' lang='lat'>!</span> 
     </span>
    </p>
   </div>
   <div class='ocr_carea' id='block_1_18' title="bbox 815 1932 1655 2011">
    <p class='ocr_par' dir='ltr' id='par_1_18' title="bbox 815 1932 1655 2011">
     <span class='ocr_line' id='line_1_18' title="bbox 815 1932 1655 2011; baseline -0.007 -13"><span class='ocrx_word' id='word_1_59' title='bbox 815 1943 983 2010; x_wconf 84' lang='lat' dir='ltr'><strong>Quam</strong></span> <span class='ocrx_word' id='word_1_60' title='bbox 1014 1932 1178 2006; x_wconf 88' lang='lat' dir='ltr'><strong>clara,</strong></span> <span class='ocrx_word' id='word_1_61' title='bbox 1211 1956 1368 2011; x_wconf 89' lang='lat' dir='ltr'><strong>quam</strong></span> <span class='ocrx_word' id='word_1_62' title='bbox 1392 1941 1611 1996; x_wconf 90' lang='lat' dir='ltr'><strong>tacenda</strong></span> <span class='ocrx_word' id='word_1_63' title='bbox 1645 1942 1655 1992; x_wconf 85' lang='lat'>!</span> 
     </span>
    </p>
   </div>
   <div class='ocr_carea' id='block_1_19' title="bbox 753 2035 1311 2106">
    <p class='ocr_par' dir='ltr' id='par_1_19' title="bbox 753 2035 1311 2106">
     <span class='ocr_line' id='line_1_19' title="bbox 753 2035 1311 2106; baseline -0.007 -15"><span class='ocrx_word' id='word_1_64' title='bbox 753 2035 1092 2106; x_wconf 86' lang='lat' dir='ltr'><strong>Evangelista</strong></span> <span class='ocrx_word' id='word_1_65' title='bbox 1118 2036 1311 2091; x_wconf 90' lang='lat' dir='ltr'><strong>summi</strong></span> 
     </span>
    </p>
   </div>
   <div class='ocr_carea' id='block_1_20' title="bbox 2184 1843 2231 1914">
    <p class='ocr_par' dir='ltr' id='par_1_20' title="bbox 2184 1843 2231 1914">
     <span class='ocr_line' id='line_1_20' title="bbox 2184 1843 2231 1914; baseline 0 0"><span class='ocrx_word' id='word_1_66' title='bbox 2184 1843 2231 1914; x_wconf 85' lang='lat' dir='ltr'><strong>B</strong></span> 
     </span>
    </p>
   </div>
   <div class='ocr_carea' id='block_1_21' title="bbox 1680 359 3774 418">
    <p class='ocr_par' dir='ltr' id='par_1_21' title="bbox 1680 359 3774 418">
     <span class='ocr_line' id='line_1_21' title="bbox 1680 359 3774 418; baseline -0.001 -4"><span class='ocrx_word' id='word_1_67' title='bbox 1680 359 1956 414; x_wconf 70' lang='lat' dir='ltr'><strong>AUREIJI</strong></span> <span class='ocrx_word' id='word_1_68' title='bbox 1998 359 2359 414; x_wconf 73' lang='lat' dir='ltr'><strong>l’l‘tUDENTll</strong></span> <span class='ocrx_word' id='word_1_69' title='bbox 2400 360 2719 415; x_wconf 74' lang='lat' dir='ltr'><strong>CARMINA.</strong></span> <span class='ocrx_word' id='word_1_70' title='bbox 3696 359 3774 418; x_wconf 56' lang='lat' dir='ltr'><strong>tibi?</strong></span> 
     </span>
    </p>
   </div>
   <div class='ocr_carea' id='block_1_22' title="bbox 2176 479 2228 533">
    <p class='ocr_par' dir='ltr' id='par_1_22' title="bbox 2176 479 2228 533">
     <span class='ocr_line' id='line_1_22' title="bbox 2176 479 2228 533; baseline 0 0"><span class='ocrx_word' id='word_1_71' title='bbox 2176 479 2228 533; x_wconf 81' lang='grc' dir='ltr'><strong>Α</strong></span> 
     </span>
    </p>
   </div>
   <div class='ocr_carea' id='block_1_23' title="bbox 2503 475 3107 545">
    <p class='ocr_par' dir='ltr' id='par_1_23' title="bbox 2503 475 3107 545">
     <span class='ocr_line' id='line_1_23' title="bbox 2503 475 3107 545; baseline 0.002 -16"><span class='ocrx_word' id='word_1_72' title='bbox 2503 475 2817 530; x_wconf 86' lang='lat' dir='ltr'><strong>Fidissimus</strong></span> <span class='ocrx_word' id='word_1_73' title='bbox 2847 478 3107 545; x_wconf 79' lang='lat' dir='ltr'><strong>magistri,</strong></span> 
     </span>
    </p>
   </div>
   <div class='ocr_carea' id='block_1_24' title="bbox 2499 565 3146 635">
    <p class='ocr_par' dir='ltr' id='par_1_24' title="bbox 2499 565 3146 635">
     <span class='ocr_line' id='line_1_24' title="bbox 2499 565 3146 635; baseline -0.005 -14"><span class='ocrx_word' id='word_1_74' title='bbox 2499 565 2714 634; x_wconf 82' lang='lat' dir='ltr'><strong>Signata</strong></span> <span class='ocrx_word' id='word_1_75' title='bbox 2745 580 2864 635; x_wconf 74' lang='lat' dir='ltr'><strong>qua:</strong></span> <span class='ocrx_word' id='word_1_76' title='bbox 2888 566 3146 633; x_wconf 83' lang='lat' dir='ltr'><strong>latebant,</strong></span> 
     </span>
    </p>
   </div>
   <div class='ocr_carea' id='block_1_25' title="bbox 2253 655 3155 718">
    <p class='ocr_par' dir='ltr' id='par_1_25' title="bbox 2253 655 3155 718">
     <span class='ocr_line' id='line_1_25' title="bbox 2253 655 3155 718; baseline 0 -8"><span class='ocrx_word' id='word_1_77' title='bbox 2253 655 2320 710; x_wconf 90' lang='lat'><strong>80</strong></span> <span class='ocrx_word' id='word_1_78' title='bbox 2499 656 2716 711; x_wconf 84' lang='lat' dir='ltr'><strong>Nebulis</strong></span> <span class='ocrx_word' id='word_1_79' title='bbox 2749 657 2891 718; x_wconf 87' lang='lat' dir='ltr'><strong>videt</strong></span> <span class='ocrx_word' id='word_1_80' title='bbox 2914 659 3155 712; x_wconf 86' lang='lat' dir='ltr'><strong>remotis.</strong></span> 
     </span>
    </p>
   </div>
   <div class='ocr_carea' id='block_1_26' title="bbox 2433 746 3124 817">
    <p class='ocr_par' dir='ltr' id='par_1_26' title="bbox 2433 746 3124 817">
     <span class='ocr_line' id='line_1_26' title="bbox 2433 746 3124 817; baseline 0 -17"><span class='ocrx_word' id='word_1_81' title='bbox 2433 746 2607 817; x_wconf 89' lang='lat' dir='ltr'><strong>Ipsum</strong></span> <span class='ocrx_word' id='word_1_82' title='bbox 2632 746 2890 802; x_wconf 83' lang='lat' dir='ltr'><strong>Tonantis</strong></span> <span class='ocrx_word' id='word_1_83' title='bbox 2909 764 3124 817; x_wconf 87' lang='lat' dir='ltr'><strong>agnum,</strong></span> 
     </span>
    </p>
   </div>
   <div class='ocr_carea' id='block_1_27' title="bbox 2505 842 3196 912">
    <p class='ocr_par' dir='ltr' id='par_1_27' title="bbox 2505 842 3196 912">
     <span class='ocr_line' id='line_1_27' title="bbox 2505 842 3196 912; baseline 0.004 -18"><span class='ocrx_word' id='word_1_84' title='bbox 2505 843 2581 898; x_wconf 89' lang='lat' dir='ltr'><strong>De</strong></span> <span class='ocrx_word' id='word_1_85' title='bbox 2609 842 2754 897; x_wconf 72' lang='lat' dir='ltr'><strong>czede</strong></span> <span class='ocrx_word' id='word_1_86' title='bbox 2791 853 3196 912; x_wconf 89' lang='lat' dir='ltr'><strong>purpurantem,</strong></span> 
     </span>
    </p>
   </div>
   <div class='ocr_carea' id='block_1_28' title="bbox 2492 935 3101 1002">
    <p class='ocr_par' dir='ltr' id='par_1_28' title="bbox 2492 935 3101 1002">
     <span class='ocr_line' id='line_1_28' title="bbox 2492 935 3101 1002; baseline 0.003 -14"><span class='ocrx_word' id='word_1_87' title='bbox 2492 935 2592 1002; x_wconf 85' lang='lat' dir='ltr'><strong>Qui</strong></span> <span class='ocrx_word' id='word_1_88' title='bbox 2619 936 2891 990; x_wconf 91' lang='lat' dir='ltr'><strong>conscium</strong></span> <span class='ocrx_word' id='word_1_89' title='bbox 2942 935 3101 990; x_wconf 85' lang='lat' dir='ltr'><strong>futuri</strong></span> 
     </span>
    </p>
   </div>
   <div class='ocr_carea' id='block_1_29' title="bbox 2505 1027 3172 1097">
    <p class='ocr_par' dir='ltr' id='par_1_29' title="bbox 2505 1027 3172 1097">
     <span class='ocr_line' id='line_1_29' title="bbox 2505 1027 3172 1097; baseline -0.001 -17"><span class='ocrx_word' id='word_1_90' title='bbox 2505 1027 2722 1081; x_wconf 87' lang='lat' dir='ltr'><strong>Librum</strong></span> <span class='ocrx_word' id='word_1_91' title='bbox 2755 1029 2988 1097; x_wconf 83' lang='lat' dir='ltr'><strong>resignat</strong></span> <span class='ocrx_word' id='word_1_92' title='bbox 3019 1044 3172 1082; x_wconf 90' lang='lat' dir='ltr'><strong>unus.</strong></span> 
     </span>
    </p>
   </div>
   <div class='ocr_carea' id='block_1_30' title="bbox 2256 1117 3340 1189">
    <p class='ocr_par' dir='ltr' id='par_1_30' title="bbox 2256 1117 3340 1189">
     <span class='ocr_line' id='line_1_30' title="bbox 2256 1117 3340 1189; baseline 0.005 -18"><span class='ocrx_word' id='word_1_93' title='bbox 2256 1117 2335 1187; x_wconf 71' lang='grc' dir='ltr'><strong>ὅδε</strong></span> <span class='ocrx_word' id='word_1_94' title='bbox 2425 1117 2770 1189; x_wconf 61' lang='lat' dir='ltr'><strong>30:3.Hujus</strong></span> <span class='ocrx_word' id='word_1_95' title='bbox 2813 1133 3024 1172; x_wconf 90' lang='lat' dir='ltr'><strong>manum</strong></span> <span class='ocrx_word' id='word_1_96' title='bbox 3072 1130 3340 1188; x_wconf 88' lang='lat' dir='ltr'><strong>potentem</strong></span> 
     </span>
    </p>
   </div>
   <div class='ocr_carea' id='block_1_31' title="bbox 2503 1209 3259 1281">
    <p class='ocr_par' dir='ltr' id='par_1_31' title="bbox 2503 1209 3259 1281">
     <span class='ocr_line' id='line_1_31' title="bbox 2503 1209 3259 1281; baseline 0.004 -18"><span class='ocrx_word' id='word_1_97' title='bbox 2503 1209 2723 1263; x_wconf 82' lang='lat' dir='ltr'><strong>Gladius</strong></span> <span class='ocrx_word' id='word_1_98' title='bbox 2753 1212 3021 1278; x_wconf 86' lang='lat' dir='ltr'><strong>perarmat</strong></span> <span class='ocrx_word' id='word_1_99' title='bbox 3043 1223 3259 1281; x_wconf 78' lang='lat' dir='ltr'><strong>anceps,</strong></span> 
     </span>
    </p>
   </div>
   <div class='ocr_carea' id='block_1_32' title="bbox 2505 1299 3154 1370">
    <p class='ocr_par' dir='ltr' id='par_1_32' title="bbox 2505 1299 3154 1370">
     <span class='ocr_line' id='line_1_32' title="bbox 2505 1299 3154 1370; baseline 0.006 -19"><span class='ocrx_word' id='word_1_100' title='bbox 2505 1299 2570 1352; x_wconf 87' lang='lat' dir='ltr'><strong>Et</strong></span> <span class='ocrx_word' id='word_1_101' title='bbox 2601 1299 2873 1368; x_wconf 79' lang='lat' dir='ltr'><strong>fulgurans</strong></span> <span class='ocrx_word' id='word_1_102' title='bbox 2904 1301 3154 1370; x_wconf 89' lang='lat' dir='ltr'><strong>utrinque</strong></span> 
     </span>
    </p>
   </div>
   <div class='ocr_carea' id='block_1_33' title="bbox 2504 1388 3253 1457">
    <p class='ocr_par' dir='ltr' id='par_1_33' title="bbox 2504 1388 3253 1457">
     <span class='ocr_line' id='line_1_33' title="bbox 2504 1388 3253 1457; baseline 0.008 -16"><span class='ocrx_word' id='word_1_103' title='bbox 2504 1388 2776 1457; x_wconf 74' lang='lat' dir='ltr'><strong>Duplirem</strong></span> <span class='ocrx_word' id='word_1_104' title='bbox 2809 1390 3041 1444; x_wconf 87' lang='lat' dir='ltr'><strong>minatur</strong></span> <span class='ocrx_word' id='word_1_105' title='bbox 3071 1391 3253 1447; x_wconf 81' lang='lat' dir='ltr'><strong>ictum.</strong></span> 
     </span>
    </p>
   </div>
   <div class='ocr_carea' id='block_1_34' title="bbox 2435 1478 2994 1546">
    <p class='ocr_par' dir='ltr' id='par_1_34' title="bbox 2435 1478 2994 1546">
     <span class='ocr_line' id='line_1_34' title="bbox 2435 1478 2994 1546; baseline 0.004 -13"><span class='ocrx_word' id='word_1_106' title='bbox 2435 1478 2700 1546; x_wconf 66' lang='lat' dir='ltr'><strong>Quaesitor</strong></span> <span class='ocrx_word' id='word_1_107' title='bbox 2727 1480 2818 1535; x_wconf 87' lang='lat' dir='ltr'><strong>ille</strong></span> <span class='ocrx_word' id='word_1_108' title='bbox 2847 1479 2994 1536; x_wconf 91' lang='lat' dir='ltr'><strong>solus</strong></span> 
     </span>
    </p>
   </div>
   <div class='ocr_carea' id='block_1_35' title="bbox 2258 1565 3214 1643">
    <p class='ocr_par' dir='ltr' id='par_1_35' title="bbox 2258 1565 3214 1643">
     <span class='ocr_line' id='line_1_35' title="bbox 2258 1565 3214 1643; baseline 0.003 -17"><span class='ocrx_word' id='word_1_109' title='bbox 2258 1572 2326 1626; x_wconf 88' lang='lat'><strong>90</strong></span> <span class='ocrx_word' id='word_1_110' title='bbox 2507 1571 2818 1641; x_wconf 73' lang='lat' dir='ltr'><strong>Animscque</strong></span> <span class='ocrx_word' id='word_1_111' title='bbox 2847 1565 3214 1643; x_wconf 82' lang='lat' dir='ltr'><strong>corporisque,</strong></span> 
     </span>
    </p>
   </div>
   <div class='ocr_carea' id='block_1_36' title="bbox 2510 1659 3203 1734">
    <p class='ocr_par' dir='ltr' id='par_1_36' title="bbox 2510 1659 3203 1734">
     <span class='ocr_line' id='line_1_36' title="bbox 2510 1659 3203 1734; baseline 0.004 -18"><span class='ocrx_word' id='word_1_112' title='bbox 2510 1662 2773 1734; x_wconf 86' lang='lat' dir='ltr'><strong>Ensisque</strong></span> <span class='ocrx_word' id='word_1_113' title='bbox 2813 1663 2895 1718; x_wconf 89' lang='lat' dir='ltr'><strong>bis</strong></span> <span class='ocrx_word' id='word_1_114' title='bbox 2937 1659 3203 1719; x_wconf 86' lang='lat' dir='ltr'><strong>timendus</strong></span> 
     </span>
    </p>
   </div>
   <div class='ocr_carea' id='block_1_37' title="bbox 2510 1755 3350 1814">
    <p class='ocr_par' dir='ltr' id='par_1_37' title="bbox 2510 1755 3350 1814">
     <span class='ocr_line' id='line_1_37' title="bbox 2510 1755 3350 1814; baseline 0.007 -6"><span class='ocrx_word' id='word_1_115' title='bbox 2510 1755 2685 1809; x_wconf 90' lang='lat' dir='ltr'><strong>Prima</strong></span> <span class='ocrx_word' id='word_1_116' title='bbox 2712 1771 2775 1810; x_wconf 91' lang='lat' dir='ltr'><strong>ac</strong></span> <span class='ocrx_word' id='word_1_117' title='bbox 2816 1757 3048 1811; x_wconf 87' lang='lat' dir='ltr'><strong>secunda</strong></span> <span class='ocrx_word' id='word_1_118' title='bbox 3083 1773 3226 1813; x_wconf 89' lang='lat' dir='ltr'><strong>mors</strong></span> <span class='ocrx_word' id='word_1_119' title='bbox 3252 1755 3350 1814; x_wconf 79' lang='lat' dir='ltr'><strong>est.</strong></span> 
     </span>
    </p>
   </div>
   <div class='ocr_carea' id='block_1_38' title="bbox 2437 1834 3076 1918">
    <p class='ocr_par' dir='ltr' id='par_1_38' title="bbox 2437 1834 3076 1918">
     <span class='ocr_line' id='line_1_38' title="bbox 2437 1834 3076 1918; baseline 0.002 -16"><span class='ocrx_word' id='word_1_120' title='bbox 2437 1847 2578 1903; x_wconf 84' lang='lat' dir='ltr'><strong>Idem</strong></span> <span class='ocrx_word' id='word_1_121' title='bbox 2612 1859 2790 1903; x_wconf 89' lang='lat' dir='ltr'><strong>tamen</strong></span> <span class='ocrx_word' id='word_1_122' title='bbox 2812 1834 3076 1918; x_wconf 74' lang='lat' dir='ltr'><strong>bénignus</strong></span> 
     </span>
    </p>
   </div>
   <div class='ocr_carea' id='block_1_39' title="bbox 2510 1939 3108 2008">
    <p class='ocr_par' dir='ltr' id='par_1_39' title="bbox 2510 1939 3108 2008">
     <span class='ocr_line' id='line_1_39' title="bbox 2510 1939 3108 2008; baseline 0 -12"><span class='ocrx_word' id='word_1_123' title='bbox 2510 1939 2661 1996; x_wconf 89' lang='lat' dir='ltr'><strong>Ultor</strong></span> <span class='ocrx_word' id='word_1_124' title='bbox 2692 1941 2925 1996; x_wconf 87' lang='lat' dir='ltr'><strong>retundit</strong></span> <span class='ocrx_word' id='word_1_125' title='bbox 2954 1943 3108 2008; x_wconf 90' lang='lat' dir='ltr'><strong>iram,</strong></span> 
     </span>
    </p>
   </div>
   <div class='ocr_carea' id='block_1_40' title="bbox 2261 2033 3206 2104">
    <p class='ocr_par' dir='ltr' id='par_1_40' title="bbox 2261 2033 3206 2104">
     <span class='ocr_line' id='line_1_40' title="bbox 2261 2033 3206 2104; baseline 0.002 -18"><span class='ocrx_word' id='word_1_126' title='bbox 2261 2033 2329 2088; x_wconf 84' lang='lat'><strong>95</strong></span> <span class='ocrx_word' id='word_1_127' title='bbox 2513 2034 2825 2104; x_wconf 85' lang='lat' dir='ltr'><strong>Paucosque</strong></span> <span class='ocrx_word' id='word_1_128' title='bbox 2863 2049 2968 2089; x_wconf 91' lang='lat' dir='ltr'><strong>non</strong></span> <span class='ocrx_word' id='word_1_129' title='bbox 3002 2034 3206 2104; x_wconf 89' lang='lat' dir='ltr'><strong>piorum</strong></span> 
     </span>
    </p>
   </div>
   <div class='ocr_carea' id='block_1_41' title="bbox 1874 2123 2535 2182">
    <p class='ocr_par' dir='ltr' id='par_1_41' title="bbox 1874 2123 2535 2182">
     <span class='ocr_line' id='line_1_41' title="bbox 1874 2123 2535 2182; baseline 0.002 -5"><span class='ocrx_word' id='word_1_130' title='bbox 1874 2123 2161 2182; x_wconf 69' lang='lat' dir='ltr'><strong>GLOSSAS</strong></span> <span class='ocrx_word' id='word_1_131' title='bbox 2203 2124 2535 2180; x_wconf 72' lang='lat' dir='ltr'><strong>VETERES.</strong></span> 
     </span>
    </p>
   </div>
   <div class='ocr_carea' id='block_1_42' title="bbox 637 2221 1606 2292">
    <p class='ocr_par' dir='ltr' id='par_1_42' title="bbox 637 2221 1606 2292">
     <span class='ocr_line' id='line_1_42' title="bbox 637 2221 1606 2292; baseline -0.006 -19"><span class='ocrx_word' id='word_1_132' title='bbox 637 2222 726 2277; x_wconf 73' lang='lat' dir='ltr'><strong>tit.</strong></span> <span class='ocrx_word' id='word_1_133' title='bbox 753 2221 918 2285; x_wconf 86' lang='lat' dir='ltr'><strong>Unus,</strong></span> <span class='ocrx_word' id='word_1_134' title='bbox 952 2223 1191 2292; x_wconf 76' lang='lat' dir='ltr'><strong>magister</strong></span> <span class='ocrx_word' id='word_1_135' title='bbox 1221 2223 1606 2292; x_wconf 74' lang='lat' dir='ltr'><strong>pinccrnarnnt,</strong></span> 
     </span>
    </p>
   </div>
   <div class='ocr_carea' id='block_1_43' title="bbox 641 2289 1605 2362">
    <p class='ocr_par' dir='ltr' id='par_1_43' title="bbox 641 2289 1605 2362">
     <span class='ocr_line' id='line_1_43' title="bbox 641 2289 1605 2362; baseline -0.006 -17"><span class='ocrx_word' id='word_1_136' title='bbox 641 2292 729 2346; x_wconf 81' lang='lat'><strong>62.</strong></span> <span class='ocrx_word' id='word_1_137' title='bbox 764 2289 1054 2362; x_wconf 49' lang='lat' dir='ltr'><strong>Tyrantto;</strong></span> <span class='ocrx_word' id='word_1_138' title='bbox 1083 2293 1188 2360; x_wconf 83' lang='lat' dir='ltr'><strong>regi</strong></span> <span class='ocrx_word' id='word_1_139' title='bbox 1224 2289 1514 2352; x_wconf 83' lang='lat' dir='ltr'><strong>Pharaoni,</strong></span> <span class='ocrx_word' id='word_1_140' title='bbox 1569 2289 1605 2340; x_wconf 93' lang='grc' dir='ltr'><strong>Ι.</strong></span> 
     </span>
    </p>
   </div>
   <div class='ocr_carea' id='block_1_44' title="bbox 572 2362 923 2414">
    <p class='ocr_par' dir='ltr' id='par_1_44' title="bbox 572 2362 923 2414">
     <span class='ocr_line' id='line_1_44' title="bbox 572 2362 923 2414; baseline 0 0"><span class='ocrx_word' id='word_1_141' title='bbox 572 2377 675 2414; x_wconf 71' lang='lat' dir='ltr'><strong>rex.</strong></span> <span class='ocrx_word' id='word_1_142' title='bbox 706 2362 822 2414; x_wconf 94' lang='lat' dir='ltr'><strong>Vat.</strong></span> <span class='ocrx_word' id='word_1_143' title='bbox 856 2365 923 2414; x_wconf 84' lang='lat' dir='ltr'><strong>A.</strong></span> 
     </span>
    </p>
   </div>
   <div class='ocr_carea' id='block_1_45' title="bbox 644 2432 1374 2500">
    <p class='ocr_par' dir='ltr' id='par_1_45' title="bbox 644 2432 1374 2500">
     <span class='ocr_line' id='line_1_45' title="bbox 644 2432 1374 2500; baseline -0.003 -16"><span class='ocrx_word' id='word_1_144' title='bbox 644 2432 732 2486; x_wconf 84' lang='lat'><strong>66.</strong></span> <span class='ocrx_word' id='word_1_145' title='bbox 753 2433 1032 2500; x_wconf 79' lang='lat' dir='ltr'><strong>Perplexa,</strong></span> <span class='ocrx_word' id='word_1_146' title='bbox 1065 2432 1302 2496; x_wconf 87' lang='lat' dir='ltr'><strong>obscura,</strong></span> <span class='ocrx_word' id='word_1_147' title='bbox 1337 2432 1374 2483; x_wconf 92' lang='grc' dir='ltr'><strong>Ι.</strong></span> 
     </span>
    </p>
   </div>
   <div class='ocr_carea' id='block_1_46' title="bbox 641 2501 1356 2570">
    <p class='ocr_par' dir='ltr' id='par_1_46' title="bbox 641 2501 1356 2570">
     <span class='ocr_line' id='line_1_46' title="bbox 641 2501 1356 2570; baseline -0.003 -14"><span class='ocrx_word' id='word_1_148' title='bbox 641 2503 728 2556; x_wconf 87' lang='grc'><strong>69.</strong></span> <span class='ocrx_word' id='word_1_149' title='bbox 766 2503 990 2565; x_wconf 72' lang='lat' dir='ltr'><strong>Prmsul,</strong></span> <span class='ocrx_word' id='word_1_150' title='bbox 1024 2503 1279 2570; x_wconf 79' lang='lat' dir='ltr'><strong>princeps,</strong></span> <span class='ocrx_word' id='word_1_151' title='bbox 1317 2501 1356 2554; x_wconf 92' lang='grc' dir='ltr'><strong>Ι.</strong></span> 
     </span>
    </p>
   </div>
   <div class='ocr_carea' id='block_1_47' title="bbox 641 2572 1362 2640">
    <p class='ocr_par' dir='ltr' id='par_1_47' title="bbox 641 2572 1362 2640">
     <span class='ocr_line' id='line_1_47' title="bbox 641 2572 1362 2640; baseline -0.001 -15"><span class='ocrx_word' id='word_1_152' title='bbox 641 2575 726 2626; x_wconf 77' lang='grc'><strong>71.</strong></span> <span class='ocrx_word' id='word_1_153' title='bbox 766 2572 1001 2638; x_wconf 78' lang='lat' dir='ltr'><strong>Virgam,</strong></span> <span class='ocrx_word' id='word_1_154' title='bbox 1029 2581 1304 2640; x_wconf 76' lang='lat' dir='ltr'><strong>sceptrum,</strong></span> <span class='ocrx_word' id='word_1_155' title='bbox 1327 2573 1362 2625; x_wconf 94' lang='lat' dir='ltr'><strong>I.</strong></span> 
     </span>
    </p>
   </div>
   <div class='ocr_carea' id='block_1_48' title="bbox 642 2641 1513 2710">
    <p class='ocr_par' dir='ltr' id='par_1_48' title="bbox 642 2641 1513 2710">
     <span class='ocr_line' id='line_1_48' title="bbox 642 2641 1513 2710; baseline -0.002 -13"><span class='ocrx_word' id='word_1_156' title='bbox 642 2641 726 2697; x_wconf 80' lang='lat'><strong>75.</strong></span> <span class='ocrx_word' id='word_1_157' title='bbox 759 2642 997 2710; x_wconf 85' lang='lat' dir='ltr'><strong>Tuenda,</strong></span> <span class='ocrx_word' id='word_1_158' title='bbox 1026 2643 1263 2706; x_wconf 84' lang='lat' dir='ltr'><strong>videnda,</strong></span> <span class='ocrx_word' id='word_1_159' title='bbox 1294 2643 1409 2696; x_wconf 89' lang='lat' dir='ltr'><strong>Vat.</strong></span> <span class='ocrx_word' id='word_1_160' title='bbox 1451 2644 1513 2696; x_wconf 86' lang='lat' dir='ltr'><strong>A.</strong></span> 
     </span>
    </p>
   </div>
   <div class='ocr_carea' id='block_1_49' title="bbox 1663 2287 2148 2358">
    <p class='ocr_par' dir='ltr' id='par_1_49' title="bbox 1663 2287 2148 2358">
     <span class='ocr_line' id='line_1_49' title="bbox 1663 2287 2148 2358; baseline 0.004 -18"><span class='ocrx_word' id='word_1_161' title='bbox 1663 2287 1929 2358; x_wconf 78' lang='lat' dir='ltr'><strong>Tyrannus</strong></span> <span class='ocrx_word' id='word_1_162' title='bbox 1973 2287 2148 2343; x_wconf 74' lang='lat' dir='ltr'><strong>Cra&#39;ce</strong></span> 
     </span>
    </p>
   </div>
   <div class='ocr_carea' id='block_1_50' title="bbox 2329 2217 3348 2288">
    <p class='ocr_par' dir='ltr' id='par_1_50' title="bbox 2329 2217 3348 2288">
     <span class='ocr_line' id='line_1_50' title="bbox 2329 2217 3348 2288; baseline 0.002 -16"><span class='ocrx_word' id='word_1_163' title='bbox 2329 2221 2416 2273; x_wconf 89' lang='grc'><strong>77.</strong></span> <span class='ocrx_word' id='word_1_164' title='bbox 2455 2220 2816 2288; x_wconf 81' lang='lat' dir='ltr'><strong>Evatigelist=i,</strong></span> <span class='ocrx_word' id='word_1_165' title='bbox 2847 2219 3098 2281; x_wconf 83' lang='lat' dir='ltr'><strong>Joannes.</strong></span> <span class='ocrx_word' id='word_1_166' title='bbox 3136 2217 3249 2275; x_wconf 77' lang='lat' dir='ltr'><strong>Vat.</strong></span> <span class='ocrx_word' id='word_1_167' title='bbox 3287 2225 3348 2274; x_wconf 73' lang='grc' dir='ltr'><strong>Α.</strong></span> 
     </span>
    </p>
   </div>
   <div class='ocr_carea' id='block_1_51' title="bbox 2331 2291 3310 2354">
    <p class='ocr_par' dir='ltr' id='par_1_51' title="bbox 2331 2291 3310 2354">
     <span class='ocr_line' id='line_1_51' title="bbox 2331 2291 3310 2354; baseline 0.001 -11"><span class='ocrx_word' id='word_1_168' title='bbox 2331 2292 2422 2344; x_wconf 82' lang='grc'><strong>86.</strong></span> <span class='ocrx_word' id='word_1_169' title='bbox 2459 2291 2697 2354; x_wconf 82' lang='lat' dir='ltr'><strong>Gladius,</strong></span> <span class='ocrx_word' id='word_1_170' title='bbox 2730 2293 2932 2344; x_wconf 82' lang='lat' dir='ltr'><strong>verbum</strong></span> <span class='ocrx_word' id='word_1_171' title='bbox 2974 2291 3215 2352; x_wconf 77' lang='lat' dir='ltr'><strong>Dei,\’at.</strong></span> <span class='ocrx_word' id='word_1_172' title='bbox 3248 2294 3310 2348; x_wconf 84' lang='lat' dir='ltr'><strong>A.</strong></span> 
     </span>
    </p>
   </div>
   <div class='ocr_carea' id='block_1_52' title="bbox 2316 2361 3488 2432">
    <p class='ocr_par' dir='ltr' id='par_1_52' title="bbox 2316 2361 3488 2432">
     <span class='ocr_line' id='line_1_52' title="bbox 2316 2361 3488 2432; baseline 0.003 -18"><span class='ocrx_word' id='word_1_173' title='bbox 2316 2362 2418 2416; x_wconf 72' lang='lat'><strong>‘88.</strong></span> <span class='ocrx_word' id='word_1_174' title='bbox 2452 2361 2640 2426; x_wconf 87' lang='lat' dir='ltr'><strong>letum,</strong></span> <span class='ocrx_word' id='word_1_175' title='bbox 2663 2363 2850 2414; x_wconf 72' lang='lat' dir='ltr'><strong>anima:</strong></span> <span class='ocrx_word' id='word_1_176' title='bbox 2901 2372 2949 2414; x_wconf 87' lang='lat' dir='ltr'><strong>et</strong></span> <span class='ocrx_word' id='word_1_177' title='bbox 2973 2365 3222 2432; x_wconf 78' lang='lat' dir='ltr'><strong>corporis.</strong></span> <span class='ocrx_word' id='word_1_178' title='bbox 3257 2363 3373 2418; x_wconf 87' lang='lat' dir='ltr'><strong>Vat.</strong></span> <span class='ocrx_word' id='word_1_179' title='bbox 3425 2365 3488 2418; x_wconf 75' lang='grc' dir='ltr'><strong>Α.</strong></span> 
     </span>
    </p>
   </div>
   <div class='ocr_carea' id='block_1_53' title="bbox 2333 2432 3426 2508">
    <p class='ocr_par' dir='ltr' id='par_1_53' title="bbox 2333 2432 3426 2508">
     <span class='ocr_line' id='line_1_53' title="bbox 2333 2432 3426 2508; baseline -0.004 -21"><span class='ocrx_word' id='word_1_180' title='bbox 2333 2433 2419 2508; x_wconf 55' lang='lat'><strong>69.</strong></span> <span class='ocrx_word' id='word_1_181' title='bbox 2455 2432 2739 2508; x_wconf 76' lang='lat' dir='ltr'><strong>Quaesitor,</strong></span> <span class='ocrx_word' id='word_1_182' title='bbox 2756 2433 2942 2508; x_wconf 65' lang='lat' dir='ltr'><strong>judez.</strong></span> <span class='ocrx_word' id='word_1_183' title='bbox 2976 2433 3013 2486; x_wconf 90' lang='grc' dir='ltr'><strong>Ι.</strong></span> <span class='ocrx_word' id='word_1_184' title='bbox 3223 2505 3232 2508; x_wconf 83' lang='lat'>_</span> <span class='ocrx_word' id='word_1_185' title='bbox 3421 2493 3426 2508; x_wconf 37' lang='grc' dir='ltr'><strong><em>ι</em></strong></span> 
     </span>
    </p>
   </div>
   <div class='ocr_carea' id='block_1_54' title="bbox 2330 2503 3685 2574">
    <p class='ocr_par' dir='ltr' id='par_1_54' title="bbox 2330 2503 3685 2574">
     <span class='ocr_line' id='line_1_54' title="bbox 2330 2503 3685 2574; baseline -0.001 -18"><span class='ocrx_word' id='word_1_186' title='bbox 2330 2503 2420 2574; x_wconf 73' lang='grc'><strong>92.</strong></span> <span class='ocrx_word' id='word_1_187' title='bbox 2455 2503 2631 2574; x_wconf 84' lang='lat' dir='ltr'><strong>Prima</strong></span> <span class='ocrx_word' id='word_1_188' title='bbox 2654 2518 2714 2556; x_wconf 89' lang='lat' dir='ltr'><strong>ac</strong></span> <span class='ocrx_word' id='word_1_189' title='bbox 2744 2503 3000 2574; x_wconf 81' lang='lat' dir='ltr'><strong>secunda,</strong></span> <span class='ocrx_word' id='word_1_190' title='bbox 3031 2505 3256 2574; x_wconf 65' lang='lat' dir='ltr'><strong>corporis</strong></span> <span class='ocrx_word' id='word_1_191' title='bbox 3280 2513 3326 2556; x_wconf 78' lang='lat' dir='ltr'><strong>et</strong></span> <span class='ocrx_word' id='word_1_192' title='bbox 3355 2503 3560 2572; x_wconf 68' lang='lat' dir='ltr'><strong>animm,</strong></span> <span class='ocrx_word' id='word_1_193' title='bbox 3594 2505 3685 2560; x_wconf 81' lang='lat' dir='ltr'><strong>lso.</strong></span> 
     </span>
    </p>
   </div>
   <div class='ocr_carea' id='block_1_55' title="bbox 2331 2573 3303 2642">
    <p class='ocr_par' dir='ltr' id='par_1_55' title="bbox 2331 2573 3303 2642">
     <span class='ocr_line' id='line_1_55' title="bbox 2331 2573 3303 2642; baseline 0.001 -15"><span class='ocrx_word' id='word_1_194' title='bbox 2331 2573 2421 2627; x_wconf 85' lang='lat'><strong>95.</strong></span> <span class='ocrx_word' id='word_1_195' title='bbox 2451 2573 2565 2627; x_wconf 63' lang='lat' dir='ltr'><strong>Non</strong></span> <span class='ocrx_word' id='word_1_196' title='bbox 2595 2573 2825 2642; x_wconf 77' lang='lat' dir='ltr'><strong>piorum.</strong></span> <span class='ocrx_word' id='word_1_197' title='bbox 2873 2573 3167 2639; x_wconf 80' lang='lat' dir='ltr'><strong>impionun,</strong></span> <span class='ocrx_word' id='word_1_198' title='bbox 3201 2575 3303 2630; x_wconf 90' lang='lat' dir='ltr'><strong>lso.</strong></span> 
     </span>
    </p>
   </div>
   <div class='ocr_carea' id='block_1_56' title="bbox 1917 2733 2473 2790">
    <p class='ocr_par' dir='ltr' id='par_1_56' title="bbox 1917 2733 2473 2790">
     <span class='ocr_line' id='line_1_56' title="bbox 1917 2733 2473 2790; baseline -0.005 -1"><span class='ocrx_word' id='word_1_199' title='bbox 1917 2733 2473 2790; x_wconf 76' lang='lat' dir='ltr'><strong>COMMENTARIUS.</strong></span> 
     </span>
    </p>
   </div>
   <div class='ocr_carea' id='block_1_57' title="bbox 567 2845 2142 2924">
    <p class='ocr_par' dir='ltr' id='par_1_57' title="bbox 567 2845 2142 2924">
     <span class='ocr_line' id='line_1_57' title="bbox 567 2845 2142 2924; baseline -0.008 -16"><span class='ocrx_word' id='word_1_200' title='bbox 567 2855 716 2924; x_wconf 83' lang='lat' dir='ltr'><strong>dose,</strong></span> <span class='ocrx_word' id='word_1_201' title='bbox 747 2853 1015 2924; x_wconf 83' lang='lat' dir='ltr'><strong>minister._</strong></span> <span class='ocrx_word' id='word_1_202' title='bbox 1041 2847 1265 2924; x_wconf 83' lang='lat' dir='ltr'><strong>llistoria</strong></span> <span class='ocrx_word' id='word_1_203' title='bbox 1300 2856 1547 2924; x_wconf 82' lang='lat' dir='ltr'><strong>narratur</strong></span> <span class='ocrx_word' id='word_1_204' title='bbox 1573 2860 1690 2913; x_wconf 92' lang='lat' dir='ltr'><strong>cap.</strong></span> <span class='ocrx_word' id='word_1_205' title='bbox 1722 2861 1771 2898; x_wconf 85' lang='lat' dir='ltr'><strong>xl</strong></span> <span class='ocrx_word' id='word_1_206' title='bbox 1804 2845 1999 2924; x_wconf 75' lang='lat' dir='ltr'><strong>Cenes.</strong></span> <span class='ocrx_word' id='word_1_207' title='bbox 2032 2845 2142 2924; x_wconf 79' lang='lat' dir='ltr'><strong>Duo</strong></span> 
     </span>
    </p>
   </div>
   <div class='ocr_carea' id='block_1_58' title="bbox 571 2917 2144 2985">
    <p class='ocr_par' dir='ltr' id='par_1_58' title="bbox 571 2917 2144 2985">
     <span class='ocr_line' id='line_1_58' title="bbox 571 2917 2144 2985; baseline -0.006 -7"><span class='ocrx_word' id='word_1_208' title='bbox 571 2927 620 2978; x_wconf 83' lang='lat' dir='ltr'><strong>hi</strong></span> <span class='ocrx_word' id='word_1_209' title='bbox 653 2917 806 2980; x_wconf 81' lang='lat' dir='ltr'><strong>erant</strong></span> <span class='ocrx_word' id='word_1_210' title='bbox 827 2919 1092 2982; x_wconf 89' lang='lat' dir='ltr'><strong>eunuchi;</strong></span> <span class='ocrx_word' id='word_1_211' title='bbox 1121 2917 1256 2971; x_wconf 90' lang='lat' dir='ltr'><strong>alter</strong></span> <span class='ocrx_word' id='word_1_212' title='bbox 1289 2917 1556 2985; x_wconf 88' lang='lat' dir='ltr'><strong>pincernis</strong></span> <span class='ocrx_word' id='word_1_213' title='bbox 1603 2928 1851 2985; x_wconf 61' lang='lat' dir='ltr'><strong>praeerat,</strong></span> <span class='ocrx_word' id='word_1_214' title='bbox 1898 2917 2033 2969; x_wconf 81' lang='lat' dir='ltr'><strong>alter</strong></span> <span class='ocrx_word' id='word_1_215' title='bbox 2066 2917 2144 2983; x_wconf 85' lang='lat' dir='ltr'><strong>pi-</strong></span> 
     </span>
    </p>
   </div>
   <div class='ocr_carea' id='block_1_59' title="bbox 566 2986 2142 3060">
    <p class='ocr_par' dir='ltr' id='par_1_59' title="bbox 566 2986 2142 3060">
     <span class='ocr_line' id='line_1_59' title="bbox 566 2986 2142 3060; baseline -0.008 -9"><span class='ocrx_word' id='word_1_216' title='bbox 566 2996 835 3060; x_wconf 81' lang='lat' dir='ltr'><strong>Storibus;</strong></span> <span class='ocrx_word' id='word_1_217' title='bbox 868 2993 954 3045; x_wconf 89' lang='lat' dir='ltr'><strong>hic</strong></span> <span class='ocrx_word' id='word_1_218' title='bbox 991 2991 1252 3060; x_wconf 83' lang='lat' dir='ltr'><strong>pistorum</strong></span> <span class='ocrx_word' id='word_1_219' title='bbox 1291 2987 1566 3056; x_wconf 83' lang='lat' dir='ltr'><strong>magister,</strong></span> <span class='ocrx_word' id='word_1_220' title='bbox 1610 2986 1714 3060; x_wconf 83' lang='lat' dir='ltr'><strong>ille</strong></span> <span class='ocrx_word' id='word_1_221' title='bbox 1765 2988 2142 3060; x_wconf 82' lang='lat' dir='ltr'><strong>pincernarum</strong></span> 
     </span>
    </p>
   </div>
   <div class='ocr_carea' id='block_1_60' title="bbox 565 3057 2146 3128">
    <p class='ocr_par' dir='ltr' id='par_1_60' title="bbox 565 3057 2146 3128">
     <span class='ocr_line' id='line_1_60' title="bbox 565 3057 2146 3128; baseline -0.006 -8"><span class='ocrx_word' id='word_1_222' title='bbox 565 3069 780 3120; x_wconf 91' lang='lat' dir='ltr'><strong>dicitur.</strong></span> <span class='ocrx_word' id='word_1_223' title='bbox 809 3057 939 3118; x_wconf 34' lang='lat' dir='ltr'><strong>l&#39;linc</strong></span> <span class='ocrx_word' id='word_1_224' title='bbox 969 3060 1160 3128; x_wconf 83' lang='lat' dir='ltr'><strong>aliquis</strong></span> <span class='ocrx_word' id='word_1_225' title='bbox 1183 3059 1430 3116; x_wconf 78' lang='lat' dir='ltr'><strong>ministris</strong></span> <span class='ocrx_word' id='word_1_226' title='bbox 1455 3075 1575 3112; x_wconf 82' lang='lat' dir='ltr'><strong>cum</strong></span> <span class='ocrx_word' id='word_1_227' title='bbox 1609 3059 1848 3126; x_wconf 83' lang='lat' dir='ltr'><strong>legisset,</strong></span> <span class='ocrx_word' id='word_1_228' title='bbox 1891 3057 2146 3128; x_wconf 77' lang='lat' dir='ltr'><strong>magistris</strong></span> 
     </span>
    </p>
   </div>
   <div class='ocr_carea' id='block_1_61' title="bbox 565 3129 1996 3201">
    <p class='ocr_par' dir='ltr' id='par_1_61' title="bbox 565 3129 1996 3201">
     <span class='ocr_line' id='line_1_61' title="bbox 565 3129 1996 3201; baseline -0.009 -9"><span class='ocrx_word' id='word_1_229' title='bbox 565 3140 827 3196; x_wconf 80' lang='lat' dir='ltr'><strong>correxit,</strong></span> <span class='ocrx_word' id='word_1_230' title='bbox 849 3132 990 3201; x_wconf 89' lang='lat' dir='ltr'><strong>quod</strong></span> <span class='ocrx_word' id='word_1_231' title='bbox 1023 3129 1337 3201; x_wconf 85' lang='lat' dir='ltr'><strong>simpliciter</strong></span> <span class='ocrx_word' id='word_1_232' title='bbox 1361 3131 1591 3201; x_wconf 83' lang='lat' dir='ltr'><strong>positum</strong></span> <span class='ocrx_word' id='word_1_233' title='bbox 1627 3129 1864 3198; x_wconf 90' lang='lat' dir='ltr'><strong>ineptum</strong></span> <span class='ocrx_word' id='word_1_234' title='bbox 1893 3138 1996 3181; x_wconf 88' lang='lat' dir='ltr'><strong>est.</strong></span> 
     </span>
    </p>
   </div>
   <div class='ocr_carea' id='block_1_62' title="bbox 638 3197 1599 3266">
    <p class='ocr_par' dir='ltr' id='par_1_62' title="bbox 638 3197 1599 3266">
     <span class='ocr_line' id='line_1_62' title="bbox 638 3197 1599 3266; baseline -0.009 -5"><span class='ocrx_word' id='word_1_235' title='bbox 638 3209 726 3261; x_wconf 85' lang='lat'><strong>60.</strong></span> <span class='ocrx_word' id='word_1_236' title='bbox 754 3197 979 3261; x_wconf 45' lang='lat' dir='ltr'><strong>Wid&#39;mq</strong></span> <span class='ocrx_word' id='word_1_237' title='bbox 1013 3201 1266 3252; x_wconf 84' lang='lat' dir='ltr'><strong>mendose</strong></span> <span class='ocrx_word' id='word_1_238' title='bbox 1287 3197 1599 3266; x_wconf 83' lang='lat' dir='ltr'><strong>abprobavit.</strong></span> 
     </span>
    </p>
   </div>
   <div class='ocr_carea' id='block_1_63' title="bbox 2323 2841 3804 2912">
    <p class='ocr_par' dir='ltr' id='par_1_63' title="bbox 2323 2841 3804 2912">
     <span class='ocr_line' id='line_1_63' title="bbox 2323 2841 3804 2912; baseline 0.001 -15"><span class='ocrx_word' id='word_1_239' title='bbox 2323 2846 2408 2897; x_wconf 85' lang='grc'><strong>77.</strong></span> <span class='ocrx_word' id='word_1_240' title='bbox 2445 2843 2601 2896; x_wconf 75' lang='lat' dir='ltr'><strong>Notat</strong></span> <span class='ocrx_word' id='word_1_241' title='bbox 2627 2841 2920 2908; x_wconf 85' lang='lat' dir='ltr'><strong>Fabricius,</strong></span> <span class='ocrx_word' id='word_1_242' title='bbox 2977 2842 3320 2897; x_wconf 87' lang='lat' dir='ltr'><strong>Prudentium</strong></span> <span class='ocrx_word' id='word_1_243' title='bbox 3373 2844 3574 2909; x_wconf 84' lang='lat' dir='ltr'><strong>dicere,</strong></span> <span class='ocrx_word' id='word_1_244' title='bbox 3612 2858 3804 2912; x_wconf 79' lang='lat' dir='ltr'><strong>evange-</strong></span> 
     </span>
    </p>
   </div>
   <div class='ocr_carea' id='block_1_64' title="bbox 2250 2912 3808 2982">
    <p class='ocr_par' dir='ltr' id='par_1_64' title="bbox 2250 2912 3808 2982">
     <span class='ocr_line' id='line_1_64' title="bbox 2250 2912 3808 2982; baseline -0.001 -14"><span class='ocrx_word' id='word_1_245' title='bbox 2250 2916 2424 2968; x_wconf 82' lang='lat' dir='ltr'><strong>listam</strong></span> <span class='ocrx_word' id='word_1_246' title='bbox 2458 2927 2542 2967; x_wconf 87' lang='lat' dir='ltr'><strong>res</strong></span> <span class='ocrx_word' id='word_1_247' title='bbox 2569 2915 2848 2979; x_wconf 84' lang='lat' dir='ltr'><strong>obscuras,</strong></span> <span class='ocrx_word' id='word_1_248' title='bbox 2899 2922 2952 2966; x_wconf 85' lang='lat' dir='ltr'><strong>et</strong></span> <span class='ocrx_word' id='word_1_249' title='bbox 2979 2912 3283 2982; x_wconf 74' lang='lat' dir='ltr'><strong>obsignatas</strong></span> <span class='ocrx_word' id='word_1_250' title='bbox 3328 2914 3376 2966; x_wconf 92' lang='lat' dir='ltr'><strong>in</strong></span> <span class='ocrx_word' id='word_1_251' title='bbox 3406 2916 3553 2969; x_wconf 83' lang='lat' dir='ltr'><strong>clara</strong></span> <span class='ocrx_word' id='word_1_252' title='bbox 3604 2917 3710 2969; x_wconf 80' lang='lat' dir='ltr'><strong>lure</strong></span> <span class='ocrx_word' id='word_1_253' title='bbox 3745 2915 3808 2967; x_wconf 79' lang='lat' dir='ltr'><strong>vi-</strong></span> 
     </span>
    </p>
   </div>
   <div class='ocr_carea' id='block_1_65' title="bbox 2249 2983 3808 3054">
    <p class='ocr_par' dir='ltr' id='par_1_65' title="bbox 2249 2983 3808 3054">
     <span class='ocr_line' id='line_1_65' title="bbox 2249 2983 3808 3054; baseline -0.001 -17"><span class='ocrx_word' id='word_1_254' title='bbox 2249 2986 2412 3044; x_wconf 76' lang='lat' dir='ltr'><strong>(lisse.</strong></span> <span class='ocrx_word' id='word_1_255' title='bbox 2447 2983 2652 3039; x_wconf 85' lang='lat' dir='ltr'><strong>nebulis</strong></span> <span class='ocrx_word' id='word_1_256' title='bbox 2680 2983 2919 3047; x_wconf 90' lang='lat' dir='ltr'><strong>remotis,</strong></span> <span class='ocrx_word' id='word_1_257' title='bbox 2943 2984 3113 3052; x_wconf 77' lang='lat' dir='ltr'><strong>ipsum</strong></span> <span class='ocrx_word' id='word_1_258' title='bbox 3140 2999 3264 3037; x_wconf 73' lang='lat' dir='ltr'><strong>vero</strong></span> <span class='ocrx_word' id='word_1_259' title='bbox 3291 2985 3578 3050; x_wconf 65' lang='lat' dir='ltr'><strong>Joannem,</strong></span> <span class='ocrx_word' id='word_1_260' title='bbox 3600 3002 3653 3039; x_wconf 91' lang='lat' dir='ltr'><strong>se</strong></span> <span class='ocrx_word' id='word_1_261' title='bbox 3675 2985 3808 3054; x_wconf 72' lang='lat' dir='ltr'><strong>fuisse</strong></span> 
     </span>
    </p>
   </div>
   <div class='ocr_carea' id='block_1_66' title="bbox 2252 3053 3811 3124">
    <p class='ocr_par' dir='ltr' id='par_1_66' title="bbox 2252 3053 3811 3124">
     <span class='ocr_line' id='line_1_66' title="bbox 2252 3053 3811 3124; baseline -0.001 -17"><span class='ocrx_word' id='word_1_262' title='bbox 2252 3059 2300 3108; x_wconf 90' lang='lat' dir='ltr'><strong>itt</strong></span> <span class='ocrx_word' id='word_1_263' title='bbox 2332 3056 2521 3124; x_wconf 81' lang='lat' dir='ltr'><strong>spiritu</strong></span> <span class='ocrx_word' id='word_1_264' title='bbox 2552 3053 2654 3116; x_wconf 87' lang='lat' dir='ltr'><strong>vel,</strong></span> <span class='ocrx_word' id='word_1_265' title='bbox 2703 3063 2757 3106; x_wconf 89' lang='lat' dir='ltr'><strong>ut</strong></span> <span class='ocrx_word' id='word_1_266' title='bbox 2807 3053 3132 3108; x_wconf 84' lang='lat' dir='ltr'><strong>recentiores</strong></span> <span class='ocrx_word' id='word_1_267' title='bbox 3196 3057 3488 3124; x_wconf 81' lang='lat' dir='ltr'><strong>loquuntur</strong></span> <span class='ocrx_word' id='word_1_268' title='bbox 3530 3059 3578 3110; x_wconf 86' lang='lat' dir='ltr'><strong>in</strong></span> <span class='ocrx_word' id='word_1_269' title='bbox 3625 3056 3811 3116; x_wconf 55' lang='lat' dir='ltr'><strong>castusi,</strong></span> 
     </span>
    </p>
   </div>
   <div class='ocr_carea' id='block_1_67' title="bbox 2251 3125 3810 3191">
    <p class='ocr_par' dir='ltr' id='par_1_67' title="bbox 2251 3125 3810 3191">
     <span class='ocr_line' id='line_1_67' title="bbox 2251 3125 3810 3191; baseline -0.004 -9"><span class='ocrx_word' id='word_1_270' title='bbox 2251 3127 2554 3189; x_wconf 87' lang='lat' dir='ltr'><strong>Sedulium,</strong></span> <span class='ocrx_word' id='word_1_271' title='bbox 2601 3125 2714 3177; x_wconf 74' lang='lat' dir='ltr'><strong>hmc</strong></span> <span class='ocrx_word' id='word_1_272' title='bbox 2744 3126 2915 3191; x_wconf 87' lang='lat' dir='ltr'><strong>ipsum</strong></span> <span class='ocrx_word' id='word_1_273' title='bbox 2954 3125 3212 3178; x_wconf 85' lang='lat' dir='ltr'><strong>Joannem</strong></span> <span class='ocrx_word' id='word_1_274' title='bbox 3267 3126 3467 3179; x_wconf 66' lang='lat' dir='ltr'><strong>Vidisse</strong></span> <span class='ocrx_word' id='word_1_275' title='bbox 3517 3129 3566 3181; x_wconf 90' lang='lat' dir='ltr'><strong>itt</strong></span> <span class='ocrx_word' id='word_1_276' title='bbox 3615 3127 3810 3184; x_wconf 59' lang='lat' dir='ltr'><strong>somnis,</strong></span> 
     </span>
    </p>
   </div>
   <div class='ocr_carea' id='block_1_68' title="bbox 2250 3195 3810 3268">
    <p class='ocr_par' dir='ltr' id='par_1_68' title="bbox 2250 3195 3810 3268">
     <span class='ocr_line' id='line_1_68' title="bbox 2250 3195 3810 3268; baseline -0.001 -21"><span class='ocrx_word' id='word_1_277' title='bbox 2250 3197 2390 3268; x_wconf 85' lang='lat' dir='ltr'><strong>quod</strong></span> <span class='ocrx_word' id='word_1_278' title='bbox 2418 3196 2671 3268; x_wconf 79' lang='lat' dir='ltr'><strong>Nebrissa</strong></span> <span class='ocrx_word' id='word_1_279' title='bbox 2699 3206 2857 3268; x_wconf 82' lang='lat' dir='ltr'><strong>antea</strong></span> <span class='ocrx_word' id='word_1_280' title='bbox 2891 3205 3188 3268; x_wconf 82' lang='lat' dir='ltr'><strong>monuerat.</strong></span> <span class='ocrx_word' id='word_1_281' title='bbox 3225 3197 3300 3268; x_wconf 69' lang='lat' dir='ltr'><strong>At</strong></span> <span class='ocrx_word' id='word_1_282' title='bbox 3325 3195 3646 3251; x_wconf 80' lang='lat' dir='ltr'><strong>Prudentius</strong></span> <span class='ocrx_word' id='word_1_283' title='bbox 3674 3197 3810 3246; x_wconf 76' lang='lat' dir='ltr'><strong>etiam</strong></span> 
     </span>
    </p>
   </div>
   <div class='ocr_carea' id='block_1_69' title="bbox 638 3261 3814 3338">
    <p class='ocr_par' dir='ltr' id='par_1_69' title="bbox 638 3261 3814 3338">
     <span class='ocr_line' id='line_1_69' title="bbox 638 3261 3814 3338; baseline -0.003 -8"><span class='ocrx_word' id='word_1_284' title='bbox 638 3278 727 3329; x_wconf 85' lang='lat'><strong>6|.</strong></span> <span class='ocrx_word' id='word_1_285' title='bbox 760 3277 903 3338; x_wconf 89' lang='lat' dir='ltr'><strong>Put.,</strong></span> <span class='ocrx_word' id='word_1_286' title='bbox 943 3270 1059 3324; x_wconf 88' lang='lat' dir='ltr'><strong>Vat.</strong></span> <span class='ocrx_word' id='word_1_287' title='bbox 1109 3270 1152 3322; x_wconf 89' lang='lat' dir='ltr'><strong>A</strong></span> <span class='ocrx_word' id='word_1_288' title='bbox 1185 3261 1457 3338; x_wconf 10' lang='lat' dir='ltr'><strong>supra,ret</strong></span> <span class='ocrx_word' id='word_1_289' title='bbox 1499 3270 1696 3332; x_wconf 72' lang='lat' dir='ltr'><strong>Oxum,</strong></span> <span class='ocrx_word' id='word_1_290' title='bbox 1741 3284 2021 3338; x_wconf 71' lang='lat' dir='ltr'><strong>regressus.</strong></span> <span class='ocrx_word' id='word_1_291' title='bbox 2073 3268 2144 3326; x_wconf 79' lang='lat' dir='ltr'><strong>Ita</strong></span> <span class='ocrx_word' id='word_1_292' title='bbox 2174 3261 2220 3322; x_wconf 88' lang='lat' dir='ltr'>C</span> <span class='ocrx_word' id='word_1_293' title='bbox 2253 3261 2597 3335; x_wconf 22' lang='lat' dir='ltr'><strong>pergsoporem</strong></span> <span class='ocrx_word' id='word_1_294' title='bbox 2624 3265 2884 3338; x_wconf 76' lang='lat' dir='ltr'><strong>visionem</strong></span> <span class='ocrx_word' id='word_1_295' title='bbox 2917 3265 3476 3338; x_wconf 11' lang='lat' dir='ltr'><strong>accidissegafﬁrmat,</strong></span> <span class='ocrx_word' id='word_1_296' title='bbox 3533 3281 3584 3321; x_wconf 79' lang='lat' dir='ltr'><strong>ttl.</strong></span> <span class='ocrx_word' id='word_1_297' title='bbox 3613 3285 3671 3322; x_wconf 72' lang='lat' dir='ltr'><strong>ex</strong></span> <span class='ocrx_word' id='word_1_298' title='bbox 3702 3282 3814 3338; x_wconf 61' lang='lat' dir='ltr'><strong>pra:-</strong></span> 
     </span>
    </p>
   </div>
   <div class='ocr_carea' id='block_1_70' title="bbox 571 3337 2143 3410">
    <p class='ocr_par' dir='ltr' id='par_1_70' title="bbox 571 3337 2143 3410">
     <span class='ocr_line' id='line_1_70' title="bbox 571 3337 2143 3410; baseline -0.004 -13"><span class='ocrx_word' id='word_1_299' title='bbox 571 3346 710 3398; x_wconf 86' lang='lat' dir='ltr'><strong>Vatt.</strong></span> <span class='ocrx_word' id='word_1_300' title='bbox 742 3344 909 3410; x_wconf 84' lang='lat' dir='ltr'><strong>major</strong></span> <span class='ocrx_word' id='word_1_301' title='bbox 942 3355 1065 3410; x_wconf 84' lang='lat' dir='ltr'><strong>pars</strong></span> <span class='ocrx_word' id='word_1_302' title='bbox 1092 3338 1226 3406; x_wconf 86' lang='lat' dir='ltr'><strong>apud</strong></span> <span class='ocrx_word' id='word_1_303' title='bbox 1253 3337 1517 3410; x_wconf 75' lang='lat' dir='ltr'><strong>&#39;l&#39;eoliutn,</strong></span> <span class='ocrx_word' id='word_1_304' title='bbox 1562 3339 1659 3410; x_wconf 51' lang='lat' dir='ltr'><strong>sed</strong></span> <span class='ocrx_word' id='word_1_305' title='bbox 1701 3337 1965 3410; x_wconf 79' lang='lat' dir='ltr'><strong>nonnulli_</strong></span> <span class='ocrx_word' id='word_1_306' title='bbox 1991 3353 2143 3404; x_wconf 82' lang='lat' dir='ltr'><strong>prae-</strong></span> 
     </span>
    </p>
   </div>
   <div class='ocr_carea' id='block_1_71' title="bbox 567 3407 2141 3477">
    <p class='ocr_par' dir='ltr' id='par_1_71' title="bbox 567 3407 2141 3477">
     <span class='ocr_line' id='line_1_71' title="bbox 567 3407 2141 3477; baseline -0.005 -9"><span class='ocrx_word' id='word_1_307' title='bbox 567 3407 878 3468; x_wconf 80' lang='lat' dir='ltr'><strong>stantissititi</strong></span> <span class='ocrx_word' id='word_1_308' title='bbox 904 3409 1101 3464; x_wconf 86' lang='lat' dir='ltr'><strong>habent</strong></span> <span class='ocrx_word' id='word_1_309' title='bbox 1129 3423 1377 3461; x_wconf 79' lang='lat' dir='ltr'><strong>reversus.</strong></span> <span class='ocrx_word' id='word_1_310' title='bbox 1411 3407 1464 3459; x_wconf 93' lang='lat' dir='ltr'><strong>ld</strong></span> <span class='ocrx_word' id='word_1_311' title='bbox 1503 3407 1662 3461; x_wconf 88' lang='lat' dir='ltr'><strong>etiam</strong></span> <span class='ocrx_word' id='word_1_312' title='bbox 1699 3408 1899 3477; x_wconf 87' lang='lat' dir='ltr'><strong>placuit</strong></span> <span class='ocrx_word' id='word_1_313' title='bbox 1929 3407 2141 3460; x_wconf 79' lang='lat' dir='ltr'><strong>Callan-</strong></span> 
     </span>
    </p>
   </div>
   <div class='ocr_carea' id='block_1_72' title="bbox 565 3477 2140 3544">
    <p class='ocr_par' dir='ltr' id='par_1_72' title="bbox 565 3477 2140 3544">
     <span class='ocr_line' id='line_1_72' title="bbox 565 3477 2140 3544; baseline -0.002 -7"><span class='ocrx_word' id='word_1_314' title='bbox 565 3486 651 3538; x_wconf 91' lang='lat' dir='ltr'><strong>dio</strong></span> <span class='ocrx_word' id='word_1_315' title='bbox 674 3501 792 3539; x_wconf 91' lang='lat' dir='ltr'><strong>cmn</strong></span> <span class='ocrx_word' id='word_1_316' title='bbox 823 3484 944 3538; x_wconf 86' lang='lat' dir='ltr'><strong>edd.</strong></span> <span class='ocrx_word' id='word_1_317' title='bbox 977 3480 1092 3533; x_wconf 75' lang='lat' dir='ltr'><strong>Ald.</strong></span> <span class='ocrx_word' id='word_1_318' title='bbox 1124 3489 1176 3534; x_wconf 89' lang='lat' dir='ltr'><strong>et</strong></span> <span class='ocrx_word' id='word_1_319' title='bbox 1209 3478 1476 3544; x_wconf 75' lang='lat' dir='ltr'><strong>&#39;l‘ornzes.,</strong></span> <span class='ocrx_word' id='word_1_320' title='bbox 1510 3488 1563 3533; x_wconf 87' lang='lat' dir='ltr'><strong>et</strong></span> <span class='ocrx_word' id='word_1_321' title='bbox 1598 3488 1885 3534; x_wconf 88' lang='lat' dir='ltr'><strong>tenuerunt</strong></span> <span class='ocrx_word' id='word_1_322' title='bbox 1931 3477 2050 3532; x_wconf 68' lang='lat' dir='ltr'><strong>(lis.</strong></span> <span class='ocrx_word' id='word_1_323' title='bbox 2087 3490 2140 3534; x_wconf 89' lang='lat' dir='ltr'><strong>et</strong></span> 
     </span>
    </p>
   </div>
   <div class='ocr_carea' id='block_1_73' title="bbox 569 3556 1522 3610">
    <p class='ocr_par' dir='ltr' id='par_1_73' title="bbox 569 3556 1522 3610">
     <span class='ocr_line' id='line_1_73' title="bbox 569 3556 1522 3610; baseline 0.001 -1"><span class='ocrx_word' id='word_1_324' title='bbox 569 3556 759 3610; x_wconf 82' lang='lat' dir='ltr'><strong>Weitz.</strong></span> <span class='ocrx_word' id='word_1_325' title='bbox 1514 3604 1522 3610; x_wconf 95' lang='lat'><strong>.</strong></span> 
     </span>
    </p>
   </div>
   <div class='ocr_carea' id='block_1_74' title="bbox 632 3619 2137 3691">
    <p class='ocr_par' dir='ltr' id='par_1_74' title="bbox 632 3619 2137 3691">
     <span class='ocr_line' id='line_1_74' title="bbox 632 3619 2137 3691; baseline -0.003 -11"><span class='ocrx_word' id='word_1_326' title='bbox 632 3627 721 3680; x_wconf 75' lang='lat'><strong>63.</strong></span> <span class='ocrx_word' id='word_1_327' title='bbox 747 3624 968 3680; x_wconf 81' lang='lat' dir='ltr'><strong>Genesis</strong></span> <span class='ocrx_word' id='word_1_328' title='bbox 990 3637 1106 3691; x_wconf 80' lang='lat' dir='ltr'><strong>rap.</strong></span> <span class='ocrx_word' id='word_1_329' title='bbox 1128 3621 1222 3675; x_wconf 88' lang='lat' dir='ltr'><strong>cit.</strong></span> <span class='ocrx_word' id='word_1_330' title='bbox 1251 3634 1391 3673; x_wconf 90' lang='lat' dir='ltr'><strong>vers.</strong></span> <span class='ocrx_word' id='word_1_331' title='bbox 1418 3620 1501 3678; x_wconf 78' lang='grc'><strong>17.</strong></span> <span class='ocrx_word' id='word_1_332' title='bbox 1521 3619 1805 3690; x_wconf 85' lang='lat' dir='ltr'><strong>Suspendet</strong></span> <span class='ocrx_word' id='word_1_333' title='bbox 1829 3628 1876 3673; x_wconf 83' lang='lat' dir='ltr'><strong>te</strong></span> <span class='ocrx_word' id='word_1_334' title='bbox 1901 3624 1950 3672; x_wconf 88' lang='lat' dir='ltr'><strong>in</strong></span> <span class='ocrx_word' id='word_1_335' title='bbox 1969 3636 2137 3689; x_wconf 77' lang='lat' dir='ltr'><strong>crure,</strong></span> 
     </span>
    </p>
   </div>
   <div class='ocr_carea' id='block_1_75' title="bbox 563 3692 1533 3752">
    <p class='ocr_par' dir='ltr' id='par_1_75' title="bbox 563 3692 1533 3752">
     <span class='ocr_line' id='line_1_75' title="bbox 563 3692 1533 3752; baseline -0.005 -1"><span class='ocrx_word' id='word_1_336' title='bbox 563 3707 608 3751; x_wconf 86' lang='lat' dir='ltr'><strong>et</strong></span> <span class='ocrx_word' id='word_1_337' title='bbox 634 3699 926 3752; x_wconf 80' lang='lat' dir='ltr'><strong>lacerabunt</strong></span> <span class='ocrx_word' id='word_1_338' title='bbox 953 3692 1178 3747; x_wconf 74' lang='lat' dir='ltr'><strong>volucres</strong></span> <span class='ocrx_word' id='word_1_339' title='bbox 1200 3705 1374 3744; x_wconf 83' lang='lat' dir='ltr'><strong>carnes</strong></span> <span class='ocrx_word' id='word_1_340' title='bbox 1401 3701 1533 3746; x_wconf 83' lang='lat' dir='ltr'><strong>tuas.</strong></span> 
     </span>
    </p>
   </div>
   <div class='ocr_carea' id='block_1_76' title="bbox 631 3761 1856 3836">
    <p class='ocr_par' dir='ltr' id='par_1_76' title="bbox 631 3761 1856 3836">
     <span class='ocr_line' id='line_1_76' title="bbox 631 3761 1856 3836; baseline -0.004 -16"><span class='ocrx_word' id='word_1_341' title='bbox 631 3770 719 3822; x_wconf 73' lang='lat'><strong>(56.</strong></span> <span class='ocrx_word' id='word_1_342' title='bbox 755 3770 894 3836; x_wconf 82' lang='lat' dir='ltr'><strong>Lege</strong></span> <span class='ocrx_word' id='word_1_343' title='bbox 917 3767 1050 3819; x_wconf 87' lang='lat' dir='ltr'><strong>hanc</strong></span> <span class='ocrx_word' id='word_1_344' title='bbox 1080 3764 1506 3836; x_wconf 77' lang='lat' dir='ltr'><strong>ltistnriatncap.</strong></span> <span class='ocrx_word' id='word_1_345' title='bbox 1544 3778 1630 3817; x_wconf 80' lang='lat' dir='ltr'><strong>xu</strong></span> <span class='ocrx_word' id='word_1_346' title='bbox 1657 3761 1856 3836; x_wconf 65' lang='lat' dir='ltr'><strong>Genes.</strong></span> 
     </span>
    </p>
   </div>
   <div class='ocr_carea' id='block_1_77' title="bbox 631 3833 2136 3901">
    <p class='ocr_par' dir='ltr' id='par_1_77' title="bbox 631 3833 2136 3901">
     <span class='ocr_line' id='line_1_77' title="bbox 631 3833 2136 3901; baseline -0.005 -9"><span class='ocrx_word' id='word_1_347' title='bbox 631 3841 719 3892; x_wconf 80' lang='lat'><strong>67.</strong></span> <span class='ocrx_word' id='word_1_348' title='bbox 751 3833 893 3901; x_wconf 66' lang='lat' dir='ltr'><strong>Put.,</strong></span> <span class='ocrx_word' id='word_1_349' title='bbox 933 3837 1128 3891; x_wconf 82' lang='lat' dir='ltr'><strong>Oxon..</strong></span> <span class='ocrx_word' id='word_1_350' title='bbox 1156 3849 1276 3888; x_wconf 92' lang='lat' dir='ltr'><strong>cum</strong></span> <span class='ocrx_word' id='word_1_351' title='bbox 1331 3833 1452 3886; x_wconf 89' lang='lat' dir='ltr'><strong>aliis</strong></span> <span class='ocrx_word' id='word_1_352' title='bbox 1492 3833 1761 3888; x_wconf 89' lang='lat' dir='ltr'><strong>nonnullis</strong></span> <span class='ocrx_word' id='word_1_353' title='bbox 1815 3833 2136 3899; x_wconf 79' lang='lat' dir='ltr'><strong>lleinsianis,</strong></span> 
     </span>
    </p>
   </div>
   <div class='ocr_carea' id='block_1_78' title="bbox 565 3903 2136 3974">
    <p class='ocr_par' dir='ltr' id='par_1_78' title="bbox 565 3903 2136 3974">
     <span class='ocr_line' id='line_1_78' title="bbox 565 3903 2136 3974; baseline -0.004 -11"><span class='ocrx_word' id='word_1_354' title='bbox 565 3908 780 3974; x_wconf 83' lang='lat' dir='ltr'><strong>Weitz.,</strong></span> <span class='ocrx_word' id='word_1_355' title='bbox 827 3907 967 3959; x_wconf 85' lang='lat' dir='ltr'><strong>Vatt.</strong></span> <span class='ocrx_word' id='word_1_356' title='bbox 1004 3913 1066 3968; x_wconf 66' lang='grc' dir='ltr'><strong>Α,</strong></span> <span class='ocrx_word' id='word_1_357' title='bbox 1111 3907 1170 3965; x_wconf 84' lang='grc' dir='ltr'><strong>Β,</strong></span> <span class='ocrx_word' id='word_1_358' title='bbox 1204 3904 1270 3968; x_wconf 84' lang='grc' dir='ltr'><strong>Ο,</strong></span> <span class='ocrx_word' id='word_1_359' title='bbox 1310 3903 1354 3970; x_wconf 85' lang='lat' dir='ltr'><strong>Q</strong></span> <span class='ocrx_word' id='word_1_360' title='bbox 1391 3913 1443 3958; x_wconf 91' lang='lat' dir='ltr'><strong>et</strong></span> <span class='ocrx_word' id='word_1_361' title='bbox 1479 3905 1494 3956; x_wconf 97' lang='lat' dir='ltr'><strong>l</strong></span> <span class='ocrx_word' id='word_1_362' title='bbox 1533 3919 1716 3972; x_wconf 89' lang='lat' dir='ltr'><strong>supra,</strong></span> <span class='ocrx_word' id='word_1_363' title='bbox 1761 3904 1951 3972; x_wconf 86' lang='lat' dir='ltr'><strong>Prag.,</strong></span> <span class='ocrx_word' id='word_1_364' title='bbox 1989 3903 2136 3966; x_wconf 73' lang='lat' dir='ltr'><strong>ltat.,</strong></span> 
     </span>
    </p>
   </div>
   <div class='ocr_carea' id='block_1_79' title="bbox 563 3974 2138 4040">
    <p class='ocr_par' dir='ltr' id='par_1_79' title="bbox 563 3974 2138 4040">
     <span class='ocr_line' id='line_1_79' title="bbox 563 3974 2138 4040; baseline -0.004 -8"><span class='ocrx_word' id='word_1_365' title='bbox 563 3979 737 4040; x_wconf 89' lang='lat' dir='ltr'><strong>Sieh.,</strong></span> <span class='ocrx_word' id='word_1_366' title='bbox 769 3978 1034 4031; x_wconf 75' lang='lat' dir='ltr'><strong>Giselinus</strong></span> <span class='ocrx_word' id='word_1_367' title='bbox 1067 3991 1183 4028; x_wconf 90' lang='lat' dir='ltr'><strong>eum</strong></span> <span class='ocrx_word' id='word_1_368' title='bbox 1217 3975 1452 4028; x_wconf 86' lang='lat' dir='ltr'><strong>editione</strong></span> <span class='ocrx_word' id='word_1_369' title='bbox 1483 3974 1846 4028; x_wconf 89' lang='lat' dir='ltr'><strong>Daventricnsi</strong></span> <span class='ocrx_word' id='word_1_370' title='bbox 1879 3974 2138 4040; x_wconf 82' lang='lat' dir='ltr'><strong>antiquis-</strong></span> 
     </span>
    </p>
   </div>
   <div class='ocr_carea' id='block_1_80' title="bbox 561 4043 2140 4110">
    <p class='ocr_par' dir='ltr' id='par_1_80' title="bbox 561 4043 2140 4110">
     <span class='ocr_line' id='line_1_80' title="bbox 561 4043 2140 4110; baseline 0 -11"><span class='ocrx_word' id='word_1_371' title='bbox 561 4047 719 4109; x_wconf 88' lang='lat' dir='ltr'><strong>sima,</strong></span> <span class='ocrx_word' id='word_1_372' title='bbox 743 4047 959 4098; x_wconf 83' lang='lat' dir='ltr'><strong>monuit.</strong></span> <span class='ocrx_word' id='word_1_373' title='bbox 990 4045 1153 4098; x_wconf 82' lang='lat' dir='ltr'><strong>Aldus</strong></span> <span class='ocrx_word' id='word_1_374' title='bbox 1181 4054 1234 4096; x_wconf 92' lang='lat' dir='ltr'><strong>et</strong></span> <span class='ocrx_word' id='word_1_375' title='bbox 1263 4045 1374 4098; x_wconf 86' lang='lat' dir='ltr'><strong>Gis.</strong></span> <span class='ocrx_word' id='word_1_376' title='bbox 1406 4047 1424 4097; x_wconf 78' lang='grc'><strong>1</strong></span> <span class='ocrx_word' id='word_1_377' title='bbox 1454 4045 1611 4108; x_wconf 89' lang='lat' dir='ltr'><strong>edit.,</strong></span> <span class='ocrx_word' id='word_1_378' title='bbox 1642 4047 1796 4099; x_wconf 89' lang='lat' dir='ltr'><strong>novit.</strong></span> <span class='ocrx_word' id='word_1_379' title='bbox 1819 4043 1932 4097; x_wconf 87' lang='lat' dir='ltr'><strong>Non</strong></span> <span class='ocrx_word' id='word_1_380' title='bbox 1959 4043 2140 4110; x_wconf 75' lang='lat' dir='ltr'><strong>inep&#39;e</strong></span> 
     </span>
    </p>
   </div>
   <div class='ocr_carea' id='block_1_81' title="bbox 563 4111 2138 4181">
    <p class='ocr_par' dir='ltr' id='par_1_81' title="bbox 563 4111 2138 4181">
     <span class='ocr_line' id='line_1_81' title="bbox 563 4111 2138 4181; baseline 0 -15"><span class='ocrx_word' id='word_1_381' title='bbox 563 4117 718 4168; x_wconf 85' lang='lat' dir='ltr'><strong>movit</strong></span> <span class='ocrx_word' id='word_1_382' title='bbox 748 4117 1024 4181; x_wconf 80' lang='lat' dir='ltr'><strong>amplexus</strong></span> <span class='ocrx_word' id='word_1_383' title='bbox 1053 4123 1135 4165; x_wconf 89' lang='lat' dir='ltr'><strong>est</strong></span> <span class='ocrx_word' id='word_1_384' title='bbox 1168 4111 1464 4180; x_wconf 76' lang='lat' dir='ltr'><strong>Fabricius,</strong></span> <span class='ocrx_word' id='word_1_385' title='bbox 1493 4115 1594 4167; x_wconf 89' lang='lat' dir='ltr'><strong>hoc</strong></span> <span class='ocrx_word' id='word_1_386' title='bbox 1620 4125 1722 4177; x_wconf 89' lang='lat' dir='ltr'><strong>est,</strong></span> <span class='ocrx_word' id='word_1_387' title='bbox 1769 4117 2015 4167; x_wconf 83' lang='lat' dir='ltr'><strong>movendo</strong></span> <span class='ocrx_word' id='word_1_388' title='bbox 2042 4117 2138 4166; x_wconf 88' lang='lat' dir='ltr'><strong>im-</strong></span> 
     </span>
    </p>
   </div>
   <div class='ocr_carea' id='block_1_82' title="bbox 561 4183 2135 4256">
    <p class='ocr_par' dir='ltr' id='par_1_82' title="bbox 561 4183 2135 4256">
     <span class='ocr_line' id='line_1_82' title="bbox 561 4183 2135 4256; baseline 0.001 -19"><span class='ocrx_word' id='word_1_389' title='bbox 561 4186 708 4255; x_wconf 82' lang='lat' dir='ltr'><strong>pulit,</strong></span> <span class='ocrx_word' id='word_1_390' title='bbox 741 4183 1096 4256; x_wconf 80' lang='lat' dir='ltr'><strong>persttadendo</strong></span> <span class='ocrx_word' id='word_1_391' title='bbox 1116 4183 1376 4256; x_wconf 75' lang='lat' dir='ltr'><strong>coegit,et</strong></span> <span class='ocrx_word' id='word_1_392' title='bbox 1396 4185 1444 4236; x_wconf 90' lang='lat' dir='ltr'><strong>id</strong></span> <span class='ocrx_word' id='word_1_393' title='bbox 1475 4185 1666 4256; x_wconf 84' lang='lat' dir='ltr'><strong>legitur</strong></span> <span class='ocrx_word' id='word_1_394' title='bbox 1693 4186 1744 4237; x_wconf 91' lang='lat' dir='ltr'><strong>in</strong></span> <span class='ocrx_word' id='word_1_395' title='bbox 1776 4183 1889 4238; x_wconf 85' lang='lat' dir='ltr'><strong>Vat.</strong></span> <span class='ocrx_word' id='word_1_396' title='bbox 1925 4185 1987 4236; x_wconf 87' lang='grc' dir='ltr'><strong>Ο.</strong></span> <span class='ocrx_word' id='word_1_397' title='bbox 2021 4184 2135 4256; x_wconf 83' lang='lat' dir='ltr'><strong>Non</strong></span> 
     </span>
    </p>
   </div>
   <div class='ocr_carea' id='block_1_83' title="bbox 561 4253 2138 4322">
    <p class='ocr_par' dir='ltr' id='par_1_83' title="bbox 561 4253 2138 4322">
     <span class='ocr_line' id='line_1_83' title="bbox 561 4253 2138 4322; baseline -0.001 -14"><span class='ocrx_word' id='word_1_398' title='bbox 561 4253 749 4309; x_wconf 82' lang='lat' dir='ltr'><strong>dubito</strong></span> <span class='ocrx_word' id='word_1_399' title='bbox 770 4255 898 4322; x_wconf 91' lang='lat' dir='ltr'><strong>quin</strong></span> <span class='ocrx_word' id='word_1_400' title='bbox 931 4268 1050 4306; x_wconf 90' lang='lat' dir='ltr'><strong>vera</strong></span> <span class='ocrx_word' id='word_1_401' title='bbox 1084 4253 1244 4307; x_wconf 81' lang='lat' dir='ltr'><strong>lectio</strong></span> <span class='ocrx_word' id='word_1_402' title='bbox 1269 4255 1337 4304; x_wconf 91' lang='lat' dir='ltr'><strong>sit</strong></span> <span class='ocrx_word' id='word_1_403' title='bbox 1360 4257 1572 4305; x_wconf 84' lang='lat' dir='ltr'><strong>monuit.</strong></span> <span class='ocrx_word' id='word_1_404' title='bbox 1606 4254 1883 4322; x_wconf 67' lang='lat' dir='ltr'><strong>(Jorruptte</strong></span> <span class='ocrx_word' id='word_1_405' title='bbox 1907 4255 2138 4307; x_wconf 86' lang='lat' dir='ltr'><strong>nonnul-</strong></span> 
     </span>
    </p>
   </div>
   <div class='ocr_carea' id='block_1_84' title="bbox 563 4323 2135 4379">
    <p class='ocr_par' dir='ltr' id='par_1_84' title="bbox 563 4323 2135 4379">
     <span class='ocr_line' id='line_1_84' title="bbox 563 4323 2135 4379; baseline 0.001 -2"><span class='ocrx_word' id='word_1_406' title='bbox 563 4326 626 4379; x_wconf 61' lang='lat' dir='ltr'><strong>la:</strong></span> <span class='ocrx_word' id='word_1_407' title='bbox 673 4326 841 4379; x_wconf 84' lang='lat' dir='ltr'><strong>Plauti</strong></span> <span class='ocrx_word' id='word_1_408' title='bbox 888 4323 1152 4377; x_wconf 85' lang='lat' dir='ltr'><strong>editiones</strong></span> <span class='ocrx_word' id='word_1_409' title='bbox 1192 4324 1518 4375; x_wconf 86' lang='lat' dir='ltr'><strong>contrarium</strong></span> <span class='ocrx_word' id='word_1_410' title='bbox 1560 4337 1800 4377; x_wconf 89' lang='lat' dir='ltr'><strong>errorem</strong></span> <span class='ocrx_word' id='word_1_411' title='bbox 1845 4332 2135 4378; x_wconf 89' lang='lat' dir='ltr'><strong>tenuerunt</strong></span> 
     </span>
    </p>
   </div>
   <div class='ocr_carea' id='block_1_85' title="bbox 562 4393 2131 4460">
    <p class='ocr_par' dir='ltr' id='par_1_85' title="bbox 562 4393 2131 4460">
     <span class='ocr_line' id='line_1_85' title="bbox 562 4393 2131 4460; baseline 0.001 -12"><span class='ocrx_word' id='word_1_412' title='bbox 562 4398 756 4448; x_wconf 85' lang='lat' dir='ltr'><strong>monuit</strong></span> <span class='ocrx_word' id='word_1_413' title='bbox 803 4395 924 4447; x_wconf 84' lang='lat' dir='ltr'><strong>mihi</strong></span> <span class='ocrx_word' id='word_1_414' title='bbox 975 4407 1069 4460; x_wconf 91' lang='lat' dir='ltr'><strong>pro</strong></span> <span class='ocrx_word' id='word_1_415' title='bbox 1096 4394 1247 4444; x_wconf 87' lang='lat' dir='ltr'><strong>movit</strong></span> <span class='ocrx_word' id='word_1_416' title='bbox 1279 4431 1292 4453; x_wconf 95' lang='lat'><strong>,</strong></span> <span class='ocrx_word' id='word_1_417' title='bbox 1340 4393 1560 4445; x_wconf 80' lang='lat' dir='ltr'><strong>‘l‘rueul.</strong></span> <span class='ocrx_word' id='word_1_418' title='bbox 1601 4402 1708 4446; x_wconf 91' lang='lat' dir='ltr'><strong>act.</strong></span> <span class='ocrx_word' id='word_1_419' title='bbox 1760 4409 1834 4456; x_wconf 84' lang='lat' dir='ltr'><strong>tv,</strong></span> <span class='ocrx_word' id='word_1_420' title='bbox 1887 4408 2041 4450; x_wconf 85' lang='lat' dir='ltr'><strong>scen.</strong></span> <span class='ocrx_word' id='word_1_421' title='bbox 2082 4396 2131 4459; x_wconf 83' lang='grc'><strong>1,</strong></span> 
     </span>
    </p>
   </div>
   <div class='ocr_carea' id='block_1_86' title="bbox 563 4463 2131 4531">
    <p class='ocr_par' dir='ltr' id='par_1_86' title="bbox 563 4463 2131 4531">
     <span class='ocr_line' id='line_1_86' title="bbox 563 4463 2131 4531; baseline 0 -13"><span class='ocrx_word' id='word_1_422' title='bbox 563 4465 734 4519; x_wconf 84' lang='lat' dir='ltr'><strong>Unum</strong></span> <span class='ocrx_word' id='word_1_423' title='bbox 780 4467 976 4517; x_wconf 88' lang='lat' dir='ltr'><strong>animos</strong></span> <span class='ocrx_word' id='word_1_424' title='bbox 1028 4464 1176 4515; x_wconf 85' lang='lat' dir='ltr'><strong>movit</strong></span> <span class='ocrx_word' id='word_1_425' title='bbox 1231 4463 1391 4526; x_wconf 82' lang='lat' dir='ltr'><strong>mihi,</strong></span> <span class='ocrx_word' id='word_1_426' title='bbox 1449 4477 1753 4530; x_wconf 84' lang='lat' dir='ltr'><strong>quanquam</strong></span> <span class='ocrx_word' id='word_1_427' title='bbox 1806 4463 1894 4516; x_wconf 86' lang='lat' dir='ltr'><strong>alii</strong></span> <span class='ocrx_word' id='word_1_428' title='bbox 1929 4464 2131 4531; x_wconf 86' lang='lat' dir='ltr'><strong>legunt,</strong></span> 
     </span>
    </p>
   </div>
   <div class='ocr_carea' id='block_1_87' title="bbox 562 4531 2131 4602">
    <p class='ocr_par' dir='ltr' id='par_1_87' title="bbox 562 4531 2131 4602">
     <span class='ocr_line' id='line_1_87' title="bbox 562 4531 2131 4602; baseline -0.001 -13"><span class='ocrx_word' id='word_1_429' title='bbox 562 4535 730 4590; x_wconf 83' lang='lat' dir='ltr'><strong>Unum</strong></span> <span class='ocrx_word' id='word_1_430' title='bbox 760 4536 961 4588; x_wconf 84' lang='lat' dir='ltr'><strong>animus</strong></span> <span class='ocrx_word' id='word_1_431' title='bbox 989 4533 1178 4586; x_wconf 84' lang='lat' dir='ltr'><strong>monuit</strong></span> <span class='ocrx_word' id='word_1_432' title='bbox 1209 4548 1307 4587; x_wconf 88' lang='lat' dir='ltr'><strong>me.</strong></span> <span class='ocrx_word' id='word_1_433' title='bbox 1337 4531 1521 4587; x_wconf 80' lang='lat' dir='ltr'><strong>Mirum</strong></span> <span class='ocrx_word' id='word_1_434' title='bbox 1552 4542 1636 4586; x_wconf 81' lang='lat' dir='ltr'><strong>est</strong></span> <span class='ocrx_word' id='word_1_435' title='bbox 1664 4543 1840 4586; x_wconf 91' lang='lat' dir='ltr'><strong>autem</strong></span> <span class='ocrx_word' id='word_1_436' title='bbox 1874 4536 2011 4602; x_wconf 86' lang='lat' dir='ltr'><strong>quod</strong></span> <span class='ocrx_word' id='word_1_437' title='bbox 2035 4551 2131 4588; x_wconf 87' lang='lat' dir='ltr'><strong>att-</strong></span> 
     </span>
    </p>
   </div>
   <div class='ocr_carea' id='block_1_88' title="bbox 559 4599 2142 4661">
    <p class='ocr_par' dir='ltr' id='par_1_88' title="bbox 559 4599 2142 4661">
     <span class='ocr_line' id='line_1_88' title="bbox 559 4599 2142 4661; baseline -0.001 -1"><span class='ocrx_word' id='word_1_438' title='bbox 559 4615 676 4660; x_wconf 88' lang='lat' dir='ltr'><strong>ctor</strong></span> <span class='ocrx_word' id='word_1_439' title='bbox 701 4606 999 4661; x_wconf 90' lang='lat' dir='ltr'><strong>dictionarii</strong></span> <span class='ocrx_word' id='word_1_440' title='bbox 1034 4603 1380 4657; x_wconf 84' lang='lat' dir='ltr'><strong>Taurinensis</strong></span> <span class='ocrx_word' id='word_1_441' title='bbox 1423 4619 1484 4656; x_wconf 83' lang='lat' dir='ltr'><strong>ex</strong></span> <span class='ocrx_word' id='word_1_442' title='bbox 1530 4604 1631 4657; x_wconf 91' lang='lat' dir='ltr'><strong>hoc</strong></span> <span class='ocrx_word' id='word_1_443' title='bbox 1671 4602 1838 4655; x_wconf 89' lang='lat' dir='ltr'><strong>Plauti</strong></span> <span class='ocrx_word' id='word_1_444' title='bbox 1873 4599 1988 4656; x_wconf 75' lang='lat' dir='ltr'><strong>loco</strong></span> <span class='ocrx_word' id='word_1_445' title='bbox 2019 4599 2142 4659; x_wconf 38' lang='lat' dir='ltr'><strong>tatt-‘</strong></span> 
     </span>
    </p>
   </div>
   <div class='ocr_carea' id='block_1_89' title="bbox 558 4671 2128 4745">
    <p class='ocr_par' dir='ltr' id='par_1_89' title="bbox 558 4671 2128 4745">
     <span class='ocr_line' id='line_1_89' title="bbox 558 4671 2128 4745; baseline -0.001 -15"><span class='ocrx_word' id='word_1_446' title='bbox 558 4692 714 4745; x_wconf 85' lang='lat' dir='ltr'><strong>quam</strong></span> <span class='ocrx_word' id='word_1_447' title='bbox 747 4678 1074 4744; x_wconf 83' lang='lat' dir='ltr'><strong>exploratum</strong></span> <span class='ocrx_word' id='word_1_448' title='bbox 1108 4673 1410 4737; x_wconf 68' lang='lat' dir='ltr'><strong>tradiderit,</strong></span> <span class='ocrx_word' id='word_1_449' title='bbox 1436 4671 1611 4727; x_wconf 82' lang='lat' dir='ltr'><strong>moneo</strong></span> <span class='ocrx_word' id='word_1_450' title='bbox 1633 4673 1918 4728; x_wconf 88' lang='lat' dir='ltr'><strong>admittere</strong></span> <span class='ocrx_word' id='word_1_451' title='bbox 1947 4688 2128 4729; x_wconf 88' lang='lat' dir='ltr'><strong>casmn</strong></span> 
     </span>
    </p>
   </div>
   <div class='ocr_carea' id='block_1_90' title="bbox 559 4745 2128 4815">
    <p class='ocr_par' dir='ltr' id='par_1_90' title="bbox 559 4745 2128 4815">
     <span class='ocr_line' id='line_1_90' title="bbox 559 4745 2128 4815; baseline -0.001 -14"><span class='ocrx_word' id='word_1_452' title='bbox 559 4749 742 4813; x_wconf 81' lang='lat' dir='ltr'><strong>dandi,</strong></span> <span class='ocrx_word' id='word_1_453' title='bbox 781 4747 930 4815; x_wconf 89' lang='lat' dir='ltr'><strong>cujus</strong></span> <span class='ocrx_word' id='word_1_454' title='bbox 966 4745 1283 4799; x_wconf 86' lang='lat' dir='ltr'><strong>auctoritate</strong></span> <span class='ocrx_word' id='word_1_455' title='bbox 1313 4745 1425 4809; x_wconf 87' lang='lat' dir='ltr'><strong>alii,</strong></span> <span class='ocrx_word' id='word_1_456' title='bbox 1464 4759 1569 4796; x_wconf 90' lang='lat' dir='ltr'><strong>non</strong></span> <span class='ocrx_word' id='word_1_457' title='bbox 1611 4745 1865 4815; x_wconf 82' lang='lat' dir='ltr'><strong>inspectis</strong></span> <span class='ocrx_word' id='word_1_458' title='bbox 1913 4745 2128 4810; x_wconf 89' lang='lat' dir='ltr'><strong>optimis</strong></span> 
     </span>
    </p>
   </div>
   <div class='ocr_carea' id='block_1_91' title="bbox 558 4813 2129 4884">
    <p class='ocr_par' dir='ltr' id='par_1_91' title="bbox 558 4813 2129 4884">
     <span class='ocr_line' id='line_1_91' title="bbox 558 4813 2129 4884; baseline -0.002 -13"><span class='ocrx_word' id='word_1_459' title='bbox 558 4813 878 4872; x_wconf 74' lang='lat' dir='ltr'><strong>editionibus</strong></span> <span class='ocrx_word' id='word_1_460' title='bbox 907 4825 961 4870; x_wconf 89' lang='lat' dir='ltr'><strong>et</strong></span> <span class='ocrx_word' id='word_1_461' title='bbox 983 4819 1332 4884; x_wconf 90' lang='lat' dir='ltr'><strong>interpretum</strong></span> <span class='ocrx_word' id='word_1_462' title='bbox 1359 4817 1573 4869; x_wconf 89' lang='lat' dir='ltr'><strong>monitis</strong></span> <span class='ocrx_word' id='word_1_463' title='bbox 1589 4814 1699 4882; x_wconf 86' lang='lat' dir='ltr'><strong>jam</strong></span> <span class='ocrx_word' id='word_1_464' title='bbox 1737 4813 1860 4868; x_wconf 90' lang='lat' dir='ltr'><strong>inde</strong></span> <span class='ocrx_word' id='word_1_465' title='bbox 1885 4829 1913 4868; x_wconf 91' lang='lat' dir='ltr'><strong>a</strong></span> <span class='ocrx_word' id='word_1_466' title='bbox 1942 4815 2129 4869; x_wconf 72' lang='lat' dir='ltr'><strong>(Jame-</strong></span> 
     </span>
    </p>
   </div>
   <div class='ocr_carea' id='block_1_92' title="bbox 558 4885 2122 4956">
    <p class='ocr_par' dir='ltr' id='par_1_92' title="bbox 558 4885 2122 4956">
     <span class='ocr_line' id='line_1_92' title="bbox 558 4885 2122 4956; baseline 0 -16"><span class='ocrx_word' id='word_1_467' title='bbox 558 4891 697 4942; x_wconf 90' lang='lat' dir='ltr'><strong>rario</strong></span> <span class='ocrx_word' id='word_1_468' title='bbox 727 4888 988 4956; x_wconf 83' lang='lat' dir='ltr'><strong>repetitis,</strong></span> <span class='ocrx_word' id='word_1_469' title='bbox 1023 4886 1308 4940; x_wconf 87' lang='lat' dir='ltr'><strong>obscuram</strong></span> <span class='ocrx_word' id='word_1_470' title='bbox 1353 4885 1481 4938; x_wconf 88' lang='lat' dir='ltr'><strong>mihi</strong></span> <span class='ocrx_word' id='word_1_471' title='bbox 1532 4885 1696 4956; x_wconf 80' lang='lat' dir='ltr'><strong>litem</strong></span> <span class='ocrx_word' id='word_1_472' title='bbox 1720 4886 1997 4938; x_wconf 91' lang='lat' dir='ltr'><strong>intendere</strong></span> <span class='ocrx_word' id='word_1_473' title='bbox 2030 4901 2122 4956; x_wconf 45' lang='lat' dir='ltr'><strong>vo:</strong></span> 
     </span>
    </p>
   </div>
   <div class='ocr_carea' id='block_1_93' title="bbox 556 4953 2126 5028">
    <p class='ocr_par' dir='ltr' id='par_1_93' title="bbox 556 4953 2126 5028">
     <span class='ocr_line' id='line_1_93' title="bbox 556 4953 2126 5028; baseline 0 -17"><span class='ocrx_word' id='word_1_474' title='bbox 556 4959 764 5012; x_wconf 87' lang='lat' dir='ltr'><strong>luerunt</strong></span> <span class='ocrx_word' id='word_1_475' title='bbox 785 4953 848 5014; x_wconf 81' lang='lat' dir='ltr'><strong>ae</strong></span> <span class='ocrx_word' id='word_1_476' title='bbox 869 4961 1114 5028; x_wconf 80' lang='lat' dir='ltr'><strong>probare,</strong></span> <span class='ocrx_word' id='word_1_477' title='bbox 1147 4973 1288 5025; x_wconf 70' lang='lat' dir='ltr'><strong>itaque</strong></span> <span class='ocrx_word' id='word_1_478' title='bbox 1309 4957 1460 5021; x_wconf 65' lang='lat' dir='ltr'><strong>facile</strong></span> <span class='ocrx_word' id='word_1_479' title='bbox 1491 4955 1700 5010; x_wconf 74' lang='lat' dir='ltr'><strong>defendi</strong></span> <span class='ocrx_word' id='word_1_480' title='bbox 1730 4970 1885 5028; x_wconf 86' lang='lat' dir='ltr'><strong>posse</strong></span> <span class='ocrx_word' id='word_1_481' title='bbox 1906 4953 2126 5011; x_wconf 84' lang='lat' dir='ltr'><strong>verbum</strong></span> 
     </span>
    </p>
   </div>
   <div class='ocr_carea' id='block_1_94' title="bbox 557 5025 2126 5091">
    <p class='ocr_par' dir='ltr' id='par_1_94' title="bbox 557 5025 2126 5091">
     <span class='ocr_line' id='line_1_94' title="bbox 557 5025 2126 5091; baseline 0.001 -13"><span class='ocrx_word' id='word_1_482' title='bbox 557 5045 732 5081; x_wconf 86' lang='lat' dir='ltr'><strong>moneo</strong></span> <span class='ocrx_word' id='word_1_483' title='bbox 757 5025 883 5081; x_wconf 83' lang='lat' dir='ltr'><strong>cum</strong></span> <span class='ocrx_word' id='word_1_484' title='bbox 927 5029 1106 5081; x_wconf 85' lang='lat' dir='ltr'><strong>dativo</strong></span> <span class='ocrx_word' id='word_1_485' title='bbox 1134 5028 1427 5088; x_wconf 65' lang='lat' dir='ltr'><strong>cohaerere,</strong></span> <span class='ocrx_word' id='word_1_486' title='bbox 1459 5042 1521 5079; x_wconf 88' lang='lat' dir='ltr'><strong>ac</strong></span> <span class='ocrx_word' id='word_1_487' title='bbox 1551 5025 1839 5080; x_wconf 88' lang='lat' dir='ltr'><strong>secundam</strong></span> <span class='ocrx_word' id='word_1_488' title='bbox 1884 5028 2126 5091; x_wconf 80' lang='lat' dir='ltr'><strong>vocalem</strong></span> 
     </span>
    </p>
   </div>
   <div class='ocr_carea' id='block_1_95' title="bbox 557 5095 2124 5165">
    <p class='ocr_par' dir='ltr' id='par_1_95' title="bbox 557 5095 2124 5165">
     <span class='ocr_line' id='line_1_95' title="bbox 557 5095 2124 5165; baseline -0.001 -15"><span class='ocrx_word' id='word_1_489' title='bbox 557 5101 605 5150; x_wconf 93' lang='lat' dir='ltr'><strong>in</strong></span> <span class='ocrx_word' id='word_1_490' title='bbox 642 5099 832 5165; x_wconf 76' lang='lat' dir='ltr'><strong>potitur</strong></span> <span class='ocrx_word' id='word_1_491' title='bbox 860 5113 978 5151; x_wconf 89' lang='lat' dir='ltr'><strong>esse</strong></span> <span class='ocrx_word' id='word_1_492' title='bbox 1005 5113 1363 5150; x_wconf 88' lang='lat' dir='ltr'><strong>communem.</strong></span> <span class='ocrx_word' id='word_1_493' title='bbox 1396 5096 1495 5161; x_wconf 80' lang='lat' dir='ltr'><strong>Qui</strong></span> <span class='ocrx_word' id='word_1_494' title='bbox 1535 5097 1577 5150; x_wconf 93' lang='lat' dir='ltr'><strong>si</strong></span> <span class='ocrx_word' id='word_1_495' title='bbox 1623 5095 1993 5150; x_wconf 76' lang='lat' dir='ltr'><strong>defensionem</strong></span> <span class='ocrx_word' id='word_1_496' title='bbox 2025 5097 2124 5149; x_wconf 89' lang='lat' dir='ltr'><strong>ali-</strong></span> 
     </span>
    </p>
   </div>
   <div class='ocr_carea' id='block_1_96' title="bbox 553 5165 2122 5236">
    <p class='ocr_par' dir='ltr' id='par_1_96' title="bbox 553 5165 2122 5236">
     <span class='ocr_line' id='line_1_96' title="bbox 553 5165 2122 5236; baseline -0.001 -17"><span class='ocrx_word' id='word_1_497' title='bbox 553 5183 712 5236; x_wconf 86' lang='lat' dir='ltr'><strong>quam</strong></span> <span class='ocrx_word' id='word_1_498' title='bbox 745 5176 949 5221; x_wconf 87' lang='lat' dir='ltr'><strong>tentare</strong></span> <span class='ocrx_word' id='word_1_499' title='bbox 993 5168 1177 5230; x_wconf 79' lang='lat' dir='ltr'><strong>velint,</strong></span> <span class='ocrx_word' id='word_1_500' title='bbox 1223 5168 1382 5220; x_wconf 84' lang='lat' dir='ltr'><strong>aliam</strong></span> <span class='ocrx_word' id='word_1_501' title='bbox 1421 5169 1560 5221; x_wconf 86' lang='lat' dir='ltr'><strong>viam</strong></span> <span class='ocrx_word' id='word_1_502' title='bbox 1607 5167 1854 5219; x_wconf 80' lang='lat' dir='ltr'><strong>insistere</strong></span> <span class='ocrx_word' id='word_1_503' title='bbox 1906 5165 2122 5232; x_wconf 90' lang='lat' dir='ltr'><strong>debent,</strong></span> 
     </span>
    </p>
   </div>
   <div class='ocr_carea' id='block_1_97' title="bbox 555 5237 1770 5304">
    <p class='ocr_par' dir='ltr' id='par_1_97' title="bbox 555 5237 1770 5304">
     <span class='ocr_line' id='line_1_97' title="bbox 555 5237 1770 5304; baseline -0.002 -15"><span class='ocrx_word' id='word_1_504' title='bbox 555 5254 724 5304; x_wconf 85' lang='lat' dir='ltr'><strong>neque</strong></span> <span class='ocrx_word' id='word_1_505' title='bbox 755 5247 954 5298; x_wconf 85' lang='lat' dir='ltr'><strong>tamen,</strong></span> <span class='ocrx_word' id='word_1_506' title='bbox 985 5239 1123 5302; x_wconf 89' lang='lat' dir='ltr'><strong>quod</strong></span> <span class='ocrx_word' id='word_1_507' title='bbox 1157 5237 1361 5301; x_wconf 88' lang='lat' dir='ltr'><strong>volunt,</strong></span> <span class='ocrx_word' id='word_1_508' title='bbox 1396 5246 1770 5304; x_wconf 83' lang='lat' dir='ltr'><strong>assequentur.</strong></span> 
     </span>
    </p>
   </div>
   <div class='ocr_carea' id='block_1_98' title="bbox 623 5305 2131 5376">
    <p class='ocr_par' dir='ltr' id='par_1_98' title="bbox 623 5305 2131 5376">
     <span class='ocr_line' id='line_1_98' title="bbox 623 5305 2131 5376; baseline 0.001 -15"><span class='ocrx_word' id='word_1_509' title='bbox 623 5312 712 5362; x_wconf 69' lang='grc' dir='ltr'><strong>(ὃὸ.</strong></span> <span class='ocrx_word' id='word_1_510' title='bbox 749 5308 848 5362; x_wconf 90' lang='lat' dir='ltr'><strong>Pro</strong></span> <span class='ocrx_word' id='word_1_511' title='bbox 885 5308 1134 5360; x_wconf 86' lang='lat' dir='ltr'><strong>frumenti</strong></span> <span class='ocrx_word' id='word_1_512' title='bbox 1181 5309 1656 5368; x_wconf 74' lang='lat' dir='ltr'><strong>cumulis-acervos</strong></span> <span class='ocrx_word' id='word_1_513' title='bbox 1693 5305 2004 5374; x_wconf 88' lang='lat' dir='ltr'><strong>simpliciter</strong></span> <span class='ocrx_word' id='word_1_514' title='bbox 2037 5322 2131 5376; x_wconf 81' lang='lat' dir='ltr'><strong>po-</strong></span> 
     </span>
    </p>
   </div>
   <div class='ocr_carea' id='block_1_99' title="bbox 544 5377 1532 5439">
    <p class='ocr_par' dir='ltr' id='par_1_99' title="bbox 544 5377 1532 5439">
     <span class='ocr_line' id='line_1_99' title="bbox 544 5377 1532 5439; baseline -0.002 -9"><span class='ocrx_word' id='word_1_515' title='bbox 544 5379 675 5432; x_wconf 74' lang='lat' dir='ltr'><strong>suit.</strong></span> <span class='ocrx_word' id='word_1_516' title='bbox 712 5380 848 5434; x_wconf 80' lang='lat' dir='ltr'><strong>Usus</strong></span> <span class='ocrx_word' id='word_1_517' title='bbox 870 5377 1117 5433; x_wconf 88' lang='lat' dir='ltr'><strong>similiter</strong></span> <span class='ocrx_word' id='word_1_518' title='bbox 1144 5385 1227 5431; x_wconf 88' lang='lat' dir='ltr'><strong>est</strong></span> <span class='ocrx_word' id='word_1_519' title='bbox 1256 5378 1393 5430; x_wconf 77' lang='lat' dir='ltr'><strong>liora</strong></span> <span class='ocrx_word' id='word_1_520' title='bbox 1407 5377 1532 5439; x_wconf 66' lang='lat' dir='ltr'><strong>tius.</strong></span> 
     </span>
    </p>
   </div>
   <div class='ocr_carea' id='block_1_100' title="bbox 623 5447 2132 5517">
    <p class='ocr_par' dir='ltr' id='par_1_100' title="bbox 623 5447 2132 5517">
     <span class='ocr_line' id='line_1_100' title="bbox 623 5447 2132 5517; baseline 0.002 -18"><span class='ocrx_word' id='word_1_521' title='bbox 623 5450 708 5500; x_wconf 72' lang='lat'><strong>72.</strong></span> <span class='ocrx_word' id='word_1_522' title='bbox 737 5450 811 5502; x_wconf 79' lang='lat' dir='ltr'><strong>Ex</strong></span> <span class='ocrx_word' id='word_1_523' title='bbox 834 5449 1079 5517; x_wconf 17' lang='lat' dir='ltr'><strong>hocgloco</strong></span> <span class='ocrx_word' id='word_1_524' title='bbox 1102 5447 1340 5503; x_wconf 87' lang='lat' dir='ltr'><strong>nOnnulli</strong></span> <span class='ocrx_word' id='word_1_525' title='bbox 1379 5449 1633 5517; x_wconf 70' lang='lat' dir='ltr'><strong>colligunt</strong></span> <span class='ocrx_word' id='word_1_526' title='bbox 1667 5447 1769 5513; x_wconf 88' lang='lat' dir='ltr'><strong>vel,</strong></span> <span class='ocrx_word' id='word_1_527' title='bbox 1797 5457 1851 5500; x_wconf 92' lang='lat' dir='ltr'><strong>ut</strong></span> <span class='ocrx_word' id='word_1_528' title='bbox 1893 5457 2037 5502; x_wconf 89' lang='lat' dir='ltr'><strong>recte</strong></span> <span class='ocrx_word' id='word_1_529' title='bbox 2058 5447 2132 5511; x_wconf 86' lang='lat' dir='ltr'><strong>ait</strong></span> 
     </span>
    </p>
   </div>
   <div class='ocr_carea' id='block_1_101' title="bbox 555 5516 2130 5586">
    <p class='ocr_par' dir='ltr' id='par_1_101' title="bbox 555 5516 2130 5586">
     <span class='ocr_line' id='line_1_101' title="bbox 555 5516 2130 5586; baseline 0.003 -19"><span class='ocrx_word' id='word_1_530' title='bbox 555 5516 821 5571; x_wconf 69' lang='lat' dir='ltr'><strong>Fabricius</strong></span> <span class='ocrx_word' id='word_1_531' title='bbox 849 5521 899 5572; x_wconf 92' lang='lat' dir='ltr'><strong>in</strong></span> <span class='ocrx_word' id='word_1_532' title='bbox 929 5516 1230 5572; x_wconf 85' lang='lat' dir='ltr'><strong>Comment.</strong></span> <span class='ocrx_word' id='word_1_533' title='bbox 1265 5527 1406 5583; x_wconf 86' lang='lat' dir='ltr'><strong>poet.</strong></span> <span class='ocrx_word' id='word_1_534' title='bbox 1435 5516 1660 5581; x_wconf 49' lang='lat' dir='ltr'><strong>Christ”</strong></span> <span class='ocrx_word' id='word_1_535' title='bbox 1715 5518 2004 5580; x_wconf 88' lang='lat' dir='ltr'><strong>somniant,</strong></span> <span class='ocrx_word' id='word_1_536' title='bbox 2038 5519 2130 5586; x_wconf 84' lang='lat' dir='ltr'><strong>Jo-</strong></span> 
     </span>
    </p>
   </div>
   <div class='ocr_carea' id='block_1_102' title="bbox 551 5588 2132 5657">
    <p class='ocr_par' dir='ltr' id='par_1_102' title="bbox 551 5588 2132 5657">
     <span class='ocr_line' id='line_1_102' title="bbox 551 5588 2132 5657; baseline 0.002 -18"><span class='ocrx_word' id='word_1_537' title='bbox 551 5590 772 5653; x_wconf 89' lang='lat' dir='ltr'><strong>scpltum</strong></span> <span class='ocrx_word' id='word_1_538' title='bbox 802 5589 869 5642; x_wconf 91' lang='lat' dir='ltr'><strong>ab</strong></span> <span class='ocrx_word' id='word_1_539' title='bbox 901 5604 1064 5643; x_wconf 81' lang='lat' dir='ltr'><strong>uxore</strong></span> <span class='ocrx_word' id='word_1_540' title='bbox 1108 5605 1321 5657; x_wconf 88' lang='lat' dir='ltr'><strong>quoque</strong></span> <span class='ocrx_word' id='word_1_541' title='bbox 1370 5588 1662 5642; x_wconf 79' lang='lat' dir='ltr'><strong>Pharaonis</strong></span> <span class='ocrx_word' id='word_1_542' title='bbox 1713 5588 1876 5642; x_wconf 88' lang='lat' dir='ltr'><strong>fuisse</strong></span> <span class='ocrx_word' id='word_1_543' title='bbox 1926 5588 2132 5642; x_wconf 78' lang='lat' dir='ltr'><strong>solliei-</strong></span> 
     </span>
    </p>
   </div>
   <div class='ocr_carea' id='block_1_103' title="bbox 553 5665 735 5709">
    <p class='ocr_par' dir='ltr' id='par_1_103' title="bbox 553 5665 735 5709">
     <span class='ocr_line' id='line_1_103' title="bbox 553 5665 735 5709; baseline 0.016 -3"><span class='ocrx_word' id='word_1_544' title='bbox 553 5665 620 5707; x_wconf 88' lang='lat' dir='ltr'><strong>tat</strong></span> <span class='ocrx_word' id='word_1_545' title='bbox 630 5673 714 5709; x_wconf 78' lang='grc'><strong>11111</strong></span> <span class='ocrx_word' id='word_1_546' title='bbox 724 5697 735 5709; x_wconf 78' lang='lat'><strong>.</strong></span> 
     </span>
    </p>
   </div>
   <div class='ocr_carea' id='block_1_104' title="bbox 591 5726 2127 5800">
    <p class='ocr_par' dir='ltr' id='par_1_104' title="bbox 591 5726 2127 5800">
     <span class='ocr_line' id='line_1_104' title="bbox 591 5726 2127 5800; baseline 0.006 -25"><span class='ocrx_word' id='word_1_547' title='bbox 591 5726 705 5800; x_wconf 34' lang='lat'><strong>.76.</strong></span> <span class='ocrx_word' id='word_1_548' title='bbox 741 5727 792 5777; x_wconf 89' lang='lat' dir='ltr'><strong>In</strong></span> <span class='ocrx_word' id='word_1_549' title='bbox 829 5727 936 5778; x_wconf 80' lang='lat' dir='ltr'><strong>Vat.</strong></span> <span class='ocrx_word' id='word_1_550' title='bbox 976 5731 1037 5786; x_wconf 83' lang='lat' dir='ltr'><strong>A,</strong></span> <span class='ocrx_word' id='word_1_551' title='bbox 1077 5728 1268 5788; x_wconf 74' lang='lat' dir='ltr'><strong>clausa,</strong></span> <span class='ocrx_word' id='word_1_552' title='bbox 1300 5744 1456 5791; x_wconf 73' lang='lat' dir='ltr'><strong>sutira</strong></span> <span class='ocrx_word' id='word_1_553' title='bbox 1481 5728 1554 5781; x_wconf 75' lang='lat' dir='ltr'><strong>rel</strong></span> <span class='ocrx_word' id='word_1_554' title='bbox 1584 5730 1745 5800; x_wconf 71' lang='lat' dir='ltr'><strong>alunt.</strong></span> <span class='ocrx_word' id='word_1_555' title='bbox 1781 5729 2004 5784; x_wconf 72' lang='lat' dir='ltr'><strong>Pttlcati.</strong></span> <span class='ocrx_word' id='word_1_556' title='bbox 2034 5745 2127 5798; x_wconf 85' lang='lat' dir='ltr'><strong>pro</strong></span> 
     </span>
    </p>
   </div>
   <div class='ocr_carea' id='block_1_105' title="bbox 551 5791 1674 5864">
    <p class='ocr_par' dir='ltr' id='par_1_105' title="bbox 551 5791 1674 5864">
     <span class='ocr_line' id='line_1_105' title="bbox 551 5791 1674 5864; baseline 0.001 -17"><span class='ocrx_word' id='word_1_557' title='bbox 551 5791 756 5847; x_wconf 78' lang='lat' dir='ltr'><strong>diversa</strong></span> <span class='ocrx_word' id='word_1_558' title='bbox 788 5804 1068 5862; x_wconf 71' lang='lat' dir='ltr'><strong>Scriptura,</strong></span> <span class='ocrx_word' id='word_1_559' title='bbox 1105 5802 1289 5849; x_wconf 71' lang='lat' dir='ltr'><strong>(uetula</strong></span> <span class='ocrx_word' id='word_1_560' title='bbox 1318 5814 1413 5864; x_wconf 87' lang='lat' dir='ltr'><strong>pro</strong></span> <span class='ocrx_word' id='word_1_561' title='bbox 1439 5799 1674 5851; x_wconf 67' lang='lat' dir='ltr'><strong>att-emta.</strong></span> 
     </span>
    </p>
   </div>
   <div class='ocr_carea' id='block_1_106' title="bbox 2248 3335 3814 3408">
    <p class='ocr_par' dir='ltr' id='par_1_106' title="bbox 2248 3335 3814 3408">
     <span class='ocr_line' id='line_1_106' title="bbox 2248 3335 3814 3408; baseline -0.002 -17"><span class='ocrx_word' id='word_1_562' title='bbox 2248 3339 2456 3391; x_wconf 81' lang='lat' dir='ltr'><strong>cedenti</strong></span> <span class='ocrx_word' id='word_1_563' title='bbox 2478 3337 2695 3403; x_wconf 88' lang='lat' dir='ltr'><strong>stropha</strong></span> <span class='ocrx_word' id='word_1_564' title='bbox 2721 3335 2781 3389; x_wconf 88' lang='lat' dir='ltr'><strong>fit</strong></span> <span class='ocrx_word' id='word_1_565' title='bbox 2800 3337 3160 3408; x_wconf 86' lang='lat' dir='ltr'><strong>perspicuum.</strong></span> <span class='ocrx_word' id='word_1_566' title='bbox 3183 3335 3247 3390; x_wconf 80' lang='lat' dir='ltr'><strong>Et</strong></span> <span class='ocrx_word' id='word_1_567' title='bbox 3268 3337 3542 3398; x_wconf 75' lang='lat' dir='ltr'><strong>Sedulius.</strong></span> <span class='ocrx_word' id='word_1_568' title='bbox 3568 3357 3709 3408; x_wconf 81' lang='lat' dir='ltr'><strong>quem</strong></span> <span class='ocrx_word' id='word_1_569' title='bbox 3733 3337 3814 3389; x_wconf 81' lang='lat' dir='ltr'><strong>Fa-</strong></span> 
     </span>
    </p>
   </div>
   <div class='ocr_carea' id='block_1_107' title="bbox 2251 3406 3813 3471">
    <p class='ocr_par' dir='ltr' id='par_1_107' title="bbox 2251 3406 3813 3471">
     <span class='ocr_line' id='line_1_107' title="bbox 2251 3406 3813 3471; baseline -0.004 -10"><span class='ocrx_word' id='word_1_570' title='bbox 2251 3408 2449 3462; x_wconf 87' lang='lat' dir='ltr'><strong>bricios</strong></span> <span class='ocrx_word' id='word_1_571' title='bbox 2477 3408 2736 3466; x_wconf 85' lang='lat' dir='ltr'><strong>nominat.</strong></span> <span class='ocrx_word' id='word_1_572' title='bbox 2756 3409 3076 3471; x_wconf 86' lang='lat' dir='ltr'><strong>estipsemet</strong></span> <span class='ocrx_word' id='word_1_573' title='bbox 3105 3406 3494 3462; x_wconf 84' lang='lat' dir='ltr'><strong>Prndentinsiti</strong></span> <span class='ocrx_word' id='word_1_574' title='bbox 3527 3406 3813 3469; x_wconf 60' lang='lat' dir='ltr'><strong>Dittncltaao,</strong></span> 
     </span>
    </p>
   </div>
   <div class='ocr_carea' id='block_1_108' title="bbox 2247 3477 3817 3547">
    <p class='ocr_par' dir='ltr' id='par_1_108' title="bbox 2247 3477 3817 3547">
     <span class='ocr_line' id='line_1_108' title="bbox 2247 3477 3817 3547; baseline -0.003 -16"><span class='ocrx_word' id='word_1_575' title='bbox 2247 3480 2386 3542; x_wconf 86' lang='lat' dir='ltr'><strong>quod</strong></span> <span class='ocrx_word' id='word_1_576' title='bbox 2419 3477 2693 3532; x_wconf 86' lang='lat' dir='ltr'><strong>Fabricius</strong></span> <span class='ocrx_word' id='word_1_577' title='bbox 2723 3477 2942 3530; x_wconf 87' lang='lat' dir='ltr'><strong>Sedulio</strong></span> <span class='ocrx_word' id='word_1_578' title='bbox 3000 3477 3238 3532; x_wconf 86' lang='lat' dir='ltr'><strong>ascribit.</strong></span> <span class='ocrx_word' id='word_1_579' title='bbox 3288 3479 3532 3547; x_wconf 75' lang='lat' dir='ltr'><strong>Intelligo</strong></span> <span class='ocrx_word' id='word_1_580' title='bbox 3557 3523 3570 3545; x_wconf 87' lang='lat'><strong>,</strong></span> <span class='ocrx_word' id='word_1_581' title='bbox 3607 3479 3817 3533; x_wconf 77' lang='lat' dir='ltr'><strong>Pruden-</strong></span> 
     </span>
    </p>
   </div>
   <div class='ocr_carea' id='block_1_109' title="bbox 2249 3547 3816 3617">
    <p class='ocr_par' dir='ltr' id='par_1_109' title="bbox 2249 3547 3816 3617">
     <span class='ocr_line' id='line_1_109' title="bbox 2249 3547 3816 3617; baseline -0.003 -15"><span class='ocrx_word' id='word_1_582' title='bbox 2249 3551 2378 3602; x_wconf 91' lang='lat' dir='ltr'><strong>tium</strong></span> <span class='ocrx_word' id='word_1_583' title='bbox 2411 3550 2634 3617; x_wconf 79' lang='lat' dir='ltr'><strong>mystice</strong></span> <span class='ocrx_word' id='word_1_584' title='bbox 2659 3547 2825 3614; x_wconf 81' lang='lat' dir='ltr'><strong>loqui,</strong></span> <span class='ocrx_word' id='word_1_585' title='bbox 2846 3557 2896 3602; x_wconf 90' lang='lat' dir='ltr'><strong>ct</strong></span> <span class='ocrx_word' id='word_1_586' title='bbox 2920 3547 3155 3601; x_wconf 78' lang='lat' dir='ltr'><strong>exstasin</strong></span> <span class='ocrx_word' id='word_1_587' title='bbox 3189 3564 3379 3602; x_wconf 86' lang='lat' dir='ltr'><strong>vocare</strong></span> <span class='ocrx_word' id='word_1_588' title='bbox 3410 3565 3678 3604; x_wconf 79' lang='lat' dir='ltr'><strong>SOllllltllll.</strong></span> <span class='ocrx_word' id='word_1_589' title='bbox 3707 3549 3816 3599; x_wconf 73' lang='lat' dir='ltr'><strong>Vide</strong></span> 
     </span>
    </p>
   </div>
   <div class='ocr_carea' id='block_1_110' title="bbox 2246 3617 3814 3685">
    <p class='ocr_par' dir='ltr' id='par_1_110' title="bbox 2246 3617 3814 3685">
     <span class='ocr_line' id='line_1_110' title="bbox 2246 3617 3814 3685; baseline -0.002 -11"><span class='ocrx_word' id='word_1_590' title='bbox 2246 3622 2300 3674; x_wconf 84' lang='lat' dir='ltr'><strong>S.</strong></span> <span class='ocrx_word' id='word_1_591' title='bbox 2331 3619 2658 3674; x_wconf 86' lang='lat' dir='ltr'><strong>Bernardum</strong></span> <span class='ocrx_word' id='word_1_592' title='bbox 2687 3633 2852 3672; x_wconf 89' lang='lat' dir='ltr'><strong>serm.</strong></span> <span class='ocrx_word' id='word_1_593' title='bbox 2883 3617 2953 3670; x_wconf 69' lang='grc'><strong>52</strong></span> <span class='ocrx_word' id='word_1_594' title='bbox 2991 3619 3040 3670; x_wconf 90' lang='lat' dir='ltr'><strong>in</strong></span> <span class='ocrx_word' id='word_1_595' title='bbox 3072 3621 3273 3672; x_wconf 80' lang='lat' dir='ltr'><strong>cantica</strong></span> <span class='ocrx_word' id='word_1_596' title='bbox 3303 3661 3317 3681; x_wconf 83' lang='lat'><strong>,</strong></span> <span class='ocrx_word' id='word_1_597' title='bbox 3364 3621 3436 3671; x_wconf 78' lang='lat' dir='ltr'><strong>Ile</strong></span> <span class='ocrx_word' id='word_1_598' title='bbox 3476 3638 3700 3683; x_wconf 66' lang='lat' dir='ltr'><strong>exn-stu,</strong></span> <span class='ocrx_word' id='word_1_599' title='bbox 3742 3617 3814 3685; x_wconf 82' lang='lat' dir='ltr'><strong>qui</strong></span> 
     </span>
    </p>
   </div>
   <div class='ocr_carea' id='block_1_111' title="bbox 2245 3689 3819 3760">
    <p class='ocr_par' dir='ltr' id='par_1_111' title="bbox 2245 3689 3819 3760">
     <span class='ocr_line' id='line_1_111' title="bbox 2245 3689 3819 3760; baseline -0.001 -18"><span class='ocrx_word' id='word_1_600' title='bbox 2245 3690 2605 3755; x_wconf 85' lang='lat' dir='ltr'><strong>contemplatio</strong></span> <span class='ocrx_word' id='word_1_601' title='bbox 2649 3689 2878 3753; x_wconf 82' lang='lat' dir='ltr'><strong>dicitur,</strong></span> <span class='ocrx_word' id='word_1_602' title='bbox 2922 3689 2971 3741; x_wconf 84' lang='lat' dir='ltr'><strong>in</strong></span> <span class='ocrx_word' id='word_1_603' title='bbox 3010 3705 3108 3756; x_wconf 81' lang='lat' dir='ltr'><strong>qua</strong></span> <span class='ocrx_word' id='word_1_604' title='bbox 3149 3706 3374 3758; x_wconf 75' lang='lat' dir='ltr'><strong>sponsus</strong></span> <span class='ocrx_word' id='word_1_605' title='bbox 3418 3691 3557 3758; x_wconf 76' lang='lat' dir='ltr'><strong>facit</strong></span> <span class='ocrx_word' id='word_1_606' title='bbox 3594 3693 3819 3760; x_wconf 75' lang='lat' dir='ltr'><strong>quiesrerc</strong></span> 
     </span>
    </p>
   </div>
   <div class='ocr_carea' id='block_1_112' title="bbox 2244 3763 2626 3823">
    <p class='ocr_par' dir='ltr' id='par_1_112' title="bbox 2244 3763 2626 3823">
     <span class='ocr_line' id='line_1_112' title="bbox 2244 3763 2626 3823; baseline -0.003 -9"><span class='ocrx_word' id='word_1_607' title='bbox 2244 3763 2491 3823; x_wconf 85' lang='lat' dir='ltr'><strong>animam,</strong></span> <span class='ocrx_word' id='word_1_608' title='bbox 2521 3770 2626 3813; x_wconf 90' lang='lat' dir='ltr'><strong>etc.</strong></span> 
     </span>
    </p>
   </div>
   <div class='ocr_carea' id='block_1_113' title="bbox 2315 3829 3823 3899">
    <p class='ocr_par' dir='ltr' id='par_1_113' title="bbox 2315 3829 3823 3899">
     <span class='ocr_line' id='line_1_113' title="bbox 2315 3829 3823 3899; baseline -0.003 -17"><span class='ocrx_word' id='word_1_609' title='bbox 2315 3831 2404 3884; x_wconf 88' lang='lat'><strong>86.</strong></span> <span class='ocrx_word' id='word_1_610' title='bbox 2450 3831 2620 3884; x_wconf 78' lang='lat' dir='ltr'><strong>Locus</strong></span> <span class='ocrx_word' id='word_1_611' title='bbox 2641 3841 2723 3884; x_wconf 76' lang='lat' dir='ltr'><strong>est</strong></span> <span class='ocrx_word' id='word_1_612' title='bbox 2769 3845 2831 3882; x_wconf 80' lang='lat' dir='ltr'><strong>ex</strong></span> <span class='ocrx_word' id='word_1_613' title='bbox 2865 3845 2980 3898; x_wconf 86' lang='lat' dir='ltr'><strong>cap.</strong></span> <span class='ocrx_word' id='word_1_614' title='bbox 3017 3846 3030 3881; x_wconf 95' lang='lat' dir='ltr'>l</span> <span class='ocrx_word' id='word_1_615' title='bbox 3063 3831 3308 3897; x_wconf 74' lang='lat' dir='ltr'><strong>Apocal.,</strong></span> <span class='ocrx_word' id='word_1_616' title='bbox 3339 3847 3487 3886; x_wconf 82' lang='lat' dir='ltr'><strong>vers.</strong></span> <span class='ocrx_word' id='word_1_617' title='bbox 3540 3831 3624 3899; x_wconf 67' lang='lat'><strong>16,</strong></span> <span class='ocrx_word' id='word_1_618' title='bbox 3661 3830 3719 3883; x_wconf 79' lang='lat' dir='ltr'><strong>Et</strong></span> <span class='ocrx_word' id='word_1_619' title='bbox 3744 3829 3823 3879; x_wconf 42' lang='lat' dir='ltr'><strong>has</strong></span> 
     </span>
    </p>
   </div>
   <div class='ocr_carea' id='block_1_114' title="bbox 2245 3900 3821 3974">
    <p class='ocr_par' dir='ltr' id='par_1_114' title="bbox 2245 3900 3821 3974">
     <span class='ocr_line' id='line_1_114' title="bbox 2245 3900 3821 3974; baseline -0.001 -22"><span class='ocrx_word' id='word_1_620' title='bbox 2245 3901 2385 3955; x_wconf 73' lang='lat' dir='ltr'><strong>bebat</strong></span> <span class='ocrx_word' id='word_1_621' title='bbox 2409 3903 2459 3954; x_wconf 84' lang='lat' dir='ltr'><strong>in</strong></span> <span class='ocrx_word' id='word_1_622' title='bbox 2485 3902 2688 3954; x_wconf 67' lang='lat' dir='ltr'><strong>dextera</strong></span> <span class='ocrx_word' id='word_1_623' title='bbox 2710 3917 2802 3953; x_wconf 83' lang='lat' dir='ltr'><strong>sua</strong></span> <span class='ocrx_word' id='word_1_624' title='bbox 2823 3903 2997 3954; x_wconf 82' lang='lat' dir='ltr'><strong>stellas</strong></span> <span class='ocrx_word' id='word_1_625' title='bbox 3021 3912 3207 3974; x_wconf 74' lang='lat' dir='ltr'><strong>septem</strong></span> <span class='ocrx_word' id='word_1_626' title='bbox 3232 3917 3248 3953; x_wconf 89' lang='lat'><strong><em>:</em></strong></span> <span class='ocrx_word' id='word_1_627' title='bbox 3278 3913 3322 3954; x_wconf 83' lang='lat' dir='ltr'><strong>et</strong></span> <span class='ocrx_word' id='word_1_628' title='bbox 3347 3903 3410 3954; x_wconf 79' lang='lat' dir='ltr'><strong>de</strong></span> <span class='ocrx_word' id='word_1_629' title='bbox 3457 3921 3559 3974; x_wconf 60' lang='lat' dir='ltr'><strong>ore</strong></span> <span class='ocrx_word' id='word_1_630' title='bbox 3592 3908 3703 3974; x_wconf 70' lang='lat' dir='ltr'><strong>ejus</strong></span> <span class='ocrx_word' id='word_1_631' title='bbox 3716 3900 3821 3974; x_wconf 62' lang='lat' dir='ltr'><strong>gla-</strong></span> 
     </span>
    </p>
   </div>
   <div class='ocr_carea' id='block_1_115' title="bbox 2242 3971 3819 4040">
    <p class='ocr_par' dir='ltr' id='par_1_115' title="bbox 2242 3971 3819 4040">
     <span class='ocr_line' id='line_1_115' title="bbox 2242 3971 3819 4040; baseline -0.003 -16"><span class='ocrx_word' id='word_1_632' title='bbox 2242 3973 2357 4024; x_wconf 80' lang='lat' dir='ltr'><strong>tlins</strong></span> <span class='ocrx_word' id='word_1_633' title='bbox 2384 3983 2597 4040; x_wconf 81' lang='lat' dir='ltr'><strong>utraque</strong></span> <span class='ocrx_word' id='word_1_634' title='bbox 2630 3983 2773 4037; x_wconf 85' lang='lat' dir='ltr'><strong>parte</strong></span> <span class='ocrx_word' id='word_1_635' title='bbox 2812 3983 2992 4023; x_wconf 79' lang='lat' dir='ltr'><strong>acutus</strong></span> <span class='ocrx_word' id='word_1_636' title='bbox 3031 3971 3217 4024; x_wconf 64' lang='lat' dir='ltr'><strong>exiliat.</strong></span> <span class='ocrx_word' id='word_1_637' title='bbox 3269 3974 3499 4027; x_wconf 79' lang='lat' dir='ltr'><strong>Miratur</strong></span> <span class='ocrx_word' id='word_1_638' title='bbox 3525 3971 3819 4027; x_wconf 77' lang='lat' dir='ltr'><strong>Cliamillar-</strong></span> 
     </span>
    </p>
   </div>
   <div class='ocr_carea' id='block_1_116' title="bbox 2241 4041 3818 4108">
    <p class='ocr_par' dir='ltr' id='par_1_116' title="bbox 2241 4041 3818 4108">
     <span class='ocr_line' id='line_1_116' title="bbox 2241 4041 3818 4108; baseline -0.002 -14"><span class='ocrx_word' id='word_1_639' title='bbox 2241 4046 2342 4096; x_wconf 88' lang='lat' dir='ltr'><strong>dus</strong></span> <span class='ocrx_word' id='word_1_640' title='bbox 2370 4057 2467 4095; x_wconf 81' lang='lat' dir='ltr'><strong>cur</strong></span> <span class='ocrx_word' id='word_1_641' title='bbox 2500 4041 2817 4094; x_wconf 84' lang='lat' dir='ltr'><strong>Prudentius</strong></span> <span class='ocrx_word' id='word_1_642' title='bbox 2875 4057 3086 4093; x_wconf 87' lang='lat' dir='ltr'><strong>manum</strong></span> <span class='ocrx_word' id='word_1_643' title='bbox 3141 4041 3318 4108; x_wconf 85' lang='lat' dir='ltr'><strong>gladio</strong></span> <span class='ocrx_word' id='word_1_644' title='bbox 3349 4043 3619 4098; x_wconf 86' lang='lat' dir='ltr'><strong>armatam</strong></span> <span class='ocrx_word' id='word_1_645' title='bbox 3674 4042 3818 4101; x_wconf 77' lang='lat' dir='ltr'><strong>dit-at,</strong></span> 
     </span>
    </p>
   </div>
   <div class='ocr_carea' id='block_1_117' title="bbox 2240 4111 3824 4180">
    <p class='ocr_par' dir='ltr' id='par_1_117' title="bbox 2240 4111 3824 4180">
     <span class='ocr_line' id='line_1_117' title="bbox 2240 4111 3824 4180; baseline -0.003 -13"><span class='ocrx_word' id='word_1_646' title='bbox 2240 4129 2360 4167; x_wconf 87' lang='lat' dir='ltr'><strong>cum</strong></span> <span class='ocrx_word' id='word_1_647' title='bbox 2419 4128 2482 4168; x_wconf 74' lang='lat' dir='ltr'><strong>ex</strong></span> <span class='ocrx_word' id='word_1_648' title='bbox 2538 4127 2632 4165; x_wconf 91' lang='lat' dir='ltr'><strong>ore</strong></span> <span class='ocrx_word' id='word_1_649' title='bbox 2679 4112 2892 4180; x_wconf 86' lang='lat' dir='ltr'><strong>prodire</strong></span> <span class='ocrx_word' id='word_1_650' title='bbox 2927 4111 3156 4180; x_wconf 85' lang='lat' dir='ltr'><strong>gladium</strong></span> <span class='ocrx_word' id='word_1_651' title='bbox 3212 4112 3444 4166; x_wconf 78' lang='lat' dir='ltr'><strong>Joannes</strong></span> <span class='ocrx_word' id='word_1_652' title='bbox 3493 4115 3739 4168; x_wconf 84' lang='lat' dir='ltr'><strong>affirmet.</strong></span> <span class='ocrx_word' id='word_1_653' title='bbox 3768 4115 3824 4163; x_wconf 85' lang='lat' dir='ltr'><strong>At</strong></span> 
     </span>
    </p>
   </div>
   <div class='ocr_carea' id='block_1_118' title="bbox 2244 4181 3823 4250">
    <p class='ocr_par' dir='ltr' id='par_1_118' title="bbox 2244 4181 3823 4250">
     <span class='ocr_line' id='line_1_118' title="bbox 2244 4181 3823 4250; baseline -0.003 -14"><span class='ocrx_word' id='word_1_654' title='bbox 2244 4183 2565 4238; x_wconf 85' lang='lat' dir='ltr'><strong>Prudentius</strong></span> <span class='ocrx_word' id='word_1_655' title='bbox 2598 4197 2938 4250; x_wconf 88' lang='lat' dir='ltr'><strong>progressum</strong></span> <span class='ocrx_word' id='word_1_656' title='bbox 2963 4181 3120 4248; x_wconf 82' lang='lat' dir='ltr'><strong>gladii</strong></span> <span class='ocrx_word' id='word_1_657' title='bbox 3153 4198 3215 4234; x_wconf 72' lang='lat' dir='ltr'><strong>ex</strong></span> <span class='ocrx_word' id='word_1_658' title='bbox 3238 4199 3333 4238; x_wconf 83' lang='lat' dir='ltr'><strong>ore</strong></span> <span class='ocrx_word' id='word_1_659' title='bbox 3362 4181 3428 4236; x_wconf 88' lang='lat' dir='ltr'><strong>ad</strong></span> <span class='ocrx_word' id='word_1_660' title='bbox 3473 4198 3690 4239; x_wconf 73' lang='lat' dir='ltr'><strong>nuntium</strong></span> <span class='ocrx_word' id='word_1_661' title='bbox 3714 4182 3823 4234; x_wconf 84' lang='lat' dir='ltr'><strong>atti-</strong></span> 
     </span>
    </p>
   </div>
   <div class='ocr_carea' id='block_1_119' title="bbox 2240 4252 3825 4322">
    <p class='ocr_par' dir='ltr' id='par_1_119' title="bbox 2240 4252 3825 4322">
     <span class='ocr_line' id='line_1_119' title="bbox 2240 4252 3825 4322; baseline -0.002 -17"><span class='ocrx_word' id='word_1_662' title='bbox 2240 4257 2336 4322; x_wconf 86' lang='lat' dir='ltr'><strong>git.</strong></span> <span class='ocrx_word' id='word_1_663' title='bbox 2374 4258 2426 4307; x_wconf 91' lang='lat' dir='ltr'><strong>In</strong></span> <span class='ocrx_word' id='word_1_664' title='bbox 2453 4270 2545 4306; x_wconf 88' lang='lat' dir='ltr'><strong>ore</strong></span> <span class='ocrx_word' id='word_1_665' title='bbox 2574 4255 2822 4307; x_wconf 73' lang='lat' dir='ltr'><strong>Christus</strong></span> <span class='ocrx_word' id='word_1_666' title='bbox 2863 4261 3035 4320; x_wconf 82' lang='lat' dir='ltr'><strong>gestat</strong></span> <span class='ocrx_word' id='word_1_667' title='bbox 3079 4253 3331 4317; x_wconf 78' lang='lat' dir='ltr'><strong>gladium,</strong></span> <span class='ocrx_word' id='word_1_668' title='bbox 3377 4263 3433 4307; x_wconf 90' lang='lat' dir='ltr'><strong>ut</strong></span> <span class='ocrx_word' id='word_1_669' title='bbox 3465 4257 3690 4309; x_wconf 73' lang='lat' dir='ltr'><strong>verbum</strong></span> <span class='ocrx_word' id='word_1_670' title='bbox 3726 4252 3825 4315; x_wconf 78' lang='lat' dir='ltr'><strong>Dei,</strong></span> 
     </span>
    </p>
   </div>
   <div class='ocr_carea' id='block_1_120' title="bbox 2239 4323 3822 4390">
    <p class='ocr_par' dir='ltr' id='par_1_120' title="bbox 2239 4323 3822 4390">
     <span class='ocr_line' id='line_1_120' title="bbox 2239 4323 3822 4390; baseline -0.002 -14"><span class='ocrx_word' id='word_1_671' title='bbox 2239 4325 2349 4376; x_wconf 89' lang='lat' dir='ltr'><strong>sive</strong></span> <span class='ocrx_word' id='word_1_672' title='bbox 2377 4326 2634 4378; x_wconf 69' lang='lat' dir='ltr'><strong>sententia</strong></span> <span class='ocrx_word' id='word_1_673' title='bbox 2671 4327 2719 4375; x_wconf 92' lang='lat' dir='ltr'><strong>in</strong></span> <span class='ocrx_word' id='word_1_674' title='bbox 2748 4333 2985 4375; x_wconf 60' lang='lat' dir='ltr'><strong>extremo</strong></span> <span class='ocrx_word' id='word_1_675' title='bbox 3010 4323 3208 4390; x_wconf 87' lang='lat' dir='ltr'><strong>judicio</strong></span> <span class='ocrx_word' id='word_1_676' title='bbox 3239 4323 3514 4379; x_wconf 85' lang='lat' dir='ltr'><strong>iudicetur</strong></span> <span class='ocrx_word' id='word_1_677' title='bbox 3544 4345 3555 4377; x_wconf 91' lang='lat'>:</span> <span class='ocrx_word' id='word_1_678' title='bbox 3594 4329 3643 4378; x_wconf 91' lang='lat' dir='ltr'><strong>in</strong></span> <span class='ocrx_word' id='word_1_679' title='bbox 3679 4337 3822 4374; x_wconf 84' lang='lat' dir='ltr'><strong>manu</strong></span> 
     </span>
    </p>
   </div>
   <div class='ocr_carea' id='block_1_121' title="bbox 2241 4393 3829 4462">
    <p class='ocr_par' dir='ltr' id='par_1_121' title="bbox 2241 4393 3829 4462">
     <span class='ocr_line' id='line_1_121' title="bbox 2241 4393 3829 4462; baseline -0.001 -18"><span class='ocrx_word' id='word_1_680' title='bbox 2241 4411 2388 4456; x_wconf 86' lang='lat' dir='ltr'><strong>vero.</strong></span> <span class='ocrx_word' id='word_1_681' title='bbox 2425 4405 2479 4448; x_wconf 91' lang='lat' dir='ltr'><strong>ut</strong></span> <span class='ocrx_word' id='word_1_682' title='bbox 2511 4407 2822 4462; x_wconf 54' lang='lat' dir='ltr'><strong>progressus</strong></span> <span class='ocrx_word' id='word_1_683' title='bbox 2853 4393 2902 4444; x_wconf 91' lang='lat' dir='ltr'><strong>in</strong></span> <span class='ocrx_word' id='word_1_684' title='bbox 2939 4396 3206 4461; x_wconf 61' lang='lat' dir='ltr'><strong>puniendo</strong></span> <span class='ocrx_word' id='word_1_685' title='bbox 3242 4395 3585 4449; x_wconf 74' lang='lat' dir='ltr'><strong>ostendatur.</strong></span> <span class='ocrx_word' id='word_1_686' title='bbox 3623 4396 3829 4448; x_wconf 80' lang='lat' dir='ltr'><strong>Psalmo</strong></span> 
     </span>
    </p>
   </div>
   <div class='ocr_carea' id='block_1_122' title="bbox 2241 4463 3830 4535">
    <p class='ocr_par' dir='ltr' id='par_1_122' title="bbox 2241 4463 3830 4535">
     <span class='ocr_line' id='line_1_122' title="bbox 2241 4463 3830 4535; baseline -0.007 -17"><span class='ocrx_word' id='word_1_687' title='bbox 2241 4480 2328 4527; x_wconf 85' lang='lat' dir='ltr'><strong>VII,</strong></span> <span class='ocrx_word' id='word_1_688' title='bbox 2361 4465 2588 4533; x_wconf 67' lang='lat' dir='ltr'><strong>gladium</strong></span> <span class='ocrx_word' id='word_1_689' title='bbox 2610 4480 2762 4516; x_wconf 81' lang='lat' dir='ltr'><strong>suum</strong></span> <span class='ocrx_word' id='word_1_690' title='bbox 2792 4463 3026 4535; x_wconf 80' lang='lat' dir='ltr'><strong>ribrabit.</strong></span> <span class='ocrx_word' id='word_1_691' title='bbox 3060 4464 3225 4516; x_wconf 74' lang='lat' dir='ltr'><strong>Exodi</strong></span> <span class='ocrx_word' id='word_1_692' title='bbox 3253 4479 3340 4526; x_wconf 74' lang='lat' dir='ltr'><strong>xv,</strong></span> <span class='ocrx_word' id='word_1_693' title='bbox 3396 4464 3701 4533; x_wconf 72' lang='lat' dir='ltr'><strong>Evagiimbo</strong></span> <span class='ocrx_word' id='word_1_694' title='bbox 3728 4466 3830 4535; x_wconf 61' lang='lat' dir='ltr'><strong>gl“.</strong></span> 
     </span>
    </p>
   </div>
   <div class='ocr_carea' id='block_1_123' title="bbox 2239 4534 3826 4601">
    <p class='ocr_par' dir='ltr' id='par_1_123' title="bbox 2239 4534 3826 4601">
     <span class='ocr_line' id='line_1_123' title="bbox 2239 4534 3826 4601; baseline 0 -16"><span class='ocrx_word' id='word_1_695' title='bbox 2239 4537 2382 4589; x_wconf 74' lang='lat' dir='ltr'><strong>(lium</strong></span> <span class='ocrx_word' id='word_1_696' title='bbox 2419 4552 2618 4601; x_wconf 84' lang='lat' dir='ltr'><strong>meum;</strong></span> <span class='ocrx_word' id='word_1_697' title='bbox 2661 4534 2928 4601; x_wconf 66' lang='lat' dir='ltr'><strong>interficiat</strong></span> <span class='ocrx_word' id='word_1_698' title='bbox 2960 4549 3042 4586; x_wconf 88' lang='lat' dir='ltr'><strong>cos</strong></span> <span class='ocrx_word' id='word_1_699' title='bbox 3094 4551 3274 4587; x_wconf 86' lang='lat' dir='ltr'><strong>manus</strong></span> <span class='ocrx_word' id='word_1_700' title='bbox 3318 4551 3428 4590; x_wconf 81' lang='lat' dir='ltr'><strong>inea</strong></span> <span class='ocrx_word' id='word_1_701' title='bbox 3493 4537 3631 4590; x_wconf 81' lang='lat' dir='ltr'><strong>Vide</strong></span> <span class='ocrx_word' id='word_1_702' title='bbox 3673 4534 3826 4588; x_wconf 79' lang='lat' dir='ltr'><strong>inter-</strong></span> 
     </span>
    </p>
   </div>
   <div class='ocr_carea' id='block_1_124' title="bbox 2159 4617 2482 4696">
    <p class='ocr_par' dir='ltr' id='par_1_124' title="bbox 2159 4617 2482 4696">
     <span class='ocr_line' id='line_1_124' title="bbox 2159 4617 2482 4696; baseline 0 0"><span class='ocrx_word' id='word_1_703' title='bbox 2159 4629 2212 4696; x_wconf 83' lang='grc' dir='ltr'><strong>Ι)</strong></span> <span class='ocrx_word' id='word_1_704' title='bbox 2242 4617 2482 4696; x_wconf 46' lang='grc' dir='ltr'><strong>ντὲἳδζφ</strong></span> 
     </span>
    </p>
   </div>
   <div class='ocr_carea' id='block_1_125' title="bbox 2308 4673 3831 4743">
    <p class='ocr_par' dir='ltr' id='par_1_125' title="bbox 2308 4673 3831 4743">
     <span class='ocr_line' id='line_1_125' title="bbox 2308 4673 3831 4743; baseline -0.003 -16"><span class='ocrx_word' id='word_1_705' title='bbox 2308 4677 2394 4730; x_wconf 75' lang='lat'><strong>89.</strong></span> <span class='ocrx_word' id='word_1_706' title='bbox 2437 4673 2577 4740; x_wconf 55' lang='lat' dir='ltr'><strong>R&#39;at.,</strong></span> <span class='ocrx_word' id='word_1_707' title='bbox 2609 4675 2872 4743; x_wconf 55' lang='lat' dir='ltr'><strong>qua&#39;situs’,</strong></span> <span class='ocrx_word' id='word_1_708' title='bbox 2905 4673 3061 4728; x_wconf 89' lang='lat' dir='ltr'><strong>male.</strong></span> <span class='ocrx_word' id='word_1_709' title='bbox 3090 4673 3448 4741; x_wconf 58' lang='lat' dir='ltr'><strong>Virgiliuslih.</strong></span> <span class='ocrx_word' id='word_1_710' title='bbox 3483 4695 3557 4742; x_wconf 73' lang='lat' dir='ltr'><strong>vr,</strong></span> <span class='ocrx_word' id='word_1_711' title='bbox 3588 4675 3831 4742; x_wconf 63' lang='lat' dir='ltr'><strong>Qtta’sitor</strong></span> 
     </span>
    </p>
   </div>
   <div class='ocr_carea' id='block_1_126' title="bbox 2240 4744 3324 4799">
    <p class='ocr_par' dir='ltr' id='par_1_126' title="bbox 2240 4744 3324 4799">
     <span class='ocr_line' id='line_1_126' title="bbox 2240 4744 3324 4799; baseline 0.002 -4"><span class='ocrx_word' id='word_1_712' title='bbox 2240 4744 2410 4797; x_wconf 73' lang='lat' dir='ltr'><strong>Minos</strong></span> <span class='ocrx_word' id='word_1_713' title='bbox 2443 4764 2624 4799; x_wconf 85' lang='lat' dir='ltr'><strong>urnam</strong></span> <span class='ocrx_word' id='word_1_714' title='bbox 2649 4755 2832 4798; x_wconf 83' lang='lat' dir='ltr'><strong>movet.</strong></span> <span class='ocrx_word' id='word_1_715' title='bbox 3321 4758 3324 4760; x_wconf 72' lang='lat'><strong>&#39;</strong></span> 
     </span>
    </p>
   </div>
   <div class='ocr_carea' id='block_1_127' title="bbox 2307 4813 3833 4886">
    <p class='ocr_par' dir='ltr' id='par_1_127' title="bbox 2307 4813 3833 4886">
     <span class='ocr_line' id='line_1_127' title="bbox 2307 4813 3833 4886; baseline -0.001 -18"><span class='ocrx_word' id='word_1_716' title='bbox 2307 4813 2396 4871; x_wconf 69' lang='grc'><strong>92.</strong></span> <span class='ocrx_word' id='word_1_717' title='bbox 2439 4816 2785 4882; x_wconf 71' lang='lat' dir='ltr'><strong>Drsumplum</strong></span> <span class='ocrx_word' id='word_1_718' title='bbox 2817 4831 2878 4869; x_wconf 79' lang='lat' dir='ltr'><strong>ex</strong></span> <span class='ocrx_word' id='word_1_719' title='bbox 2917 4821 3081 4883; x_wconf 78' lang='lat' dir='ltr'><strong>Apoc.</strong></span> <span class='ocrx_word' id='word_1_720' title='bbox 3136 4831 3224 4886; x_wconf 55' lang='lat' dir='ltr'><strong>xx,</strong></span> <span class='ocrx_word' id='word_1_721' title='bbox 3261 4815 3348 4886; x_wconf 47' lang='lat' dir='ltr'><strong>HJ</strong></span> <span class='ocrx_word' id='word_1_722' title='bbox 3405 4814 3475 4871; x_wconf 80' lang='lat' dir='ltr'><strong>Et</strong></span> <span class='ocrx_word' id='word_1_723' title='bbox 3526 4817 3765 4886; x_wconf 74' lang='lat' dir='ltr'><strong>infernus</strong></span> <span class='ocrx_word' id='word_1_724' title='bbox 3793 4822 3833 4866; x_wconf 82' lang='lat' dir='ltr'><strong>ct</strong></span> 
     </span>
    </p>
   </div>
   <div class='ocr_carea' id='block_1_128' title="bbox 2238 4883 3832 4955">
    <p class='ocr_par' dir='ltr' id='par_1_128' title="bbox 2238 4883 3832 4955">
     <span class='ocr_line' id='line_1_128' title="bbox 2238 4883 3832 4955; baseline 0.001 -20"><span class='ocrx_word' id='word_1_725' title='bbox 2238 4902 2373 4938; x_wconf 85' lang='lat' dir='ltr'><strong>mors</strong></span> <span class='ocrx_word' id='word_1_726' title='bbox 2399 4887 2536 4940; x_wconf 84' lang='lat' dir='ltr'><strong>missi</strong></span> <span class='ocrx_word' id='word_1_727' title='bbox 2573 4897 2691 4940; x_wconf 86' lang='lat' dir='ltr'><strong>sunt</strong></span> <span class='ocrx_word' id='word_1_728' title='bbox 2733 4887 2784 4939; x_wconf 84' lang='lat' dir='ltr'><strong>in</strong></span> <span class='ocrx_word' id='word_1_729' title='bbox 2824 4896 3062 4955; x_wconf 75' lang='lat' dir='ltr'><strong>stagnant</strong></span> <span class='ocrx_word' id='word_1_730' title='bbox 3104 4885 3258 4955; x_wconf 85' lang='lat' dir='ltr'><strong>ignis.</strong></span> <span class='ocrx_word' id='word_1_731' title='bbox 3296 4883 3429 4940; x_wconf 74' lang='lat' dir='ltr'><strong>Hrcc‘</strong></span> <span class='ocrx_word' id='word_1_732' title='bbox 3467 4897 3550 4942; x_wconf 80' lang='lat' dir='ltr'><strong>est</strong></span> <span class='ocrx_word' id='word_1_733' title='bbox 3590 4883 3729 4941; x_wconf 77' lang='lat' dir='ltr'><strong>mors</strong></span> <span class='ocrx_word' id='word_1_734' title='bbox 3761 4895 3832 4938; x_wconf 75' lang='lat' dir='ltr'><strong>se-</strong></span> 
     </span>
    </p>
   </div>
   <div class='ocr_carea' id='block_1_129' title="bbox 2224 4957 2426 5015">
    <p class='ocr_par' dir='ltr' id='par_1_129' title="bbox 2224 4957 2426 5015">
     <span class='ocr_line' id='line_1_129' title="bbox 2224 4957 2426 5015; baseline -0.005 -5"><span class='ocrx_word' id='word_1_735' title='bbox 2224 4957 2426 5015; x_wconf 62' lang='grc' dir='ltr'><strong>βωμία.</strong></span> 
     </span>
    </p>
   </div>
   <div class='ocr_carea' id='block_1_130' title="bbox 2305 5025 3832 5095">
    <p class='ocr_par' dir='ltr' id='par_1_130' title="bbox 2305 5025 3832 5095">
     <span class='ocr_line' id='line_1_130' title="bbox 2305 5025 3832 5095; baseline -0.002 -15"><span class='ocrx_word' id='word_1_736' title='bbox 2305 5027 2392 5083; x_wconf 84' lang='grc'><strong>95.</strong></span> <span class='ocrx_word' id='word_1_737' title='bbox 2431 5025 2792 5082; x_wconf 62' lang='grc' dir='ltr'><strong>ΝοΙηὶεπθηείε</strong></span> <span class='ocrx_word' id='word_1_738' title='bbox 2823 5027 3043 5094; x_wconf 80' lang='lat' dir='ltr'><strong>exponit</strong></span> <span class='ocrx_word' id='word_1_739' title='bbox 3085 5041 3310 5086; x_wconf 69' lang='lat' dir='ltr'><strong>raucos.</strong></span> <span class='ocrx_word' id='word_1_740' title='bbox 3349 5027 3437 5095; x_wconf 87' lang='lat' dir='ltr'><strong>qui</strong></span> <span class='ocrx_word' id='word_1_741' title='bbox 3463 5029 3672 5083; x_wconf 80' lang='lat' dir='ltr'><strong>scilicet</strong></span> <span class='ocrx_word' id='word_1_742' title='bbox 3721 5035 3832 5081; x_wconf 74' lang='lat' dir='ltr'><strong>sunt</strong></span> 
     </span>
    </p>
   </div>
   <div class='ocr_carea' id='block_1_131' title="bbox 2234 5097 3828 5166">
    <p class='ocr_par' dir='ltr' id='par_1_131' title="bbox 2234 5097 3828 5166">
     <span class='ocr_line' id='line_1_131' title="bbox 2234 5097 3828 5166; baseline 0.001 -18"><span class='ocrx_word' id='word_1_743' title='bbox 2234 5098 2648 5151; x_wconf 72' lang='lat' dir='ltr'><strong>inuncdicabilcs.</strong></span> <span class='ocrx_word' id='word_1_744' title='bbox 2679 5099 3003 5163; x_wconf 89' lang='lat' dir='ltr'><strong>lnterpretor</strong></span> <span class='ocrx_word' id='word_1_745' title='bbox 3023 5097 3214 5151; x_wconf 82' lang='lat' dir='ltr'><strong>medios</strong></span> <span class='ocrx_word' id='word_1_746' title='bbox 3243 5099 3520 5166; x_wconf 88' lang='lat' dir='ltr'><strong>interpios</strong></span> <span class='ocrx_word' id='word_1_747' title='bbox 3546 5111 3604 5153; x_wconf 87' lang='lat' dir='ltr'><strong>et</strong></span> <span class='ocrx_word' id='word_1_748' title='bbox 3625 5097 3828 5166; x_wconf 82' lang='lat' dir='ltr'><strong>impios,</strong></span> 
     </span>
    </p>
   </div>
   <div class='ocr_carea' id='block_1_132' title="bbox 2233 5168 3836 5239">
    <p class='ocr_par' dir='ltr' id='par_1_132' title="bbox 2233 5168 3836 5239">
     <span class='ocr_line' id='line_1_132' title="bbox 2233 5168 3836 5239; baseline 0.001 -21"><span class='ocrx_word' id='word_1_749' title='bbox 2233 5169 2436 5239; x_wconf 80' lang='lat' dir='ltr'><strong>scilicet</strong></span> <span class='ocrx_word' id='word_1_750' title='bbox 2472 5169 2560 5234; x_wconf 85' lang='lat' dir='ltr'><strong>qui</strong></span> <span class='ocrx_word' id='word_1_751' title='bbox 2594 5183 2762 5235; x_wconf 85' lang='lat' dir='ltr'><strong>neque</strong></span> <span class='ocrx_word' id='word_1_752' title='bbox 2797 5169 3077 5239; x_wconf 81' lang='lat' dir='ltr'><strong>sanctitate</strong></span> <span class='ocrx_word' id='word_1_753' title='bbox 3121 5168 3381 5239; x_wconf 84' lang='lat' dir='ltr'><strong>eminent,</strong></span> <span class='ocrx_word' id='word_1_754' title='bbox 3417 5183 3604 5239; x_wconf 85' lang='lat' dir='ltr'><strong>neque</strong></span> <span class='ocrx_word' id='word_1_755' title='bbox 3655 5168 3836 5223; x_wconf 76' lang='lat' dir='ltr'><strong>inlide—</strong></span> 
     </span>
    </p>
   </div>
   <div class='ocr_carea' id='block_1_133' title="bbox 2233 5237 3832 5306">
    <p class='ocr_par' dir='ltr' id='par_1_133' title="bbox 2233 5237 3832 5306">
     <span class='ocr_line' id='line_1_133' title="bbox 2233 5237 3832 5306; baseline -0.001 -16"><span class='ocrx_word' id='word_1_756' title='bbox 2233 5237 2396 5292; x_wconf 85' lang='lat' dir='ltr'><strong>litatis</strong></span> <span class='ocrx_word' id='word_1_757' title='bbox 2427 5239 2650 5292; x_wconf 86' lang='lat' dir='ltr'><strong>eriminc</strong></span> <span class='ocrx_word' id='word_1_758' title='bbox 2684 5276 2700 5302; x_wconf 92' lang='lat'><strong>,</strong></span> <span class='ocrx_word' id='word_1_759' title='bbox 2745 5246 2837 5296; x_wconf 87' lang='lat' dir='ltr'><strong>aut</strong></span> <span class='ocrx_word' id='word_1_760' title='bbox 2890 5237 3010 5291; x_wconf 91' lang='lat' dir='ltr'><strong>aliis</strong></span> <span class='ocrx_word' id='word_1_761' title='bbox 3060 5238 3387 5305; x_wconf 85' lang='lat' dir='ltr'><strong>gravissimis</strong></span> <span class='ocrx_word' id='word_1_762' title='bbox 3425 5237 3832 5306; x_wconf 73' lang='lat' dir='ltr'><strong>Opprimuntur.</strong></span> 
     </span>
    </p>
   </div>
   <div class='ocr_carea' id='block_1_134' title="bbox 2236 5307 3832 5378">
    <p class='ocr_par' dir='ltr' id='par_1_134' title="bbox 2236 5307 3832 5378">
     <span class='ocr_line' id='line_1_134' title="bbox 2236 5307 3832 5378; baseline 0 -19"><span class='ocrx_word' id='word_1_763' title='bbox 2236 5309 2321 5360; x_wconf 83' lang='lat' dir='ltr'><strong>Ait</strong></span> <span class='ocrx_word' id='word_1_764' title='bbox 2346 5310 2502 5375; x_wconf 83' lang='lat' dir='ltr'><strong>igitur</strong></span> <span class='ocrx_word' id='word_1_765' title='bbox 2529 5320 2703 5375; x_wconf 89' lang='lat' dir='ltr'><strong>poeta,</strong></span> <span class='ocrx_word' id='word_1_766' title='bbox 2739 5307 2904 5378; x_wconf 86' lang='lat' dir='ltr'><strong>Deum</strong></span> <span class='ocrx_word' id='word_1_767' title='bbox 2928 5307 3054 5375; x_wconf 85' lang='lat' dir='ltr'><strong>pati,</strong></span> <span class='ocrx_word' id='word_1_768' title='bbox 3091 5307 3264 5374; x_wconf 88' lang='lat' dir='ltr'><strong>perire</strong></span> <span class='ocrx_word' id='word_1_769' title='bbox 3295 5307 3510 5378; x_wconf 77' lang='lat' dir='ltr'><strong>paucos</strong></span> <span class='ocrx_word' id='word_1_770' title='bbox 3528 5325 3725 5364; x_wconf 86' lang='lat' dir='ltr'><strong>eorum</strong></span> <span class='ocrx_word' id='word_1_771' title='bbox 3749 5307 3832 5376; x_wconf 84' lang='lat' dir='ltr'><strong>qui</strong></span> 
     </span>
    </p>
   </div>
   <div class='ocr_carea' id='block_1_135' title="bbox 2235 5377 3834 5450">
    <p class='ocr_par' dir='ltr' id='par_1_135' title="bbox 2235 5377 3834 5450">
     <span class='ocr_line' id='line_1_135' title="bbox 2235 5377 3834 5450; baseline 0.001 -21"><span class='ocrx_word' id='word_1_772' title='bbox 2235 5377 2476 5450; x_wconf 81' lang='lat' dir='ltr'><strong>catholici</strong></span> <span class='ocrx_word' id='word_1_773' title='bbox 2518 5390 2663 5442; x_wconf 85' lang='lat' dir='ltr'><strong>sunt,</strong></span> <span class='ocrx_word' id='word_1_774' title='bbox 2690 5388 2738 5430; x_wconf 88' lang='lat' dir='ltr'><strong>et</strong></span> <span class='ocrx_word' id='word_1_775' title='bbox 2770 5377 3052 5450; x_wconf 17' lang='lat' dir='ltr'><strong>Asiquando</strong></span> <span class='ocrx_word' id='word_1_776' title='bbox 3089 5381 3138 5432; x_wconf 90' lang='lat' dir='ltr'><strong>in</strong></span> <span class='ocrx_word' id='word_1_777' title='bbox 3184 5377 3413 5450; x_wconf 22' lang='lat' dir='ltr'><strong>peceata‘</strong></span> <span class='ocrx_word' id='word_1_778' title='bbox 3440 5379 3725 5444; x_wconf 75' lang='lat' dir='ltr'><strong>incidunt,</strong></span> <span class='ocrx_word' id='word_1_779' title='bbox 3773 5379 3834 5431; x_wconf 88' lang='lat' dir='ltr'><strong>de</strong></span> 
     </span>
    </p>
   </div>
   <div class='ocr_carea' id='block_1_136' title="bbox 2239 5448 3831 5518">
    <p class='ocr_par' dir='ltr' id='par_1_136' title="bbox 2239 5448 3831 5518">
     <span class='ocr_line' id='line_1_136' title="bbox 2239 5448 3831 5518; baseline -0.001 -18"><span class='ocrx_word' id='word_1_780' title='bbox 2239 5449 2319 5500; x_wconf 86' lang='lat' dir='ltr'><strong>bis</strong></span> <span class='ocrx_word' id='word_1_781' title='bbox 2347 5449 2528 5502; x_wconf 88' lang='lat' dir='ltr'><strong>dolere</strong></span> <span class='ocrx_word' id='word_1_782' title='bbox 2559 5457 2612 5500; x_wconf 91' lang='lat' dir='ltr'><strong>ct</strong></span> <span class='ocrx_word' id='word_1_783' title='bbox 2644 5448 3008 5514; x_wconf 74' lang='lat' dir='ltr'><strong>pmnitentiatn</strong></span> <span class='ocrx_word' id='word_1_784' title='bbox 3064 5459 3223 5518; x_wconf 85' lang='lat' dir='ltr'><strong>agere</strong></span> <span class='ocrx_word' id='word_1_785' title='bbox 3272 5448 3516 5502; x_wconf 80' lang='lat' dir='ltr'><strong>student.</strong></span> <span class='ocrx_word' id='word_1_786' title='bbox 3573 5450 3745 5504; x_wconf 90' lang='lat' dir='ltr'><strong>Porro</strong></span> <span class='ocrx_word' id='word_1_787' title='bbox 3775 5450 3831 5500; x_wconf 87' lang='lat' dir='ltr'><strong>li-</strong></span> 
     </span>
    </p>
   </div>
   <div class='ocr_carea' id='block_1_137' title="bbox 2234 5517 3838 5585">
    <p class='ocr_par' dir='ltr' id='par_1_137' title="bbox 2234 5517 3838 5585">
     <span class='ocr_line' id='line_1_137' title="bbox 2234 5517 3838 5585; baseline 0 -14"><span class='ocrx_word' id='word_1_788' title='bbox 2234 5531 2342 5571; x_wconf 88' lang='lat' dir='ltr'><strong>emt</strong></span> <span class='ocrx_word' id='word_1_789' title='bbox 2366 5519 2653 5571; x_wconf 78' lang='lat' dir='ltr'><strong>Prudentia</strong></span> <span class='ocrx_word' id='word_1_790' title='bbox 2677 5521 2746 5570; x_wconf 86' lang='lat' dir='ltr'><strong>ita</strong></span> <span class='ocrx_word' id='word_1_791' title='bbox 2759 5519 3064 5572; x_wconf 66' lang='lat' dir='ltr'><strong>existimare</strong></span> <span class='ocrx_word' id='word_1_792' title='bbox 3085 5517 3149 5571; x_wconf 87' lang='lat' dir='ltr'><strong>de</strong></span> <span class='ocrx_word' id='word_1_793' title='bbox 3178 5519 3259 5572; x_wconf 90' lang='lat' dir='ltr'><strong>sui</strong></span> <span class='ocrx_word' id='word_1_794' title='bbox 3289 5528 3390 5572; x_wconf 87' lang='lat' dir='ltr'><strong>tem</strong></span> <span class='ocrx_word' id='word_1_795' title='bbox 3403 5524 3560 5585; x_wconf 72' lang='lat' dir='ltr'><strong>poris</strong></span> <span class='ocrx_word' id='word_1_796' title='bbox 3581 5517 3838 5575; x_wconf 79' lang='lat' dir='ltr'><strong>Cliristta~</strong></span> 
     </span>
    </p>
   </div>
   <div class='ocr_carea' id='block_1_138' title="bbox 2237 5587 3836 5654">
    <p class='ocr_par' dir='ltr' id='par_1_138' title="bbox 2237 5587 3836 5654">
     <span class='ocr_line' id='line_1_138' title="bbox 2237 5587 3836 5654; baseline 0 -15"><span class='ocrx_word' id='word_1_797' title='bbox 2237 5603 2318 5640; x_wconf 80' lang='lat' dir='ltr'><strong>nis</strong></span> <span class='ocrx_word' id='word_1_798' title='bbox 2349 5589 2642 5652; x_wconf 80' lang='lat' dir='ltr'><strong>catholicis,</strong></span> <span class='ocrx_word' id='word_1_799' title='bbox 2672 5603 2803 5654; x_wconf 81' lang='lat' dir='ltr'><strong>quos</strong></span> <span class='ocrx_word' id='word_1_800' title='bbox 2831 5590 2970 5642; x_wconf 73' lang='lat' dir='ltr'><strong>serio</strong></span> <span class='ocrx_word' id='word_1_801' title='bbox 3000 5589 3064 5640; x_wconf 83' lang='lat' dir='ltr'><strong>ad</strong></span> <span class='ocrx_word' id='word_1_802' title='bbox 3097 5587 3254 5642; x_wconf 81' lang='lat' dir='ltr'><strong>vitam</strong></span> <span class='ocrx_word' id='word_1_803' title='bbox 3285 5598 3552 5642; x_wconf 75' lang='lat' dir='ltr'><strong>mternatn</strong></span> <span class='ocrx_word' id='word_1_804' title='bbox 3607 5592 3836 5644; x_wconf 76' lang='lat' dir='ltr'><strong>maxima</strong></span> 
     </span>
    </p>
   </div>
   <div class='ocr_carea' id='block_1_139' title="bbox 2237 5659 3835 5728">
    <p class='ocr_par' dir='ltr' id='par_1_139' title="bbox 2237 5659 3835 5728">
     <span class='ocr_line' id='line_1_139' title="bbox 2237 5659 3835 5728; baseline -0.001 -17"><span class='ocrx_word' id='word_1_805' title='bbox 2237 5675 2298 5711; x_wconf 81' lang='lat' dir='ltr'><strong>ex</strong></span> <span class='ocrx_word' id='word_1_806' title='bbox 2328 5671 2474 5726; x_wconf 85' lang='lat' dir='ltr'><strong>parte</strong></span> <span class='ocrx_word' id='word_1_807' title='bbox 2497 5659 2819 5712; x_wconf 86' lang='lat' dir='ltr'><strong>contendere</strong></span> <span class='ocrx_word' id='word_1_808' title='bbox 2843 5660 3139 5723; x_wconf 87' lang='lat' dir='ltr'><strong>constabat,</strong></span> <span class='ocrx_word' id='word_1_809' title='bbox 3165 5659 3403 5728; x_wconf 85' lang='lat' dir='ltr'><strong>quamvis</strong></span> <span class='ocrx_word' id='word_1_810' title='bbox 3422 5661 3592 5712; x_wconf 86' lang='lat' dir='ltr'><strong>multi</strong></span> <span class='ocrx_word' id='word_1_811' title='bbox 3619 5659 3835 5725; x_wconf 71' lang='lat' dir='ltr'><strong>insigni,</strong></span> 
     </span>
    </p>
   </div>
   <div class='ocr_carea' id='block_1_140' title="bbox 2235 5727 3840 5792">
    <p class='ocr_par' dir='ltr' id='par_1_140' title="bbox 2235 5727 3840 5792">
     <span class='ocr_line' id='line_1_140' title="bbox 2235 5727 3840 5792; baseline 0 -12"><span class='ocrx_word' id='word_1_812' title='bbox 2235 5741 2286 5780; x_wconf 84' lang='lat' dir='ltr'><strong>et</strong></span> <span class='ocrx_word' id='word_1_813' title='bbox 2318 5729 2529 5781; x_wconf 83' lang='lat' dir='ltr'><strong>hernica</strong></span> <span class='ocrx_word' id='word_1_814' title='bbox 2566 5729 2628 5792; x_wconf 62' lang='lat' dir='ltr'><strong>pii</strong></span> <span class='ocrx_word' id='word_1_815' title='bbox 2652 5739 2755 5780; x_wconf 78' lang='lat' dir='ltr'><strong>tate</strong></span> <span class='ocrx_word' id='word_1_816' title='bbox 2788 5747 2889 5780; x_wconf 84' lang='lat' dir='ltr'><strong>non</strong></span> <span class='ocrx_word' id='word_1_817' title='bbox 2919 5727 3237 5782; x_wconf 85' lang='lat' dir='ltr'><strong>eminerent.</strong></span> <span class='ocrx_word' id='word_1_818' title='bbox 3275 5727 3508 5780; x_wconf 68' lang='lat' dir='ltr'><strong>Gravina</strong></span> <span class='ocrx_word' id='word_1_819' title='bbox 3541 5730 3690 5784; x_wconf 83' lang='lat' dir='ltr'><strong>libro</strong></span> <span class='ocrx_word' id='word_1_820' title='bbox 3725 5730 3840 5783; x_wconf 81' lang='lat' dir='ltr'><strong>Pla-</strong></span> 
     </span>
    </p>
   </div>
   <div class='ocr_carea' id='block_1_141' title="bbox 2238 5798 3840 5867">
    <p class='ocr_par' dir='ltr' id='par_1_141' title="bbox 2238 5798 3840 5867">
     <span class='ocr_line' id='line_1_141' title="bbox 2238 5798 3840 5867; baseline 0.004 -19"><span class='ocrx_word' id='word_1_821' title='bbox 2238 5814 2311 5848; x_wconf 68' lang='lat' dir='ltr'><strong>zm</strong></span> <span class='ocrx_word' id='word_1_822' title='bbox 2346 5799 2408 5851; x_wconf 86' lang='lat' dir='ltr'><strong>de</strong></span> <span class='ocrx_word' id='word_1_823' title='bbox 2436 5798 2682 5852; x_wconf 75' lang='lat' dir='ltr'><strong>l‘aradiso</strong></span> <span class='ocrx_word' id='word_1_824' title='bbox 2716 5812 2866 5866; x_wconf 54' lang='lat' dir='ltr'><strong>caput</strong></span> <span class='ocrx_word' id='word_1_825' title='bbox 2894 5799 3085 5865; x_wconf 76' lang='lat' dir='ltr'><strong>adjecit</strong></span> <span class='ocrx_word' id='word_1_826' title='bbox 3114 5799 3179 5852; x_wconf 84' lang='lat' dir='ltr'><strong>de</strong></span> <span class='ocrx_word' id='word_1_827' title='bbox 3227 5799 3413 5867; x_wconf 82' lang='lat' dir='ltr'><strong>majori</strong></span> <span class='ocrx_word' id='word_1_828' title='bbox 3455 5799 3704 5854; x_wconf 63' lang='lat' dir='ltr'><strong>nurnero</strong></span> <span class='ocrx_word' id='word_1_829' title='bbox 3735 5800 3840 5854; x_wconf 66' lang='lat' dir='ltr'><strong>sal-</strong></span> 
     </span>
    </p>
   </div>
  </div>
