3970 6326
544 342 653 402 859

795 462 871 517 Te
895 461 1180 517 chrismate
1210 463 1528 518 innotatum.

720 555 882 625 308
903 554 1025 623 Fac,
1049 572 1167 611 eum
1192 565 1409 612 vocante
1432 570 1620 611 somno

793 643 1005 699 Caslum
1031 647 1165 713 petis
1190 647 1383 713 cubile,

792 734 1064 801 Frontem,
1100 736 1378 808 locumque
1404 751 1434 791 c
1458 736 1581 790 ~rdis

794 826 979 881 Crucis
1010 828 1170 896 figura
1201 830 1389 898 signet.

723 919 863 974 Crux
895 920 1041 990 pellit
1060 935 1217 975 omne
1244 921 1441 975 crimen
1478 940 1489 973 :

798 1010 1023 1080 Fugiunt
1044 1025 1255 1067 crucem
1284 1008 1520 1065 tenebrae
1549 1028 1559 1060 :

797 1100 909 1154 Tali
940 1100 1109 1155 dicata
1136 1101 1287 1170 signo

799 1191 944 1247 Mens
972 1190 1229 1247 ﬂuctuare
1250 1193 1441 1248 nescit.

554 638 651 699 150

559 1100 659 1155 155

2152 688 2157 691 ἶ
2223 734 2327 791 tto

1583 338 1854 395 AURELII
1896 337 2261 396 PRUDENTII
2299 338 2621 395 CARMINA.
2662 337 2673 343 ’
3681 334 3770 392 810

2134 465 2190 525 Α

2388 462 2599 527 Procul,
2633 477 2663 515 υ
2690 458 2871 528 procul
2901 464 3183 526 vagantum

2467 554 2716 608 Portenta
2745 550 3095 606 somniorum.

2474 644 2662 699 Procul
2692 652 2809 698 esto
2834 641 3094 711 pervicaci

2469 734 2631 804 309
2663 732 3018 801 Praestigiator
3045 738 3183 783 astu.

2398 825 2443 881 Ο
2474 834 2711 880 tortuose
2740 838 2982 893 serpens,

2473 914 2575 981 Qui
2609 912 2751 967 inille
2778 928 2875 982 per
2902 910 3217 973 Maeandros,

2476 1004 2818 1072 Fraudesque
2846 1002 3113 1058 ﬂexuosas

2474 1099 2658 1169 Agitas
2682 1098 2858 1168 quieta
2883 1096 3067 1159 corda,

2222 1192 2329 1247 145
2401 1190 2649 1259 Discede,
2678 1188 2927 1245 Christus
2955 1189 3043 1245 hic
3068 1199 3151 1245 est
3175 1207 3187 1241 :

1862 1281 2141 1339 GLOSSJE
2177 1282 2514 1340 VETERES.

627 1378 749 1433 151.
786 1377 1055 1442 Frontem,
1105 1387 1231 1441 etc.,
1262 1377 1368 1432 haec
1398 1385 1515 1430 sunt
1546 1378 1645 1429 duo
1692 1376 1781 1430 illa
1824 1375 2119 1445 superlimi-

559 1451 703 1503 naria
729 1464 840 1515 qua:
884 1449 1129 1513 sanguine
1155 1448 1273 1517 agni
1296 1447 1589 1500 videbantur
1615 1447 1815 1516 aspergi
1845 1447 1968 1517 :_sic
1987 1446 2119 1497 enim

560 1522 700 1589 frons
729 1517 1109 1589 superliminare
1144 1515 1343 1589 capitis,
1372 1517 1445 1589 sic
1487 1526 1534 1570 et
1580 1532 1666 1569 cor
1708 1515 2117 1584 superliminare,

559 1586 604 1642 et
653 1586 931 1654 principale
978 1586 1211 1654 pectoris,
1241 1586 1354 1639 Vat.
1387 1587 1451 1640 A.

632 1659 753 1713 159.
796 1657 1083 1727 Pervicaci,
1116 1656 1380 1727 pertinaci,
1411 1656 1770 1727 perseveranti,
1798 1653 1903 1709 Iso.

630 1731 750 1785 MO.
792 1714 1166 1797 Praestigiator,
1201 1714 1537 1795 praestrig'jium
1564 1714 1768 1778 dicitur,
1789 1733 2069 1779 monstrum
2095 1741 2125 1777 a
2155 1714 2204 1775 Β

2227 1379 2651 1449 prcestringendo,
2693 1379 2731 1449 i7.
2784 1393 2829 1432 e.
2870 1376 3132 1431 illudendo
3186 1378 3452 1444 improvise
3504 1376 3693 1430 oculos.
3728 1406 3782 1416 εκ

2226 1448 2355 1501 Astu
2367 1489 2380 1502 .
2404 1448 2668 1510 astutione,
2706 1448 2746 1504 Ι.

2463 1514 3073 1597 Μωειιιᾴςοςηηωᾳῃάρη
3095 1516 3278 1597 [tut-ius
3309 1514 3472 1597 Caria:
3504 1514 3690 1593 faciens
3719 1532 3766 1594 re

2224 1587 2504 1642 volutiones
2534 1588 2881 1641 multimodas.
2921 1588 3023 1640 Sed
3053 1586 3136 1639 hic
3165 1587 3271 1651 ipse
3308 1586 3494 1653 ﬂuvius
3538 1601 3630 1654 pro
3678 1586 3786 1652 ipsis

2227 1658 2442 1729 ﬂexibus
2462 1659 2710 1729 serpentis
2739 1658 3099 1722 introducitur,
3133 1656 3171 1711 I.

1900 1816 2032 1869 CUM
2042 1813 2267 1869 MENTA
2277 1808 2455 1866 RIUS.

561 1908 850 1982 provisum.
878 1904 1281 1982 Vid_e__Lup_ium,
1306 1906 1518 1982 dissert.
1544 1908 1593 1982 I_.
1625 1921 1774 1982 num.
1802 1906 1872 1961 25
1902 1919 1956 1982 e_t
1983 1919 2123 1982 seq.,

560 1975 615 2036 et
639 1979 951 2047 scriptorem
973 1976 1107 2031 Vitae
1130 1977 1186 2031 S.
1218 1976 1425 2031 Ottonis
1452 1976 1588 2045 apud
1621 1978 1836 2031 Surium
1877 1977 1945 2029 ad
1984 1975 2126 2047 diem

560 2052 595 2105 2
622 2046 765 2114 Julii,
795 2048 881 2102 ubi
903 2046 977 2100 ait
1006 2064 1018 2098 :
1054 2047 1300 2101 Sacerdos
1329 2062 1467 2111 vero,
1498 2048 1585 2117 qui
1614 2048 1681 2098 ad
1702 2063 1917 2117 cuppnm
1942 2046 2124 2109 stabat,

562 2138 675 2174 eum
716 2120 935 2172 audisset
964 2118 1128 2186 potius
1171 2132 1321 2185 quam
1366 2116 1589 2180 vidisset,
1625 2118 1761 2186 quod
1790 2116 1974 2183 aliquis
2000 2126 2127 2186 esset

564 2193 618 2243 in
642 2206 793 2258 aqua,
822 2189 929 2241 velo
954 2188 1217 2255 paululum
1244 2196 1430 2248 amoto,
1456 2188 1588 2258 trina
1610 2185 1927 2239 immersione
1946 2185 2129 2255 capitis

565 2256 704 2313 illius
732 2258 1024 2327 mysterium
1050 2258 1347 2309 sacramenti
1367 2256 1583 2327 perﬁcit.

639 2328 759 2381 128.
786 2324 1069 2387 'tleinsius,
1093 2327 1191 2379 etsi
1221 2327 1270 2376 in
1300 2327 1414 2377 Put.
1443 2334 1498 2378 et
1524 2324 1641 2377 aliis
1661 2339 1724 2378 ex
1750 2324 2129 2380 vetustioribus

564 2397 825 2452 invenerit
849 2397 1151 2456 innotatum,
1201 2403 1375 2447 tamen
1422 2396 1698 2461 amplexus
1727 2403 1810 2448 est
1835 2395 2131 2447 innovatum

565 2483 685 2531 eum
716 2466 868 2521 codd.
895 2465 1146 2534 quinque,
1178 2474 1230 2534 et
1256 2463 1428 2518 Oxon.
1464 2464 1515 2517 in
1549 2479 1740 2529 tnarg.,
1780 2471 1834 2519 et
1861 2464 2130 2519 Gronovio

565 2538 618 2591 in
647 2537 919 2591 Observat.
953 2536 1144 2589 eccies.
1181 2533 1318 2591 flat..
1351 2534 1496 2588 Sich.
1528 2544 1578 2587 et
1606 2534 1809 2588 Haiisb.
1843 2547 2001 2601 supra
2034 2548 2123 2601 pa-

565 2608 691 2661 riter
720 2609 1028 2664 innovatum.
1056 2604 1194 2673 quod
1223 2612 1398 2657 exstat
1435 2606 1593 2657 etiam
1640 2605 1689 2656 in
1720 2604 1872 2669 Urb.,
1908 2603 2049 2673 Vatt.
2078 2604 2128 2668 Ι,

564 2680 628 2743 0,
661 2678 723 2745 Q,
757 2676 910 2744 cujus
935 2672 1106 2742 glossa
1136 2684 1219 2729 est
1242 2674 1526 2743 signatum;
1547 2682 1601 2727 et
1637 2683 1848 2728 secutus
1888 2682 1970 2728 est
1994 2672 2130 2745 Teo-

566 2743 781 2813 lius,'ne
820 2743 886 2798 ab
915 2746 1129 2799 Heinsio
1158 2745 1477 2798 discederet.
1512 2745 1652 2811 Lego
1676 2758 1795 2797 cum
1824 2743 2129 2797 vetustissi-

564 2820 665 2871 mis
696 2816 917 2880 Heinsii,
948 2815 1090 2878 Ald.,
1111 2814 1245 2868 Vatt.
1271 2815 1334 2879 A,
1365 2816 1426 2880 Β,
1455 2815 1514 2877 Ρ,
1539 2815 1714 2879 Alex.,
1743 2813 1929 2879 Nebr.,
1949 2813 2130 2883 Prag.,

564 2888 741 2954 fiold.,
770 2887 962 2956 Bong.,
990 2884 1171 2949 Fabr.,
1205 2884 1315 2938 Gis.
1357 2896 1410 2956 et
1458 2886 1599 2948 aliis,
1626 2886 1931 2949 innotatum,
1987 2887 2128 2953 quod

566 2960 789 3013 mirifice
819 2957 872 3011 in
895 2955 1040 3009 hunc
1072 2957 1243 3010 locum
1275 2955 1517 3024 quadrat.
1556 2956 1873 3009 Prudentius
1900 2956 2131 3022 |oqu=tur

564 3030 632 3083 de
684 3036 1018 3081 sacramento
1068 3026 1509 3091 confirmationis,
1538 3024 1679 3095 quod
1718 3041 1747 3079 a
1794 3036 2130 3080 saerameuto

569 3099 817 3166 baptismi
848 3105 1029 3166 aperte
1059 3098 1143 3151 hic
1182 3108 1233 3149 et
1263 3096 1386 3148 alibi
1427 3097 1720 3160 distinguit.
1756 3096 1962 3150 Dictum
2002 3109 2129 3148 vero

565 3170 658 3223 fuit
695 3176 1088 3255 sacramentum
1109 3166 1535 3255 ‘confirntatiioiiis.
1557 3167 1795 3231 chrisma,
1824 3167 2127 3255 qpiasacra
2155 3191 2202 3255 ο

565 3240 813 3293 unctione
846 3238 1191 3307 peragebatur
1215 3253 1226 3288 :
1261 3238 1399 3302 quod
1422 3236 1655 3291 chrisma
1684 3237 1929 3305 ampullas
1952 3237 2128 3307 inclu-

564 3325 681 3363 sum
708 3305 907 3362 servari
935 3305 1147 3361 solitum
1178 3307 1227 3359 in
1259 3308 1515 3369 Ecclesia,
1548 3308 1810 3374 colligitur
1836 3322 1896 3359 ex
1937 3305 2130 3374 Optato

566 3389 745 3433 contra
780 3377 1181 3432 Parmenionem
1232 3377 1322 3430 lib.
1380 3394 1434 3431 tt.
1490 3378 1595 3429 Ilac
1649 3392 1779 3430 voce
1824 3377 2128 3431 chrismatis

566 3446 985 3502 confirmationis
1016 3456 1405 3501 sacramentum
1457 3446 1723 3516 appellant
1753 3446 2127 3509 Tcrtullianus.

567 3519 881 3587 Cyprianus,
905 3518 1246 3585 Augustinus,
1275 3516 1503 3585 Cyrilius
1526 3516 1915 3570 Alexandrinus
1934 3517 2129 3583 aliique

567 3590 736 3641 ntuiti.
769 3588 1026 3653 Quoniam
1058 3601 1186 3640 vero
1218 3588 1362 3641 frons
1402 3587 1751 3641 confirmandi
1782 3588 1847 3641 ab
1877 3587 2130 3655 episcopo

566 3673 719 3713 sacro
744 3660 1031 3713 chrismate
1078 3657 1407 3726 signabatur,
1439 3656 1601 3724 figura
1631 3658 1804 3710 crucis
1850 3656 2127 3725 inscripta,

566 3730 685 3784 ideo
718 3744 907 3784 nomen
939 3728 1215 3798 signaculi,
1248 3738 1336 3782 aut
1387 3728 1546 3797 sigilli
1593 3728 1763 3782 eidem
1794 3738 2130 3783 sacramento

565 3801 929 3866 tribuebatur;
986 3814 1089 3867 quo
1120 3799 1332 3854 nomine
1363 3804 1440 3852 usi
1472 3808 1595 3853 sunt
1646 3798 1960 3868 Cyprianus,
1990 3798 2129 3853 Cor-

565 3873 735 3924 nelius
768 3885 920 3938 papa,
957 3866 1265 3923 Ambrosius
1309 3879 1360 3925 et
1404 3870 1515 3922 alii.
1552 3866 1733 3937 Itaque
1786 3866 2126 3934 Prudentius,

564 3941 767 3995 duobus
807 3940 980 3995 verbis
1020 3940 1125 3993 duo
1154 3940 1265 3993 haec
1315 3941 1525 3994 nomina
1556 3941 1886 4007 complexus,
1915 3941 2130 4008 egregie

565 4010 716 4072 dixit,
758 4009 829 4061 Te
857 4011 1124 4063 chrismate
1152 4010 1455 4074 innotatum,
1486 4020 1539 4063 et
1594 4009 1728 4062 infra
1757 4008 2005 4077 explicat,
2034 4024 2131 4063 cur

563 4079 1103 4149 innotatumgdixetit,
1140 4079 1357 4149 signum,
1388 4080 1525 4149 quod
1577 4079 1685 4145 ipse
1738 4080 1888 4132 nosti.
1930 4078 2128 4134 Eodem

564 4148 832 4215 pertinent
856 4139 1136 4217 Psychom.
1170 4139 1352 4203 versus
1380 4139 1482 4203 558
1510 4156 1564 4202 et
1591 4139 1739 4217 seqq.
1779 4152 1947 4216 Apoc.
1984 4164 2125 4203 vers.

566 4216 668 4271 487
697 4225 749 4269 et
777 4230 949 4284 seqq.,
975 4216 1171 4284 hymno
1195 4218 1227 4271 9
1253 4218 1406 4271 Cath.
1433 4232 1573 4271 vers.
1600 4216 1687 4280 84,
1714 4218 1805 4272 lib.
1832 4235 1843 4271 l
1875 4217 2129 4275 adversus

565 4287 961 4359 Symmachum,
994 4299 1131 4359 vers“.
1161 4286 1284 4340 587.
1322 4286 1487 4359 Unde
1506 4304 1706 4359 sacrum
1748 4288 1934 4355 referat
1971 4291 2131 4359 regali

568 4357 838 4409 chrismate
856 4356 1077 4424 signum.
1094 4354 1232 4410 Cave
1260 4370 1386 4425 ergo
1409 4372 1437 4409 a
1454 4356 1705 4420 Cellario,
1722 4354 1811 4425 qui
1832 4374 1937 4413 non
1958 4354 2127 4413 solum

565 4428 856 4479 innovatum
906 4425 1137 4491 prmfert,
1184 4426 1275 4478 sed
1321 4425 1453 4480 falso
1482 4426 1658 4487 tradit,
1687 4428 1941 4493 quosdam
1972 4429 2128 4484 codd.

566 4496 761 4550 habere
788 4497 1091 4559 innotatum,
1126 4496 1301 4563 plures
1328 4498 1641 4550 innovatum.
1663 4495 1964 4551 Concedam
1992 4500 2130 4559 nihi-

568 4568 817 4629 lominus,
868 4566 919 4619 in

568 4638 735 4692 viario
761 4636 919 4691 etiam
952 4635 1282 4690 Mozarabico
1305 4652 1423 4691 esse
1464 4638 1774 4689 innovatum.
1803 4635 1938 4692 Vide
1968 4638 2133 4692 Baro-

562 4708 708 4762 nium
739 4707 804 4760 ad
830 4708 916 4761 an.
948 4706 1036 4771 55,
1065 4720 1184 4774 pag.
1218 4706 1324 4761 248
1369 4716 1422 4761 et
1468 4721 1617 4776 seqq.
1639 4744 1654 4770 ,
1705 4708 1793 4775 qui
1837 4706 2133 4764 istiusmodi

563 4778 886 4842 unctionem,
917 4777 985 4829 ab
1011 4776 1273 4845 episcopis
1296 4779 1346 4830 in
1375 4778 1549 4830 fronte
1578 4786 1869 4845 peractam,
1895 4793 2014 4833 esse
2040 4793 2131 4832 sa-

566 4861 897 4905 cramentum
928 4846 1126 4901 diserte
1156 4848 1363 4913 probat.
1391 4846 1527 4913 Quid
1559 4856 1737 4900 autem
1777 4846 1983 4901 differat
2027 4863 2130 4902 un-

560 4918 665 4971 etio
692 4918 806 4973 haec
833 4918 900 4972 ab
930 4918 1052 4981 alia,
1077 4932 1232 4987 quam
1262 4915 1556 4986 presbyteri
1581 4916 1832 4974 adhibent
1851 4918 1904 4971 in
1924 4920 2125 4974 vertice

559 4988 684 5040 dum
720 4988 1006 5056 baptizant,
1039 4988 1308 5055 explicant
1335 4988 1682 5041 Bellarminus
1733 4989 1930 5055 aliique
1972 4991 2125 5043 theo-

561 5058 685 5124 logi.
708 5057 789 5111 Cl.
824 5058 1031 5111 Bertius
1063 5058 1156 5111 lib.
1188 5073 1330 5111 χχιιι
1356 5058 1424 5111 de
1447 5056 1635 5110 Theol.
1671 5057 1833 5121 Disc.,
1867 5073 1983 5127 cap.
2031 5060 2119 5123 10,

562 5142 665 5179 non
698 5127 874 5194 inepte
902 5128 980 5179 his
1009 5128 1249 5182 versibus
1274 5128 1458 5197 utitur.
1489 5127 1573 5180 ubi
1616 5129 1723 5197 agit
1751 5128 1817 5180 de
1839 5128 1987 5196 alapa
2019 5145 2121 5197 qua

558 5197 902 5250 confirmatus
929 5197 1115 5250 leviter
1144 5198 1383 5261 caeditur,
1406 5196 1580 5251 Cultor
1609 5195 1707 5249 Dei
1727 5195 1997 5263 momento,
2015 5195 2118 5252 etc.

561 5267 865 5320 Lectionem
896 5282 1023 5319 vero
1055 5276 1289 5320 nostram
1322 5270 1610 5319 innotatum
1655 5268 1970 5322 confirmant
1996 5284 2119 5323 ver-

559 5351 651 5390 sus
680 5344 990 5406 sequentes,
1010 5337 1104 5406 ubi
1133 5339 1306 5391 erucis
1333 5338 1496 5406 ﬁgura
1523 5337 1942 5390 commendatur.

634 5406 753 5460 129.
799 5406 952 5459 Brev.
977 5405 1132 5469 5102.,
1162 5405 1428 5469 somnum;
1454 5408 1658 5474 corrige
1679 5422 1871 5459 somno.

631 5477 751 5530 152.
790 5478 957 5540 Quam
986 5490 1204 5542 magnus
1233 5477 1284 5529 in
1315 5476 1477 5529 veteri
1502 5477 1737 5530 Ecclesia
1770 5478 1940 5530 honor
1973 5477 2117 5531 cruci

559 5544 713 5598 fuerit
741 5546 970 5609 habitus,
1002 5555 1263 5615 testantur
1303 5548 1665 5615 antiquissima
1700 5557 2037 5601 monumenta
2069 5556 2124 5600 et

559 5616 955 5681 inscriptiones.
982 5614 1110 5669 Vide
1134 5614 1502 5684 Aringhuiu’in
1533 5616 1772 5683 plurimis
1799 5618 1977 5669 ltomte
1999 5618 2122 5670 sub-

560 5691 818 5737 terranea:
852 5685 1002 5744 locis,
1028 5686 1266 5754 aliOSque
1295 5687 1667 5754 antiquitatum
1698 5685 2121 5740 Christianarum

560 5754 867 5817 scriptores.
904 5755 974 5807 De
1004 5756 1382 5809 consuetudine
1411 5772 1537 5807 vero
1570 5756 1808 5822 signandi
1842 5772 1955 5819 eor,
1981 5757 2124 5812 fron-

2231 1913 2340 1958 tem
2366 1911 2422 1957 et
2466 1917 2581 1963 ora,
2611 1902 2796 1957 confer
2819 1901 3129 1957 Gretzernm
3163 1903 3229 1956 de
3258 1901 3428 1955 Cruee
3448 1900 3542 1954 lib.
3577 1915 3650 1962 tv,
3677 1914 3784 1968 cap.

2228 1974 2323 2035 51,
2357 1974 2582 2042 aliisque
2625 1973 2822 2040 passim
2872 1974 3001 2027 locis
3051 1972 3291 2040 praeclari
3345 1972 3688 2042 ejns_operis.
3735 1973 3784 2024 S.

2229 2040 2553 2099 Athanasius
2575 2044 2727 2097 initio
2748 2044 3005 2097 orationis
3035 2052 3218 2096 contra
3248 2042 3382 2095 idola
3411 2060 3421 2093 :
3449 2040 3511 2095 Si
3536 2042 3670 2094 enim
3692 2049 3790 2109 post

2228 2115 2393 2169 crucis
2421 2115 2689 2168 adventum
2719 2114 2879 2166 omnis
2918 2112 3305 2165 simulacrorum
3330 2112 3498 2165 cultus
3522 2123 3790 2164 summotus

2230 2195 2323 2250 est,
2347 2186 2612 2252 omniaque
2633 2183 2919 2235 dwmonum
2946 2183 3204 2252 prcestigia
3226 2182 3319 2234 hoc
3340 2182 3483 2251 signo
3505 2182 3792 2249 propellun-

2230 2264 2330 2319 tur,
2356 2265 2458 2309 etc.
2489 2252 2806 2307 Prudentius
2848 2253 3002 2320 paulo
3032 2265 3146 2321 post
3196 2253 3612 2319 priestigiatorem
3649 2260 3792 2321 vocat

2231 2325 2549 2379 daemonem.
2574 2324 2713 2377 Inter
2739 2319 3101 2376 alia'vetertim
3131 2321 3328 2390 aliquot
3375 2322 3562 2376 Gallia:
3590 2319 3789 2375 theolo-

2229 2409 2416 2463 gorum
2438 2394 2631 2462 scripta
2658 2393 2872 2447 Parisiis
2890 2392 3046 2459 1586,
3071 2402 3243 2447 exstat
3264 2407 3479 2446 carmen
3494 2392 3790 2463 bucolicum

2228 2461 2409 2519 Severi
2460 2461 2634 2519 Sancti
2680 2478 2774 2517 seu
2807 2463 3055 2517 llhetoris
3101 2464 3169 2516 de
3209 2463 3462 2516 Mortibus
3494 2461 3679 2525 boum,
3711 2461 3790 2513 ubi

2232 2534 2334 2589 hoc
2362 2535 2675 2588 miraculum
2700 2543 2980 2585 enarratur
3004 2550 3016 2585 :
3052 2532 3166 2585 Hoc
3194 2534 3397 2600 signum
3425 2532 3604 2585 mediis
3654 2537 3789 2599 fron-

2231 2605 2361 2658 tibus
2392 2604 2621 2657 additnm
2653 2601 2959 2657 Cunctorum
2989 2604 3236 2669 pecudum
3266 2612 3401 2656 certa
3420 2601 3556 2655 salus
3584 2603 3705 2669 fuit.

2305 2676 2425 2729 155.
2472 2675 2525 2726 lu
2559 2689 2667 2727 uno
2694 2689 2758 2727 ex
2806 2673 3187 2741 antiquissimis
3218 2673 3483 2726 Vaticanis
3512 2671 3795 2741 heterodo-

2232 2759 2331 2798 xus
2361 2745 2551 2811 aliquis
2582 2744 2646 2797 ad
2675 2735 2965 2809 marginem
2992 2744 3192 2797 recenti
3218 2758 3375 2796 manu
3424 2735 3599 2810 posuit
3627 2760 3642 2795 :
3677 2741 3789 2795 Non

2233 2815 2371 2867 bene.
2404 2815 2499 2869 SS.
2533 2814 2735 2875 Patres,
2760 2814 2849 2881 qui
2880 2813 3082 2867 Domini
3114 2828 3325 2867 erucem
3357 2813 3439 2865 Itis
3461 2822 3515 2866 et
3535 2812 3791 2866 similibus

2232 2885 2515 3010 praeconiis
2553 2884 2825 2953 prosecuti
2872 2894 3013 2946 sunt,
3055 2884 3172 2938 vide
3199 2883 3337 2952 apud
3386 2883 3703 2938 Gretzernm
3733 2881 3795 2936 dc

2279 2971 2419 3010 ruce.

2279 2971 2419 3010 Hice.

2305 3026 2426 3081 155.
2467 3025 2521 3078 ln
2554 3026 2708 3078 Brev.
2743 3024 2901 3086 Moz.,
2936 3024 3078 3088 tales,
3113 3025 3271 3089 male,
3300 3037 3397 3090 pro
3428 3025 3541 3079 tali.

2304 3097 2425 3151 157.
2470 3096 2650 3159 Aldus,
2683 3094 2895 3158 Procul,
2917 3096 3114 3165 procul,
3140 3096 3339 3149 omisso
3368 3111 3418 3157 o,
3451 3096 3596 3163 quod
3622 3095 3793 3149 catteii

2232 3167 2449 3222 habent.
2480 3169 2658 3236 Alex.,
2692 3168 2974 3236 vagantium
3004 3182 3099 3233 pro
3138 3174 3449 3236 vagantum.
3488 3166 3537 3219 Id
3592 3166 3661 3236 ob
3690 3182 3795 3218 me~

2234 3249 2371 3293 trtnn
2405 3235 2758 3291 retinendum.
2776 3236 3114 3291 Prudentium
3137 3236 3345 3291 videtur
3370 3235 3607 3289 imitatus
3625 3235 3680 3289 S.
3698 3236 3795 3288 Eu-

2232 3309 2417 3379 genius
2447 3307 2743 3379 Toletapns
2785 3308 3069 3379 episcopus
3117 3308 3375 3375 epigram.
3416 3307 3665 3379 9.9,Upag.
3711 3306 3795 3368 δέ,

2234 3375 2372 3433 inter
2397 3394 2557 3447 opera
2587 3378 2681 3432 SS.
2718 3375 3375 3447 Patrumfl‘olrtztnorum,
3408 3376 3586 3447 studio
3627 3386 3678 3431 et
3705 3392 3796 3430 ex-

2273 3448 2414 3502 ensis
2434 3446 2504 3503 il).
2550 3447 2818 3501 Francisci
2849 3446 2914 3501 de
2944 3446 3247 3500 Lorenzana
3280 3446 3666 3515 archiepisc0pi
3695 3448 3797 3502 To-

2255 3519 2395 3573 etani
2426 3518 2565 3572 edita
2593 3536 2604 3569 :
2639 3516 2825 3571 Versus
2854 3533 3011 3587 supra
3048 3518 3230 3570 lecmm
3251 3534 3269 3570 :
3300 3515 3523 3587 Imperat
3565 3518 3794 3585 omnipo-

2234 3598 2368 3654 tens,
2420 3589 2598 3657 procul
2644 3604 2674 3641 o
2717 3588 2893 3657 procul
2933 3586 3126 3657 e/fuge,
3177 3586 3399 3651 da’mon,
3452 3597 3554 3641 etc.
3611 3586 3800 3642 Confer

2235 3659 2475 3729 ejusdem
2507 3656 2725 3726 Eugenii
2754 3670 2943 3711 versus
2972 3670 3132 3729 supra
3172 3657 3367 3729 lectum
3411 3666 3547 3724 part.
3594 3656 3631 3709 2
3679 3672 3800 3725 ορεο

2234 3726 2373 3794 rum,
2402 3731 2569 3800 epigr.
2600 3732 2633 3785 5
2660 3736 2714 3783 et
2742 3729 2794 3794 4,
2820 3729 2906 3783 ubi
2936 3730 3008 3783 ait
3033 3746 3045 3780 :
3071 3726 3247 3781 Crucis
3267 3726 3417 3781 almce
3436 3729 3541 3795 fero
3568 3729 3799 3800 signum:

2235 3801 2371 3871 fuge,
2397 3808 2612 3854 dwmon.

2305 3868 2430 3925 140.
2470 3870 2688 3925 Heinsio
2717 3884 2823 3924 non
2853 3868 3103 3938 displicet
3136 3868 3300 3937 origo
3341 3879 3395 3923 et
3424 3868 3797 3937 orthographia

2232 3942 2423 4011 glossas
2449 3941 2501 3995 in
2532 3940 3054 4012 prwstrigiator.r_Alii
3096 3940 3334 3995 scribunt
3361 3941 3633 4009 prwstigiw
3654 3939 3797 4012 quasi

2269 4013 2509 4081 rwstegia:
2535 4009 2563 4062 a
2588 4009 2886 4081 tego,'quod
2918 4009 3143 4063 illudant
3173 4019 3565 4081 praetegantgue
3596 4010 3797 4081 oculos.

2260 4083 2379 4136 dem
2411 4080 2659 4135 Heinsius
2687 4090 2862 4135 tuetur
2888 4088 3003 4133 actu
3027 4094 3121 4147 pro
3161 4088 3273 4131 astu
3303 4094 3421 4133 eum
3454 4080 3600 4141 Pnt.,
3629 4080 3797 4146 Egon,

2232 4160 2286 4206 et
2312 4152 2495 4206 Noms.
2529 4151 2666 4205 Malo
2711 4162 2823 4204 astu
2852 4166 2971 4205 cum
3018 4149 3162 4213 Ald.,
3192 4149 3409 4213 Weitz.,
3442 4148 3630 4211 Nebr.,
3663 4148 3798 4213 Gis,

2232 4222 2412 4284 Δια,
2440 4221 2581 4275 Vatt.
2616 4227 2651 4273 Α
2682 4221 2823 4285 etB,
2852 4221 2991 4284 Rat.,
3026 4220 3178 4288 Prag.
3212 4229 3266 4272 et
3286 4220 3424 4273 aliis.
3464 4219 3677 4273 Etenim
3710 4235 3798 4272 co-

2236 4292 2402 4347 haeret
2430 4306 2619 4345 sensus
2646 4307 2658 4341 :
2690 4292 3054 4360 praestigiator,
3081 4306 3284 4355 serpens
3304 4300 3555 4360 tortuose,
3594 4292 3801 4360 fraudes

2235 4362 2531 4430 postulant,
2560 4361 2661 4429 legi
2688 4370 2800 4413 astu
2832 4362 3099 4428 pertinaci.
3126 4359 3518 4413 Chamillardus
3548 4370 3606 4413 et
3633 4359 3801 4430 Cella-

2234 4433 2346 4485 rius
2378 4432 2650 4486 Heinsium
2674 4433 2838 4485 secuti
2871 4439 3011 4482 sunt.
3046 4433 3097 4481 in
3132 4430 3286 4482 Brev.
3319 4429 3475 4492 5102.,
3506 4440 3635 4482 testu
3667 4429 3804 4483 vide-

2237 4511 2320 4555 tur
2344 4517 2409 4555 ex
2436 4511 2569 4553 astu.
2600 4500 2811 4555 Teolius
2835 4499 3053 4569 praefert
3080 4512 3195 4553 actu
3223 4514 3288 4552 ex
3324 4499 3673 4563 membranis,
3701 4514 3803 4552 non

1007 4565 1281 4621 uibusdam
1328 4565 1484 4621 codd.
1539 4567 1758 4620 vetustis
1802 4577 1857 4620 et
1905 4569 1956 4621 in
2003 4564 2366 4624 Bre-Dastu.
2421 4571 2525 4627 Sed
2573 4571 2730 4625 etiam
2787 4564 3111 4625 membranae
3178 4571 3552 4625 VCIUSIIrSInl£
3608 4570 3806 4624 habent

2233 4650 2364 4695 astu.

2307 4711 2429 4766 HI.
2473 4711 2750 4766 Diabolum
2802 4719 3103 4781 serpentem
3148 4720 3441 4765 tortuosum
3473 4710 3660 4781 plures
3704 4709 3802 4763 SS.

2233 4782 2419 4836 Patres
2464 4782 2755 4849 appellant.
2830 4779 3105 4848 Philippus
3158 4783 3457 4849 presbyter,
3506 4779 3804 4848 discipulus

2231 4852 2288 4906 S.
2325 4852 2656 4921 Hieronymi,
2693 4852 2744 4904 in
2792 4865 2908 4916 cap.
2938 4866 3063 4904 xxvi
3091 4850 3232 4921 Jobi,
3264 4849 3478 4903 Coluber
3519 4858 3804 4921 tortuosus,

2232 4921 2511 4987 utiqueille
2530 4920 2762 4988 serpens,
2795 4922 2879 4987 qui
2908 4933 2978 4973 est
3008 4920 3241 4973 callidior
3261 4921 3491 4973 omnibus
3529 4920 3807 4988 animanti-

2234 4990 2323 5043 bus
2349 5007 2498 5060 super
2527 5002 2727 5043 terram.
2779 4990 3203 5060 8.7Gandentius
3233 4990 3297 5042 ad
3330 4988 3691 5054 Germinium,
3722 4987 3806 5042 vel

2232 5059 2419 5127 potius
2454 5060 2794 5121 Serminium,
2830 5059 2985 5122 Cujus
3031 5060 3269 5129 serpentis
3300 5068 3525 5129 tortuosa
3575 5060 3803 5129 ingenia.

2232 5130 2554 5184 Phaabadins
2583 5132 2633 5182 in
2664 5130 2753 5182 lib.
2789 5139 2973 5183 eontra
2997 5127 3221 5182 Arianos
3250 5147 3259 5179 :
3291 5127 3541 5198 Lucifuga
3573 5127 3802 5196 serpens,

2233 5216 2323 5268 per
2345 5205 2605 5266 anfractus
2646 5200 2875 5253 evolvens
2919 5200 3096 5253 seriem
3142 5214 3306 5263 suam,
3339 5207 3661 5266 tortuoseqtte
3692 5214 3809 5266 pro-

2229 5270 2427 5323 cedens.

2301 5339 2421 5392 ιη.
2462 5339 2639 5392 Prima
2695 5339 2745 5393 in
2800 5338 3084 5401 Mteamler,
3142 5353 3262 5391 cum
3296 5339 3365 5391 sit
3415 5337 3804 5407 diphthongus,

2228 5410 2449 5477 produci
2472 5409 2623 5463 solet.
2662 5409 2974 5463 Prudentius
3001 5408 3225 5475 corripit
3253 5408 3394 5476 quod
3442 5410 3507 5461 ab
3550 5408 3677 5475 ejus
3726 5422 3807 5461 rs-

2230 5478 2646 5544 prehensoribus
2673 5495 2776 5533 non
2804 5490 2886 5532 est
2913 5477 3367 5532 animadversum.
3402 5477 3592 5532 Scribe
3626 5489 3804 5544 autem

2228 5536 2482 5602 nzwander
2514 5564 2632 5602 cum
2661 5550 3008 5617 diphthongo,
3034 5548 3157 5616 quia
3188 5548 3345 5613 etiam
3374 5548 3453 5601 sic
3477 5536 3683 5615 corrip‘i
3716 5560 3806 5616 po-

2230 5628 2333 5675 test
2364 5620 2531 5686 prima
2556 5618 2625 5671 ob
2656 5620 2891 5673 vocalem
2923 5628 3270 5686 sequentem”

2302 5689 2424 5743 145.
2469 5688 2652 5749 Aldus,
2686 5688 2774 5742 lux
2801 5699 2871 5741 est
2905 5704 2997 5753 pro
3026 5688 3106 5739 hic
3152 5696 3243 5751 est,
3278 5698 3602 5754 repugnante
3632 5698 3808 5743 metro

2229 5769 2282 5811 et
2308 5773 2494 5814 sensu.
2529 5758 2603 5812 De
2637 5761 2733 5812 hae
2767 5759 2989 5812 formula
3019 5758 3137 5810 vide
3169 5756 3352 5829 hymn.
3384 5758 3437 5821 9.,
3473 5771 3613 5809 vers.
3647 5761 3701 5813 tt.
