1985 3163
259 141 312 172 839
480 123 485 125 ⁷
777 140 913 169 AURELII
934 140 1117 169 rnuosuru
1135 140 1297 169 canum.
1316 140 1322 143 ί
1828 138 1876 168 sto

383 202 421 229 'I‘e
433 201 576 230 chrismate
591 203 750 230 innotatum.

346 248 427 283 308
437 248 499 282 Fac,
510 257 569 277 cmn
581 254 690 277 vocante
702 256 796 276 somno

263 290 311 320 I50
382 292 488 320 Caslum
501 295 568 327 petis
581 294 678 328 cubile,

382 338 518 371 Frontem,
536 339 675 374 locumque
688 346 703 367 c
715 339 776 366 .rdis

383 384 475 411 Crucis
491 385 571 419 ﬁgura
586 386 681 420 signet.

347 430 418 458 Crux
433 431 506 466 pellit
515 438 594 459 omne
608 432 706 459 crimen
725 441 731 458 :

385 476 498 511 Fugiunt
508 483 614 504 crucem
628 475 746 504 tenebrae
760 485 766 501 :

265 521 315 548 155
384 521 440 548 Tali
456 521 541 549 dicata
554 521 630 556 signo

385 567 458 594 Mens
472 566 601 595 ﬁuctuare
611 567 707 595 nescit.

1180 203 1286 235 Procul,
1303 210 1318 229 0
1331 201 1422 235 procul
1437 203 1577 235 vagantum

1219 248 1344 275 Portenta
1359 247 1534 274 somniorum.

1223 293 1317 321 Procul
1332 297 1391 321 esto
1403 292 1533 327 pervicaci

1062 315 1149 367 >140
1221 315 1577 374 ὲῶῥῖἆξιῖεἶξιὶὀῖᾆὲιιι.

1185 384 1208 412 Ο
1223 389 1341 411 tortuose
1356 390 1477 418 serpens,

1222 429 1273 462 Qui
1291 428 1362 455 mille
1375 435 1423 463 per
1437 427 1594 458 Maeandros,

1224 474 1395 507 Fraudesque
1409 473 1542 501 ﬂexuosas

1223 521 1315 556 Agitas
1327 520 1415 556 quieta
1427 519 1519 551 corda,

1097 568 1150 595 145
1187 567 1311 601 Discede,
1325 566 1449 594 Christus
1463 566 1507 594 hic
1520 571 1561 594 est
1573 575 1579 592 :

917 612 1056 641 GLOSS/E
1075 612 1243 641 VETERES.

299 660 360 688 151.
378 659 513 692 Froutem,
538 665 601 692 elc.,
617 660 670 687 hiet:
685 664 743 686 sunt
759 660 809 686 duo
832 659 876 686 illa
898 659 1045 694 superlimi-

265 696 337 723 naria
350 703 406 728 qute
428 696 551 727 sanguine
563 695 623 730 agni
634 695 780 721 videbantur
793 695 893 729 aspergi
908 695 970 730 :Vsic
979 695 1045 720 enim

265 732 335 766 frons
350 729 540 766 tuperliminare
558 730 657 766 capitis,
672 730 708 756 sic
730 735 753 756 et
776 737 819 756 cor
840 729 1044 763 superlintinare,

265 764 288 792 et
312 764 451 798 principale
474 765 591 798 pectoris,
606 764 663 790 Vat.
679 765 711 791 A.

302 800 362 828 159.
384 799 527 835 Pervicaci,
543 799 676 835 pertinaci.
691 799 871 835 perseveranti,
885 798 938 826 Iso.

300 836 361 863 MO.
382 829 569 869 Praestigiator,
586 829 754 868 prtestrigium
768 829 869 860 dicitur
880 838 1020 861 momtrum
1033 842 1048 860 a
1063 829 1088 859 Β

1099 661 1311 696 prmiringendo,
1332 661 1351 696 ἰν.
1378 668 1400 688 e.
1421 660 1552 687 illudendo
1578 660 1712 694 improvise
1738 660 1834 686 oculos.
1852 675 1881 680 —

1099 695 1176 723 Astu.
1188 695 1320 726 asiutione,
1339 695 1358 723 Ι.

1135 730 1196 758 142,
1217 731 1374 762 Maeandros,
1388 728 1521 757 Maeander
1533 730 1625 765 ﬂat-ius
1640 729 1722 755 Cariae
1738 728 1833 762 faciens
1848 738 1873 755 re

1097 765 1238 792 volutiones
1253 765 1426 792 multimodas.
1447 765 1498 792 Sed
1513 765 1554 791 hic
1568 765 1622 797 ipse
1640 765 1732 798 ﬂuvius
1755 772 1801 799 pro
1826 765 1883 798 ipsis

1099 800 1207 836 flexibus
1217 801 1341 835 serpentis
1355 801 1535 832 introducitur,
1551 799 1571 827 Ι.

935 875 1213 906 COMMENTARIUS.

266 925 410 962 provisum.
425 923 626 962 Vid_e__Lup_ium,
639 924 745 962 dissert.
757 925 782 962 I_.
798 932 872 962 num.
886 924 922 951 25
936 931 963 962 e_t
977 931 1047 962 seq"

265 959 293 989 et
305 960 461 995 scriptorem
472 959 539 995 Vitae
551 960 578 987 S.
594 959 698 986 Ottonis
711 959 779 994 apud
796 960 904 987 Surium
924 960 958 985 ad
978 959 1048 986 diem

265 997 283 1024 2
296 994 368 1028 Julii,
383 995 426 1022 ubi
437 994 474 1021 ait
489 1003 495 1020 :
512 994 636 1022 Sacerdos
650 1002 719 1026 vero,
735 995 778 1030 qui
792 995 826 1020 ad
836 1003 944 1028 cuppmn
957 995 1048 1026 stabat,

266 1040 323 1058 eum
343 1030 453 1057 audisset
467 1030 550 1064 potius
571 1037 646 1063 quam
669 1030 780 1061 vidisset,
798 1030 866 1064 quod
881 1029 973 1063 aliquis
986 1034 1049 1055 esset

267 1068 294 1093 in
307 1074 382 1100 aqua,
396 1066 450 1091 velo
462 1065 594 1098 paululum
608 1069 701 1095 amoto,
713 1065 780 1091 tritta
790 1065 949 1091 immersione
958 1064 1050 1099 capitis

268 1101 338 1127 illius
351 1099 497 1134 mysterium
510 1100 659 1125 sacramenti
669 1099 777 1133 per/icit.

305 1135 365 1161 128.
379 1133 520 1164 ῚΙεὶηςίυε,
532 1134 581 1161 etsi
596 1134 621 1159 in
635 1134 693 1160 Ριη.
707 1138 735 1160 et
747 1133 806 1160 aliis
816 1141 848 1160 ex
861 1133 1050 1161 vetustioribus

268 1169 398 1197 invenerit
410 1169 561 1200 innotatum,
586 1173 673 1194 tamen
697 1169 834 1202 amplexus
849 1173 891 1195 est
903 1169 1051 1195 innovatum

268 1212 328 1237 cum
343 1204 420 1231 codtl.
433 1203 559 1238 quinque,
574 1208 601 1230 et
614 1202 700 1230 Oxon.
718 1204 743 1230 itt
760 1211 856 1236 marg.,
876 1207 902 1230 et
916 1203 1050 1231 Gronovio

268 1240 295 1267 in
308 1239 445 1266 observat.
462 1239 558 1265 eccles.
576 1238 645 1266 εἰει..
661 1238 734 1265 Sich.
750 1243 774 1264 et
788 1238 889 1265 Hailsb.
907 1245 986 1271 supra
1003 1245 1047 1272 pa-

268 1275 331 1302 riter
345 1275 500 1303 innovatum.
513 1273 582 1308 quod
597 1277 685 1299 exstat
704 1274 782 1299 etiam
805 1274 830 1299 in
845 1273 921 1306 Urb.,
939 1273 1010 1308 Vatt.
1024 1273 1049 1306 Ι,

267 1311 299 1343 Ο,
316 1310 346 1343 Q,
364 1309 440 1343 cujus
453 1308 539 1342 glossa
553 1313 595 1335 est
606 1308 748 1343 signatum;
759 1312 786 1335 et
804 1312 909 1335 secutus
929 1312 970 1335 est
982 1307 1050 1335 'I‘eo-

268 1345 328 1377 lius,
343 1352 376 1371 ne
395 1344 428 1370 ab
443 1344 550 1371 Heinsio
565 1343 724 1370 discederet.
741 1344 811 1377 Lego
823 1350 883 1370 cum
897 1343 1050 1370 vetustissi-

267 1380 318 1406 mis
333 1379 443 1411 Heinsii,
459 1379 531 1410 Ald.,
541 1378 608 1405 \latt.
621 1379 652 1410 A,
668 1379 699 1411 Β,
713 1379 743 1409 P,
755 1379 842 1410 Alex.,
857 1378 949 1411 Nebr.,
960 1378 1050 1413 Prag.,

267 1414 356 1448 Gold.,
370 1414 466 1449 Bong.,
481 1413 571 1445 Fabr.,
588 1413 643 1440 Gis.
664 1419 691 1440 et
714 1414 785 1445 aliis,
799 1414 951 1446 innotatum,
979 1415 1050 1448 quod

269 1451 380 1477 miriﬁce
394 1449 421 1476 in
433 1448 505 1476 hunc
522 1450 607 1476 locum
623 1449 743 1483 quadrat.
763 1448 922 1476 Prudentius
935 1449 1051 1482 loqu-tur

267 1486 301 1513 de
327 1489 494 1512 sacramento
520 1484 740 1516 conﬁrmationis,
754 1483 825 1518 quod
844 1491 858 1510 a
882 1490 1050 1511 sacramento

269 1520 394 1554 baptismi
409 1523 500 1554 aperte
515 1520 557 1546 hic
576 1525 602 1546 et
617 1519 679 1545 alibi
699 1520 845 1551 distinguit.
863 1519 966 1546 Dictum
986 1526 1050 1546 vero

267 1556 529 1599 Iuitﬂsacramenturn
539 1554 753 1599 ‘conﬁrniatioiiis
764 1555 883 1586 chrisma,
897 1555 1049 1599 qpiasaera
1063 1567 1086 1599 ο

267 1591 392 1617 unctione
408 1590 581 1625 peragebatur
593 1598 598 1615 :
615 1590 685 1622 quod
696 1589 813 1617 chrisma
827 1590 950 1624 ampulla:
961 1590 1049 1625 inclu-

267 1633 326 1653 sum
339 1626 438 1652 servari
453 1625 558 1651 solitum
574 1625 599 1651 in
615 1625 743 1656 Ecclesia,
759 1625 890 1658 colligitur
903 1632 933 1651 ex
954 1624 1050 1658 Optato

268 1666 358 1687 contra
375 1660 576 1687 Parmenionem
601 1659 646 1686 lib.
675 1668 702 1686 n.
730 1660 782 1686 llac
810 1667 875 1686 voce
897 1660 1049 1686 chrismatis

268 1694 478 1722 conﬁrmationis
493 1699 688 1721 sacramentum
714 1694 847 1729 appellant
861 1694 1049 1726 Tcrtullianus,

268 1730 426 1764 Cyprianus,
437 1730 608 1764 Augustinus,
623 1729 737 1764 Cyrillus
748 1729 942 1756 Alexandrinus
952 1730 1049 1763 aliique

269 1766 353 1792 multi.
370 1765 498 1797 Quoniam
514 1771 578 1791 vero
594 1765 667 1792 l'rons
686 1765 860 1792 conﬁrmandi
876 1765 909 1792 ab
923 1765 1050 1799 episcopo

268 1807 344 1828 sacro
357 1801 501 1828 chrismate
524 1799 688 1835 signabatur,
704 1800 785 1833 ﬁgura
801 1800 887 1827 crucis
910 1799 1048 1834 inscripta,

268 1836 328 1863 idco
344 1843 438 1863 nomen
454 1835 593 1870 signaculi,
609 1840 653 1862 aut
678 1835 758 1870 sigilli
781 1835 866 1862 eidem
882 1840 1050 1863 sacramento

267 1871 449 1904 tribuebatur;
478 1878 530 1905 quo
545 1871 651 1898 nomine
666 1873 705 1897 usi
721 1875 783 1898 sunt
808 1870 965 1906 Cyprianus,
980 1870 1049 1898 Cor-

268 1907 353 1933 nclius
369 1913 445 1940 papa,
463 1906 617 1933 Ambrosius
639 1911 665 1933 et
687 1906 742 1932 alii.
761 1906 851 1940 Itaque
878 1905 1049 1938 Prudentius,

267 1941 369 1968 duobus
389 1941 475 1968 verbis
495 1941 548 1968 duo
562 1941 617 1967 haec
642 1942 747 1968 nomina
763 1942 928 1975 complexus,
942 1942 1050 1975 egregie

267 1976 343 2007 dixit,
364 1975 400 2001 Te
414 1976 547 2002 chrismate
561 1976 712 2008 ittnotatum,
728 1981 755 2003 ct
782 1976 849 2002 infra
864 1976 987 2010 explicat,
1002 1983 1051 2003 cur

266 2011 537 2046 itmotatunt‘dixeiit,
555 2011 663 2046 signum,
679 2011 747 2046 quod
773 2011 828 2044 ipse
854 2011 929 2037 noui.
950 2010 1049 2038 Eodem

267 2045 401 2078 pertinent
414 2044 553 2080 Psyehom.
570 2041 661 2073 \‘vcrsus'
675 2041 726 2073 358
739 2049 767 2072 et
780 2041 854 2080 seqq.
874 2047 958 2079 Apoc.
977 2053 1048 2073 vers.

268 2079 319 2106 487
333 2083 359 2105 et
373 2086 459 2113 seqq.,
472 2079 570 2113 hymno
583 2080 598 2106 9
611 2080 688 2107 Cath.
701 2087 771 2107 vers.
784 2080 828 2111 84,
842 2080 887 2107 lib.
901 2088 907 2106 l
923 2079 1049 2108 adversus

267 2114 465 2150 Symmachum,
482 2121 551 2150 vers:
565 2114 627 2141 587.
646 2114 720 2141 Unde
738 2123 837 2141 sacrum
859 2115 952 2149 referat
971 2117 1050 2150 regali

269 2148 404 2175 chrismate
413 2149 523 2183 tignum.
532 2148 601 2176 Cave
615 2156 678 2184 ergo
689 2157 703 2176 a
711 2149 837 2181 Ccllario.
846 2150 890 2184 qui
901 2158 953 2177 non
964 2148 1048 2178 solum

267 2184 413 2210 innovatum
438 2184 554 2217 praziert,
577 2184 622 2210 sed
645 2184 711 2211 falso
725 2184 814 2215 tradit.
828 2185 955 2218 quosdam
970 2185 1049 2213 codd.

268 2218 366 2245 habere
378 2219 530 2250 innotatum,
548 2219 635 2253 plures
649 2220 805 2246 innovatum.
816 2219 967 2247 Concedam
980 2221 1050 2249 nihi-

268 2254 393 2281 lominus.
419 2254 444 2280 iu
469 2253 625 2281 uuibttsdam
648 2254 726 2281 codd.
754 2255 864 2281 vetustis
886 2260 913 2281 et
937 2256 963 2281 in
986 2254 1050 2281 Bre-

278 2261 393 2285 OII'IIIIUS,
419 2262 444 2280 Ill

269 2289 352 2317 viario
365 2289 444 2316 etiam
460 2289 626 2316 Mozarabico
637 2297 696 2317 esse
717 2290 871 2316 innovatum.
886 2289 954 2317 Vide
969 2290 1051 2317 Baro-

266 2324 339 2352 nium
355 2324 387 2351 ad
400 2331 443 2351 an.
459 2324 503 2356 55,
517 2331 577 2358 pag.
594 2324 646 2352 248
669 2329 695 2352 et
719 2332 793 2359 seqq.
804 2344 812 2356 ,
837 2325 881 2359 qui
903 2325 1051 2353 istiusmodi

267 2360 428 2392 unctionem,
443 2359 477 2394 ab
490 2359 621 2394 episcopis
633 2361 658 2386 in
672 2360 759 2386 fronte
774 2364 919 2394 peractam,
932 2367 991 2387 esse
1005 2368 1050 2387 sa-

268 2401 434 2423 cramentum
449 2393 548 2421 diserte
563 2393 667 2428 probat.
680 2394 748 2428 Quid
764 2393 853 2421 autem
873 2394 976 2422 differat
998 2403 1050 2422 un-

265 2429 318 2456 clio
331 2429 388 2457 lucc
401 2429 435 2456 ab
449 2429 511 2462 alia,
523 2437 601 2464 quam
616 2429 763 2464 presbyteri
775 2429 901 2458 adhibent
910 2430 937 2457 in
947 2431 1048 2458 vertice

265 2464 327 2491 dum
345 2465 488 2499 baptizant,
504 2465 639 2498 explicant
652 2465 826 2492 Bellarminus
851 2466 950 2499 aliique
971 2466 1047 2493 theo-

265 2499 327 2533 logi.
339 2499 380 2526 Cl.
397 2499 501 2527 Bertius
516 2500 563 2526 lib.
579 2507 650 2527 xxxtt
662 2500 697 2526 tle
708 2499 802 2526 Tlieol.
819 2500 901 2531 Disc.,
918 2507 976 2534 cap.
1000 2501 1044 2533 10,

265 2541 318 2560 non
334 2534 422 2568 inepte
435 2534 475 2561 his
489 2535 609 2562 versibus
622 2535 713 2565 utitur.
729 2534 771 2561 ubi
792 2536 846 2568 agit
860 2535 893 2561 de
904 2535 978 2569 alapa
994 2543 1045 2569 qua

264 2569 436 2596 conﬁrmatus
449 2569 543 2596 leviter
557 2570 676 2602 carditur,
687 2569 775 2597 Cultor
789 2569 837 2596 Dei
848 2575 983 2603 momento,
992 2575 1044 2597 etc.

265 2604 417 2631 Lectionem
432 2611 496 2630 vero
512 2608 629 2631 nostram
646 2606 789 2631 innotatum
812 2606 969 2632 conﬁrmant
983 2613 1044 2633 vero

264 2646 310 2665 sus
324 2643 477 2674 sequentes,
490 2639 537 2674 ubi
551 2640 638 2666 crucis
651 2640 732 2674 ﬁgura
746 2640 956 2667 commendatur.

301 2674 362 2700 129.
384 2673 461 2700 Brev.
472 2673 551 2704 Moz.,
566 2673 699 2706 somnum;
712 2675 813 2708 corrige
824 2683 919 2701 somno.

299 2708 360 2735 £52.
380 2709 463 2741 Quam
477 2716 587 2741 magnus
602 2709 627 2735 iu
642 2710 723 2736 veteri
736 2710 852 2736 Ecclesia
869 2710 954 2736 honor
970 2710 1043 2737 cruci

264 2742 341 2769 fuerit
355 2743 470 2775 habitus,
486 2747 617 2778 testantur
637 2745 817 2778 antiquissima
834 2750 1003 2772 monumenta
1019 2750 1046 2772 ct

264 2778 462 2813 inscriptiones.
476 2777 541 2813 Vide
552 2777 735 2813 Aringhum'iu
751 2779 871 2813 plurimis
884 2780 973 2806 Romae
984 2780 1045 2807 sub-

264 2815 393 2849 terraneae
410 2812 486 2849 locis.
499 2812 818 2849 aliosqucuutiquitatum
833 2814 1045 2842 Christianarum

264 2847 417 2879 scriptores.
436 2847 472 2873 De
486 2849 675 2876 consuetudine
690 2847 753 2875 vero
769 2850 888 2882 signandi
905 2858 962 2881 cor,
975 2850 1046 2877 fron-

1101 928 1155 951 tem
1169 927 1197 950 et
1219 930 1276 953 ora.
1291 923 1384 950 confer
1395 922 1551 950 Gretzerum
1567 923 1600 949 de
1615 922 1700 949 Cruce
1710 921 1757 949 lib.
1774 929 1812 953 tv,
1826 928 1881 956 cap.

1100 958 1147 989 51,
1164 959 1277 992 aliisque
1298 958 1397 992 passim
1422 958 1486 985 locis
1512 957 1631 992 praeclari
1658 957 1716 992 ejus
1732 958 1831 992 operis.
1856 958 1881 984 S.

1100 991 1262 1021 Athanasius
1273 991 1349 1020 initio
1359 993 1488 1020 orationis
1503 991 1595 1019 contra
1610 993 1677 1019 idola
1691 1001 1697 1018 :
1711 991 1742 1020 Si
1754 993 1822 1018 enim
1834 996 1884 1026 post

1099 1029 1182 1056 crucis
1196 1029 1330 1055 adventum
1345 1029 1426 1055 omnis
1445 1028 1638 1054 simulat-rarum
1650 1028 1735 1054 cultus
1746 1033 1884 1054 summotus

1100 1068 1147 1097 est,
1159 1064 1291 1097 omniaque
1302 1063 1445 1089 dwmonum
1459 1063 1587 1098 prwstigia
1599 1063 1645 1089 hoc
1655 1063 1727 1097 signo
1738 1063 1884 1096 propellun-

1100 1103 1151 1131 tur,
1163 1103 1215 1126 etc.
1230 1098 1388 1125 Prudentius
1409 1098 1487 1131 paulo
1502 1104 1558 1132 post
1583 1098 1792 1131 prmtigiatorem
1811 1102 1884 1123 vocat

1101 1134 1260 1161 daemonem.
1273 1134 1342 1160 Inter
1355 1132 1405 1159 alia
1418 1138 1536 1160 veterum
1551 1132 1649 1167 aliquot
1673 1132 1767 1160 Gallia:
1781 1132 1882 1159 theolo-

1100 1176 1194 1203 gorum
1205 1169 1301 1202 scripta
1315 1168 1422 1195 Parisiis
1430 1167 1509 1201 1586,
1521 1173 1607 1195 exstat
1618 1175 1725 1195 carmen
1733 1168 1883 1203 bucolicum

1100 1204 1190 1231 Severi
1215 1204 1303 1231 Sancti
1326 1210 1373 1230 seu
1389 1203 1513 1230 Ithetoris
1536 1203 1570 1230 de
1590 1203 1717 1230 Mortibus
1733 1202 1826 1234 boum,
1843 1202 1883 1228 ubi

1101 1239 1153 1266 hoc
1166 1239 1323 1265 miraculum
1336 1243 1476 1264 enarratur
1488 1247 1494 1264 :
1511 1238 1568 1264 Iloc
1583 1239 1684 1272 signant
1698 1237 1789 1264 mediis
1813 1240 1882 1271 fron-

1101 1274 1166 1301 tibus
1182 1273 1297 1300 additum
1312 1272 1465 1300 Cunctorum
1480 1274 1603 1307 pecudum
1618 1277 1686 1300 certa
1695 1272 1765 1299 salus
1778 1273 1839 1306 fuit.

1138 1309 1198 1336 155.
1222 1309 1248 1334 In
1265 1316 1319 1335 uno
1333 1316 1365 1335 ex
1388 1308 1579 1342 antiquissimis
1594 1308 1727 1335 Vaticanis
1741 1307 1885 1342 heterodu-

1101 1351 1152 1371 xus
1166 1344 1261 1377 aliquis
1277 1343 1309 1370 ad
1323 1339 1468 1376 marginem
1481 1343 1581 1370 recenti
1594 1350 1673 1370 manu
1697 1339 1786 1376 posuit
1800 1351 1807 1369 :
1825 1342 1882 1369 Nan

1102 1379 1171 1405 bene.
1187 1379 1235 1406 SS.
1252 1378 1353 1409 Patres,
1365 1378 1410 1412 qui
1425 1378 1526 1405 Domini
1542 1386 1648 1405 erucem
1664 1378 1705 1404 liis
1716 1383 1743 1404 et
1753 1377 1883 1405 similibus

1101 1414 1243 1476 Ermconiis
1262 1413 1397 1448 prosecuti
1421 1418 1492 1444 sunt,
1513 1413 1571 1440 vide
1585 1413 1653 1447 apud
1678 1413 1838 1441 Gretzerum
1853 1412 1884 1440 de

1125 1457 1195 1476 ruce.

1125 1457 1195 1476 rttce.

1137 1485 1198 1511 I35.
1218 1484 1246 1510 In
1263 1484 1339 1511 Brev.
1357 1483 1436 1515 Μοι.1
1453 1484 1525 1515 tales,
1541 1484 1621 1516 male,
1636 1490 1684 1517 pro
1699 1484 1757 1511 tati.

1138 1520 1198 1547 157.
1221 1519 1311 1550 Aldus,
1327 1518 1433 1551 Procul,
1444 1519 1542 1554 procul,
1555 1519 1655 1546 omisso
1669 1527 1694 1550 ο,
1711 1519 1785 1553 quod
1797 1519 1883 1546 caeteri

1102 1555 1210 1583 habent.
1226 1556 1314 1586 Alex..
1331 1556 1472 1589 vagantium
1487 1562 1534 1588 pro
1555 1559 1698 1589 vagantum.
1729 1554 1755 1581 Id
1783 1554 1817 1581 ob
1831 1562 1884 1581 mc-

1102 1596 1171 1618 trutn
1187 1589 1364 1617 retinendum.
1373 1589 1542 1617 Prudentium
1554 1590 1657 1617 videtur
1670 1589 1790 1616 imitatus
1799 1589 1827 1616 S.
1836 1589 1884 1616 Eu-

1101 1626 1194 1661 gcnius
1209 1625 1357 1661 'I‘oletanus
1378 1626 1520 1661 episcopus
1543 1626 1673 1659 epigram.
1693 1625 1820 1661 29.npag.
1841 1625 1884 1656 δὲ,

1102 1659 1171 1688 inter
1183 1668 1264 1695 opera
1278 1660 1325 1688 SS.
1344 1659 1672 1695 Patrumi'l'oletanorum,
1689 1659 1781 1686 studio
1800 1664 1826 1687 et
1839 1667 1884 1687 ex-

1101 1695 1192 1730 pensis
1203 1694 1238 1723 I).
1261 1695 1394 1722 Francisci
1409 1694 1442 1722 de
1457 1694 1609 1722 I.orenzana
1625 1694 1820 1730 archiepiscopi
1833 1696 1884 1723 'I‘o-

1102 1729 1183 1758 ietani
1198 1730 1268 1757 edita
1282 1740 1287 1756 :
1304 1730 1398 1757 Versus
1412 1738 1491 1765 supra
1509 1730 1620 1757 leuum:
1636 1729 1747 1765 Imperat
1770 1730 1882 1765 omnipo-

1102 1770 1178 1806 ιςηεἰ
1195 1766 1284 1806 procul
1307 1766 1432 1806 olprocul
1452 1765 1548 1800 effuge,
1571 1765 1685 1806 ammon,
1711 1770 1764 1806 etc.
1785 1765 1886 1806 Confer

1103 1801 1223 1836 ejusdem
1239 1800 1347 1835 Eugenii
1362 1807 1456 1827 versus
1471 1807 1551 1836 supra
1571 1800 1668 1836 lectum
1690 1804 1760 1834 part.
1784 1800 1803 1827 2
1822 1808 1886 1834 ope-

1102 1834 1172 1873 rum,
1186 1837 1270 1871 epigr.
1285 1838 1302 1863 5
1315 1839 1342 1863 et
1356 1836 1382 1869 4,
1395 1836 1438 1863 ubi
1453 1837 1489 1863 ait
1501 1834 1608 1862 {Crucis
1619 1835 1693 1862 almae
1702 1836 1757 1869 fero
1771 1836 1885 1873 signum:

1115 1880 1170 1899 uae.
1183 1875 1291 1899 damon.

1102 1872 1170 1907 fuge,
1183 1875 1291 1899 damon.

1138 1908 1200 1934 140.
1220 1906 1329 1934 Heinsio
1343 1913 1396 1933 non
1412 1906 1536 1941 displicet
1553 1906 1635 1940 origo
1655 1911 1683 1933 et
1696 1905 1884 1941 orthographia

1101 1943 1196 1977 glossae
1210 1942 1236 1969 in
1251 1942 1443 1977 pra'strigiator.
1459 1942 1512 1977 Alii
1533 1942 1652 1969 scribunt
1665 1942 1805 1976 praestigiae
1814 1941 1884 1975 quasi

1101 1976 1240 2013 ρηειςιεσὶιε
1252 1976 1267 2002 a
1279 1976 1428 2012 tego,’qu0tl
1444 1976 1556 2003 illudant
1571 1981 1771 2013 prmtegantque
1785 1977 1883 2013 oculos.

1103 2010 1174 2039 Idem
1191 2010 1315 2039 Heinsius
1328 2010 1416 2039 tuetur
1429 2016 1486 2038 artu
1499 2019 1545 2045 pro
1566 2016 1621 2037 astu
1637 2019 1695 2038 cum
1711 2010 1788 2043 Pot...
1801 2010 1883 2074 Εεω..

1103 2052 1128 2074 et
1140 2047 1232 2074 Noms.
1250 2047 1318 2074 Malo
1341 2052 1396 2074 astu
1411 2054 1471 2074 cum
1494 2046 1566 2074 Ald..
1581 2046 1689 2074 Weitz..
1706 2046 1803 2074 Nebr..
1842 2046 1883 2074 is.

1101 2052 1128 2074 et
1140 2047 1232 2074 Noms.
1250 2047 1318 2074 Malo
1341 2052 1396 2074 astu
1411 2054 1471 2074 cum
1494 2046 1566 2078 Ald.,
1581 2046 1689 2079 Weitz.,
1706 2046 1803 2078 Nebr.,
1818 2046 1883 2078 Gis,

1101 2082 1191 2114 Alex..
1205 2082 1276 2109 Vatt.
1293 2085 1310 2108 A
1326 2086 1353 2109 et
1365 2082 1396 2114 Β,
1411 2082 1481 2114 Bat.,
1498 2081 1574 2116 Prag.
1591 2086 1617 2108 et
1628 2081 1697 2108 aliis.
1716 2081 1825 2109 Etenim
1840 2089 1884 2108 co-

1102 2117 1186 2145 haeret
1200 2124 1294 2144 sensus
1308 2125 1314 2142 :
1330 2117 1512 2151 praestigiator,
1525 2124 1627 2152 serpens
1636 2121 1765 2152 tortuose,
1784 2116 1884 2152 fraudes

1103 2152 1250 2186 postulant,
1265 2152 1315 2186 legi
1329 2156 1385 2178 astu
1401 2152 1534 2186 pertinaci.
1548 2151 1744 2178 Cltamillardus
1760 2157 1791 2179 ct
1803 2151 1885 2179 Cella-

1102 2187 1158 2214 rius
1174 2187 1310 2214 Heinsium
1322 2188 1404 2214 secuti
1420 2191 1491 2213 Sunt.
1508 2188 1533 2212 lu
1551 2186 1627 2213 Brev.
1644 2186 1723 2218 Moz.,
1737 2192 1805 2218 testu
1819 2186 1884 2213 vide-

1103 2226 1145 2248 tur
1157 2229 1189 2249 ex
1203 2227 1269 2248 artu.
1285 2222 1391 2249 Teolius
1403 2221 1512 2256 praefert
1525 2228 1582 2248 actu
1596 2229 1629 2248 ex
1647 2221 1822 2250 membranis.
1837 2229 1883 2247 non

488 2253 625 2281 uibttsdam
648 2254 726 2282 codd.
754 2255 864 2281 vetustis
886 2260 913 2281 et
937 2256 963 2282 in
986 2254 1168 2283 Bre-Dastu.
1195 2257 1247 2285 Sed
1271 2257 1350 2284 etiam
1378 2253 1540 2284 membrana:
1574 2257 1762 2284 vetusrissimze
1793 2258 1864 2283 hatw'

1101 2297 1167 2319 astu.

1138 2326 1199 2355 MI.
1221 2327 1360 2355 Diabolum
1386 2331 1537 2362 serpentem
1559 2331 1703 2353 tortuosum

1101 2362 1194 2389 Patres
1217 2363 1362 2396 appellant.
1400 2362 1537 2395 Philippus
1564 2364 1667 2395 ιιι-(νῆιν

1100 2397 1128 2424 S.
1147 2397 1313 2432 Hieronymi,
1332 2398 1357 2424 in
1381 2404 1439 2430 cap.
1454 2405 1515 2424 XXVI
1531 2397 1586 2423 Jolvi

1101 2432 1240 2465 utiqueille
1253 2440 1366 2466 serpens,
1382 2433 1424 2465 qui
1439 2438 1474 2458 est
1489 2434 1537 2456 rit/3

1101 2466 1146 2493 bus
1159 2475 1234 2501 super
1248 2472 1348 2493 terram.
1374 2466 1402 2493 S.
1423 2467 1494 2492 (iam

1101 2501 1189 2535 potius
1211 2502 1381 2532 Scrminium,
1400 2501 1445 2529 Cui

1100 2536 1262 2563 Pltatbadius
1276 2537 1301 2562 in
1316 2536 1361 2562 lib.
1379 2544 1392 2562 c
1414 2547 1417 2558 ί

1101 2579 1146 2605 per
1157 2573 1287 2604 anfractus
1308 2572 1376 2597 evnti

1099 2606 1198 2633 cedens.

1135 2641 1195 2667 142.
1216 2641 1303 2667 Prima

1099 2676 1210 2710 produci
1220 2676 1285 2702 soli-t

1099 2711 1245 2743 preltensor
1261 2713 1264 2725 ε

1098 2746 1198 2772 mwand
1202 2755 1211 2771 ς
1218 2757 1219 2762 η

1099 2785 1151 2809 test
1167 2789 1213 2814 pii.

1135 2816 1196 2843 1/15.
1219 2819 1275 2842 Αιυκ

1099 2856 1125 2877 et
1138 2858 1231 2878 sensu.
1249 2850 1285 2877 De
1303 2853 1342 2876 li...

1956 1946 1972 1963 ‘1

1956 1983 1971 1999 .‘l
