3970 6326
484 301 591 361 847

663 417 774 473 lloc
796 432 861 473 ex
894 413 1110 472 lavacro
1139 415 1261 471 labe
1297 415 1510 484 dempta
1539 414 1849 477 criminum,

733 508 891 577 317
924 507 1075 561 lbant
1100 505 1270 561 renati
1302 519 1409 558 non
1442 518 1626 570 secus,
1656 518 1813 573 quam
1841 502 1886 557 si
1916 499 2065 557 rudis

734 598 861 651 Auri
890 606 1095 651 recocta
1124 610 1256 650 vena
1285 594 1564 664 pulchrum
1590 592 1872 664 splendeat
1906 609 1918 643 :

732 690 887 744 Micet
914 688 1110 743 metalli
1138 689 1251 743 sive
1280 688 1369 742 lux
1401 686 1661 756 argentei,

490 783 559 838 80
737 782 939 837 Sudum
969 780 1139 849 poli'to
1170 778 1456 849 praznitens
1478 776 1807 847 purgamine.

668 872 888 930 Referre
915 872 1077 943 prisci
1104 880 1330 926 stemma
1364 884 1507 925 nunc
1526 868 1715 938 jejunii

742 965 905 1035 318
934 962 1118 1028 Libet,
1142 961 1284 1016 tideli
1312 959 1581 1030 proditum
1613 956 1888 1011 volumine
1907 996 1923 1020 ,

743 1054 810 1107 Ut
838 1051 1113 1106 diruenda:
1137 1049 1368 1105 civitatis
1399 1048 1587 1103 incolis

747 1142 970 1196 Fulmen
998 1140 1213 1209 benigni
1257 1137 1680 1193 mansuefactum
1724 1134 1894 1190 Patris

495 1235 565 1291 85
743 1234 854 1297 Pie,
880 1232 1137 1300 repressis
1170 1229 1401 1299 ignibus,
1433 1226 1747 1298 pepercerit.

670 1323 815 1378 Gens
842 1322 1089 1376 insolenti
1112 1330 1413 1390 prapotens
1436 1318 1688 1388 jactantia

745 1411 980 1467 Pollebat
1008 1410 1135 1465 olim
1169 1425 1370 1466 :auam
1395 1410 1642 1465 ﬂuentem
1680 1408 1926 1478 nequiter

1570 293 1844 354 AURELlI
1884 288 2250 352 PRUDENTII
2288 289 2617 347 CARMINA.

2092 413 2145 473 Δ

3636 283 3748 343 8η

2413 408 2675 473 Corrupta
2704 402 2863 471 vulgo
2892 399 3125 455 solverat
3152 398 3368 453 lascivia
3406 418 3417 449 :

2416 500 2481 554 Et
2508 497 2631 553 inde
2659 496 2815 551 bruto
2836 502 3123 548 contumax
3157 490 3375 545 fastidio

2171 593 2239 647 90
2421 588 2631 644 Cultum
2655 586 2871 657 superni
2900 583 3203 654 negligebat
3232 581 3484 635 numinis.

2353 683 2565 738 Ulfensa
2596 680 2807 735 tandem
2830 678 2970 748 jugis
3001 675 3344 745 indulgentia:

2422 772 2682 837 Censura,
2708 769 2865 839 iustis
2894 767 3159 823 excitatur
3187 765 3419 819 motibus
3440 808 3455 830 ,

2421 864 2671 919 Dextram
2701 867 2968 931 perarmat
2994 856 3345 927 rhomphtesli
3386 856 3635 911 incendio
3661 898 3677 923 ,

2420 954 2641 1009 Nimbos
2662 959 2965 1021 crepantes,
2996 960 3049 1004 et
3081 949 3320 1018 fragosos
3348 947 3589 1001 turbines

2171 1046 2241 1101 95
2420 1044 2653 1099 Vibrans
2693 1051 2966 1097 tonantum
3010 1040 3152 1094 nube
3189 1040 3522 1093 ﬂammarum
3559 1041 3752 1110 quatit.

2346 1136 2449 1193 Sed
2478 1135 2769 1206 paenitendi
2798 1134 2925 1188 dum
2952 1132 3107 1187 datur
3136 1131 3359 1195 diecula,

2431 1229 2592 1299 319
2622 1227 2675 1282 Si
2707 1226 2845 1280 forte
2876 1223 3076 1279 vellent
3106 1220 3400 1291 improbam
3449 1220 3753 1278 libidinem.

2420 1320 2741 1387 Veteresque
2771 1329 2938 1385 nugas
2958 1313 3280 1369 condomare
3304 1327 3367 1366 ac
3396 1312 3641 1382 frangere
3660 1352 3679 1378 ,

2419 1409 2710 1481 Suspendit
2738 1408 2900 1462 ictum
2925 1417 3099 1463 terror
3125 1404 3413 1484 exorabilis
3430 1445 3447 1470 ,

1782 1500 2069 1557 (Πιοὸδῶ
2111 1502 2291 1561 VE'I‘E
2300 1504 2445 1560 RES.
3454 1559 3461 1566 .

568 1601 654 1655 76.
682 1599 793 1654 Hoc
820 1612 884 1651 ex
915 1597 1147 1660 lavacro,
1194 1596 1290 1648 hoc
1320 1612 1422 1649 non
1457 1603 1528 1648 est
1570 1603 1915 1656 auctoratum,
1954 1610 2073 1647 nam

2248 1598 2337 1655 83.
2365 1597 2455 1661 Ut,
2487 1594 2761 1661 quomodo.
2793 1622 2862 1632 —
2884 1590 3187 1647 Diruettdm.
3215 1588 3569 1662 destruenda,
3601 1588 3642 1643 Ι.

497 1673 526 1725 J
535 1687 723 1725 ounnes
733 1670 786 1722 iu
799 1684 933 1736 aqua
945 1677 1139 1721 tantum
1151 1666 1457 1733 baptizabat,
1474 1681 1573 1736 non
1587 1665 1639 1718 in
1653 1667 1852 1736 nomine
1874 1663 2067 1736 Patris,

501 1740 660 1805 Filii,
703 1752 751 1795 et
794 1734 1023 1807 Spiritus
1059 1738 1221 1790 sancti
1254 1751 1271 1788 :
1316 1751 1433 1806 ergo
1477 1735 1617 1789 illius
1657 1734 1905 1807 baptisma
1944 1734 2071 1787 nihil

478 1812 766 1877 proderat,
817 1805 913 1862 nisi
941 1807 1140 1861 Christo
1180 1807 1313 1860 viam
1350 1805 1663 1877 prtepararet
1711 1805 2028 1872 baptizatum
2052 1843 2069 1869 ,

547 1890 619 1933 at.
654 1882 717 1934 A.

566 1951 653 2003 77.
687 1949 800 2004 Non
832 1962 1005 2011 secus,
1035 1962 1133 1999 non
1162 1946 1331 2011 aliter,
1361 1946 1400 1999 l.

565 2023 654 2075 78.
689 2020 992 2080 Pulcltrttm,
1017 2017 1329 2081 adverbium,
1356 2032 1533 2069 nomen
1554 2032 1646 2081 pro
1670 2015 1928 2078 adverbio,
1953 2013 1995 2067 ι.

566 2091 655 2145 80.
678 2091 899 2154 Sudum,
931 2086 1241 2153 adverbium,
1275 2102 1474 2151 serene,
1506 2086 1559 2138 id
1587 2097 1657 2138 est
1701 2101 1953 2139 serenum.

566 2161 656 2214 8|.
690 2160 928 2224 Referre,
956 2158 1141 2209 dicere.
1177 2184 1247 2224 -ν
1262 2156 1450 2215 Prisci,
1478 2157 1692 2224 antiqui.
1719 2184 1786 2194 -—
1805 2156 2069 2219 Stetnma,

500 2245 762 2291 coronam,
786 2244 971 2281 corona
992 2226 1176 2294 regalis
1193 2266 1207 2290 ,
1238 2223 1337 2294 lso.

572 2297 661 2379 82.
692 2298 873 2379 Libet,
888 2292 1110 2365 ﬁgurant
1137 2294 1201 2348 de
1230 2292 1493 2348 Ninivitis.
1518 2324 1588 2334 —
1617 2294 1891 2348 Proditum
1916 2334 1929 2357 ,
1963 2309 2070 2347 ma-
2128 2366 2133 2379 ἃ

502 2369 794 2438 tlifestatum
858 2366 897 2419 Ι.

2246 1670 2333 1724 86.
2361 1660 2634 1728 lttsolenti,
2667 1662 2897 1732 improba
2922 1662 3178 1731 superbia,
3197 1660 3249 1732 Vl.

2245 1740 2336 1794 88.
2367 1737 2553 1807 Vulgo,
2586 1731 2769 1807 ubique
2793 1732 3155 1807 per_populos,
3188 1731 3226 1785 Ι.

2244 1810 2332 1863 89.
2366 1799 2552 1873 Bruto,
2578 1799 2753 1860 stulto.
2778 1799 2847 1843 ὲ-
2872 1799 3191 1867 Contumax,
3225 1800 3463 1869 superba,
3491 1800 3533 1854 l.
3563 1799 3757 1864 Fastu,

2177 1880 2431 1948 superbia,
2465 1877 2584 1932 Vat.
2616 1880 2680 1929 Α.

2365 1948 2599 2025 ρίῐειιετι,
2630 1944 2890 2025 italia]...
2926 2014 2935 2025 .

2246 2018 2334 2073 92.
2359 2019 2619 2082 Censura,
2656 2015 2747 2069 Dei
2769 2014 3043 2083 judicium,
3076 2012 3113 2065 I.

2243 2090 2331 2144 93.
2364 2087 2710 2156 llompiueali,
2737 2082 2950 2156 gladiali
2979 2084 3221 2156 vindicta,
3256 2082 3294 2135 Ι.

2244 2159 2335 2215 96.
2367 2151 2601 2220 Diecula,
2628 2151 3015 2223 tempusculum,
3040 2154 3076 2206 I.
3109 2152 3326 2220 Temmts
3350 2153 3515 2215 breve,
3534 2152 3656 2207 Vat.
3680 2151 3755 2210 Α.

2247 2230 2337 2285 98.
2377 2227 2575 2296 Nugas,
2603 2226 2868 2287 vanitates,
2902 2225 2941 2277 l.

2244 2300 2333 2354 99.
2364 2294 2676 2367 Suspendit,
2694 2295 2921 2360 elevavit,
2949 2294 2988 2349 l.

1844 2449 2392 2510 COMMENTARIUS.

575 2549 664 2603 76.
692 2547 907 2603 Teolius
930 2545 1243 2615 glossatoris
1271 2545 1510 2600 Vaticani
1540 2546 1860 2601 sententiam
1883 2547 2071 2601 adver-

504 2634 597 2674 sus
629 2618 974 2673 Prudentium
1004 2616 1261 2684 approbat
1293 2632 1307 2669 :
1339 2617 1433 2670 sed
1480 2616 1799 2671 Prudentius
1830 2633 1934 2670 non
1965 2618 2068 2671 ali-

505 2700 588 2745 ter
613 2690 820 2744 locutus
865 2695 977 2751 est,
1012 2702 1073 2756 ac
1112 2686 1261 2739 multi
1290 2686 1379 2739 alii
1410 2687 1506 2741 SS.
1540 2687 1723 2741 Patres
1751 2688 1843 2756 qui
1872 2688 2072 2742 diserte

504 2760 656 2813 aiunt
702 2758 1021 2825 baptismum
1051 2755 1271 2810 Joannis
1311 2771 1339 2809 a
1376 2756 1639 2823 baptismo
1669 2755 1865 2811 Christi
1890 2758 2071 2812 diver-

504 2844 622 2882 sum
651 2828 816 2881 fuisse
836 2867 851 2890 ,
878 2836 933 2897 et
971 2825 1315 2897 nihilominus
1342 2828 1604 2895 baptismo
1632 2828 1855 2882 Joannis
1880 2843 2071 2897 pecca-

506 2909 679 2952 torum
727 2896 959 2950 maculas
1002 2896 1212 2967 ablutas
1258 2911 1376 2950 esse
1416 2898 1746 2965 prolitentur.
1792 2896 2073 2967 Sapienter

506 2968 838 3023 Maldonatus
876 2968 1137 3020 adversus
1180 2966 1487 3032 lucreticos,
1532 2968 1619 3036 qui
1650 2966 2072 3036 nullumidiseri-

2181 2560 2309 2615 spe,
2340 2555 2395 2600 et
2416 2559 2536 2613 quae
2564 2543 2835 2615 lavacrum
2872 2539 3103 2615 Joannis
3127 2553 3230 2593 non
3263 2541 3636 2615 comitaretur,
3659 2540 3764 2596 sed

2179 2610 2620 2686 consequeretur,
2647 2613 2767 2686 quia
2796 2611 2984 2666 eodem
3014 2610 3065 2663 in
3092 2610 3208 2686 l_oc_o
3230 2610 3444 2686 cecinit,
3472 2611 3764 2686 Sedtincm

2178 2679 2447 2749 Pos'rou'au
2470 2679 2691 2738 membra
2707 2684 3060 2753 defwcaverat,
3081 2679 3216 2735 Caelo
3237 2680 3493 2750 refulgens
3510 2682 3765 2748 inﬂuebat

2178 2756 2409 2810 spiritus.

2204 2774 2428 2879 m8.”
2462 2825 2579 2878 Vat.
2611 2824 2655 2877 A
2684 2832 2800 2878 erat
2843 2832 3020 2877 stema.
3054 2822 3132 2874 An
3184 2821 3462 2889 legendum
3511 2821 3764 2875 schema?

2180 2896 2411 2951 Stemma
2438 2894 2651 2965 quidem
2682 2903 2769 2965 est
2793 2906 2989 2965 corona
3019 2894 3241 2965 aerios:
3265 2907 3279 2945 :
3305 2899 3359 2945 et
3377 2891 3501 2960 quia
3524 2890 3762 2965 Romani

2180 2961 2710 3033 majorum'suorum
2762 2961 3019 3031 imagines
3053 2961 3107 3033 in
3148 2961 3655 3033 coronazdspeciemr
3703 2963 3764 3017 in

506 3039 793 3120 tneuIintcr
823 3048 1103 3120 utrumque
1122 3036 1457 3120 baptismum
1476 3030 1811 3120 'pgitoscu'nt,
1845 3035 2035 3120 Paetus
2056 3083 2070 3107 ,
2100 3056 2146 3120 ρ
2180 3030 2333 3090 atriis
2371 3034 2744 3120 disponebant,
2778 3030 2975 3120 idcirco
2993 3030 3576 3120 ‘insigniafam‘i‘liarum
3608 3032 3760 3120 dicta

507 3108 699 3177 inquit,
723 3107 789 3161 ad
811 3122 931 3174 cap.
961 3122 1013 3159 ιιι
1037 3105 1249 3177 Mattlu,
1274 3120 1411 3177 vers.
1438 3108 1686 3177 ll,nobis
1712 3105 2072 3172 Prudentium,

508 3186 555 3246 et
588 3176 880 3246 Juvencum
923 3176 1108 3246 aliquis
1151 3176 1387 3246 obiiciat,
1420 3176 1507 3242 qui
1543 3186 1745 3245 uterque
1770 3178 2074 3246 baptismum

506 3245 720 3299 Joannis
749 3244 935 3315 Christi
960 3244 1205 3315 baptismo
1235 3245 1467 3296 videntur
1490 3244 1841 3315 aequiparare.
1860 3245 2075 3303 Peccala

506 3316 639 3368 enim
659 3314 909 3367 remisisse
928 3314 1121 3366 dicunt.
1157 3312 1361 3366 Possem
1391 3312 1711 3381 respondere,
1744 3332 1845 3369 non
1874 3317 2073 3369 subtili-

507 3394 603 3448 ter,
635 3384 722 3437 sed
750 3385 939 3450 poetice
968 3384 1188 3446 locutos;
1220 3383 1307 3435 sed
1335 3399 1434 3436 non
1461 3400 1586 3448 Opus
1612 3396 1684 3438 est
1715 3387 1853 3453 poesi
1876 3397 2075 3441 senten-

508 3456 631 3509 tiam
659 3469 929 3523 excusare,
961 3468 1076 3504 cum
1106 3454 1361 3520 possimus
1385 3454 1438 3506 in
1487 3453 1666 3507 bonam
1694 3465 1890 3523 partem
1921 3456 2077 3509 inter-

508 3525 716 3595 pretari.
749 3522 901 3595 Multi
919 3523 1053 3576 enim
1072 3531 1256 3575 veteres
1276 3532 1507 3576 auctores
1540 3522 1712 3577 eodem
1740 3526 1888 3577 modo
1918 3527 2075 3580 locuti

507 3593 647 3661 sunt,
674 3594 759 3660 qui
794 3593 948 3665 iidem
978 3603 1143 3665 tamen
1174 3603 1387 3665 negant,
1419 3595 1652 3648 eumdem
1683 3594 1892 3655 Christi,
1924 3606 2076 3665 atque

506 3665 726 3718 Joannis
779 3664 931 3733 fuisse
976 3664 1295 3733 baptismum.
1322 3664 1336 3716 I
1347 3681 1377 3717 ιι
1404 3665 1483 3718 eis
1506 3676 1747 3719 recenset
1778 3664 2029 3720 Basiliam
2052 3709 2067 3733 ,

508 3735 986 3805 Chrysostomum,
1024 3734 1374 3805 Augustinum
1398 3779 1411 3800 ,
1455 3734 1771 3804 Gregorium
1801 3736 2070 3803 Magnum,

509 3804 738 3867 Bedam,
789 3804 1268 3873 Theophylactum.
1300 3804 1358 3858 S.
1392 3806 1562 3859 Lucas
1592 3820 1709 3871 cap.
1745 3822 1830 3871 ttt,
1874 3807 1907 3858 5
1944 3821 1959 3859 :
2008 3806 2075 3859 Et

510 3874 755 3945 ven.’t,ait
783 3874 848 3945 de
874 3874 932 3926 S.
950 3872 1158 3945 Joanne
1176 3915 1190 3937 ,
1220 3875 1272 3925 in
1300 3891 1498 3927 omnem
1539 3877 1793 3945 regionem
1829 3874 2074 3929 Iordanis

510 3944 792 4009 prttdicans
821 3941 1123 4008 baptismum
1164 3945 1466 4011 ptenitentiw
1492 3961 1540 3997 IN
1574 3941 1917 3999 neutsstoneu
1945 3960 2071 4000 rsc-

509 4025 775 4064 caronuu.
806 4077 819 4079 Α
839 4011 950 4063 lluc
978 4011 1162 4065 oculos
1194 4012 1291 4067 SS.
1342 4015 1523 4068 Patres
1553 4014 1925 4079 intenderunt,
1950 4031 2071 4069 cum

513 4080 775 4146 baptismo
796 4077 1016 4150 Joannis
1038 4090 1250 4146 peccata
1274 4082 1438 4135 fuisse
1459 4085 1681 4138 remissa
1705 4077 2071 4150 asseruerunt,

509 4160 779 4224 quatenus
796 4148 1002 4203 scilicet
1021 4150 1479 4224 adiptenitentiatn
1508 4155 1792 4224 excitabat,
1822 4170 1923 4224 qua
1952 4148 2073 4222 pec?

508 4227 625 4293 cata
654 4218 1256 4293 remitterentur,_et_at_l
1285 4220 1481 4275 Christi
1517 4218 1853 4290 baptismum'
1872 4218 2072 4293 praepa-

510 4289 690 4363 rabat,
717 4303 845 4363 quo,
876 4296 932 4363 ut
959 4286 1190 4363 theologi
1235 4290 1538 4363 loquuntur,
1574 4286 1645 4363 ex,
1664 4308 1827 4360 opere
1852 4286 2072 4363 operata

511 4360 732 4411 maculae
761 4359 1042 4410 criminum
1077 4358 1284 4426 penitus
1310 4358 1582 4413 eluuntur.
1627 4358 1905 4417 Juvencus
1925 4364 2017 4417 lib.
2052 4379 2067 4416 ι

2178 3115 2302 3159 sunt
2326 3115 2610 3160 stemmata.
2660 3104 2770 3158 Hoc
2815 3104 2934 3157 loco
2963 3110 3173 3155 stemma
3211 3102 3513 3170 signiﬁcare
3555 3104 3763 3170 poterit

2178 3176 2463 3246 imaginem
2488 3216 2502 3237 ,
2535 3189 2628 3246 seu
2659 3174 3021 3246 nobilitatem,
3051 3180 3107 3226 et
3132 3173 3500 3246 antiquitatem
3520 3212 3535 3236 ,
3566 3186 3762 3246 ac_ve-

2177 3242 2518 3300 lutl'seriem
2547 3244 2754 3313 jejunii.
2802 3243 2909 3297 Alii
2958 3251 3168 3295 stemma
3201 3242 3419 3296 illustre‘
3445 3243 3757 3311 exemplum

2180 3317 2618 3383 interpretantur.
3014 3382 3019 3383 γ
3230 3344 3233 3345 ν

2245 3381 2335 3440 82.
2363 3384 2531 3439 lsonis
2554 3385 2729 3454 glossa
2760 3398 2865 3454 quo
2888 3382 3175 3454 pertineat,
3202 3395 3305 3435 non
3339 3381 3598 3454 intelligo.
3621 3382 3757 3437 For-

2180 3465 2319 3509 tasse
2347 3456 2464 3509 loco
2490 3452 2589 3510 suo
2622 3452 2892 3518 tnota’est,
2932 3463 2987 3506 ut
3016 3456 3067 3505 in
3094 3452 3176 3505 his
3204 3467 3299 3505 usu
3330 3453 3468 3505 solet
3492 3454 3753 3517 evenire,

2177 3537 2227 3578 et
2247 3534 2365 3593 post
2386 3534 2598 3578 stemma
2616 3535 2862 3591 tanquam
2889 3523 3097 3587 diversa
3120 3522 3294 3591 glossa
3316 3522 3603 3591 legendum
3629 3523 3757 3591 erit,

2176 3596 2394 3663 ﬁguram
2425 3596 2487 3648 de
2517 3593 2781 3647 Ninivitis.
2908 3662 2911 3663 ν
2966 3623 2971 3627 -

2248 3664 2341 3719 84.
2371 3667 2427 3719 ln
2456 3665 2857 3787 mansuefactum
2886 3662 3124 3718 diaeresis
3150 3661 3266 3716 fieri
3298 3661 3438 3715 solet
3459 3662 3511 3714 in
3541 3678 3663 3726 sue,
3694 3670 3760 3716 ut

2248 3751 2362 3787 rsus
2391 3743 2623 3787 constet.
2652 3736 2662 3751 '
2697 3734 2869 3787 eolius
2910 3734 2963 3786 in
2996 3748 3101 3787 uno
3133 3731 3248 3785 Vat.
3291 3731 3492 3785 invenit
3521 3732 3759 3787 beniaaa:

2176 3750 2362 3789 versus
2391 3743 2623 3787 constet.
2652 3731 2869 3787 Teolius
2910 3734 2963 3786 in
2996 3748 3101 3787 uno
3133 3731 3248 3785 Vat.
3291 3731 3492 3785 invenit
3521 3732 3759 3801 benigna:

2177 3805 2575 3871 mansuefactum
2605 3804 2797 3857 dextra:
2826 3820 2842 3855 :
2886 3803 3027 3871 quod
3059 3803 3142 3856 lex
3184 3802 3337 3855 metri
3386 3817 3490 3854 non
3524 3803 3752 3870 patitur.

2245 3875 2337 3929 88.
2370 3874 2618 3928 Nebrissa
2659 3874 2847 3928 melius
2867 3886 3024 3939 quam
3055 3872 3154 3936 Iso,
3187 3872 3359 3939 vulgo,
3391 3874 3748 3938 communiter,

2173 3952 2229 3998 et
2259 3946 2446 4011 passim
2467 3944 2714 4012 exponit;
2754 3944 2842 4011 qui
2866 3943 3027 3995 etiam
3055 3944 3296 4012 fluentem
3324 3942 3550 4008 nequiter
3580 3942 3753 3995 inter-

2175 4010 2413 4082 pretatur
2442 4010 2642 4077 lapsum
2670 4015 2721 4066 in
2761 4010 3038 4066 libidinem.
3066 4010 3295 4065 Verbum
3344 4012 3501 4079 ﬂuere
3538 4020 3592 4065 et
3639 4012 3751 4080 dif-

2176 4087 2339 4153 ﬂuere
2368 4084 2433 4138 de
2462 4084 2759 4139 libidinosis
2789 4096 2930 4149 swpe
2953 4090 3256 4153 usurpatur.

2245 4155 2331 4225 89.
2374 4153 2605 4225 Fastigio
2635 4168 2728 4221 pro
2758 4153 2964 4221 fastidio
2992 4152 3156 4225 Hails.

2245 4224 2333 4279 9t).
2374 4220 2551 4293 Egmf,
2602 4220 2656 4279 et
2691 4225 2801 4277 Vat.
2836 4227 2877 4277 A
2911 4238 2938 4276 a
2976 4222 3143 4290 prima
3176 4237 3365 4293 manu,
3414 4220 3599 4275 vultum
3650 4234 3755 4289 pro

2144 4294 2395 4358 .cultum;
2418 4292 2557 4361 quod
2591 4304 2918 4364 postremum
2950 4292 3323 4364 longeAmclius
3344 4301 3446 4364 est.

2246 4364 2334 4418 93.
2362 4360 2649 4433 ltomphtea
2670 4372 2751 4417 est
2781 4365 2869 4417 teli
2902 4377 3070 4433 genus
3098 4360 3337 4417 Thracias
3365 4362 3485 4417 :alii
3517 4362 3757 4428 hastam,

510 4427 576 4511 a‘d
620 4441 741 4508 cap.
772 4441 827 4479 ιιι
858 4426 1019 4511 Marci
1051 4412 1379 4511 uncvego
1424 4412 1705 4511 pratterita‘s
1724 4412 2075 4511 uisitare}
2101 4412 2154 4471 Ῑ)
2178 4412 2758 4511 διιζξιείἐιῖὖὶιῖὶιῖᾇυᾘιζ

511 4498 718 4570 ﬂumine
743 4513 873 4570 puro
899 4496 1112 4570 Abluere
1135 4496 1333 4552 institui
1364 4516 1375 4551 :
1405 4496 1565 4570 veniet
1594 4502 1685 4553 sed
1716 4500 1894 4569 fortior
1922 4505 2072 4570 alter,

510 4576 617 4641 etc.
644 4638 653 4641 _
676 4567 735 4641 S.
782 4566 1038 4641 Paulinus
1075 4582 1241 4622 carm.
1284 4570 1317 4624 5
1354 4570 1420 4641 de
1452 4571 1507 4625 S.
1540 4566 1744 4641 Joanne
1793 4572 2024 4641 Baptista
2058 4566 2071 4628 Ξ

508 4636 674 4691 Diluit
700 4638 897 4711 infusis
921 4638 1209 4691 credentum
1236 4640 1449 4693 crimina
1478 4640 1695 4709 lymphis
1712 4684 1727 4705 ,
1760 4636 2077 4711 Absolvitque

509 4718 667 4781 metus
689 4708 968 4781 hominum,
1000 4724 1268 4781 ptrnasque
1290 4710 1496 4781 {emittit
1521 4711 1680 4779 Atque
1706 4712 1871 4781 ignem
1895 4708 2078 4766 restin-

509 4780 616 4849 guit
645 4779 790 4847 aquis
818 4792 836 4830 :
867 4778 1051 4830 oblivia
1078 4781 1253 4832 suadet
1289 4778 1558 4845 Errorum,
1595 4778 1896 4849 praestatque
1936 4799 2077 4837 nova:

510 4864 639 4902 nova
666 4863 879 4914 corpora
918 4850 1049 4901 vitas.
1081 4849 1309 4903 Basilius
1340 4850 1430 4903 lib.
1462 4850 1529 4903 de
1566 4851 1819 4917 Baptism.
1856 4870 1868 4903 :
1905 4852 2076 4908 Simul

508 4928 657 4991 atque
676 4919 1090 4991 accesseratquis
1107 4959 1122 4982 ,
1146 4927 1194 4971 et
1236 4929 1447 4991 peccata
1468 4936 1560 4973 sua
1580 4961 1594 4984 ,
1619 4932 2004 4991 quantacunque
2029 4934 2077 4976 et

506 4988 876 5062 qualiacunque
892 4988 1128 5062 fuissent,
1151 4988 1407 5059 confessus
1423 4990 1605 5059 fuerat,
1631 4988 1683 5043 in
1706 4988 1950 5046 Iordanis
1976 4996 2077 5062 flu-

509 5057 646 5130 mine
700 5056 1090 5130 baptizubatur,
1122 5068 1170 5112 et
1222 5056 1482 5129 confestim
1534 5070 1853 5130 peccatorum
1898 5056 2077 5116 remis-

506 5128 700 5198 sionem
722 5128 1012 5196 accipiebat.
1037 5126 1447 5198 Chrysostdmus
1474 5126 1823 5198 theologicam
1856 5132 2076 5187 distinc-

509 5197 707 5271 tionem
734 5198 919 5271 edocet
942 5212 1105 5251 serm.
1143 5197 1242 5271 Q37
1274 5218 1297 5253 ετ
1311 5198 1440 5253 Erat
1460 5216 1611 5269 penes
1629 5197 1878 5254 Joannem
1904 5204 2071 5271 venia,

504 5268 595 5319 sed
629 5283 730 5319 non
766 5268 873 5319 sine
911 5269 1203 5335 paenitentia
1232 5285 1250 5323 :
1282 5280 1387 5324 erat
1427 5268 1686 5333 remissio,
1724 5273 1811 5324 sed
1858 5268 2074 5327 luctibus

508 5346 821 5411 comparata.
851 5336 1050 5411 Eodem
1081 5351 1242 5411 sensu
1265 5340 1533 5411 Spiritus,
1566 5340 1680 5394 sive
1716 5340 1915 5395 donum
1956 5357 2075 5411 gra-

512 5406 619 5478 tias,
652 5408 782 5478 (telo
817 5407 1072 5477 refulgens
1105 5406 1351 5478 invisibili
1384 5410 1543 5464 modo
1579 5411 1823 5478 inﬂuebat
1853 5427 1870 5463 :
1901 5406 2073 5467 ut're-

510 5475 1003 5550 fel!as_NebriSsaiu
1041 5487 1094 5550 et
1118 5476 1443 5544 Giselinum',
1472 5481 1560 5550 qui
1592 5475 1642 5534 id
1681 5481 1732 5534 in
1786 5481 2073 5536 Prudentia

510 5545 923 5613 reprehendunt.
971 5546 1110 5612 Quin
1157 5552 1318 5603 etiam
1359 5550 1426 5603 cl.
1473 5545 1676 5604 Ilertius
1708 5550 1801 5604 lib.
1836 5566 1961 5604 χιιι
2004 5551 2072 5606 de

509 5613 695 5685 Theol.
728 5616 895 5679 Disc.,
941 5630 1056 5683 cap.
1089 5618 1154 5682 2,
1183 5620 1401 5685 probat,
1434 5618 1705 5675 Prudentii
1730 5635 1917 5675 versus
1960 5620 2071 5675 Hoc

510 5696 573 5733 se
598 5684 816 5748 lavacro,
861 5694 963 5738 etc.
992 5723 1005 5746 ,
1048 5684 1382 5752 accipiendos
1413 5704 1530 5742 csse
1559 5691 1621 5740 «Ie
1668 5692 1980 5744 remissione
2013 5692 2069 5744 in

2142 4552 2145 4557 .
2351 4484 2414 4557 wli
2551 4484 2711 4576 male,
2726 4484 3015 4576 vfragrosas.

2248 4575 2337 4629 95’.
2371 4574 2516 4638 Ald.,
2542 4575 2723 4627 nubem
2752 4574 2848 4642 pro
2875 4575 3022 4636 nube,
3052 4574 3325 4629 mendose.

2248 4644 2337 4698 96.
2374 4644 2610 4697 Donatus
2642 4644 2696 4697 in
2730 4640 2925 4697 Andria
2972 4655 3078 4698 act.
3120 4660 3190 4709 tv,
3223 4657 3384 4698 scena
3411 4642 3481 4707 2,
3509 4650 3565 4697 et
3613 4640 3757 4697 Eun.

2184 4728 2290 4769 act.
2322 4729 2397 4786 tv,
2426 4728 2584 4786 scena
2610 4714 2664 4781 5,
2696 4713 2911 4768 brevem
2937 4728 3143 4786 mo‘ram
3171 4714 3549 4786 interpretatur
3574 4712 3762 4786 diecug

2179 4786 2299 4838 lam.
2359 4784 2574 4836 Teolius
2617 4799 2681 4838 ex
2724 4792 2847 4838 nota
2885 4784 3041 4838 unius
3076 4784 3192 4837 Vat.
3238 4784 3306 4837 ad
3353 4784 3645 4852 marginem
3702 4784 3760 4837 id

2177 4852 2469 4908 secundum
2495 4851 2635 4906 LXX
2656 4852 2853 4908 dictum
2878 4854 3179 4917 confirmat,
3200 4854 3321 4921 quia
3347 4852 3398 4905 hi
3424 4851 3534 4907 tres
3548 4861 3763 4907 tantum

2176 4924 2293 4977 dies
2313 4924 2649 4979 conversioni
2678 4923 3030 4977 Ninivitarum
3061 4923 3353 4992 assignant,
3383 4937 3541 4989 quam
3565 4922 3769 4976 lectio-

2177 5009 2298 5048 nem
2343 5008 2463 5047 cum
2520 4993 2624 5045 alia
2658 4992 2896 5062 Vulgata:
2942 4994 3013 5047 40
3063 4992 3267 5047 dierum
3308 4992 3594 5047 conciliare
3640 4994 3766 5047 vult

2176 5063 2235 5118 S.
2270 5063 2598 5132 Augustinus
2631 5062 2720 5117 lib.
2751 5079 2909 5128 xvttt,
2941 5078 3057 5131 cap.
3088 5062 3178 5128 49,
3208 5064 3275 5117 de
3300 5062 3458 5116 Civil.
3494 5063 3607 5121 Dei,
3644 5062 3757 5119 Sed

2176 5131 2731 5196 animadvertendum,
2763 5143 2974 5201 tempus
3002 5135 3161 5187 etiam
3191 5133 3261 5187 40
3289 5131 3494 5187 dierum
3519 5132 3630 5186 dici
3657 5148 3761 5202 po-

2179 5203 2343 5258 tuisse
2363 5204 2545 5266 breve,
2574 5211 2630 5257 et
2653 5204 2924 5270 dieculam,
2954 5218 3076 5257 cum
3109 5204 3178 5259 de
3207 5219 3265 5258 re
3291 5202 3608 5271 gravissima
3628 5218 3763 5271 age-

2190 5282 2368 5339 retur,
2412 5272 2615 5327 scilicet
2646 5273 2957 5339 paenitentia
3002 5273 3264 5328 scelerum
3314 5274 3761 5326 inveteratorum.

2244 5344 2335 5413 98.
2369 5342 2501 5413 Vide
2536 5342 2927 5413 _proleg.num.
2960 5343 3069 5399 217
3096 5344 3163 5398 de
3210 5342 3375 5396 verbo
3406 5342 3720 5395 condomare
3740 5386 3760 5409 ,

2175 5412 2317 5476 quod
2368 5411 2727 5471 Blanchinius',
2758 5412 2813 5467 in
2851 5414 3135 5467 condonare
3180 5426 3457 5482 perperam
3503 5413 3762 5467 mutavit.

2177 5481 2496 5563 Prudentius
2542 5498 2703 5552 nugas
2748 5496 2947 5551 ponere
2982 5481 3264 5553 solet.pro
3307 5482 3525 5537 libidine
3549 5490 3645 5536 aut
3675 5482 3762 5536 la-

2176 5566 2360 5606 scma.

2245 5622 2552 5694 99.7Melius
2576 5622 2829 5694 continuit
2877 5640 3082 5676 manum
3110 5638 3233 5676 cum
3272 5621 3558 5689 Nebrissa,
3588 5637 3759 5694 quam

2176 5690 2380 5745 elevavit
2421 5708 2539 5746 cum
2570 5693 2742 5748 lsone.
