3970 6326
258 303 376 360 849

257 420 366 474 100
508 422 836 493 Paulumque
857 423 998 479 dicta
1021 426 1258 481 substitit
1284 432 1565 484 sententia.

436 510 626 566 lunam
652 515 965 582 prophetam
992 516 1134 570 mitis
1164 517 1304 572 ultor
1331 522 1548 585 excitat,

505 603 682 658 Pinna:
711 604 1040 660 imminentis
1066 607 1169 661 iret
1191 616 1248 661 ut
1275 611 1618 676 praznuntius.

500 694 606 748 Sed
638 704 821 751 nosset
849 696 940 752 ille
962 711 1083 751 cum
1113 698 1374 753 minacem
1401 698 1635 768 judicem

502 786 730 844 Servare
752 789 926 854 malle,
958 805 1113 859 quam
1141 791 1298 847 ferire
1336 809 1397 848 ac
1424 795 1654 863 plectere
1676 835 1690 859 ,

502 879 716 935 Tectam
745 883 969 937 latenter
999 883 1163 938 vertit
1192 886 1244 938 in
1267 885 1500 940 Tharsos
1526 886 1724 956 fugam.

428 970 635 1025 Celsam
660 975 862 1042 paratis
891 966 1140 1042 pontibus
1169 977 1378 1031 scandit
1405 987 1570 1032 ratem
1599 995 1609 1029 :

505 1062 617 1117 Udo
647 1063 885 1118 revincta
913 1064 1036 1119 fune
1065 1068 1258 1135 puppis
1286 1068 1531 1122 solvitur.

509 1153 619 1206 ltur
649 1168 745 1222 per
764 1156 930 1208 altum
959 1173 972 1207 :
1008 1156 1067 1209 fit
1097 1156 1452 1224 procellosum
1485 1173 1649 1213 mare.

497 1242 631 1296 Tum
662 1257 821 1299 causa
857 1246 988 1299 tanti
1019 1247 1274 1315 qureritur
1304 1248 1524 1316 periculi
1550 1266 1564 1300 :

495 1331 622 1386 Sors
651 1333 704 1386 in
734 1333 972 1403 fugacem
1003 1336 1162 1389 missa
1194 1345 1367 1390 vatem
1394 1337 1611 1393 decidit.

423 1420 606 1476 lussus
631 1425 804 1492 perire
831 1426 978 1479 solus
1000 1442 1030 1479 e
1056 1427 1261 1482 cunctis
1286 1442 1438 1494 reus,

493 1514 653 1583 Cujus
680 1517 859 1571 voluta
883 1519 1085 1574 crimen
1112 1536 1241 1574 urna
1266 1515 1604 1588 expresserat
1628 1567 1640 1588 ,

495 1604 741 1675 Praeceps
771 1616 996 1675 rotatur,
1030 1620 1082 1664 et
1101 1611 1365 1679 profundo
1393 1613 1744 1683 immergitur.

493 1696 652 1766 320
673 1696 938 1775 Exceptus
965 1699 1087 1754 inde
1117 1701 1363 1756 belluinis
1389 1702 1654 1770 faucibus,

496 1789 612 1842 Alvi
641 1792 851 1859 capacis
876 1793 1026 1845 vivus
1055 1792 1298 1847 hauritur
1319 1809 1503 1861 specu.

467 1878 753 1932 ransmissa
784 1881 974 1948 raptim
999 1880 1174 1948 praeda
1206 1895 1386 1936 cassos
1414 1883 1652 1939 dentium

493 1969 670 2025 Eludit
694 1971 847 2036 ictus,
877 1971 1208 2028 incruentam
1240 1975 1576 2031 transvolans

247 877 356 932 105

239 1328 353 1386 110

233 1785 352 1840 115

1290 310 1818 370 CATHEMERINON
1861 314 1967 370 Vll.
1999 316 2477 374 JEJUNANTIUM.

3409 323 3508 381 858

1862 437 1911 494 Α
2184 435 2401 502 Impune
2435 435 2699 502 linguam;
2734 448 2800 488 ne
2830 442 3092 488 retentam
3125 437 3392 492 mordicus

2183 525 2350 579 Oﬂ'am
2369 525 2595 579 molares
2621 524 2947 580 dissecarent
2968 525 3132 590 uvidi,

2182 619 2254 673 Us
2279 633 2436 672 omne
2468 618 2675 681 transit,
2715 626 2770 672 et
2794 617 3031 687 palatum
3062 621 3318 686 prmterit.

2107 712 2299 768 Ternis
2328 713 2553 776 dierum,
2579 724 2641 765 ac
2667 713 2900 766 noctium
2925 712 3266 779 processibus

2192 803 2383 857 Mansit
2413 803 2587 857 ferino
2609 804 2894 858 devoratus
2918 813 3151 870 gutture.

2185 893 2408 946 Errabat
2446 893 2556 947 illic
2582 908 2676 962 per
2708 893 2936 948 latebras
2967 894 3266 957 viscerum;

2180 980 2391 1037 Ventris
2413 983 2710 1037 mmandros
2733 983 3042 1060 circumibat
3074 986 3277 1039 tortiles

2176 1075 2432 1142 Anhelus,
2457 1079 2595 1132 extis
2625 1078 2764 1133 intus
2793 1079 3159 1134 aestuantibus.

2107 1165 2338 1220 lntactus
2361 1167 2483 1221 exin
2513 1168 2681 1221 tertiae
2699 1169 2866 1223 noctis
2897 1169 3011 1222 vice

2181 1256 2397 1310 Monstri
2428 1260 2687 1312 vomentis
2719 1258 2930 1327 pellitur
2949 1259 3288 1328 singultibus,

2183 1349 2338 1418 321
2361 1349 2474 1416 Qua
2492 1351 2839 1404 murmuranti
2871 1351 2977 1406 fine
3007 1350 3197 1405 ﬂuctus
3223 1351 3494 1419 frangitur,

2175 1439 2462 1508 Salsosque
2489 1440 2724 1495 candens
2745 1456 2930 1508 spuma
2962 1440 3137 1495 tundit
3160 1443 3416 1510 pumices,

2180 1527 2433 1583 Ructatus
2461 1531 2588 1596 exit,
2611 1545 2774 1599 seque
2800 1541 3066 1586 servatum
3085 1541 3286 1601 stupet.

2103 1619 2160 1672 In
2194 1618 2456 1674 Ninivitas
2488 1635 2545 1674 se
2571 1630 2788 1674 coactus
2821 1620 3022 1688 percito

2171 1708 2367 1763 Gressu
2400 1709 2656 1775 reﬂectit;
2677 1725 2810 1778 quos
2834 1722 2891 1764 ut
2920 1712 3317 1780 increpaverat,

1939 617 2038 671 120

1934 1075 2035 1129 125

1931 1528 2036 1583 150

1841 1798 1890 1858 Β
2168 1797 2421 1852 Pudeuda
2449 1813 2643 1853 censor
2669 1799 2934 1867 imputans
2963 1799 3274 1870 opprobria,

2172 1891 2466 1959 lmpendet,
2501 1892 2691 1960 inquit,
2726 1893 2802 1946 ira
2833 1893 3028 1946 summi
3056 1894 3281 1949 vindicis
3302 1931 3318 1960 ,

1918 1979 2022 2036 155
2201 1981 2503 2052 Urbemque
2533 1983 2744 2038 ﬂamma
2781 1998 2905 2039 mox
2939 1984 3234 2040 cremabit:
3269 1986 3469 2040 credite

1552 2106 1831 2165 GLOSSrE
1869 2111 2204 2170 VETERES.

310 2213 439 2268 104.
469 2210 726 2278 Plectere,
757 2214 958 2279 punire,
997 2214 1101 2268 lso.

309 2283 437 2363 1οᾂ
471 2269 806 2363 fn_Tharsos,
847 2269 962 2337 curn
997 2269 1242 2340 debuisset
1271 2287 1510 2360 navigare
1538 2289 1774 2347 Ninivem
1797 2337 1812 2363 ,

230 2354 454 2424 fugit-in
490 2354 729 2420 Tharsos,
764 2353 802 2407 Ι.

307 2424 437 2481 108.
464 2424 565 2478 Per
593 2425 777 2489 altum,
810 2425 1227 2494 profunditatem,
1254 2427 1293 2483 1.

311 2494 436 2550 110.
467 2494 676 2555 Vatem.
707 2499 1037 2562 praphetam,
1071 2495 1112 2553 l.

311 2563 437 2640 115.
457 2563 701 2632 Capacis,
725 2567 946 2640 va_sti.—
961 2565 1152 2634 Specu,
1177 2568 1367 2622 scilicet
1386 2569 1810 2640 in.—llauritur,

229 2635 479 2698 sumitur,
511 2644 741 2697 voratur,
775 2635 876 2689 lso.

462 2703 696 2781 ﬁaptim,
724 2706 976 2781 uelociter.
996 2737 1064 2781 τέ
1088 2708 1294 2781 Cassos,
1333 2727 1534 2781 vacuos,
1567 2711 1603 2765 I.

308 2773 433 2828 117.
465 2774 662 2841 Eludit,
705 2776 911 2847 decipit,
944 2777 1102 2847 fallit,
1132 2779 1172 2832 1.

1997 2225 2120 2280 118.
2151 2226 2434 2293 Mordicus,
2466 2231 2786 2296 mordaciter,
2823 2233 2861 2285 l.

1996 2296 2118 2351 119.
2147 2296 2320 2373 Uvidi,
2347 2300 2484 2373 uvidi
2517 2301 2754 2373 dicuntur
2783 2304 3022 2368 molares,
3047 2305 3165 2373 quia
3195 2321 3388 2370 semper
3409 2321 3470 2359 sa

1925 2365 2026 2418 tiva
2055 2367 2374 2434 perluuntur,
2404 2367 2522 2422 Vat.
2549 2371 2611 2423 A.

1995 2435 2118 2508 124.
2150 2436 2462 2508 Maeandros,
2499 2455 2740 2500 recessus,
2769 2451 2979 2508 secreta,
3009 2441 3045 2496 Ι.

1993 2507 2116 2560 126.
2151 2507 2303 2568 Exin,
2339 2523 2476 2573 mox,
2505 2509 2606 2561 lso.

1995 2577 2118 2630 151.
2167 2576 2395 2640 Percito,
2429 2579 2606 2642 veloci,
2631 2579 2670 2632 l.

2143 2645 2365 2721 geiisor,
2387 2647 2565 2721 fndes.
2603 2677 2673 2721 -_-—
2701 2647 2990 2721 lmputans,
3023 2667 3317 2719 numerans,
3347 2655 3382 2708 Ι.

1990 2713 2110 2768 155.
2139 2713 2400 2783 (ΣΙ-θόίω,⁷
2417 2718 2540 2770 mihi
2560 2761 2573 2784 ,
2608 2718 2648 2772 1.

1596 2872 2151 2932 COMMENTARIUS.

304 3002 430 3078 100.
463 3004 516 3057 In
538 3003 691 3078 Prag.
723 3004 877 3074 prius
902 3007 1131 3076 paulum,
1164 3006 1256 3061 sed
1298 3005 1476 3078 inepte
1499 3007 1692 3065 factum
1723 3022 1806 3065 est

218 3072 522 3145 paululum,
557 3072 910 3145 cui’metrum'
937 3085 1215 3145 repugnat.

297 3143 428 3217 101.
452 3143 661 3217 Hymno
684 3144 743 3211 6,
782 3160 922 3200 vers.
956 3146 1044 3217 95,
1076 3143 1337 3217 benignus
1361 3151 1514 3204 ultor.
1547 3149 1635 3204 Sic
1665 3164 1806 3205 nunc

209 3214 371 3266 mitis
393 3215 570 3336 bulltor,
614 3225 668 3270 et
721 3231 879 3286 supra
933 3216 1127 3285 fulmen
1177 3214 1612 3288 mansuefactum,
1645 3232 1808 3274 terror

211 3299 388 3336 exora
423 3302 436 3335 ι
464 3303 523 3336 ιε.

211 3299 523 3338 εποναοιιη.

299 3354 426 3408 105.
451 3353 641 3425 Heins.
670 3370 789 3408 cum
818 3356 961 3422 Put.,
994 3356 1225 3419 Thuan.,
1260 3357 1464 3420 Nomm,
1496 3375 1600 3413 uno
1627 3361 1805 3425 Tom,

212 3424 497 3496 (homin
531 3440 718 3496 marg,
756 3427 841 3478 ille
867 3413 973 3495 qui.
1007 3426 1148 3492 Ald.,
1189 3413 1324 3493 (iis,
1365 3413 1584 3496 Weitz.,
1631 3413 1808 3486 aiio:
1833 3413 1880 3474 (ἶ

212 3494 352 3557 atri,
379 3492 466 3544 ille
485 3512 618 3546 cum.
655 3495 820 3561 Roth,
846 3492 930 3549 ille
961 3498 1104 3551 dum.

293 3561 424 3617 104.
460 3563 794 3640 Burmannus
817 3577 944 3618 tom.
980 3567 996 3619 Ι
1022 3568 1464 3640 Antholog.,pag.
1492 3570 1803 3640 756,conji-

211 3634 292 3688 cit
323 3651 386 3684 ac
413 3636 642 3700 perdere,
674 3637 792 3702 quia
832 3637 1082 3703 pra-cedit
1103 3634 1320 3692 κρηναῖα.

297 3705 420 3758 105.
459 3704 710 3768 Qumnam
752 3707 819 3758 sit
866 3705 976 3759 haec
1005 3707 1210 3774 civitas,
1256 3726 1359 3764 non
1393 3724 1491 3762 una
1519 3719 1602 3762 est
1641 3709 1806 3764 inter-

213 3784 438 3842 pretum
472 3777 752 3826 sententia.
787 3776 888 3830 Alii
920 3777 1184 3831 civitatem
1214 3777 1433 3840 Cilicia:,
1465 3779 1551 3832 alii
1579 3779 1802 3833 Cartha-

213 3845 425 3912 ginem,
463 3844 546 3896 alii
576 3844 829 3908 Al'ricam,
863 3845 952 3898 alii
983 3861 1129 3900 mare
1164 3849 1605 3903 Mediterraneum
1634 3850 1802 3903 inter-

214 3924 535 3984 pretantur;
591 3916 828 3968 nonnulli
887 3915 1045 3968 India:
1075 3920 1343 3984 regionem
1398 3920 1582 3974 volunt
1636 3935 1797 3982 esse,

213 3983 788 4054 quidamiTartcssum
821 3987 870 4039 in
911 3983 1178 4054 Hispania.
1212 3987 1512 4042 Probabilis
1553 3989 1681 4043 mihi
1720 4000 1802 4043 est

214 4055 405 4120 Opinio
441 4053 700 4108 Bonfrerii
729 4055 780 4107 in
824 4057 960 4108 notis
992 4053 1055 4108 ad
1085 4057 1481 4112 Onomasticum
1511 4060 1720 4112 urbium
1746 4070 1801 4112 et

215 4123 464 4176 locorum
500 4139 665 4178 sacr.e
696 4125 1003 4193 Scriptum,
1048 4128 1147 4179 hoc
1193 4128 1408 4181 nomine
1447 4129 1694 4182 universe
1725 4129 1802 4182 si-

212 4193 458 4264 gnificari
491 4208 549 4247 ea
581 4195 693 4247 loca
719 4210 836 4262 qua-
863 4197 1083 4248 navibus
1111 4197 1242 4251 adiri
1270 4209 1492 4264 possunt
1513 4208 1565 4253 et
1590 4199 1793 4264 solent,

213 4262 332 4316 sive
356 4264 539 4316 insulae
566 4266 692 4322 sint.
721 4268 832 4317 sive
864 4265 974 4318 loca
1009 4262 1385 4321 transmarina.

296 4334 415 4385 108.
447 4333 619 4402 Sich.,
650 4335 744 4386 iter
767 4349 862 4402 pro
883 4337 1002 4397 itur,
1031 4336 1204 4390 minus
1231 4338 1386 4391 bene.

297 4402 414 4455 109.
447 4401 703 4457 Weilzius
743 4413 796 4457 et
832 4402 1086 4460 Cellarius
1124 4407 1305 4460 nescio
1351 4408 1437 4461 ubi
1493 4407 1795 4463 invenerint

215 4488 370 4526 causa
406 4485 566 4526 tanta.

287 4545 408 4596 114.
445 4543 558 4614 Non
580 4543 770 4598 desunt
798 4544 1110 4613 interpretes
1128 4546 1216 4614 qui
1243 4554 1357 4600 cete
1384 4546 1508 4601 illud
1531 4546 1790 4602 balrenam

217 4613 375 4686 fuisse
405 4613 694 4686 affirmem,
735 4614 853 4667 aliis
911 4613 1346 4686 repugnantibus,
1396 4615 1534 4686 quod
1586 4617 1790 4671 balaena

218 4684 426 4757 arctiOri
455 4685 522 4757 sit
553 4692 783 4757 gutture,
809 4697 969 4757 quam
1001 4694 1057 4757 ut
1087 4685 1354 4757 hominem
1388 4684 1648 4752 integrum
1676 4688 1792 4757 glu-

223 4755 316 4805 tire
345 4754 532 4821 possit.
573 4754 888 4807 Prudentius
935 4756 1089 4822 paulo
1146 4764 1263 4823 post
1308 4756 1436 4810 dicit
1483 4754 1708 4809 dentium
1738 4767 1793 4812 et

219 4825 462 4895 uiatores,
510 4825 651 4895 quod
695 4825 914 4895 balantis
953 4827 1242 4895 convenire
1289 4827 1528 4880 nonnulli
1568 4838 1781 4895 negant.

221 4892 312 4963 Alii
370 4909 475 4946 non
511 4894 669 4945 unius
716 4893 910 4960 speciei
951 4894 1184 4949 balzenas
1232 4910 1351 4949 csse
1396 4892 1685 4963 affirmant,
1727 4907 1782 4952 et

222 4961 341 5035 alias
373 4963 592 5035 quidem
622 4963 778 5035 nullo_
805 4963 982 5028 dente,
1007 4966 1136 5018 alias
1165 4967 1340 5029 unico,
1374 4966 1504 5018 alias
1538 4961 1779 5035 pluribus

219 5033 440 5103 gaudere
477 5033 709 5086 tradunt.
742 5032 857 5085 Ceti
895 5036 1106 5089 nomine
1148 5051 1333 5089 omnes
1365 5032 1778 5103 pisces‘majoris

217 5101 482 5166 cujusdam
534 5103 688 5156 molis
715 5105 1114 5171 comprehendi,
1145 5107 1341 5172 passim
1366 5101 1628 5158 traditur.
1647 5101 1775 5159 ’Pis-

219 5183 323 5244 cem
343 5172 628 5244 grandem,
671 5174 757 5240 qui
788 5172 976 5244 Jonam
1020 5175 1312 5239 devoravit,
1345 5175 1505 5228 fuisse
1534 5190 1654 5228 eum
1685 5178 1772 5244 qui

217 5237 496 5314 charc’arias
518 5237 735 5314 dicitur,
763 5243 941 5314 _niulti
969 5245 1249 5311 opinantur
1291 5237 1308 5297 :7
1350 5237 1768 5314 cuiuscmsiém

215 5310 424 5383 exhibet
452 5311 843 5383 _A|t_l_rovandus
892 5312 981 5365 lib.
1006 5310 1103 5367 ’xm
1124 5357 1136 5378 ,
1170 5329 1287 5383 cap.
1316 5314 1381 5367 12
1407 5310 1474 5367 de
1512 5310 1773 5369 Piscibus.

285 5378 398 5432 115.
452 5380 506 5433 1η
545 5381 659 5433 Vat.
695 5384 761 5445 A,
794 5383 1019 5446 haritur,
1053 5398 1080 5433 a
1117 5378 1280 5437 veteri
1311 5399 1489 5436 manu.

290 5449 401 5501 119.
433 5451 579 5516 Altl.,
605 5450 742 5514 Gis.,
776 5450 930 5504 Fabr.
959 5460 1012 5505 et
1049 5453 1136 5505 alii
1167 5469 1284 5506 cum
1328 5453 1478 5506 Brev.
1514 5453 1672 5513 Moz.,
1698 5457 1770 5507 vi-

211 5515 345 5590 gidi,
384 5521 516 5586 quod
567 5515 927 5574 Nebrisseusis
975 5524 1352 5590 interpretatur
1391 5522 1558 5586 vividi,
1613 5525 1770 5578 acuti.

213 5581 353 5658 "ait.
380 5581 416 5641 Ᾱ
447 5603 496 5642 et
523 5590 581 5654 Β,
617 5590 792 5658 Prag.,
822 5590 940 5647 Rat.
963 5633 978 5655 ,
1009 5581 1186 5646 lleins.
1221 5607 1338 5646 cum
1382 5581 1586 5645 duobus
1617 5602 1766 5647 vetu-

204 5655 449 5730 stissimis
480 5655 890 5730 uridi._lnvl’ut.,
922 5662 1252 5730 disseparent.
1293 5661 1408 5715 Vat.
1453 5666 1516 5725 A,
1556 5663 1767 5715 dissica-

203 5733 343 5785 rent,
374 5725 487 5782 Vat.
523 5729 582 5791 Β.
614 5728 922 5783 desecat'enl.
956 5725 1074 5798 οηπά
1113 5732 1276 5801 accipi
1307 5731 1444 5787 solet
1479 5747 1576 5801 pro
1597 5733 1768 5794 quali-

1769 5865 1796 5889 ς

1909 3009 1999 3063 bet
2039 3007 2452 3080 massa__iuf'ormi
2493 3021 2611 3077 qua:
2641 3007 2691 3062 in
2721 3021 2781 3062 os
2819 3007 3070 3078 injicitur.
3100 3009 3226 3080 Ejus
3253 3013 3456 3068 diminu

1913 3081 2079 3134 tivum
2120 3077 2300 3146 ofella.

1984 3149 2104 3203 121.
2138 3147 2704 3218 112118.,ίῃνιεσεεδίὺιιε,
2737 3164 3036 3218 perperam.

1981 3220 2104 3273 {‘24.
2142 3217 2304 3284 Ald.,
2341 3217 2526 3283 Nebr.,
2560 3217 2695 3284 Οἱς..
2721 3217 2884 3272 nostri
2913 3229 2967 3273 et
3000 3219 3280 3276 Weitziani
3319 3223 3455 3277 codd

1915 3300 2112 3358 prmter
2134 3289 2334 3344 Widm.
2367 3289 2418 3342 in
2442 3297 2607 3352 textu,
2644 3289 2794 3342 Brev.
2831 3289 2986 3354 Moz.,
3019 3290 3326 3346 Gallandius
3357 3308 3473 3350 cum

1914 3359 2173 3423 Toruaes,
2205 3376 2424 3412 recessus
2478 3373 2574 3426 pro
2621 3360 2905 3412 mwandros
2935 3375 2954 3412 :
2987 3360 3039 3413 in
3083 3361 3280 3416 Widm.
3313 3364 3473 3418 etiam

1912 3431 1976 3481 ad
2007 3432 2296 3498 marginem
2333 3445 2574 3500 recessus.
2603 3427 2795 3500 Weit_7..
2829 3438 2880 3482 et
2904 3429 3147 3500 Heinsius
3170 3447 3290 3486 cum
3337 3427 3477 3500 Put.,

1912 3500 2112 3565 Oxon.,
2143 3500 2320 3563 Nom.,
2352 3498 2472 3552 Rat.
2518 3510 2569 3552 et
2597 3515 2702 3568 uno
2727 3498 2882 3553 Torr.
2913 3498 3030 3552 Vat.
3062 3501 3105 3568 Q
3127 3512 3180 3555 et
3226 3503 3376 3557 Alex.
3413 3498 3480 3557 ad

1907 3583 2079 3632 oram,
2111 3571 2418 3632 nuenndros,
2469 3567 2607 3636 quod
2649 3569 2815 3635 magis
2847 3569 3020 3635 placet
3046 3587 3058 3621 :
3091 3567 3228 3624 nam
3255 3588 3480 3626 recessus

1908 3638 2119 3691 videtur
2148 3639 2345 3704 glossa,
2382 3646 2472 3690 aut
2498 3637 2757 3691 correctio
2796 3637 3034 3706 alicujus,
3067 3641 3155 3704 qui
3183 3642 3481 3694 maeandros

1947 3709 2133 3760 rimam
2165 3707 2459 3772 producere
2487 3707 2698 3776 scierit,
2725 3721 2895 3776 neque
2933 3708 3400 3771 animadverterit,
3448 3724 3478 3762 a

1953 3777 2196 3830 rudentio
2229 3784 2524 3847 correptam
2558 3775 2764 3847 hymno,
2789 3775 2842 3838 6,
2872 3791 3011 3829 vers.
3046 3776 3164 3847 112.
3201 3777 3254 3830 ln
3297 3777 3476 3847 Egm.,

1905 3848 2088 3900 ventris
2113 3862 2332 3900 recessus
2357 3844 2542 3897 tortilis
2561 3885 2574 3907 ,
2622 3845 2768 3914 quasi
2797 3853 2979 3898 venter
3009 3846 3200 3899 tortilis
3228 3844 3469 3914 dicatur;

1906 3931 2010 3972 non
2036 3919 2226 3985 placet.
2258 3916 2361 3969 Pro
2389 3914 2682 3966 circumibat
2714 3915 2800 3967 alii
2838 3915 3001 3985 edunt
3028 3915 3292 3968 circuibat.

1979 3983 2097 4042 1‘26.
2146 3987 2278 4049 Alt.,
2311 3994 2364 4040 et
2400 3999 2428 4037 a
2463 3999 2621 4038 manu
2651 3985 2819 4053 prima
2867 3983 3043 4054 Egm.,
3069 3985 3255 4049 vicem;
3283 3984 3474 4041 melius

1904 4073 2028 4111 vice.

1974 4127 2098 4181 127.
2153 4124 2442 4180 Evomentis
2485 4128 2595 4182 sive
2651 4123 2897 4190 Altinius,
2941 4124 3052 4178 sive
3097 4123 3474 4193 Egmondanus

1939 4198 2110 4262 otius;
2144 4212 2247 4250 non
2265 4197 2403 4250 enitr.
2435 4198 2576 4250 clare
2619 4196 2822 4264 locutus
2853 4205 2932 4247 est
2970 4194 3236 4248 Heinsius.
3282 4196 3460 4264 Eques

1933 4267 2168 4320 Victorius
2214 4270 2266 4319 in
2312 4267 2476 4330 prima
2509 4268 2677 4320 littera
2722 4263 3107 4318 dissertationis
3137 4263 3473 4334 philologicae

1901 4337 2339 4404 exprimicuravit
2360 4335 2548 4391 Jonam
2578 4336 2884 4401 prophetam
2918 4350 2983 4388 ex
3000 4343 3207 4388 vetusta
3236 4350 3466 4402 gemma,

1901 4421 1966 4458 ex
1980 4408 2156 4475 pansis
2185 4407 2442 4475 elatisque
2465 4406 2708 4460 manibus
2733 4414 3120 4472 erumpentem,
3145 4413 3199 4458 et
3223 4405 3334 4459 fere
3356 4420 3470 4460 me-

1900 4476 2668 4555 dium‘promiucntemab_ore
2696 4475 2819 4555 ceti.
3013 4553 3019 4555 _
3219 4553 3227 4555 ᾗ
3345 4553 3352 4555 _
3429 4543 3441 4555 .

1972 4545 2091 4601 129.
2128 4547 2371 4601 Mendum
2399 4547 2518 4600 Vat.
2547 4547 2589 4598 A
2615 4545 2794 4598 cadens
2825 4553 3115 4597 correctum
3153 4553 3234 4595 est
3254 4587 3267 4608 ,
3302 4553 3359 4596 ut
3397 4545 3470 4596 sit

1899 4617 2141 4671 candens.
2172 4617 2324 4683 Apud
2351 4616 2642 4671 Minucium
2663 4613 2888 4666 Felicem
2914 4613 3074 4683 aliqui
3124 4613 3302 4680 legunt
3336 4611 3468 4683 :rlbi

1898 4702 2081 4740 arenas
2103 4681 2315 4739 extimas
2339 4727 2352 4747 ,
2395 4687 2527 4737 velut
2555 4691 2794 4735 sterneret
2821 4681 3130 4739 ambulacro,
3163 4682 3466 4748 perfundens

1899 4756 2027 4808 lenis
2055 4760 2193 4808 unda
2223 4755 2471 4807 tendebat.
2517 4753 2616 4806 Alii
2649 4753 2929 4804 restituunt
2958 4749 3214 4800 tundebat.
3246 4749 3462 4803 Elmen-

1898 4825 2134 4897 horstius
2163 4821 2761 4897 adducitauctoritatem
2795 4820 2851 4874 S.
2904 4818 3229 4897 Hieronymi,
3260 4818 3464 4897 quisl-

1893 4895 2092 4948 militer
2119 4908 2182 4948 eo
2206 4894 2367 4947 verbo
2410 4895 2592 4955 utitur,
2637 4899 2690 4942 et
2735 4889 2872 4941 hunc
2920 4885 3114 4940 locum
3143 4885 3414 4940 Prudentii
3444 4905 3455 4949 ;

1891 4965 1984 5017 sed
2018 4973 2243 5017 metrum
2278 4963 2516 5026 corrupit
2564 4973 2669 5011 uno
2705 4959 2864 5010 verbo
2906 4964 3114 5026 mutato
3140 4973 3152 5008 :
3183 4955 3460 5024 Salsosque

1894 5035 2112 5086 candens
2134 5049 2311 5102 spuma
2341 5025 2504 5084 tundit
2524 5025 3006 5102 Asilices._0u__zelius
3050 5040 3285 5102 errorem
3317 5033 3462 5079 tran-

1886 5104 2118 5170 scripsit.
2145 5095 2278 5168 Quid
2311 5117 2438 5169 ergo
2467 5100 2678 5162 mirum,
2703 5098 2751 5170 _si
2789 5095 2928 5170 olim
2953 5096 3225 5170 monachis
3256 5105 3459 5170 tantum

1885 5165 2219 5233 florentibus,
2243 5165 2502 5239 ejusmodi
2547 5168 2764 5239 macula:
2793 5165 3453 5239 Prudentioadltsgseriut,

1883 5253 1937 5296 et
1966 5259 2034 5296 ex
2060 5259 2162 5296 uno
2191 5244 2240 5296 in
2270 5235 2410 5294 aliud
2441 5237 2710 5305 exemplar
2740 5235 3201 5303 permanarerint?
3228 5235 3300 5289 De
3330 5251 3460 5288 caua

1886 5313 2209 5393 mean-deuti
2260 5325 2444 5393 spuma
2500 5308 2750 5393 ﬂuctuum
2800 5305 2961 5358 multa
2998 5305 3075 5393 libi
3109 5305 3460 5393 Ouz‘el‘iusnet

1886 5382 2018 5436 nihil
2051 5374 2380 5452 frequentius
2413 5377 2550 5448 apud
2579 5385 2760 5446 poetas
2792 5389 2949 5444 quam
2998 5374 3454 5450 tempestatesde-

1883 5454 2138 5508 scribere.

1955 5524 2077 5576 151.
2111 5522 2304 5590 Aliqui.
2341 5520 2602 5574 Ninevitas
2633 5517 2888 5590 scribunt.

1954 5592 2076 5647 134.
2125 5583 2242 5645 Vat.
2277 5593 2344 5663 Β.
2360 5592 2554 5663 judicis
2575 5587 2714 5663 ,δρᾶ
2747 5586 2971 5663 videtur
3004 5583 3170 5663 fuisse
3223 5587 3458 5663 vindicis.

1882 5662 2003 5716 Rat.
2045 5673 2100 5716 et
2128 5663 2262 5726 alius
2309 5655 2428 5718 Vat.
2471 5661 2610 5731 apud
2640 5659 2825 5724 Teol.,
2855 5656 3069 5725 iudicis.
3101 5655 3256 5712 Brev.
3302 5655 3460 5722 Πομ,

1846 5793 1855 5810 ι
1879 5733 2142 5802 impendit.
