3970 6326
151 265 266 323 855

404 374 544 442 Quin
569 383 624 431 et
648 379 842 441 negato
863 371 998 427 lacte
1026 373 1345 441 vagientium

403 463 556 518 Fletu
583 461 898 517 madescunt
921 447 1256 530 parvulorum
1288 465 1496 520 chnulm
1521 481 1533 519 :

404 555 568 626 324
583 555 814 610 Succuin
848 553 1062 622 papilla:
1093 568 1250 622 parca
1279 555 1455 609 nutrix
1487 555 1726 625 derogat.

330 649 534 716 Greges
561 655 615 702 et
643 647 789 715 ipsos
810 645 1015 700 claudit
1035 648 1404 703 armentalium

405 740 588 793 Solers
609 730 848 792 virorum
869 753 1020 805 cura,
1051 753 1117 793 ne
1137 754 1326 810 vagum
1356 754 1517 809 pecus

397 832 682 900 Contingat
712 844 806 884 ore
834 830 1105 885 rorulenta
1135 831 1397 900 gramina,

397 921 588 976 Potum
609 921 898 989 strepentis
926 936 1060 975 neve
1091 922 1256 976 l‘ontis
1285 923 1524 987 hauriat;

404 1015 594 1069 Vacuis
613 1013 848 1084 querela:
868 1021 1160 1082 personant
1192 1014 1538 1081 praesepibus.

331 1107 564 1163 Mollilus
587 1106 688 1168 his,
715 1114 769 1159 et
791 1105 1005 1171 talibus,
1039 1107 1252 1160 brevem
1288 1106 1425 1159 Deus

401 1199 536 1252 Iram
568 1190 825 1259 refrenat,
853 1193 1158 1264 temperans
1188 1196 1461 1249 oraculum

402 1289 630 1357 Prosper
658 1287 936 1341 sinistrum
968 1304 978 1336 :
1011 1300 1178 1354 prona
1208 1299 1329 1339 nam
1354 1285 1633 1340 clementia

406 1377 556 1434 Haud
585 1378 873 1433 difﬁculter
901 1377 1200 1446 supplicum
1224 1377 1526 1430 mortalium

409 1469 578 1525 Solvit
606 1478 834 1532 reatum,
869 1469 1032 1539 [itque
1059 1468 1250 1522 lntrix
1282 1468 1538 1523 ﬂentium.

324 1562 429 1617 Sed
460 1575 554 1614 cur
584 1569 806 1614 vetusta:
834 1559 1006 1628 gentis
1033 1559 1336 1628 exemplum
1367 1561 1590 1628 loquor?

396 1653 608 1708 Pridem
631 1652 847 1708 caducis
874 1667 996 1708 cum
1019 1663 1269 1722 gravatus
1297 1652 1516 1707 artubus

396 1744 571 1809 .lesus,
601 1742 782 1798 dicato
804 1741 966 1798 corde
989 1741 1340 1810 ieiunaverit:

146 554 253 609 1ῢὸ

145 1018 250 1071 170

150 1472 259 1526 175

208 1931 343 1985 164.
374 1927 614 1991 Cunulm,
645 1925 918 1989 cunabula,
952 1925 992 1978 Ι.

213 2001 344 2054 168.
376 1997 685 2064 Rorulenla,
721 1996 949 2059 humida,
981 1994 1079 2048 l'sn.

209 2069 345 2125 169.
379 2063 699 2135 Strepentis,
727 2065 1031 2134 ebullientis,
1063 2065 1338 2130 bullientis,
1366 2063 1400 2116 I.

210 2145 236 2195 1
252 2139 345 2192 72.
377 2134 682 2200 Orac’ulu'm,‘
704 2144 1025 2206 responsum,
1051 2136 1275 2206 utinam.

212 2211 344 2264 175.
373 2207 626 2275 Prosper,
658 2203 927 2276 propitius.
947 2236 1014 2245 -—-
1037 2205 1347 2270 Sinistrum,
1381 2204 1650 2267 minacem,
1677 2203 1714 2256 l.

208 2278 345 2333 175.
376 2276 612 2335 Fautrix,
643 2276 896 2346 adjutriaz,
932 2276 1035 2330 lso.

211 2350 346 2403 181.
377 2346 533 2401 Molle
564 2343 894 2410 naturaliter,
936 2346 1070 2415 quod
1113 2345 1416 2399 naturaliter
1461 2345 1721 2411 inﬁrmata

140 2429 210 2475 est
247 2429 303 2472 et
333 2417 530 2489 fragile,
558 2418 595 2470 Ι.

1178 258 1708 318 εΑτιιειιιειιιΝοΝ
1748 258 1862 318 vn.
1900 219 2379 320 istunaarwu.

1751 380 1802 438 Δ

1455 1833 1494 1886 G
1507 1832 1735 1888 LOSSA‘]
1755 1737 2112 1895 li’ETERESlf

3302 264 3406 322 ΒΜ

2069 378 2519 446 Prmnuncupatus
2545 391 2642 431 ore
2671 376 2761 446 qui
2791 374 3107 444 prophetico

2079 471 2238 541 325
2263 468 2569 524 Emmanuel
2595 477 2696 533 est,
2727 467 2838 520 sive
2866 479 3122 520 NOBISCUI
3153 463 3292 524 Deus

2006 560 2104 625 Qui
2131 573 2330 628 corpus
2356 559 2493 614 istud
2527 559 2692 613 molle
2719 556 3058 620 naturaliter,
3201 547 3233 578 ⁹

2077 651 2412 720 Captumque
2437 651 2557 704 laxo
2586 651 2685 704 sub
2715 649 3044 716 voluptatum
3070 646 3216 716 iugo,

2083 741 2304 795 Virtutis
2332 749 2477 796 arcta
2509 741 2626 807 lege
2653 739 2780 796 fecit
2805 739 3054 804 liberum,

2081 833 2459 902 Emancipator
2491 831 2776 887 servientis
2804 832 3099 900 plasmatis,

2085 924 2372 993 ltcgnantis
2399 932 2526 978 ante
2556 925 2724 978 victor
2753 933 2805 978 et
2835 921 3120 993 cupidinis.

2011 1020 2318 1086 Inhospitali
2347 1035 2581 1090 namque
2609 1031 2852 1076 secretus
2877 1021 3019 1085 loco,

2077 1114 2265 1180 Quinis
2294 1114 2484 1170 diebus
2503 1115 2669 1170 ecties
2694 1112 3013 1179 labentibus,

2077 1203 2288 1258 Nullam
2320 1205 2562 1261 ciborum
2587 1206 2878 1260 vindicavit
2905 1206 3148 1275 gratiam,

2081 1292 2326 1350 Firmana
2355 1297 2560 1351 salubri
2578 1297 2787 1352 scilicet
2807 1297 3012 1366 jejunio
3111 1358 3118 1364 η

2080 1385 2183 1440 Vas
2207 1389 2519 1456 appetendis
2550 1389 2872 1466 imbecillum
2892 1390 3116 1460 gaudiis.

2013 1476 2234 1531 Miratur
2257 1479 2444 1544 hostis,
2475 1487 2636 1549 posse
2659 1482 2846 1536 limum
2880 1481 3116 1537 tabidum

2079 1567 2306 1622 Tantum
2339 1569 2534 1624 laboris
2563 1572 2846 1637 sustinere,
2880 1584 2943 1626 ac
2969 1571 3194 1640 perpeti.

2080 1657 2242 1728 326
2277 1659 2530 1728 Explorat
2556 1668 2672 1716 arte
2701 1663 2998 1716 sciscitator
3027 1663 3236 1726 callida,

2079 1748 2288 1805 Deusne
2312 1751 2568 1806 membris
2595 1753 2663 1806 sit
2688 1761 2933 1822 receptus
2961 1754 3184 1808 terreis:

1834 447 1935 523 180

1836 926 1936 980 185

1834 1382 1934 1436 190

1900 1929 2020 1984 184.
2055 1931 2452 2002 Emancipator,
2488 1935 2751 2000 liberator,
2787 1936 3025 1988 domitor.
3061 1965 3128 1973 —
3159 1933 3393 1988 Plasma-

1829 2002 1924 2069 tis,
1942 2004 2200 2069 corporis,
2227 2005 2262 2056 Ι.

2037 2041 2354 2145 Ἑιιέἰίἰῖίιίε,
2373 2076 2493 2143 quia
2515 2076 2826 2141 cupidinem,
2858 2091 2970 2145 qua:
2989 2084 3137 2128 antea
3160 2075 3397 2144 regnabat

1826 2140 1878 2192 in
1911 2141 2218 2213 hominibus,
2251 2150 2357 2210 ipse
2385 2140 2822 2213 devicit’penilas,
2847 2140 2886 2198 Ι.

1900 2210 2021 2264 188.
2057 2211 2380 2276 Vindicavit,
2412 2210 2698 2280 usurpavit,
2729 2216 2764 2268 1.

1901 2281 2022 2351 190,
2057 2282 2296 2351 Caudiis,
2328 2285 2626 2349 amicalibus,
2659 2301 2759 2338 non
2788 2287 3138 2351 secutoribus,
3177 2286 3215 2339 l'.

1906 2350 2025 2404 191.
2059 2350 2339 2415 Tabidum,
2376 2355 2723 2420 tabescentem,
2757 2355 2796 2410 Ι.

1513 2493 2073 2559 COMMENTARIUS.

137 2599 306 2673 pubis
344 2596 625 2673 scribatur,
659 2601 842 2673 parum
880 2595 1138 2673 intereat,
1162 2593 1453 2673 dummodo
1493 2602 1721 2673 constet,

141 2661 401 2725 ultimam
427 2667 529 2720 hoc
555 2661 674 2718 loco
698 2665 914 2734 corripi.
950 2665 1210 2719 Cellarius
1234 2673 1414 2718 monet
1441 2661 1722 2734 legendum

139 2736 360 2812 jejuna,
394 2751 496 2812 non
517 2736 745 2806 jejunus,
789 2732 926 2803 quod
972 2743 1295 2802 postremum
1338 2737 1366 2786 ἐι
1402 2732 1613 2788 nomine
1648 2732 1724 2786 di-

139 2820 301 2864 ctum
332 2822 471 2862 novr.

215 2879 352 2934 165.
387 2875 503 2929 Vat.
543 2877 606 2929 Α.
655 2874 798 2939 Ριιι.,
837 2874 1060 2938 Ambr.,
1111 2875 1306 2934 Oxon..
1358 2876 1535 2938 Alex.,
1590 2887 1726 2925 unus

139 2949 434 3007 Ter-rent,
464 2944 650 3007 Weit.,
681 2944 819 3004 PaL,
851 2945 1040 3011 Bong.,
1070 2944 1294 3009 Hailsb.,
1324 2946 1556 3014 derogat.
1579 2944 1727 2998 Alte-

141 3035 266 3075 rum
317 3018 534 3084 denegat
568 3015 704 3082 sapit
741 3014 1003 3081 glossam;
1056 3015 1194 3083 quod
1245 3023 1419 3068 tamen
1462 3022 1637 3068 exstat
1674 3015 1726 3084 in

149 3091 304 3144 Vatt.
335 3088 399 3150 Β,
441 3082 481 3151 l,
523 3084 701 3152 Prag.,
734 3084 880 3150 Ald.,
923 3082 1301 3145 Gis.,’llailsb.
1344 3099 1526 3150 supra,
1576 3090 1632 3137 et
1673 3082 1728 3136 in

1833 2596 2203 2671 aliquamesse
2227 2597 2512 2671 invectam,
2540 2615 2694 2667 quam
2728 2610 2783 2654 ut
2803 2601 3148 2671 quadraginta
3183 2602 3327 2657 hora:
3352 2604 3397 2657 in

1833 2667 2179 2734 quadraginta
2209 2667 2326 2722 dies
2354 2668 2549 2722 fuerint
2585 2667 2883 2724 conversie.

1909 2736 2400 2818 lill'lkboqnitnrde
2427 2739 2776 2818 quadraginta
2806 2741 3234 2818 dieb_us,_lquibus
3266 2743 3399 2812 jeju~

1833 2808 1979 2866 navit
2018 2805 2258 2860 Christus
2304 2805 2579 2862 llomiuus.

1835 2875 2019 2928 Matth.
2045 2885 2094 2928 et
2118 2889 2236 2939 cap.
2271 2891 2318 2944 Iv
2346 2877 2472 2929 Luc.

1909 2947 2028 3001 188.
2065 2945 2297 3018 (gratiam
2317 2947 2554 3018 cibarum
2574 2947 2823 3000 Nebrissa
2865 2949 3238 3018 interpretatur
3276 2965 3398 3002 sua-

1834 3019 2072 3070 vitatem.
2099 3015 2198 3069 llic
2218 3017 2473 3086 accipitur
2495 3031 2591 3086 pro
2617 3031 2858 3082 uulnere,
2882 3015 3083 3082 favore,
3121 3017 3400 3083 beneﬁcio,

1835 3087 1972 3154 quod
2004 3086 2156 3140 nobis
2186 3085 2474 3140 confertur.
2498 3085 2649 3140 Vide
2701 3088 2882 3156 hymn.
2929 3090 2986 3141 ll
3034 3103 3175 3142 vers.
3205 3090 3257 3144 5.
3292 3089 3404 3141 Heu

2653 2807 2753 2864 late
2790 2813 2963 2864 omnia
3011 2807 3175 2866 habes
3205 2807 3331 2880 ca'p.
3356 2828 3400 2865 IV

144 3161 315 3214 Brev.
339 3155 741 3226 Moz.Conﬁstat,
784 3154 1119 3226 Agabardum
1155 3155 1259 3208 loc.
1298 3156 1388 3226 cit.
1421 3154 1610 3221 legisse
1638 3154 1727 3226 de—
1755 3161 1802 3222 α
1832 3173 1984 3226 quam
2012 3158 2243 3225 fugacem
2273 3159 2505 3223 gratiam.

143 3239 327 3301 rogat.
360 3225 576 3301 Teolins
605 3225 818 3301 legite}:
851 3238 980 3278 mss.
1013 3224 1248 3292 derogat,
1295 3233 1351 3280 et
1380 3225 1430 3301 in_
1459 3223 1730 3301 impressis

145 3294 229 3354 ait
243 3312 376 3353 esse
393 3298 626 3364 denegat.
651 3294 1060 3364 Sedutrumque
1080 3302 1256 3348 exstat
1285 3305 1393 3348 tam
1421 3295 1472 3347 in
1501 3294 1698 3364 impres
1716 3321 1729 3330 -

148 3371 222 3423 sis
271 3363 539 3437 quamjn
565 3378 694 3417 mss.
734 3363 938 3437 lleins.,
983 3365 1119 3427 Cel.,
1165 3365 1357 3437 Citam1
1387 3372 1507 3432 post
1538 3363 1728 3425 Veitz.,

149 3433 391 3506 derogat.
427 3434 609 3506 Notus.
640 3449 767 3487 vero
788 3434 1002 3506 abnegat
1025 3447 1145 3488 cum
1177 3433 1294 3506 Vat.
1326 3434 1390 3499 ρ.

226 3503 358 3563 166.
387 3507 444 3560 In
482 3504 582 3558 0:.
606 3546 620 3568 ,
659 3504 1024 3556 armentarium
1069 3504 1218 3572 quasi
1267 3503 1728 3558 armentariorum.

155 3578 425 3644 Virgilius
451 3584 505 3629 et
531 3575 868 3644 armentarius
896 3580 953 3627 et
971 3573 1263 3644 armentalis
1294 3576 1475 3628 utitur.

231 3642 372 3702 188.
396 3644 616 3699 Vossius
644 3653 700 3697 et
726 3643 814 3696 alii
839 3653 1119 3710 negarunt,
1144 3642 1384 3697 Latinam
1408 3653 1593 3697 vocem
1615 3651 1738 3694 esse

158 3717 484 3772 rorulentae.
519 3714 591 3767 Ea
617 3714 694 3766 nsi
735 3722 858 3766 sunt
885 3713 1199 3776 Columella,
1232 3714 1454 3775 Plinius,
1495 3712 1732 3766 Solinus.

228 3788 364 3843 169.
394 3784 561 3840 Aldus
585 3783 786 3836 diserte
811 3782 1070 3846 hauriant,
1088 3784 1229 3852 quod
1253 3785 1302 3837 in
1325 3784 1533 3837 Thuan.
1555 3790 1608 3834 et
1631 3780 1730 3834 0x.

158 3868 439 3927 repertum
465 3853 688 3927 Heinsio
715 3853 930 3927 placuit.
977 3853 1081 3927 Sed
1111 3867 1231 3927 cum
1260 3853 1594 3927 praeessem
1613 3866 1736 3903 con-

161 3919 350 3992 tingat,
378 3934 437 3980 et
462 3926 516 3978 in
539 3919 760 3992 reliquis
776 3923 844 3976 sit
864 3919 1092 3984 hauriat,
1120 3924 1219 3977 hoc
1243 3919 1488 3991 prmtero.

274 3998 368 4052 73.
397 3994 647 4059 Plerique
675 4007 906 4060 prosper,
935 3995 1074 4060 quod
1109 3993 1308 4060 optime
1352 3993 1586 4047 cohreret
1612 4003 1736 4044 cum

167 4068 340 4123 verbo
369 4063 613 4144 sequenti
641 4063 924 4115 sinistrum.
945 4065 1015 4144 .ln
1035 4064 1280 4144 _duobus_
1292 4061 1591 4117 Ileinsianis
1620 4075 1738 4126 pro-

165 4154 336 4206 spere,
365 4134 508 4206 quod
537 4146 720 4200 parum
741 4133 1003 4201 congruit.
1035 4132 1089 4186 In
1111 4149 1214 4186 uno
1237 4133 1487 4195 Torren.,
1510 4141 1736 4200 prapter.

167 4207 468 4264 Siclrardus
497 4201 723 4272 margini
757 4204 1022 4270 apposuit,
1055 4203 1267 4271 Propter
1295 4203 1478 4256 habent
1508 4203 1740 4254 nonnulli

166 4279 395 4339 codices,
423 4284 665 4342 tanquam
686 4287 897 4342 propere
916 4274 1076 4326 dicas.
1107 4273 1216 4327 Gis.
1251 4275 1286 4326 2
1307 4274 1458 4333 edit.,
1501 4285 1739 4342 propere;

168 4350 228 4401 in
258 4347 287 4399 1
308 4347 436 4401 edit.
460 4340 562 4398 hoc
584 4344 754 4410 ipsum
784 4341 851 4396 ad
868 4355 1041 4406 oram,
1067 4344 1120 4396 in
1143 4351 1292 4398 textu
1325 4355 1555 4411 prosper.
1579 4340 1736 4395 Brev.

171 4417 338 4481 M02...
369 4414 552 4478 Fabr.,
585 4413 775 4481 Bong.,
805 4427 1037 4481 propere.

1911 3227 2032 3280 l90.
2063 3229 2267 3292 Corpus
2299 3235 2454 3280 vocat
2479 3229 2662 3281 animo:
2692 3244 2799 3291 uas,
2850 3228 2924 3281 uti
2959 3228 3016 3283 S.
3061 3228 3311 3283 Paulinus
3339 3227 3404 3282 de

1837 3299 1983 3370 obitu
2007 3297 2145 3370 Celsi
2173 3296 2347 3370 :_Sola
2371 3298 2670 3370 resurgendi
2692 3309 3135 3370 caro‘perceptura
3162 3301 3404 3370 uigorem,

1841 3369 1968 3432 Quin
1989 3367 2258 3420 rationalis
2277 3383 2364 3420 vas
2393 3367 2580 3420 animo:
2603 3369 2771 3435 fuerit.
2819 3368 2895 3422 Ex
2928 3369 2946 3422 l
2975 3367 3227 3424 Thessali
3253 3385 3321 3434 rv,
3350 3371 3406 3435 4,

1843 3437 1909 3491 Ut
1951 3439 2076 3490 sciat
2111 3440 2450 3507 unusquisque
2486 3441 2704 3508 vestrum
2742 3451 2830 3492 vos
2874 3455 3023 3492 suum
3058 3441 3318 3508 possidere
3356 3440 3407 3491 in

1837 3508 2238 3576 sanctiﬁcatione
2263 3514 2310 3560 et
2341 3508 2552 3560 honore.
2580 3507 2797 3576 Lupius,
2830 3517 2958 3563 tom.
2989 3509 3031 3572 Ι,
3061 3507 3284 3564 dissert.
3317 3510 3405 3574 ll,

1837 3592 1957 3646 pag.
1977 3575 2086 3646 9.03
2112 3584 2165 3629 et
2189 3591 2362 3645 seqq..
2400 3577 2584 3645 probat
2608 3575 2788 3632 multis
2810 3578 3094 3644 exemplis,
3127 3580 3331 3632 animas
3354 3579 3408 3630 in

1840 3645 2099 3712 sepulcris
2127 3646 2553 3700 Christianorum
2584 3649 2683 3700 sub
2711 3648 3073 3700 columbarum
3121 3649 3297 3714 specie
3326 3647 3406 3700 ef-

1841 3718 1962 3782 ﬁngi
1994 3731 2160 3784 prope
2181 3729 2276 3768 vas
2315 3715 2455 3785 quod
2481 3715 2780 3786 symbolum
2809 3726 2888 3786 est
2912 3717 3172 3786 corporis,
3218 3716 3292 3769 uti
3319 3731 3409 3768 co-

1840 3787 2015 3839 lumba
2043 3786 2339 3855 symbolum
2372 3795 2452 3839 est
2481 3787 2691 3839 animae.
2721 3785 2854 3839 Vide
2870 3785 3062 3855 Apoth.
3081 3799 3222 3839 vers.
3247 3786 3406 3855 1025,

1841 3868 1895 3910 et
1932 3847 2220 3923 Hanrartig.
2250 3871 2391 3908 vers.
2429 3856 2551 3908 281.
2592 3857 2648 3908 ln
2692 3855 2824 3910 cado
2867 3847 2974 3908 vini
3016 3869 3209 3922 corpus
3249 3847 3407 3910 etiam

1842 3927 2235 3994 repraesentari,
2265 3926 2414 3994 quasi
2446 3926 2570 3978 vino
2601 3925 2776 3978 anima
2807 3927 3224 3993 exprimeretur,
3271 3925 3408 3979 idem

1842 3996 2378 4120 ansiugssnspicatus
2425 4006 2522 4049 est.
2571 3995 2701 4048 Vide
2741 4003 3026 4050 comment.
3072 3995 3137 4047 ad
3170 3994 3351 4064 hymn.
3381 3997 3410 4049 9

1845 4081 1938 4120 ver
1973 4105 1985 4118 .
2096 4107 2106 4115 .

1845 4076 1985 4120 vers.
2018 4076 2106 4120 28.

1918 4135 2044 4190 191.
2073 4134 2187 4205 Non
2227 4136 2390 4190 semel
2423 4133 2744 4205 Prudentius
2778 4137 2951 4188 timum
2977 4136 3042 4190 de
3066 4147 3290 4205 corpore
3319 4135 3410 4189 hu-

1847 4220 2003 4259 mano
2023 4204 2175 4269 dixit,
2204 4205 2341 4272 quod
2371 4221 2431 4258 ex
2461 4205 2568 4259 luto
2601 4204 2816 4259 factum.

1920 4275 2042 4330 191.
2077 4275 2194 4328 Vat.
2231 4279 2296 4342 A,
2331 4274 2604 4337 mendose,
2639 4278 2704 4328 sit
2733 4284 2974 4329 recrrtus.
3015 4276 3139 4330 Mira
3171 4275 3261 4329 Dei
3289 4289 3411 4344 pro-

1845 4346 2078 4415 vident-la
2104 4344 2296 4400 factum
2321 4355 2404 4399 est
2441 4355 2497 4397 ut
2536 4347 2848 4415 mysterium
2885 4346 3266 4400 lnoarnationis
3296 4345 3411 4399 dia-

1847 4416 1970 4470 bolo
2005 4413 2293 4482 celaretur,
2333 4417 2490 4482 eique
2532 4413 2742 4484 ignotus
2781 4425 2926 4470 esset
2969 4426 3152 4485 partus
3183 4415 3413 4483 Virginis

245 4479 504 4579 37M}?
517 4479 785 4579 «alter
808 4479 1242 4579 39351.6051'.
1278 4499 1333 4579 ³.,
1358 4484 1524 4579 Ρξτίὲῗ
1550 4479 1739 4579 “¹“.Ξ¹1¹.¹¹’
1771 4515 1830 4579 ﬁ
1849 4485 2098 4579 9.?‘3‘1'3?’
2122 4479 2448 4579 ρβὲἷίέὶτὶῗτέ
2479 4479 3413 4579 ῗᾷἷὲῧὲἷίέητηέἐῖἕὲἷῖδ.31⁵⁰¹ἙἯΞ⁴Ξ

173 4557 288 4611 Gis.
312 4559 339 4610 1
373 4553 527 4617 edit.,
554 4552 672 4605 Vat.
701 4555 764 4623 ᾼ,
810 4552 1104 4623 supplicem.
1145 4552 1265 4607 Vat.
1295 4553 1353 4617 Β,
1388 4552 1564 4620 Prag.,
1597 4555 1741 4619 Rat,

177 4625 335 4680 Gold.
365 4637 548 4691 supra,
572 4621 879 4691 supplicum.

257 4696 373 4749 178.
408 4693 646 4748 Verbum
659 4693 899 4762 jejunctre
921 4693 1092 4746 solum
1117 4693 1382 4760 reperitur
1406 4694 1543 4761 apud
1573 4693 1746 4749 eccle-

177 4765 424 4820 siasticos
457 4761 768 4830 scriptores,
820 4761 1225 4828 Tertulliauum,
1273 4763 1651 4833 Hieronymum
1696 4771 1748 4819 et

177 4836 336 4888 alios.

259 4905 375 4959 179.
419 4905 779 4970 Ρτωηκηαιρο
815 4917 878 4958 ex
914 4902 1154 4971 analogia
1198 4903 1501 4969 formatum,
1559 4905 1747 4959 Exem-

180 4975 329 5040 plum
355 4974 630 5042 antiquius
654 4971 826 5042 deest.

182 5075 190 5082 -
254 5043 371 5098 isi.
400 5040 597 5100 casm.
625 5040 793 5096 edidit
819 5057 1002 5110 corpus
1027 5041 1179 5095 illud.

261 5113 374 5168 184.
405 5115 616 5170 Thuan.
647 5111 832 5167 scribit
857 5113 1244 5180 ecmancipator.

255 5183 374 5240 186.
410 5183 568 5239 Vides
597 5183 854 5250 originem
883 5182 1067 5250 jejunii
1090 5181 1562 5250 quadragesimalis
1585 5201 1598 5234 :
1625 5198 1746 5236 nam

176 5251 321 5306 Infra
342 5270 478 5310 vers.
513 5254 634 5314 196.
679 5252 796 5305 Hoc
823 5267 912 5306 nos
938 5267 1224 5318 sequamur.
1267 5253 1609 5320 Binghamus,
1657 5255 1748 5321 qui

178 5323 285 5376 lib.
314 5340 415 5390 ut,
447 5338 567 5392 cap.
601 5325 624 5376 1
653 5323 858 5390 Antiq.,
887 5330 1083 5386 tuetur,
1119 5321 1390 5392 probabile
1416 5336 1556 5385 esse,
1595 5323 1748 5376 initio

171 5393 436 5460 jejunium
467 5391 637 5448 fuisse
662 5393 732 5447 40
761 5391 1032 5455 horarum,
1061 5406 1165 5446 non
1190 5391 1261 5445 10
1280 5391 1511 5453 dierum,
1539 5394 1603 5446 ad
1632 5395 1746 5447 haec

171 5470 237 5516 et
267 5461 447 5518 similia
461 5463 560 5519 SS.
587 5463 800 5517 Patrum
821 5462 984 5517 verba
1003 5461 1174 5517 noluit
1190 5463 1427 5516 animum
1447 5463 1748 5518 advertere.

171 5531 354 5598 Leges
381 5534 507 5600 ipsae
541 5535 942 5602 Imperatorem,
993 5547 1141 5602 quas
1168 5531 1236 5584 ad
1271 5545 1412 5602 vers.
1459 5532 1524 5586 11
1569 5534 1750 5600 hymni

168 5615 314 5671 aeq.
341 5600 674 5664 exhibemus,
710 5603 1055 5671 quadraginta
1096 5601 1208 5671 dies
1261 5600 1423 5671 fuisse
1469 5610 1748 5671 testantur.

141 5715 143 5717 .
169 5669 438 5734 Equidem
462 5674 640 5736 potius
666 5669 1006 5736 crediderim,
1041 5673 1092 5726 in
1125 5670 1346 5737 jejuniis
1374 5669 1748 5728 remissionem
1777 5742 1802 5758 κ

1854 4553 2090 4620 Patrum,
2122 4555 2391 4610 Christum
2421 4569 2449 4606 a
2487 4554 2806 4621 desponsata
2831 4553 3168 4623 conceptum,
3215 4559 3272 4605 ut
3300 4553 3415 4623 ejus

1855 4635 2004 4679 ortus
2030 4640 2092 4678 ex
2128 4625 2334 4692 virgine
2359 4625 2622 4676 celaretur
2652 4624 2884 4686 diabolo,
2928 4621 3196 4687 explicant
3229 4630 3283 4692 et
3321 4621 3413 4674 de-

1854 4693 2076 4748 fendunt
2098 4691 2346 4748 Petavius
2371 4693 2566 4762 aliique
2589 4693 2840 4762 theologi.
2872 4695 2980 4746 Hoc
3003 4694 3209 4760 signum
3231 4691 3410 4744 datum

1854 4765 2031 4820 fuerat
2052 4763 2383 4816 advenientis
2402 4761 2624 4815 Messias.
2651 4761 2798 4816 Isaia:
2819 4777 2935 4830 cap.
2953 4777 3043 4826 vu,
3072 4762 3129 4814 ll
3158 4768 3211 4830 et
3228 4775 3372 4828 seqq.
3396 4778 3411 4814 :

1859 4834 1926 4888 Et
1949 4833 2136 4900 adjecit
2165 4831 2410 4885 Dominus
2430 4832 2566 4897 loqui
2606 4833 2676 4884 ad
2701 4829 2897 4895 Actias,
2937 4833 3110 4884 dicens
3135 4845 3152 4884 :
3179 4829 3300 4883 Pete
3321 4831 3414 4900 tibi

1854 4899 2057 4972 signum
2087 4917 2116 4953 a
2145 4900 2362 4955 Domino
2394 4901 2497 4952 (leo
2538 4900 2989 4972 tua.....__Pr0pter
3019 4901 3111 4952 hoc
3139 4900 3277 4952 dabit
3308 4899 3411 4951 Do-

1854 4969 2021 5028 minus
2045 4973 2152 5041 ipse
2170 4972 2308 5024 vobis
2337 4971 2552 5038 signant.
2581 4969 2707 5022 Ecce
2739 4969 2890 5038 Virgo
2911 4972 3152 5040 concipiet
3185 4978 3230 5022 el
3243 4972 3414 5041 pariet
3446 5021 3448 5024 ,

1858 5043 2043 5105 ﬁlium.
2068 5039 2300 5108 'Qu‘mrat
2324 5041 2515 5108 aliquis
2541 5042 2696 5110 quale
2726 5041 2825 5094 hoc
2857 5041 2994 5110 signi
3031 5039 3195 5108 genus
3235 5039 3410 5106 l‘iierii,

1855 5114 1922 5180 si,
1957 5122 2014 5164 nt
2041 5122 2221 5178 partus
2247 5110 2478 5180 Virginis
2509 5109 2772 5163 celaretur
2813 5110 3044 5170 diabolo,
3079 5125 3137 5164 ea
3181 5110 3413 5180 .losepho

1855 5179 1971 5237 erat
1998 5182 2334 5250 desponsata.
2365 5179 2476 5246 Qua
2500 5179 2641 5233 enim
2669 5182 2874 5235 ratione
2900 5181 3102 5234 Hebraai
3126 5195 3188 5234 ex
3213 5179 3413 5250 virgini:

1856 5262 2036 5307 natum
2059 5248 2236 5306 Jésum
2261 5251 2397 5305 scire
2427 5257 2666 5314 poterant
2692 5250 2715 5302 ?
2747 5250 2892 5304 llanc
2915 5251 3259 5318 quaestionem
3283 5248 3412 5300 diio-

1855 5323 1954 5378 bus
1991 5321 2234 5376 distichis
2286 5319 2498 5388 quidam
2546 5320 2856 5386 complexus
2901 5329 2984 5372 est
3031 5329 3082 5388 et
3128 5318 3410 5388 dissolvit:

1863 5391 2156 5458 Virg-meum
2180 5385 2378 5458 ρανιάηι
2415 5389 2634 5458 δίθηιιηι,
2664 5385 3154 5458 pignusque'salutis
3189 5385 3414 5438 Premis-
3512 5400 3536 5448 :_.

1858 5477 1927 5516 ste
1955 5457 2184 5515 Hebraeis
2205 5475 2308 5512 esse
2341 5457 2477 5510 Deus
2505 5457 2683 5511 coluit.
2729 5461 2828 5522 Qui
2863 5473 3006 5510 nosse
3052 5457 3104 5507 id
3145 5464 3370 5524 poterant
3391 5459 3414 5505 ξ’
3518 5475 3519 5478 η

1858 5527 2040 5582 moniti
2078 5531 2120 5583 si
2146 5544 2325 5597 nemm
2349 5527 2527 5597 Maria:
2569 5525 2632 5578 In
2660 5531 2870 5590 vultum,
2905 5537 2949 5579 et
2988 5541 3152 5597 mores
3201 5524 3416 5597 Virginis

1855 5604 2178 5668 inspicerent.
2212 5595 2361 5664 Quod
2396 5596 2717 5668 epigramma
2759 5601 2810 5652 in
2847 5597 3066 5665 gratiam
3099 5595 3166 5645 rl.
3200 5595 3412 5661 Iosephi

1827 5667 2208 5752 _Bustinzuria,
2251 5682 2406 5738 quem
2446 5667 2726 5726 immaturo
2763 5670 2945 5725 iuuere
2999 5680 3164 5733 nuper
3208 5673 3413 5736 raptum
