3970 6326
551 351 655 405 855

556 465 659 520 195
800 463 925 529 Sed,
957 464 1225 533 increpata
1256 463 1459 530 fraude,
1485 471 1604 531 post
1622 473 1829 533 tergum
1851 464 1975 518 ruit.

528 554 534 560 ’
732 556 842 625 Ιίρε
871 568 967 609 nos
990 569 1277 625 sequamur
1303 556 1529 625 quisque
1550 570 1691 609 nunc
1720 570 1817 623 pro
1847 553 2065 612 viribus.

724 704 727 707 Α
763 618 950 712 ’ρυοά
977 647 1275 701 consecrati
1294 656 1351 700 tu
1382 646 1632 715 magister
1654 644 1915 715 dogmatis

796 735 926 791 Tuis
951 737 1166 803 dedisti,
1197 734 1431 803 Christe,
1456 736 1827 802 sectatoribus,

801 826 869 882 Ut
896 842 1015 882 cum
1042 827 1265 881 vorandi
1291 827 1483 882 vicerit
1508 826 1808 892 libidinem,

801 916 930 972 Late
961 916 1252 985 triumphet
1271 904 1562 984 imperator
1589 916 1829 984 spiritus.

732 1007 843 1063 Hoc
869 1018 970 1072 est,
997 1008 1139 1078 quod
1162 1010 1263 1062 atri
1286 1009 1423 1063 livor
1444 1008 1613 1063 hostis
1636 1007 1854 1072 invidet,

803 1098 984 1153 Mundi
1008 1099 1223 1167 polique
1249 1098 1390 1167 quod
1414 1099 1741 1168 gubernator
1764 1097 1970 1167 probat,

804 1191 1006 1246 Altaris
1041 1205 1191 1245 aram
1217 1190 1359 1260 quod
1388 1189 1517 1245 facit
1548 1189 1882 1259 placabilem,

802 1282 955 1348 Quod
985 1281 1300 1336 dormientis
1324 1281 1523 1336 excitat
1549 1279 1729 1334 cordis
1759 1280 1936 1343 (idem,

798 1373 957 1442 327
978 1373 1129 1439 Quod
1150 1372 1503 1441 limatasgram
1519 1379 1793 1440 pectorum
1815 1370 2127 1440 rubiginem.

736 1463 955 1517 Perlusa
986 1478 1090 1517 non
1122 1464 1199 1517 sic
1228 1478 1384 1517 amne
1413 1464 1625 1517 flamma
1652 1462 2024 1532 exstinguitur,

805 1553 915 1608 Nec
940 1554 1017 1607 sic
1045 1553 1253 1608 calente
1280 1554 1394 1608 sole
1425 1553 1703 1608 tabescunt
1727 1552 1896 1615 nives,

808 1644 875 1699 Ut
900 1644 1227 1699 turbidarum
1255 1646 1445 1699 scabra
1470 1644 1742 1713 culparum
1770 1658 1922 1712 seges

803 1735 1053 1790 Vanescit
1081 1736 1221 1790 almo
1250 1736 1372 1790 trita
1402 1734 1502 1789 sub
1527 1734 1752 1803 jejunio,

808 1826 863 1880 Si
895 1825 1086 1880 blanda
1117 1840 1327 1895 semper
1357 1826 1643 1880 misceatur
1673 1825 1910 1894 largitas.

734 1916 830 1971 Est
858 1918 1054 1986 quippe
1081 1926 1135 1971 et
1161 1916 1294 1971 illud
1325 1916 1522 1986 grande
1553 1915 1761 1970 virtutis
1786 1930 1955 1985 genus

805 2004 1029 2075 Operire
1058 2006 1251 2072 nudos,
1284 2005 1582 2076 indigentes
1608 2019 1847 2075 pascere,

554 916 657 969 200

556 1374 660 1430 205

559 1827 662 1880 210

2164 1845 2211 1903 Β

1618 352 1895 408 AURELII
1934 350 2297 407 PRUDENTII
2338 351 2664 406 CARMINA.
3691 350 3777 405 856

2144 472 2198 529 Δ

2469 460 2635 529 Opem
2661 458 2945 528 benignam
2974 444 3113 513 terre
3137 458 3571 527 supplicantibus,

2469 551 2639 605 Unam
2670 564 2959 619 paremque
2985 550 3144 605 sortis
3174 550 3423 606 humana:
3450 552 3613 608 vicem

2473 642 2614 697 Inter
2644 652 2890 711 potentes
2918 650 3080 711 atque
3107 656 3303 712 egenos
3333 645 3548 701 ducere.

2402 733 2543 789 Satis
2571 734 2756 789 beatus
2786 735 3011 804 quisque
3033 732 3277 788 dextram
3303 737 3523 804 porrigit

2475 824 2672 879 Laudis
2696 839 2965 893 rapacem,
2995 823 3270 894 prodigam
3296 828 3555 895 pecuniae,

2472 918 2633 986 Cujus
2659 918 2871 971 sinistra
2899 918 3054 973 dulce
3080 917 3273 973 factum
3305 921 3529 975 neseiat.

2474 1009 2627 1063 lllum
2652 1022 2915 1078 perennes
2941 1010 3183 1078 protinus
3209 1012 3483 1079 complent
3505 1026 3630 1083 opes

2480 1100 2725 1169 Ditatque
2754 1101 2954 1155 fructus
2976 1100 3309 1158 lenerantem
3336 1104 3641 1174 centuplex.

2393 1236 2554 1307 328
2594 1236 2727 1291 V'lll.
2776 1236 3052 1291 munus
3088 1236 3258 1292 POST
3302 1236 3638 1294 JEJUNIULI.

2408 1367 2639 1435 Christe,
2670 1383 2946 1424 servorum
2978 1369 3214 1438 regimen
3241 1379 3473 1436 tuorum,

2411 1459 2658 1514 Mollibus
2683 1460 2774 1530 qui
2805 1475 2902 1515 nos
2931 1460 3215 1515 moderans
3248 1460 3497 1527 habenis,

2410 1550 2624 1607 Leniter
2650 1552 2846 1619 frenas,
2881 1552 3124 1623 facilique
3149 1562 3329 1622 septos

2694 1643 2836 1712 Lege
2866 1657 3102 1713 coerces,

2237 1737 2271 1791 5
2413 1734 2530 1803 ipse
2556 1748 2675 1789 cum
2705 1743 2924 1805 portans
2952 1750 3088 1791 onus
3117 1736 3428 1806 impeditum

2413 1826 2685 1897 Corporis,
2714 1827 3091 1883 durostuleris
3120 1828 3349 1895 labores,

2414 1917 2579 1987 Major
2607 1918 2894 1987 exemplis,
2927 1918 3155 1974 famulos
3178 1919 3403 1974 remisso

2225 642 2330 697 215

2230 1098 2337 1154 220

2700 2008 2954 2079 Dogmate
2982 2010 3188 2079 palpas.

1864 2092 2149 2153 GLOSSIE
2186 2096 2528 2156 VETERES.

633 2214 755 2268 198.
788 2212 1171 2275 Sectatoribus,
1200 2210 1484 2275 discipulis,
1523 2208 1562 2261 1.

629 2284 755 2336 ⁸201.
792 2283 900 2335 lloc
929 2292 1032 2346 est,
1072 2291 1125 2332 ut
1156 2282 1262 2348 ipse
1292 2278 1562 2345 triumphet
1584 2293 1735 2345 super
1776 2292 2016 2346 carnem;
2044 2284 2134 2347 je-

563 2353 780 2418 junium.
807 2380 878 2391 --
908 2351 1087 2413 Livor,
1115 2349 1325 2411 invidia,
1351 2348 1391 2400 l.

633 2422 755 2474 205.
783 2420 978 2473 Altaris
997 2433 1163 2478 aram,
1186 2433 1329 2469 aram
1351 2417 1489 2484 ﬁdei.
1506 2445 1570 2454 —
1586 2416 1768 2478 Aram,
1788 2419 2069 2485 planitiem,
2088 2418 2131 2472 I.

630 2492 755 2543 2M.
791 2489 995 2551 fidem,
1019 2487 1342 2549 oblationem,
1386 2487 1424 2538 Ι.

630 2558 754 2613 205.
798 2560 987 2616 Litnat.
1019 2567 1222 2623 purgat.
1252 2554 1487 2621 mundat,
1511 2554 1547 2609 1.
1581 2586 1647 2595 --
1680 2556 1958 2614 [’cctorum
1987 2558 2131 2614 rubi-

561 2629 759 2697 ginem,
793 2629 1019 2695 corporis
1050 2626 1303 2694 contagia,
1338 2625 1490 2695 Prag.

632 2700 756 2751 206.
782 2700 991 2761 'Amne,
1025 2713 1135 2749 cum
1166 2713 1319 2765 aqua,
1352 2697 1392 2749 I.

628 2770 755 2822 $07.
797 2767 1031 2833 Calente,
1062 2766 1290 2831 ardente,
1320 2766 1357 2818 l.

630 2839 752 2895 208.
796 2836 1015 2903 Scabra,
1045 2853 1246 2905 aspera,
1277 2836 1393 2890 Vat.
1428 2838 1467 2890 A
1500 2846 1554 2891 et
1582 2836 1682 2890 lso.

2312 2213 2437 2267 210.
2481 2211 2739 2281 Largitas,
2774 2214 3109 2282 elemosyna,
3141 2212 3262 2267 Vat.
3294 2213 3390 2267 A.’

2314 2281 2437 2338 215.
2485 2282 2711 2348 Ducere,
2738 2284 3009 2346 wstimare,
3034 2281 3134 2337 lso.

2312 2352 2440 2407 220.
2482 2351 2854 2412 Fenerantem.
2890 2355 3032 2421 fenus
3053 2352 3413 2420 acquirentem,
3444 2353 3549 2409 lso.

2313 2423 2367 2477 5.
2410 2422 2743 2492 impeditum,
2774 2421 2922 2476 valde
2948 2434 3234 2492 gravatum,
3262 2423 3301 2475 1.

2313 2491 2366 2543 6.
2410 2491 2635 2561 Tuleris,
2667 2494 2929 2561 patereris,
2964 2494 3002 2547 I.

2313 2562 2363 2616 7.
2408 2560 2673 2625 Remisso,
2690 2563 2802 2625 levi,
2830 2562 2966 2617 laxo.
2996 2560 3037 2616 Ι.

2238 2702 2291 2754 d.
2404 2603 3224 2756 .t‘ait‘g’istleniter
3255 2642 3462 2702 tractas,
3490 2637 3648 2704 foves,
3674 2636 3795 2689 blank

2274 2718 2387 2756 ms.

2274 2718 2387 2766 ms,

2309 2772 2362 2826 9.
2406 2770 2584 2839 Rota't,
2614 2788 2685 2825 sc.
2713 2774 2845 2842 jam.
2873 2772 3313 2842 —Submissum,
3345 2776 3673 2842 inclinatum,
3708 2776 3796 2831 lso.

1938 2927 2499 2985 COMMENTARIUS.

562 3022 715 3091 amici
758 3021 1017 3089 legemus,
1069 3020 1193 3074 olim
1226 3019 1445 3085 factum,
1500 3021 1582 3074 vel
1629 3020 1728 3075 hac
1766 3020 1831 3073 de
1866 3035 2022 3074 causa
2053 3021 2139 3075 hic
2243 3029 2300 3074 et
2328 3019 2468 3073 illico
2495 3034 2561 3072 ex
2590 3017 2776 3091 Matth.
2806 3033 2924 3091 cap.
2960 3036 3047 3091 vt,
3098 3021 3288 3073 nesciat
3317 3022 3527 3091 sinislra
3569 3031 3663 3074 tua
3692 3023 3799 3091 quid

562 3090 758 3161 placuit
804 3092 1071 3161 inserere,
1126 3100 1182 3143 ut
1231 3091 1365 3144 bene
1424 3091 1649 3144 merenti
1708 3090 2134 3161 qualemcunque

562 3160 699 3214 hanc
730 3160 1036 3215 metnorinn
1068 3174 1458 3213 consecrarem.

2240 3090 2396 3159 faciat
2425 3090 2631 3142 dextera
2659 3090 2782 3159 tua?
2819 3090 2951 3155 Quia
2982 3089 3319 3159 eleemosyna
3348 3090 3561 3159 quidem
3595 3089 3800 3148 nonest

2238 3157 2476 3215 facienda
2502 3201 2516 3223 ,
2565 3160 2702 3214 sicut
2729 3158 3020 3229 hypocrita:
3050 3157 3245 3213 faciunt
3269 3200 3282 3221 ,
3327 3157 3385 3214 ut
3410 3160 3811 3229 honoriﬁcentia.

633 3233 754 3284 195.
787 3230 935 3294 Quod
967 3230 1264 3282 Mazochius
1305 3240 1433 3283 tom.
1469 3230 1533 3282 Ill
1563 3230 1705 3297 Spic.
1737 3230 1872 3284 Bibl.
1905 3245 2131 3287 censue-
2156 3222 2204 3285 C
2234 3230 2295 3284 ab
2353 3229 2676 3293 hominibus;
2731 3222 2824 3283 sed
2874 3229 3216 3285 nihilominus
3265 3230 3378 3284 laus
3426 3222 3642 3297 semper
3694 3233 3803 3287 inde

562 3300 649 3364 rit,
690 3299 1032 3351 Prudentium
1069 3300 1170 3352 hoc
1207 3299 1324 3352 loco
1372 3313 1555 3352 verum
1590 3299 1792 3367 lapsum
1834 3299 2031 3353 diaboli
2076 3303 2128 3356 in

564 3378 768 3434 tergum
798 3367 1086 3430 allirmare,
1113 3377 1169 3421 et
1190 3382 1293 3427 non
1324 3368 1494 3421 solum
1517 3370 1657 3435 quod
1698 3369 1939 3423 diabolus
1968 3369 2125 3425 Chri-

560 3447 698 3489 stum
722 3437 1021 3505 reliquerit,
1056 3452 1159 3489 non
1195 3438 1679 3504 probatur'l‘eolin,
1718 3440 1845 3492 milii
1881 3456 1987 3495 non
2015 3440 2129 3495 dis-

562 3506 738 3573 plicet.
774 3505 950 3573 Aliqui
979 3506 1220 3574 legerunt
1241 3508 1292 3558 in
1323 3506 1532 3571 Matth.,
1563 3508 1658 3560 Abi
1687 3518 1841 3561 retro.

634 3576 757 3648 196.
787 3575 967 3648 Prag.,
994 3576 1153 3643 male,
1181 3592 1450 3645 sequamur
1480 3580 1841 3648 unusquisque.

638 3646 756 3699 197.
797 3646 937 3716 διάη
965 3656 1067 3697 tum
1099 3660 1194 3713 pro
1231 3658 1282 3699 tu
1308 3648 1565 3716 magister.

631 3716 752 3769 ille).
786 3715 1004 3790 llein‘sio
1026 3715 1613 3790 niag‘isplacetvicerint
1638 3734 1756 3790 cum
1786 3719 1899 3773 solo
1915 3720 2126 3790 Ambr.,

561 3785 719 3853 idque
762 3787 931 3857 secuti
972 3794 1098 3840 sunt
1122 3784 1253 3843 Cell.
1304 3796 1356 3842 et
1394 3787 1544 3842 Teo].
1591 3788 1693 3844 Sed
1735 3799 1879 3846 recte
1931 3784 2123 3857 vicerit,

561 3856 767 3909 scilicet
793 3856 1026 3919 spiritus.
1686 3863 1697 3872 '

629 3926 752 4002 θοᾷ.
791 3924 1006 3981 Veteres
1030 3927 1497 4002 dicebantaltaria
1519 3944 1637 3985 esse
1669 3939 1871 3986 tantum
1902 3947 2128 4002 supero-

562 4009 677 4065 rum
699 3994 949 4065 deorum,
996 3995 1062 4047 ab
1094 3997 1373 4051 altitudine
1412 4002 1703 4065 nominata,
1747 4016 1867 4054 aras
1905 3994 2127 4060 deorum

560 4064 728 4140 etiam
776 4062 1106 4140 inferorum,
1139 4066 1458 4140 Prudentius
1503 4086 1646 4140 aram
1690 4062 1873 4125 altaris
1921 4083 2127 4137 partem

561 4132 881 4198 sanctiorem
910 4145 1051 4197 |esse
1094 4132 1284 4186 innuit.
1347 4135 1479 4189 Vide
1522 4139 1864 4193 Berthaldum
1913 4132 1981 4197 de
2024 4144 2129 4198 Ara

559 4212 681 4268 cap.
709 4197 763 4254 2.
806 4198 894 4263 qui
940 4213 1004 4251 ex
1047 4197 1335 4257 Prudentio
1367 4204 1524 4258 docet
1554 4222 1700 4260 aram
1744 4210 1909 4266 fuisse
1946 4197 2133 4268 altaris

559 4266 978 4319 fundamentum.

630 4333 772 4388 205.-
802 4334 919 4388 Val.
952 4336 1028 4399 A,
1074 4341 1335 4407 corporis;
1377 4341 1425 4394 in
1476 4346 1752 4409 margine,
1804 4349 1906 4400 Alii
1947 4351 2132 4405 habent

557 4419 834 4487 εεςτοιιυιι
862 4420 1162 4487 numquam.
1194 4409 1390 4487 9x0n.,
1422 4409 1924 4487 Noms_._,_l_l_ottend.,
1952 4418 2129 4487 Egm.,

558 4474 838 4547 Pal.,_non
865 4476 1082 4547 omnino
1113 4477 1272 4540 male,
1296 4480 1525 4547 corporis
1556 4480 1849 4547 libidinem;
1890 4474 2127 4544 ἱιιυὶοηξ

556 4560 653 4613 pro
679 4544 787 4629 div.
818 4546 1053 4629 script”,
1086 4556 1139 4600 et
1169 4548 1218 4599 in
1265 4544 1418 4628 Brev.
1450 4548 1610 4629 Mem,
1644 4544 1899 4629 pectgrum
1936 4559 2130 4629 rubigi-

555 4632 689 4693 nem.
719 4614 899 4693 Anth,
933 4616 1122 4693 Ηειίιξ.ἓ
1152 4618 1378 4682 corporis
1412 4620 1709 4690 rubiginem.
1741 4619 1971 4690 Tbuan.,
2003 4614 2120 4693 pé'c-

555 4688 655 4756 cati
684 4687 980 4756 rubiginem,
1015 4688 1286 4741 obtinente
1317 4696 1506 4743 metro.

622 4755 747 4827 209.
791 4758 968 4823 Brev.,
1003 4758 1163 4819 Moz.,
1197 4757 1356 4819 male,
1383 4760 1495 4811 alvo
1527 4775 1621 4827 pro
1645 4760 1799 4814 almo.
1910 4768 1911 4771 ‘

624 4826 750 4881 2M.
792 4827 933 4880 inter
978 4838 1200 4903 emeras
1247 4826 1469 4882 virtutes
1500 4826 1658 4889 recte
1688 4834 1823 4903 hanc
1867 4834 2116 4903 collocat,

551 4906 963 4978 ιιιιιειιςωηιηθξ
976 4896 1218 4977 homines
1246 4905 1430 4951 natura
1459 4913 1577 4978 esse
1603 4902 1851 4970 aequales,
1867 4914 1940 4971 et,
1956 4896 2116 4978 quani

551 4974 760 5038 vocant,
787 4966 1148 5038 acceptionem
1179 4980 1523 5034 personarum
1554 4966 1749 5038 iuge—re.

618 5035 743 5087 216.
787 5034 1051 5116 Gi‘selinus
1092 5049 1187 5103 pro
1214 5038 1424 5116 quisque
1451 5034 1667 5109 quisqui‘
1696 5044 1844 5116 quasi
1888 5048 2116 5116 quisquis

548 5114 860 5184 reposuerat
884 5109 1179 5184 ,__ignorans
1204 5146 1219 5171 ,
1250 5109 1459 5184 quisque
1498 5123 1594 5179 pro
1637 5109 1860 5183 quisquis
1886 5109 1913 5168 ἁ
1946 5109 2118 5184 poetis

547 5171 789 5241 adhileri
838 5171 1073 5228 solitum.
1124 5171 1390 5230 Ausonius
1440 5171 1513 5231 in'
1536 5171 1817 5237 sententiis
1862 5171 2111 5241 Pit'tacie

545 5238 732 5322 'Pareto
763 5240 862 5321 legi
892 5246 1097 5322 quisque
1121 5248 1276 5322 legem
1307 5252 1553 5322 sanxeris.
1582 5250 1832 5322 Exempla
1856 5238 2117 5312 aliasunt

546 5309 597 5391 i3
629 5308 930 5391 Cypria—no,
981 5308 1201 5391 Sidonio
1248 5326 1301 5391 c_t
1346 5318 1627 5391 similibus.
1664 5308 1829 5377 Plaiiti
1872 5308 2117 5381 eum};

542 5377 779 5462 Terentii
811 5382 941 5462 loca
986 5386 1225 5462 quredam
1268 5387 1622 5457 lexicograplti
1671 5377 2113 5458 proferente—ﬁstul

544 5449 595 5499 in
623 5448 882 5527 Terentio
913 5448 1016 5527 non
1047 5465 1129 5509 est
1171 5456 1239 5508 ita
1270 5466 1412 5511 certa
1440 5448 1515 5511 "et
1538 5448 1813 5516 'constans
1844 5448 2035 5518 lectio.
2054 5448 2112 5519 iii

538 5517 723 5603 codice
753 5519 1124 5579 Theodosiano
1155 5529 1502 5603 quisquenpro
1545 5532 1825 5603 quicunque
1852 5549 1943 5586 seu
1969 5517 2115 5603 quis;

536 5588 649 5706 guis
692 5587 1003 5659 frequenter
1050 5587 1300 5677 occurrit.
1338 5587 1467 5651 Vide
1511 5587 1626 5666 ejus
1675 5587 1999 5657 Glossarium
2056 5605 2109 5656 in

579 5673 643 5706 ne
674 5666 799 5706 tom.
834 5662 895 5706 Vl
929 5662 1240 5706 Gmlmrmm

579 5673 643 5710 ne
674 5666 799 5711 tom.
834 5662 897 5716 Vl
929 5662 1260 5720 Gotliolredi.

2234 3301 2501 3368 exsurgit,
2535 3308 2607 3363 et,
2640 3308 2697 3352 ut
2726 3299 3005 3353 Mattltteus
3031 3301 3200 3368 pergit
3230 3315 3367 3355 vers.
3403 3303 3471 3355 4:
3504 3299 3571 3353 Ut
3599 3303 3664 3355 sit
3691 3301 3801 3355 elee~

2233 3387 2446 3439 mosyna
2476 3379 2562 3422 tua
2586 3370 2641 3422 in
2668 3370 2985 3435 abscondito,
3014 3379 3060 3422 et
3098 3368 3254 3424 Pater
3283 3380 3399 3424 tuus
3426 3416 3439 3438 ,
3480 3373 3568 3437 qui
3595 3374 3729 3425 videt
3755 3372 3801 3425 in

2233 3440 2544 3503 abscondito,
2562 3440 2737 3492 reddet
2759 3440 2866 3491 tibi.

2304 3509 2428 3579 220.
2474 3509 2587 3579 Hoc
2630 3508 2788 3579 etiam
2835 3509 3174 3579 desumptum
3223 3526 3288 3565 ex
3331 3525 3451 3579 cap.
3482 3526 3569 3565 xix
3623 3511 3799 3566 Matth.

2134 3575 2145 3584 ’
2234 3594 2375 3663 vers.
2408 3578 2478 3663 E9
2504 3596 2515 3629 :
2542 3576 2847 3663 Centuplum
2878 3575 3111 3649 accipiet,
3140 3592 3184 3633 et
3210 3581 3364 3633 vitam
3389 3575 3633 3663 (sternam

2233 3649 2385 3701 debit.
2408 3648 2524 3719 Quo
2566 3648 2993 3719 pertinentopes'
3010 3665 3251 3717 perennes
3276 3665 3466 3705 versus
3490 3648 3799 3718 superioris.

2234 3718 2410 3787 Aliqui
2440 3717 2639 3789 habent
2667 3717 2937 3787 centiplex,
2971 3728 3026 3771 ut
3057 3720 3208 3775 Alex.
3246 3720 3393 3789 Apud
3422 3717 3669 3776 Plautum
3696 3740 3800 3778 cen-

2234 3789 2411 3857 tuplea:
2435 3788 2677 3858 plerique,
2695 3789 2891 3858 legunt.
2910 3824 2919 3835 .

2304 3858 2359 3911 In
2389 3857 2925 3930 Editionefarrhasii
2970 3857 3150 3913 titulus
3190 3860 3345 3928 hujus
3385 3860 3566 3930 hymni
3608 3864 3644 3915 8
3685 3871 3794 3919 est:

2235 3928 2475 4000 Hymnus
2504 3928 2605 4000 divi
2634 3923 2901 4000 Prudentii
2928 3938 3036 4000 post
3054 3923 3331 4000 jejunium.

2307 3998 2554 4071 5._Prag.
2588 3998 2777 4061 leviter,
2808 3998 3085 4071 mendoSe,
3104 3998 3252 4071 etex
3283 3999 3457 4071 glossa
3486 4016 3584 4071 pro
3610 4003 3800 4055 leniter.

2234 4068 2449 4139 Parrh.,
2497 4066 2703 4137 septas,
2748 4069 2923 4120 minus
2974 4066 3127 4123 bene.
3173 4066 3354 4125 Matth.
3382 4066 3504 4139 cap:
3534 4086 3587 4124 xi
3614 4112 3634 4139 ,
3662 4086 3796 4127 vels.

2235 4138 2331 4195 30:
2354 4138 2545 4208 Iugum
2575 4154 2737 4208 meum
2766 4151 2919 4189 suave
2944 4146 3033 4190 est.

2304 4210 2358 4264 5.
2406 4206 2521 4263 Vat.
2556 4208 2599 4262 Α
2627 4216 2681 4261 et
2710 4206 2863 4280 Prag.
2898 4221 2928 4259 a
2957 4209 3187 4263 secunda
3220 4225 3404 4277 manu,
3434 4223 3604 4277 portas
3625 4252 3640 4275 ,
3667 4208 3802 4280 quod

2234 4279 2483 4349 sustineri
2516 4287 2715 4346 posset,
2748 4277 2794 4349 si
2836 4290 2993 4349 versu
3032 4281 3271 4347 sequenti
3304 4280 3569 4349 legeretur
3599 4277 3803 4336 toleras.

2306 4348 2357 4400 6.
2403 4347 2518 4399 Vat.
2552 4349 2592 4398 A
2620 4387 2634 4411 ,
2684 4348 2865 4401 toleras
2896 4345 3266 4415 laborem—Ait,
3310 4345 3578 4404 Christum
3622 4352 3805 4405 tulisse

2233 4417 2397 4469 duros
2445 4414 2653 4469 labores
2680 4459 2694 4482 ,
2726 4426 2790 4488 et
2818 4416 3062 4488 ifamulos
3107 4420 3314 4473 remisso
3353 4422 3591 4488 dagmate
3620 4420 3805 4474 leniter

2235 4493 2512 4560 tractasse,
2540 4499 2658 4538 cum
2686 4487 2753 4539 ob
2770 4487 2906 4560 alia,
2942 4497 3049 4560 tum
3076 4488 3145 4541 ob
3170 4488 3373 4560 jejunii
3392 4487 3581 4558 legem.
3615 4490 3798 4560 Siqui-

2235 4554 2356 4628 dem
2384 4551 2626 4628 Christus
2655 4552 2999 4628 quadraginta
3032 4551 3248 4625 integris
3277 4551 3470 4614 diebus
3502 4551 3765 4628 jejunavit
3792 4578 3802 4610 :

2235 4624 2387 4679 nobis
2416 4626 2467 4678 in
2514 4623 2629 4691 ipso
2648 4625 2840 4695 jejunii
2867 4623 3110 4694 tempore
3138 4623 3257 4695 post
3285 4639 3484 4683 certam
3503 4623 3698 4684 'horam
3731 4630 3808 4684 ci-

2232 4695 2331 4748 bus
2360 4703 2443 4769 est
2487 4694 2799 4769 permissus.
2849 4696 2981 4769 Hinc
3006 4694 3183 4769 major
3222 4702 3465 4769 exemplis
3488 4740 3501 4764 ,
3524 4701 3645 4769 quia
3695 4713 3801 4753 non

2232 4766 2421 4838 om_nia_
2435 4780 2552 4838 quae
2580 4764 2702 4819 fecit
2734 4767 2869 4832 ipse,
2902 4766 3015 4821 ﬁeri
3051 4764 3272 4823 a'nobis
3306 4764 3580 4838 prtecepii.

2298 4835 2349 4888 7.
2392 4834 2601 4901 Parrh.,
2633 4838 2883 4903 exemplo.

2300 4905 2353 4979 8.
2396 4904 2579 4979 Glossa
2598 4906 2764 4979 [sonis
2785 4922 2848 4960 ex
2865 4906 3181 4976 etymologia
3202 4907 3355 4962 ducta
3379 4918 3489 4963 est:
3506 4923 3627 4963 nam
3655 4912 3806 4979 palpo

2229 4985 2310 5030 est
2341 4976 2529 5031 leviter
2559 4977 2748 5043 palma,
2778 4991 2873 5030 seu
2903 4989 3061 5029 manu
3087 4986 3443 5033 contrectare.

2300 5046 2353 5101 9.
2397 5046 2511 5111 Qua
2560 5049 2688 5101 hora
2738 5054 2946 5099 veteres
2990 5046 3250 5112 jejunium
3295 5049 3573 5113 solverint,
3603 5064 3678 5103 ex
3708 5049 3807 5103 hoc

2225 5116 2345 5171 loco
2387 5116 2703 5170 ostenditur.
2739 5114 2809 5170 Ut
2853 5124 3062 5169 noctem
3109 5118 3161 5170 in
3193 5118 3399 5187 vigilias
3427 5128 3680 5185 quatuor,
3733 5120 3811 5172 sic

2226 5187 2365 5241 diem
2408 5187 2487 5257 ab
2534 5196 2652 5240 ortu
2701 5186 2764 5240 ad
2815 5200 3063 5239 occasum
3109 5186 3323 5241 solis’in
3370 5200 3600 5257 quatuor
3628 5198 3807 5257 partes

2227 5255 2552 5319 dividebant,
2584 5265 2637 5310 et
2664 5258 2903 5325 primam,
2927 5258 3145 5319 tertiam,
3173 5255 3604 5322 sextam,‘nonam
3626 5255 3806 5312 horam

2226 5340 2325 5379 suo
2364 5326 2552 5380 ordine
2595 5340 2685 5380 eas
2716 5325 3077 5380 nominabant.
3124 5326 3285 5394 Igitur
3313 5327 3483 5381 tribus
3513 5329 3675 5392 lucis,
3711 5330 3808 5381 hoc

2226 5405 2331 5461 est,
2360 5396 2466 5449 diei
2512 5396 2753 5465 partibus
2783 5395 3019 5465 evolutis
3047 5406 3234 5463 quarta
3284 5396 3643 5463 succedebat,
3675 5398 3805 5451 liora

2228 5482 2363 5519 nona
2411 5464 2571 5520 dicta.
2622 5466 2844 5519 Ineunte
2889 5464 3017 5518 hora
3047 5481 3186 5519 nona
3217 5468 3453 5521 collecta:
3499 5468 3724 5533 ﬂebant,
3752 5476 3808 5522 et

2223 5534 3191 5607 jejuniumsolvebatur.Binghamus
3222 5537 3314 5607 lib.
3345 5552 3461 5601 xm,
3489 5552 3609 5605 cap.
3642 5540 3677 5592 9
3713 5538 3740 5607 ᾗ
3772 5537 3808 5607 2

2227 5604 2425 5677 Antiq._
2454 5603 2676 5677 Christ.,
2718 5617 2770 5660 et
2822 5603 2913 5677 lib.
2960 5620 3046 5658 ιιι
3073 5645 3087 5669 ,
3133 5620 3251 5676 cap.
3300 5606 3353 5670 5,
3388 5607 3497 5677 §3,
3528 5603 3805 5677 distinguit

2223 5672 2381 5754 inter
2408 5674 2610 5754 jejunia
2654 5674 2882 5754 quze__ad
2931 5672 3213 5754 vesperam
3258 5672 3723 5754 proferebantur»:
3752 5686 3806 5728 et

614 5727 739 5780 217.
780 5727 888 5784 Cur
916 5742 1069 5798 poeta
1101 5734 1183 5789 hic
1212 5736 1337 5807 dicit
1361 5737 1600 5792 dextram
1640 5756 1876 5808 rapacem
1915 5740 2105 5803 laudis,
2216 5727 2618 5801 stationaessive
2660 5727 3804 5815 Eemijejunia'ijuaivhoianun—asoiieban-
