3970 6326
138 321 262 379 857

332 437 480 493 Nona
513 438 835 494 submissum
867 448 1008 493 rotat
1056 440 1187 494 hora
1213 444 1404 512 solem,

139 524 225 580 10
333 528 499 598 329
525 526 774 583 Partibus
805 528 1021 583 vixdum
1055 530 1223 586 tribus
1250 533 1496 598 evolutis,

330 617 529 684 Quarta
561 616 771 674 devexo
799 628 1048 689 superest
1076 621 1129 676 in
1160 635 1265 677 axe

628 708 812 765 Portio
836 710 992 766 lucis.

327 804 435 860 Nos
465 804 643 861 brevis
670 805 802 871 voti,
834 805 971 875 dape
1010 805 1298 875 vindicata,

324 897 599 953 Solvimus
628 898 849 965 festum,
882 898 1211 969 fruimurque
1240 900 1441 955 mensis

136 990 217 1044 15
326 989 542 1046 Aﬁatim
572 990 770 1061 plenis,
799 989 992 1060 quibus
1019 990 1287 1046 imbuatur

618 1081 793 1135 Prona
815 1080 1081 1149 voluptas.

325 1172 529 1228 Tantus
557 1172 745 1227 aeterni
771 1169 923 1227 favor
948 1181 1032 1226 est
1056 1171 1296 1241 magistri
1323 1189 1336 1223 :

324 1262 525 1318 Doctor
549 1263 831 1334 indulgens
858 1265 931 1317 ita
958 1278 1057 1318 nos
1083 1263 1255 1317 amico

324 1354 513 1410 Lactat
542 1356 779 1421 hortatu,
812 1354 945 1410 levis
975 1354 1259 1423 obsequela
1292 1363 1345 1408 ut

134 1449 213 1503 20
601 1451 827 1506 Mulceat
852 1458 1023 1505 artus.

324 1541 485 1611 330
514 1540 674 1597 Addit
700 1551 778 1611 et,
810 1556 879 1597 ne
906 1540 1027 1610 quis
1054 1540 1182 1595 velit
1209 1540 1490 1595 invenusto

1152 326 1681 385 CATHEMERINON
1726 330 1855 386 VIII.
1899 332 2065 387 POST
2104 328 2449 388 JEJUNIUM.

3315 326 3426 399 858

1755 453 1802 507 Α
2007 446 2270 501 Sordidus
2296 446 2442 501 cultu
2470 446 2707 501 lacerare
2739 446 2966 502 frontem
2994 464 3007 499 :

2016 537 2122 593 Sed
2153 515 2316 593 d‘ecus
2344 537 2543 601 vultus,
2573 538 2867 608 capitisque
2894 553 3085 609 pexum

2294 626 2485 683 Comat
2511 629 2790 685 honorem.

1837 718 1909 772 25
2014 719 2188 790 Terge
2211 720 2482 789 jejunans,
2510 720 2603 787 ait,
2632 736 2791 777 omne
2814 735 3027 798 corpus,

2016 808 2163 865 Neve
2189 810 2453 865 subducto
2479 810 2672 867 faciem
2699 813 2897 867 rubore
2980 801 2983 803 ’

2018 900 2216 957 Luteus
2247 903 2414 972 tingat
2437 903 2608 971 color,
2636 913 2727 960 aut
2751 914 2963 961 notetur

2306 993 2486 1048 Pallor
2516 995 2568 1049 iu
2591 1009 2708 1050 ore.

2017 1082 2236 1138 Rectius
2262 1084 2385 1139 lano
2415 1070 2640 1155 tegimus
2667 1086 2891 1156 pudore,

1836 1176 1906 1233 30
2012 1176 2278 1247 Quidquid
2308 1178 2374 1232 ad
2401 1179 2602 1233 cultum
2630 1177 2803 1234 Patris
2835 1178 3149 1235 exhibemus
3174 1221 3188 1237 .

2011 1268 2193 1324 Cernit
2216 1270 2481 1325 occultum
2516 1271 2676 1339 Deus,
2707 1281 2762 1328 et
2790 1272 3041 1328 latentem
3104 1286 3112 1296 ‘

2296 1361 2515 1416 Munere
2542 1361 2725 1417 donat.

2003 1450 2160 1521 331
2194 1449 2286 1506 llle
2306 1466 2465 1507 ovem
2489 1453 2677 1509 morbo
2697 1454 2955 1520 residem,
2986 1455 3240 1526 gregique

2008 1542 2279 1598 Perditam
2309 1558 2461 1611 sano,
2494 1545 2636 1601 male
2663 1545 3016 1616 dissipantem

404 1674 405 1677 η
1452 1632 1736 1687 GLOSSE
1774 1632 2113 1690 VETERES.

212 1724 305 1779 10.
348 1724 603 1791 Vixdum,
635 1723 1115 1789 adhuc.-—-'l'ribus,
1144 1724 1302 1788 horis,
1325 1739 1386 1777 ea:
1413 1723 1479 1778 12
1499 1723 1660 1794 horis,
1682 1723 1723 1776 Ι.
1756 1728 1802 1786 Β
1900 1724 1992 1794 22.
2035 1725 2317 1793 Lacerare,
2348 1726 2632 1794 sordidare,
2662 1767 2703 1782 ..

210 1794 640 1875 {4._Solvimus,
673 1795 1260 1875 {nmmum—Festum,
1277 1795 1562 1865 jejunium,
1605 1792 1721 1846 lau-

134 1864 279 1929 dem,
315 1863 355 1918 l.

205 1936 305 1988 15.
347 1934 581 2000 AlIatim,
623 1935 1032 1989 abundanter.—
1050 1933 1345 2000 lmbualur,
1377 1935 1605 1999 satietur,
1640 1948 1720 1986 re-

134 2008 399 2075 foveatur,
429 2004 470 2058 1.
918 2070 924 2075 η
1172 2038 1173 2041 η

208 2074 302 2129 17.
344 2074 535 2137 Favor,
564 2075 848 2141 clementia,
883 2075 922 2128 1.

207 2145 303 2199 19.
346 2144 551 2209 Lactat,
583 2145 860 2209 blanditur,
892 2145 933 2199 Ι.

210 2214 305 2268 21.
346 2214 652 2281 lnvenusto,
677 2215 950 2281 indecenti,
984 2216 1023 2269 Ι.

1898 1793 1991 1868 ἓξ.
2033 1795 2240 1868 ῼοωθι,
2272 1810 2420 1851 ornat
2447 1798 2587 1868 (lege
2613 1798 2797 1866 ornet),
2831 1798 2870 1852 1.

1879 1863 1989 1989 ἐξ.
2032 1865 2229 1922 Luteus
2258 1911 2270 1937 ,
2303 1884 2507 1923 croceus
2526 1863 2547 1936 ζ
2569 1863 2899 1924 rubicundus.
2924 1899 2991 1910 —
3010 1868 3202 1941 Tingat
3220 1913 3234 1938 ,
3264 1874 3401 1929 colo-

1823 1951 1920 1996 νει,
1953 1951 1990 1988 Ι.

1895 2005 1989 2060 29.
2030 2006 2260 2073 Pudore,
2289 2010 2539 2072 castitate,
2568 2008 2613 2063 1.

2020 2076 2229 2153 biorlto,
2263 2079 2534 2153 inmorbo.
2565 2080 2938 2153 —WResAidem,
2970 2082 3189 2153 pigram,
3219 2084 3259 2137 1.

2028 2146 2224 2215 Vellus,
2276 2149 2533 2223 dicitura
2571 2151 2833 2223 vellendo,
2881 2144 3246 2223 (11111ιά11ξίᾴαί
3301 2170 3400 2210 non

1830 2216 2102 2270 tondebant
2124 2234 2258 2285 oves,
2283 2219 2369 2272 sed
2392 2220 2576 2274 vellera
2598 2221 2661 2273 ab
2689 2221 2761 2274 eis
2790 2216 3083 2287 euellebant,
3124 2216 3182 2275 Ι.’
3244 2232 3249 2239 ’

1519 2304 2081 2365 COMMENTARIUS.

135 2415 225 2459 tur
272 2421 289 2457 :
330 2413 385 2460 et
429 2405 499 2461 de
545 2407 631 2462 his
673 2409 987 2465 stationibus
1038 2406 1285 2476 intelligit
1333 2404 1713 2476 Prudentium,

137 2476 479 2544 advertitque
509 2492 715 2533 rss'wtt
741 2480 997 2534 denotare
1025 2474 1308 2533 stationem
1338 2492 1439 2546 qua
1479 2474 1713 2545 religiosi

135 2556 437 2602 conventus
464 2548 515 2600 in
542 2549 767 2604 ecclesia
798 2549 1239 2604 observabantur.
1272 2547 1609 2616 lneptissima
1636 2554 1719 2600 est

136 2616 257 2690 haec
306 2617 465 2690 ratio,
487 2632 639 2690 nam
663 2619 982 2674 Prudentius
1026 2621 1223 2690 hymno
1252 2617 1539 2687 superiori,
1569 2630 1713 2690 vers.

136 2684 189 2760 4,
213 2688 426 2760 pariter
453 2686 525 2760 ait
552 2704 567 2740 :
592 2686 900 2760 Festumque
923 2684 1149 2743 nostrum
1174 2685 1263 2743 rex
1280 2684 1490 2760 serenus
1513 2687 1715 2760 aspice,

137 2756 229 2829 ubi
255 2756 325 2829 de
346 2756 550 2829 jejunio
576 2756 1017 2829 quadragesimali
1039 2768 1183 2814 certe
1209 2759 1400 2828 agitur.
1427 2758 1713 2829 Existimo,

140 2826 434 2899 discrimen
477 2826 617 2899 inter
653 2826 912 2898 jejunium
955 2826 1410 2899 quadragesimale
1442 2836 1496 2882 et
1523 2828 1715 2899 statio-

140 2911 276 2950 num
327 2897 539 2952 ratione
591 2897 886 2955 durationis
914 2897 1070 2954 aetate
1098 2897 1370 2953 Prudentii
1414 2912 1522 2953 non
1553 2897 1718 2951 fuisse

138 2967 204 3020 ab
229 2967 490 3021 omnibus
518 2972 853 3024 observatum
879 3011 893 3035 ,
939 2978 996 3024 et
1032 2970 1163 3025 hora
1212 2983 1352 3024 noua
1397 2967 1717 3023 adveniente

139 3036 371 3092 liberum
404 3038 570 3109 fuisse
593 3038 853 3109 jejunium
884 3040 1095 3095 solvere
1141 3050 1231 3095 aut
1273 3040 1583 3093 continuare
1608 3079 1623 3104 ,
1657 3045 1716 3092 ut

138 3120 400 3181 exlersu
420 3106 489 3162 65
513 3117 567 3176 et
594 3106 747 3179 Seqq.
778 3110 935 3179 hujus
966 3111 1145 3181 hymni
1175 3110 1350 3181 colligi
1379 3118 1575 3181 potest.

206 3175 303 3231 12.
345 3176 612 3233 Juvencus
659 3175 906 3235 similiter
933 3175 1025 3236 Iib'.
1055 3196 1146 3245 Ill,
1183 3175 1616 3234 Ultima—labentis
1640 3194 1723 3232 re-

138 3248 309 3302 stabat
336 3248 504 3316 portio
530 3249 676 3303 lucis.
1250 3258 1251 3261 “

206 3317 305 3372 15.
346 3318 401 3372 In
448 3317 571 3375 Rat.
615 3335 676 3375 ex
708 3321 977 3375 vindicata:
1011 3330 1155 3376 recte
1200 3320 1397 3374 factum
1445 3318 1718 3371 vindicata.

140 3388 544 3461 Chamillardus
588 3391 967 3461 interpretatur
1013 3391 1205 3461 paratis
1253 3390 1395 3443 cibis.
1447 3388 1723 3461 l’indicare

141 3469 219 3513 est
270 3458 471 3530 aliquid
502 3459 604 3513 sibi
635 3458 907 3530 proprium
947 3458 1140 3516 facere.
1175 3458 1493 3514 Christianis
1529 3459 1722 3514 vetitus

142 3539 223 3601 est
261 3529 416 3584 cibus
440 3529 646 3598 jejunii’
674 3529 931 3599 tempore,
966 3532 1056 3601 qui
1098 3531 1271 3586 soluto
1311 3530 1517 3600 jejunio
1565 3531 1723 3583 resti-

144 3600 337 3665 tuitur,
365 3613 463 3654 seu
491 3602 834 3668 permittitur.

209 3670 306 3724 l4.
350 3669 590 3738 lotellige
617 3671 813 3726 festum
840 3671 999 3725 brevis
1026 3674 1150 3735 voti,
1184 3686 1277 3727 seu
1308 3670 1485 3725 brevis
1507 3669 1717 3739 jejunii.

147 3738 284 3793 Vide
311 3754 475 3809 supra
504 3739 701 3810 hymno
732 3742 787 3808 7,
821 3756 963 3796 vers.
996 3742 1051 3807 4,
1083 3741 1173 3797 ubi
1199 3742 1385 3810 jejunii
1412 3738 1526 3795 dies
1555 3740 1722 3794 festus

148 3818 419 3881 vocatur,
467 3812 589 3881 quia
635 3811 958 3880 jejuniorum
1013 3812 1226 3867 victima
1278 3811 1476 3865 litatur.
1524 3810 1726 3879 Opinor

147 3880 496 3953 Prudentium
522 3882 698 3953 etiam
730 3883 1048 3953 respexisse
1069 3882 1355 3937 Theodosii
1384 3881 1723 3953 imperatoris

148 3950 317 4020 legem
347 3952 383 4005 4
411 3952 478 4005 de
505 3952 705 4018 Quaest.
748 3955 800 4007 in
819 3950 950 4008 'cod.
992 3951 1261 4008 Theodos.
1304 3970 1321 4022 7:
1368 3950 1723 4022 Quadraginta

151 4021 370 4093 dierum,
384 4023 470 4091 qui
490 4023 715 4093 auspicio
738 4023 1151 4077 caeremoniarum
1167 4021 1406 4089 paschale
1427 4021 1621 4092 tempus
1638 4037 1723 4093 an-

150 4092 558 4164 ticipant,_omnis
578 4092 797 4164 cognitio
824 4094 1105 4146 inhibeatur
1129 4092 1469 4164 criminalium
1490 4092 1724 4164 quwstio-

150 4176 283 4215 num.
300 4162 373 4216 Et
386 4162 489 4231 leg.
509 4162 542 4215 5
561 4180 574 4215 :
592 4161 823 4217 sacratis
844 4164 1239 4232 quadragesimae
1263 4161 1435 4215 diebus
1452 4162 1595 4214 nulla
1609 4178 1722 4229 sup-

150 4232 299 4297 plicia
319 4234 421 4286 sint
438 4233 878 4302 corporis,quibus
901 4233 1151 4288 absolutio
1177 4240 1499 4301 exspectatur
1526 4232 1724 4302 anima-

151 4301 747 4385 rum_.ﬂl..udosetiatnoet
767 4303 1141 4385 epectacula‘in
1163 4301 1723 4385 diebusjejuniiluisse

153 4372 580 4440 prohibita,utin
608 4372 728 4427 aliis
752 4372 939 4429 diebus
969 4372 1135 4438 festis,
1160 4373 1308 4427 multi
1340 4372 1648 4440 Opinantur.

218 4442 331 4535 1ὄὲ
350 4442 631 4535 Dartbius,
674 4443 798 4535 quia
837 4444 1161 4535 Prudentius
1184 4442 1430 4535 .med'iam
1461 4441 1720 4535 syllebam
1745 4475 1799 4535 Β

154 4508 202 4563 in
242 4512 450 4583 affatim
495 4508 745 4582 carripit,
792 4513 994 4583 colligit
1019 4527 1137 4583 cap.
1182 4513 1242 4567 11
1278 4512 1369 4567 lib.
1402 4508 1717 4583 maia/fatim

155 4581 321 4645 potius
350 4598 380 4637 a
408 4581 673 4652 fatigando
718 4583 824 4654 dici
856 4581 1013 4654 quam
1044 4581 1250 4649 a‘copia
1290 4583 1454 4654 fandi.
1489 4582 1716 4654 Dubium

159 4663 251 4724 non
282 4662 364 4724 est
407 4650 538 4724 quin
586 4668 647 4708 ea
693 4650 897 4724 syllaba
944 4654 1015 4708 sit
1044 4654 1238 4715 brevis,
1289 4650 1637 4724 undecunque
1666 4650 1721 4724 id

161 4719 461 4792 adverbium
508 4719 797 4777 derivetur.
856 4728 939 4779 An
984 4724 1154 4792 possit
1205 4722 1422 4790 produci
1476 4719 1721 4792 exemplo

162 4791 390 4863 Aratoris
418 4792 529 4863 lib.
577 4808 614 4846 ll
646 4793 890 4849 Historiae
929 4791 1127 4863 apost.,
1170 4792 1406 4861 disputat
1432 4791 1720 4847 Ricciolius

160 4857 325 4915 lndice
349 4863 384 4915 2
416 4862 708 4917 Prosodize.
963 4857 981 4863 ⁷
1261 4857 1273 4861 ⁷
1714 4910 1717 4911 ν

222 4932 305 4985 16.
347 4932 516 4986 llails.
551 4941 605 4987 et
650 4932 801 4987 Wid.
835 4948 1016 5003 supra,
1048 4933 1315 5003 voluntas;
1356 4930 1722 5003 Nebrissensis

162 5015 356 5072 granum
386 5003 516 5056 dicit
547 5001 1053 5072 voluptatem,'quia
1084 5002 1148 5056 ad
1181 5018 1295 5057 eam
1327 5001 1481 5071 proni
1508 5016 1714 5054 sumus.

162 5066 349 5143 Poterit
378 5073 605 5142 intelligi
636 5066 1064 5143 voluptas'prona
1096 5074 1150 5127 in
1176 5066 1332 5143 cibos.

228 5139 306 5196 19.
346 5143 525 5196 Verbo
559 5139 791 5196 laetandi
836 5139 941 5198 non
990 5143 1158 5198 semel
1201 5141 1369 5196 utitur
1394 5139 1716 5195 Prudentius

165 5207 540 5281 signiﬁcatione
609 5213 835 5281 quadam
881 5214 947 5266 ab
996 5214 1114 5267 aliis
1174 5227 1278 5266 non
1331 5211 1721 5266 animadversa.

164 5279 272 5351 Alia
296 5279 683 5351 significatione
710 5284 842 5335 laeto
873 5292 955 5337 est
983 5299 1011 5336 a
1051 5284 1199 5348 lacte,
1232 5281 1326 5336 sed
1359 5283 1444 5334 hic
1471 5293 1553 5334 est
1577 5296 1606 5351 a
1642 5284 1719 5335 la-

165 5346 255 5422 (to,
277 5367 301 5403 a
320 5346 426 5422 q'uo
451 5362 535 5407 est
560 5354 752 5419 allicio,
779 5354 1004 5421 pellicia,
1025 5363 1079 5406 et
1099 5346 1486 5421 frequentativa
1510 5350 1723 5422 oblecto,

165 5416 357 5494 delecto,
384 5425 576 5494 illectae,
608 5416 850 5494 prolecto.
884 5416 1049 5494 lgitur
1077 5416 1231 5494 lactat
1254 5421 1573 5494 est_attra_hit
1602 5421 1724 5494 alli-

166 5489 345 5562 ciendo.
376 5493 435 5545 ln
467 5492 646 5555 Avito,
674 5493 766 5547 lib.
793 5509 844 5559 v,
870 5489 937 5545 ita
966 5493 1084 5562 lego
1113 5501 1167 5545 et
1197 5492 1460 5558 intelligo,
1484 5489 1725 5545 Protinus

167 5564 211 5629 et
237 5556 356 5614 laxis
395 5564 543 5615 verba
573 5563 792 5615 lactante
820 5556 1043 5616 uenenis:
1072 5563 1181 5615 Hac
1209 5556 1600 5629 significatione
1628 5561 1723 5615 de-

170 5620 363 5699 fendam
390 5646 532 5685 vers.
565 5632 668 5685 615
697 5632 918 5699 Apoth.,
950 5620 1435 5685 lactantibusvhoris.
1470 5630 1524 5684 ln
1556 5632 1728 5685 sacris

172 5691 375 5770 _l_.itteris
397 5701 559 5754 simili
591 5691 982 5770 significatione
1007 5703 1226 5756 verbum
1256 5701 1389 5754 tacto
1415 5701 1723 5754 adhibetur.

171 5761 316 5823 Prov.
347 5785 387 5834 ι,
416 5770 518 5825 10:
542 5770 603 5825 Si
625 5761 669 5824 te
708 5772 998 5827 lactaverint
1027 5782 1341 5838 peccatores;
1380 5782 1433 5829 et
1464 5785 1582 5839 cap.
1612 5786 1720 5837 xvr,

1823 2404 1895 2459 29
1931 2422 1943 2457 :
1993 2405 2086 2476 Vir
2123 2406 2329 2476 iniquus
2372 2407 2526 2460 lactat
2574 2410 2827 2471 amicum;
2869 2406 2958 2461 ubi
2997 2421 3097 2462 vox
3145 2407 3403 2466 Hebralca

1824 2484 1979 2549 sonat
2004 2475 2262 2549 allicere.
2298 2477 2494 2549 lterum
2540 2478 2855 2549 brevitatem
2894 2476 3077 2546 jejunii
3110 2480 3401 2549 prtescripti

1822 2545 2019 2619 indicat
2035 2546 2121 2619 his
2135 2549 2331 2619 verbis,
2356 2547 2478 2601 levis
2495 2548 2776 2619 obsequela.
2793 2547 2926 2601 Dum
2944 2545 3121 2602 autem
3139 2551 3293 2603 toties
3308 2545 3402 2606 re-

1823 2615 1960 2696 petit
2001 2616 2405 2696 benignitatem
2422 2619 2554 2685 Dei,
2606 2615 2695 2696 qui
2742 2632 2877 2696 onus
2907 2632 3068 2686 grave
3116 2620 3269 2696 nobis
3296 2635 3401 2674 non

1822 2688 2093 2753 imponit,
2121 2688 2256 2743 satis
2292 2688 2564 2753 declarat,
2604 2688 2864 2757 jejunium
2896 2703 2958 2741 ex
2993 2688 3308 2743 necessitate
3350 2699 3401 2744 et

1824 2764 2054 2827 cogente
2083 2769 2350 2827 praecepto
2379 2759 2796 2823 observandum,
2825 2768 3011 2811 contra
3040 2773 3197 2827 quam
3229 2758 3402 2814 hatre-

1819 2826 1912 2880 tici
1945 2826 2248 2892 blaterant,
2294 2829 2383 2896 qui
2430 2838 2644 2884 veteres
2690 2828 3023 2897 Christianos
3053 2826 3225 2883 libere
3260 2829 3401 2897 jeju-

1820 2909 1979 2950 nasse
2009 2897 2243 2951 tradunt.
2277 2898 2419 2953 Sane
2446 2900 2491 2953 si
2523 2898 2572 2953 id
2615 2899 2753 2966 quod
2786 2896 3217 2952 Christianorum
3247 2896 3401 2966 primi

1822 2966 2079 3038 temporis
2108 2967 2279 3036 pietas
2306 2968 2473 3023 libere
2502 2969 2920 3038 exsequebatur,
2947 2976 3092 3038 esset
3120 2969 3401 3024 attenden-

1821 3035 1947 3090 dum
1968 3076 1982 3101 ,
2011 3035 2281 3103 superflua
2312 3048 2494 3094 essent
2522 3039 2634 3093 haec
2656 3035 2843 3092 omnia
2871 3036 2934 3089 de
2972 3036 3100 3090 hora
3128 3053 3262 3091 nona
3287 3079 3303 3103 ,
3335 3039 3399 3092 de

1748 3113 1794 3176 C
1824 3106 2032 3160 remisso
2060 3106 2313 3178 dogmate,
2340 3109 2400 3162 de
2427 3110 2558 3163 brevi
2577 3120 2711 3173 voto,
2735 3108 2830 3161 levi
2855 3106 3137 3174 obsequela.
3164 3107 3399 3178 Etenim,

1827 3186 1881 3229 ut
1910 3191 1972 3247 ex
2006 3178 2205 3232 Irenaeo
2247 3180 2415 3234 refert
2446 3179 2709 3234 Eusebius
2751 3178 2885 3232 Hist.
2937 3178 3030 3232 lib.
3073 3193 3126 3244 v,
3156 3192 3273 3245 cap.
3305 3177 3397 3247 25,

1824 3246 1915 3301 alii
1941 3246 2255 3316 jejunabaut
2283 3249 2424 3304 diem
2454 3265 2640 3315 unum,
2669 3249 2757 3303 alii
2784 3248 3001 3302 biduum
3034 3248 3114 3302 vel
3145 3246 3399 3316 triduum,

1826 3318 1916 3371 alii
1948 3319 2294 3389 quadraginta
2326 3321 2472 3375 horis
2495 3320 2700 3374 diurnis
2723 3335 2783 3374 ac
2812 3319 3088 3373 nocturnis
3131 3317 3397 3388 jejunium

1826 3402 1978 3461 suum
2006 3389 2391 3461 metiebantur.
2413 3389 2548 3448 Vide
2571 3406 2689 3461 quas
2716 3406 2781 3446 ex
2807 3390 2865 3446 S.
2896 3390 3188 3459 Augustino
3228 3404 3397 3444 anno-

1828 3458 1933 3529 tavi
1960 3461 2160 3529 proleg.
2195 3476 2341 3515 num.
2374 3460 2497 3515 172.

1894 3528 1986 3582 2i.
2028 3528 2214 3593 Aldus,
2249 3532 2524 3597 mendose,
2558 3530 2666 3585 adit
2698 3546 2793 3594 pro
2819 3530 2980 3593 addit,
3012 3539 3065 3584 et
3092 3530 3145 3582 in
3172 3538 3397 3583 venusto.

1828 3598 2019 3671 llails.,
2064 3602 2123 3671 in
2144 3610 2354 3662 vetusto,
2391 3616 2548 3671 supra
2572 3603 2852 3654 invenusto.
2882 3600 3155 3671 Nebrissa,
3186 3600 3399 3671 invenu-

1826 3680 1921 3741 με,
1951 3670 2283 3741 adverbium.
2314 3669 2731 3741 Expo'nitpoeta
2762 3669 3079 3724 sententiam
3108 3669 3399 3723 Salvatoris

1826 3738 2011 3794 Matth.
2059 3754 2175 3808 cap.
2209 3755 2283 3807 vt,
2330 3738 2411 3796 17
2438 3754 2492 3796 et
2522 3740 2589 3794 18
2631 3758 2643 3793 :
2692 3739 2767 3792 Tu
2804 3748 2989 3802 autem,
3036 3753 3148 3790 cum
3166 3742 3396 3810 jejunas,

1828 3826 1959 3878 uage
1990 3820 2141 3876 caput
2173 3821 2335 3875 tuum,
2365 3821 2469 3866 etc.
2882 3878 2887 3879 ί
3262 3878 3291 3879 η
3332 3870 3337 3879 λ

1893 3876 1983 3934 22.
2024 3880 2189 3934 Aldus
2215 3921 2229 3944 ,
2275 3884 2465 3935 cultum
2506 3900 2524 3936 :
2566 3881 2705 3934 cultu
2751 3878 2915 3947 exigit
2968 3891 3178 3933 sensus.
3214 3876 3394 3945 Aliqui

1826 3950 2041 4005 codices
2069 3949 2344 4004 Heiusiani
2377 3961 2430 4006 et
2449 3951 2564 4006 Gis.
2590 3951 2616 4003 1
2640 3950 2703 4005 ed
2715 3972 2748 4014 .-,
2770 3949 3002 4003 sordibus
3027 3964 3121 4017 pro
3140 3948 3397 4011 sordidus,

1826 4022 1966 4088 quod
2014 4022 2167 4089 longe
2212 4021 2402 4076 melius
2444 4030 2543 4076 est.
2574 4020 2824 4075 Nebrissa
2866 4020 2991 4090 legit
3018 4035 3276 4073 macerare
3300 4031 3398 4088 pro

1827 4091 2082 4159 lacerare;
2123 4090 2216 4144 sed
2246 4108 2276 4143 a
2301 4093 2353 4145 in
2380 4108 2577 4146 macero
2629 4098 2714 4147 est
2737 4090 2974 4159 longum.

1893 4158 1979 4211 23.
2023 4161 2077 4214 ln
2110 4159 2261 4231 Prag.
2287 4177 2351 4215 ex
2393 4177 2578 4231 pexum
2608 4160 2798 4215 factum
2827 4158 3050 4230 plexum.
3074 4160 3178 4217 Sed
3210 4175 3395 4229 pexum

1824 4245 2009 4301 verum
2030 4239 2139 4301 est.
2158 4230 2401 4301 Capillos
2432 4232 2690 4301 intellige.

1895 4299 1996 4374 26._
2026 4300 2208 4374 Matth.
2234 4318 2309 4365 γι,
2332 4300 2399 4358 16
2424 4320 2436 4354 :
2462 4301 2587 4356 Cum
2607 4299 2770 4354 autem
2785 4301 3054 4374 jejunatis,
3082 4302 3239 4357 nolite
3266 4301 3397 4370 ﬁeri,

1826 4370 1955 4422 sicut
1977 4369 2273 4440 hypocritaz,
2307 4374 2491 4427 tristes.

1898 4440 2293 4513 27.Alneglossa
2322 4442 2494 4498 lsonis
2525 4441 2772 4497 mendum
2803 4443 2951 4513 latet,
2984 4452 3041 4498 ut
3066 4444 3273 4513 opinor.
3301 4441 3397 4496 Co.

1825 4509 1905 4580 lor
1930 4510 2071 4564 enim
2100 4510 2272 4566 luteus
2314 4528 2417 4567 non
2464 4521 2544 4567 est
2570 4512 2913 4567 rubicundus.
2946 4509 3194 4568 Fortasse
3222 4514 3396 4580 legen-

1825 4579 1949 4633 dum
1983 4582 2086 4636 erit
2116 4598 2320 4635 croceus
2346 4624 2359 4647 ,
2406 4600 2507 4649 non
2554 4582 2887 4635 rubicundus.
2930 4582 3170 4647 Ovidius,
3203 4579 3294 4635 lib.
3331 4595 3396 4634 xv

1824 4649 2065 4719 Metam.,
2094 4653 2346 4719 sulphura
2374 4656 2508 4706 lutea
2531 4652 2835 4720 appellavit.

1896 4720 1984 4775 51.
2028 4721 2214 4775 Parrh.
2268 4732 2482 4788 cernat,
2530 4729 2583 4774 et
2628 4735 2767 4774 vers.
2820 4729 2959 4790 δας..
3002 4736 3207 4774 munere
3254 4720 3395 4772 ditet.

1825 4789 2075 4844 Heinsius
2116 4802 2352 4859 argutam
2395 4802 2449 4846 et
2488 4790 2814 4859 ingeniosam
2858 4789 3009 4859 putat
3035 4792 3397 4857 conjecturam

1824 4860 2103 4924 Gronovii,
2118 4863 2303 4929 patenti
2328 4877 2534 4915 munere
2554 4863 2727 4925 donat,
2744 4876 2861 4915 cum
2880 4862 2931 4913 in
2945 4862 3127 4914 Nonis.
3145 4859 3399 4930 repererit

1826 4930 1940 4993 ipse
1985 4930 2233 4993 Heinsius
2275 4931 2484 4984 latente.
2528 4932 2677 4998 Egm.
2722 4945 2933 4998 quoque
2973 4940 3025 4984 et
3055 4930 3163 4984 Pal.
3189 4972 3204 4994 ,
3240 4938 3291 4981 et
3332 4943 3397 4982 ex

1826 5000 2022 5053 nostris
2048 4999 2165 5052 Vat.
2198 5005 2261 5064 A,
2290 5002 2494 5054 latente.
2526 5000 2651 5055 Mihi
2680 5015 2806 5053 vero
2837 5001 3002 5053 multo
3034 5001 3201 5069 magis
3232 4999 3398 5065 placet

1826 5069 2081 5140 latentem,
2108 5071 2246 5138 quod
2273 5080 2353 5124 est
2373 5072 2422 5123 itt
2438 5072 2583 5137 Ald.,
2602 5071 2654 5124 in
2677 5070 2939 5140 plerisque
2960 5069 3397 5135 Heins.,Weitz.,

1827 5139 1967 5194 Vatt.
2020 5140 2076 5205 Β,
2114 5140 2152 5206 l,
2182 5140 2245 5207 Ο,
2272 5140 2329 5210 Ρ,
2357 5142 2425 5206 ρ,
2456 5141 2610 5204 Urb.,
2657 5140 2837 5205 Alex.,
2886 5142 3063 5210 l‘rag.,
3093 5142 3238 5204 Rat.,
3283 5141 3397 5210 Gis.

1828 5211 2032 5265 Insistit
2063 5212 2200 5265 enim
2232 5209 2387 5279 poeta
2422 5213 2472 5265 in
2504 5209 2823 5278 evangelicis
2852 5209 3049 5277 verbis,
3082 5212 3254 5280 qualia
3286 5209 3397 5277 qui~

1828 5281 1950 5334 dem
2003 5296 2142 5335 nunc
2193 5278 2245 5335 iti
2278 5281 2495 5348 Vulgata
2546 5282 2811 5348 leguntur,
2860 5293 2914 5335 et
2963 5278 3187 5335 olim—in
3217 5278 3399 5332 Grmco

1828 5352 2105 5419 evangelio
2132 5352 2189 5405 S.
2216 5352 2456 5419 ,Mattltmi
2489 5351 2826 5419 legebantur;
2867 5360 2912 5404 et
2954 5351 3108 5404 Pater
3135 5360 3273 5413 tuus,
3316 5351 3402 5419 qui

1827 5418 2036 5474 videt’ttv
2069 5418 2406 5485 susco'sot'ro,
2438 5418 2612 5475 reddet
2637 5419 2746 5484 tibi,
2773 5421 2859 5475 ubi
2889 5422 3032 5475 nulla
3065 5421 3263 5475 mentio
3290 5418 3401 5473 mu-

1831 5492 1965 5543 neris
1996 5492 2232 5559 patentis,
2266 5491 2358 5544 sed
2386 5491 2500 5559 ejus
2521 5492 2609 5559 qui
2642 5491 2801 5545 latens
2828 5491 3049 5559 jejuuat.

1898 5561 1987 5615 54.
2017 5561 2319 5629 Legendum
2368 5577 2512 5619 sano.
2562 5559 2612 5612 id
2650 5569 2732 5613 est
2775 5561 2944 5629 gregi,
2991 5576 3110 5614 cum
3167 5560 3286 5615 Vat.
3339 5560 3400 5622 Β,

1830 5630 1977 5695 Rat.,
2006 5630 2122 5683 Put.
2144 5631 2307 5693 Thu.,
2332 5631 2480 5695 ηομ,
2506 5629 2726 5695 Weitz.,
2757 5640 2809 5683 et
2838 5630 3208 5699 suspendenda
3234 5631 3401 5683 oratiu

1831 5700 2087 5770 usquead
2105 5712 2417 5770 sequentem
2447 5700 2745 5768 stropham.
2780 5700 2880 5754 Alii
2911 5701 3108 5755 habent
3135 5710 3303 5757 sanat.

1901 5769 1987 5825 35.
2014 5769 2135 5824 Rot.
2159 5769 2211 5827 et
2243 5788 2379 5828 unus
2404 5771 2517 5829 Vat.
2548 5770 2700 5839 Apud
2720 5771 2986 5839 Teolium,
3010 5774 3247 5842 animum,
3271 5771 3410 5830 satis
