3970 6326
126 323 249 383 865
1201 311 1733 369 CATHEMERINON
1774 311 1866 368 IX.
1910 310 2073 368 ΟΜΝΙ
2118 310 2323 365 IIORA.
3278 315 3389 373 366

313 428 465 485 Nulla
492 428 788 497 linguarum
809 423 1046 488 silescat,
1088 436 1188 476 vox
1228 432 1283 478 et
1326 424 1497 479 omnis
1521 438 1711 479 conso-
1739 427 1789 486 Α
1992 421 2205 486 blando,
2238 429 2295 475 ut
2327 418 2628 483 abluantur,
2676 418 2846 487 inquit
2881 434 2895 477 ;
2936 419 2995 473 ﬁt
3021 427 3215 487 ratum,
3245 432 3384 494 quod

1504 516 1637 588 [net.
3046 510 3317 581 ljusserat,

122 616 202 672 25
386 611 541 678 Ecce,
573 624 732 681 quem
761 619 908 663 vates
936 608 1158 662 vetustis
1207 609 1561 664 concinebant
1594 592 1714 665 sae-
1991 606 2279 676 Turgidam
2304 616 2481 661 cutem
2505 617 2790 675 repurgant
2820 606 3096 661 vulnerum
3136 608 3385 677 piamina.

1465 699 1641 771 [culis,
2064 699 2143 754 Tu
2174 701 2500 768 perennibus
2530 700 2762 755 tenebris
2799 700 2909 769 jam
2950 702 3154 771 sepulta
3186 703 3384 759 lumina

307 796 476 863 Quem
528 794 905 868 prophetarum
941 790 1125 846 ﬁdeles
1164 792 1371 861 pagina:
1415 792 1716 862 spoponde-

1507 898 1643 950 rant,

1507 898 1596 936 ran

310 978 519 1034 Emicat
580 974 879 1047 promissus
929 972 1056 1039 olim
1106 991 1120 1025 :
1187 980 1377 1027 cuncta
1416 881 1621 1028 coilami

342 1076 352 1085 '
1160 1118 1165 1131 ι
1469 1064 1661 1151 [eum.‘

382 1160 660 1218 Cantharis
699 1158 872 1215 inlusa
910 1156 1123 1229 lympha
1160 1118 1231 1220 ﬁt
1283 1118 1713 1213 Falernum-"no-

1491 1247 1640 1320 [bile,

306 1343 718 1401 Nuntiatvinum
741 1340 986 1401 minister
1003 1353 1122 1395 esse
1156 1348 1456 1408 promptum
1502 1354 1570 1394 ex
1618 1338 1713 1409 by-

1504 1428 1639 1483 dria.

1504 1429 1639 1483 dria.

123 1526 198 1581 50
383 1525 497 1595 Ipse
523 1539 616 1580 rex
641 1536 832 1593 sapore
880 1521 1059 1577 tinctis
1103 1521 1435 1590 obsmpescit
1480 1429 1704 1589 Loculis.

308 1617 471 1690 339
516 1615 751 1673 Membra
782 1613 984 1669 morbis
1012 1613 1283 1679 ulcerosa,
1315 1613 1580 1668 viscerum
1610 1628 1709 1683 pu-
1806 1616 1876 1673 to

1354 1704 1633 1776 [tredines,

1187 980 1377 1027 cuncta
1416 973 1718 1030 collaudent

1818 787 1888 844 55
1993 788 2163 844 llliuis
2193 789 2322 842 limo
2344 789 2566 853 salubri,
2594 790 2729 843 sacri
2753 798 2807 844 et
2834 791 2943 845 oris
2965 801 3180 848 nectare
3203 811 3216 847 :

1999 880 2116 935 Mox
2164 879 2364 949 apertis
2404 878 2503 933 hac
2534 880 2738 934 medela
2768 880 2855 935 lux
2881 882 3096 937 reducta
3127 893 3213 939 est
3247 884 3386 939 orbi-

3176 975 3315 1048 [bus.

2069 1062 2313 1131 lncrepas
2350 1069 2565 1117 ventum
2612 1050 2871 1119 furentem
2899 1106 2914 1132 ,
2956 1066 3099 1135 quod
3140 1068 3387 1135 procellis

3060 1157 3320 1227 [tristibus

2001 1245 2185 1300 Vertat
2222 1259 2405 1316 aequor
2447 1244 2609 1301 fundo
2650 1245 2718 1299 ab
2758 1246 2883 1312 imo,
2934 1258 3096 1304 vexet
3123 1258 3176 1304 et
3204 1266 3385 1320 vagam

2135 1353 2138 1357 ‘
3086 1343 3273 1413 [ratem
3300 1361 3314 1397 :

1912 1460 1921 1468 -
1988 1435 2151 1508 3&0
2182 1435 2276 1492 llle
2311 1436 2479 1505 jussis
2516 1434 2893 1501 obsecundat,‘
2916 1437 3059 1492 mitis
3086 1438 3227 1492 unda
3254 1449 3385 1493 stor-

3130 1529 3318 1597 luitur.

2058 1618 2322 1672 Extimum
2356 1618 2520 1673 vestis
2554 1624 2775 1673 sacrata:
2810 1615 2994 1671 lurtim
3029 1618 3221 1673 mulier
3265 1624 3384 1673 ait-

3141 1709 3246 1777 git:

1412 1796 1703 1855 GLOSSE
1744 1798 2088 1856 VETERES.

190 1922 286 1977 28.
312 1918 614 1984 Cautharis,
640 1920 791 1983 vasis,
824 1917 1041 1987 hydriis,
1074 1914 1116 1970 1.

190 1993 282 2047 50.
312 1991 449 2052 ilex,
472 1984 878 2055 Architriclinus;
903 2002 1067 2055 regem
1104 1985 1510 2039 arehitriclinum
1550 1984 1705 2055 dicit.

124 2060 517 2114 Architriclinus
568 2060 701 2113 enim
738 2052 977 2127 princeps
1020 2057 1283 2127 lectorum.
1330 2055 1510 2127 Cum,
1534 2052 1709 2127 Griece

122 2132 302 2185 lectus.
329 2131 539 2199 Antiqui
561 2130 697 2182 enim
715 2126 814 2182 tres
835 2127 989 2181 lectos
1014 2126 1277 2199 habebant,
1296 2141 1456 2199 u_num
1477 2126 1707 2190 domino,

1735 1920 1785 1980 Β
1883 1918 1972 1973 52.
2005 1917 2219 1979 Ratum,

1887 1918 1972 1973 52.
2005 1917 2219 1979 Ratum,
2251 1916 2483 1985 ﬁrmum,
2515 1914 2616 1969 lso.

1887 1988 1974 2041 55.
2005 1987 2269 2052 Piamiua,
2292 1986 2648 2052 medicamina,
2666 1984 2891 2055 piacula,
2915 1987 3265 2053 mundamina,
3286 1987 3383 2042 lso.

1884 2057 1975 2112 55.
2004 2057 2251 2122 Nectare,
2275 2067 2445 2126 sputo,
2477 2054 2673 2120 saliva,
2692 2054 2736 2108 1.

1886 2128 1977 2182 56.
2004 2128 2254 2191 Orbibus,
2287 2127 2485 2180 oculis:
2514 2127 2657 2180 orbes
2697 2140 2933 2178 vocamus
2971 2126 3147 2177 oculos
3178 2138 3384 2194 propter

121 2201 408 2253 secundum
465 2194 719 2263 dominae,
768 2200 969 2251 tertium
1033 2197 1242 2265 hospiti.
1292 2194 1517 2267 Regem
1568 2205 1711 2267 vocat
1810 2199 2204 2263 rotunditatem;
2232 2197 2350 2251 hinc
2371 2206 2416 2249 et
2444 2197 2612 2267 orbem
2633 2196 2846 2249 dicimus
2865 2194 2923 2247 ob
2946 2197 3385 2265 rotunditatem,l.

120 2271 389 2323 dominum
413 2269 614 2335 domus,
639 2268 714 2322 vel
742 2269 1075 2332 sacerdotem,
1115 2268 1201 2335 qui
1226 2266 1299 2319 ad
1341 2265 1708 2320 benedicendas

120 2341 331 2408 nuptias
362 2350 581 2393 venerat.
608 2368 679 2378 —
707 2340 907 2407 Sapore
946 2336 1148 2403 tinctis,
1197 2337 1468 2405 saporatis,
1508 2336 1710 2389 colora-

120 2411 208 2472 tis,
236 2410 463 2477 mutatis,
494 2408 595 2465 lso.

174 2596 280 2649 '24.
314 2594 472 2647 Brev.
497 2592 630 2647 Moz.
654 2591 724 2646 ita
754 2591 1028 2661 distinguit
1075 2598 1129 2645 et
1159 2590 1287 2659 legit
1338 2608 1350 2641 :
1400 2588 1566 2643 Nulla
1594 2589 1699 2643 lin-

120 2680 345 2735 guarum
370 2663 569 2735 silescat
587 2678 701 2727 vox,
724 2663 812 2715 sed
842 2662 1003 2735 anuus
1031 2669 1292 2735 consonet.

186 2733 286 2787 25.
308 2733 601 2801 Spiegelius
620 2742 752 2785 vates
775 2732 884 2784 vult
904 2746 1023 2785 esse
1052 2731 1295 2800 sibyllas.
1321 2729 1468 2784 Haud
1500 2730 1704 2799 liquere

126 2814 283 2871 puto.
352 2802 550 2868 Nostri,
574 2802 758 2869 Aldus,
806 2801 1028 2865 Weitz.,
1080 2801 1195 2855 Gis.
1244 2801 1591 2871 concinebant,
1634 2802 1703 2856 'ln

118 2870 496 2929 Torrentianis
525 2872 728 2927 duobus
754 2872 1125 2939 praecinebant;
1147 2871 1197 2923 iu
1228 2870 1504 2937 Rottend.,
1571 2887 1706 2939 pra:-

122 2945 320 2997 cinebat
342 2960 360 3006 ,-
383 2945 436 2995 in
466 2943 695 3010 'l‘huan.,
723 2941 841 2997 Vat.
871 2941 886 2994 Ι
912 2956 941 2995 a
973 2942 1141 3010 prima
1169 2954 1350 3001 manu.
1383 2942 1698 2997 concinebat.

117 3016 167 3068 Si
185 3013 500 3083 pracinebat
520 3022 610 3065 aut
651 3012 942 3083 concinebat
976 3010 1222 3083 amplecti
1267 3011 1428 3083 velis,
1470 3011 1707 3081 intelligo

121 3080 399 3145 Da'videm,
430 3098 584 3151 quem
616 3092 770 3135 antea
798 3082 1048 3135 laudavit.
1084 3082 1239 3137 Brev.
1267 3080 1427 3145 Mam,
1471 3083 1707 3136 concine-

119 3155 264 3218 bant,
296 3154 418 3207 etin
443 3162 585 3206 textu
611 3168 779 3221 quam.
806 3151 871 3205 ad
891 3167 1037 3205 oram
1068 3167 1233 3220 quem.

184 3225 284 3279 9.7.
310 3222 458 3277 Unus
482 3222 637 3289 Ton,
663 3221 952 3275 collaudem
978 3222 1165 3275 Deum.

182 3294 282 3349 28.
318 3293 509 3359 lucipit
530 3307 744 3346 narrare
765 3292 960 3346 Christi
988 3292 1241 3346 miracula
1269 3308 1340 3348 ex
1397 3292 1705 3361 evangelica

123 3365 374 3419 historia.
405 3363 559 3417 Jesus
587 3377 776 3431 aquam
809 3364 861 3415 in
884 3362 1062 3415 vinum
1092 3363 1353 3417 convertit
1402 3362 1556 3418 Joan.
1582 3377 1699 3430 cap.

120 3451 175 3487 ιι.
203 3434 319 3488 Hoc
342 3434 651 3487 miraculum
675 3433 867 3499 sacpius
896 3433 947 3486 in
991 3433 1333 3502 sarcophagis
1375 3432 1704 3488 Christiano-

121 3520 239 3558 rum
272 3513 509 3556 veterum
548 3503 941 3570 insculpebatur
961 3516 1080 3555 cum
1104 3502 1222 3556 aliis
1253 3505 1702 3558 resurrectionem

117 3578 410 3643 ‘coipnrum
451 3572 822 3626 iudicantibus.
879 3572 1074 3643 Lupius
1106 3581 1266 3643 tomo
1318 3572 1593 3643 l,dissert.
1644 3574 1701 3641 2,

121 3641 361 3711 coniicit,
384 3643 571 3696 cadum
607 3643 712 3695 viui
738 3643 789 3696 in
817 3642 1074 3711 sepulcris
1091 3642 1408 3697 Christianis
1436 3641 1702 3698 interdum

125 3728 439 3781 expressum
460 3713 761 3781 signiﬁcare
810 3727 1025 3780 corpus,
1082 3712 1371 3781 aliquando
1413 3712 1702 3768 uuiendum

128 3786 343 3844 animat,
378 3783 528 3850 cujus
560 3784 723 3849 ﬁgura
746 3783 815 3836 sit
839 3782 1038 3836 vinum.

192 3856 288 3909 29.
322 3853 557 3917 Thuan.,
584 3850 806 3906 .‘Vuntias
854 3855 1046 3917 vinum,
1092 3853 1338 3919 minister,
1386 3870 1491 3907 esse
1535 3870 1706 3922 prom-

128 3934 266 3990 ptum
288 3939 351 3975 ex
379 3923 581 3992 hydria.
607 3924 814 3987 Ambr.,
846 3931 1101 3989 sumptum
1129 3937 1224 3990 pro
1241 3932 1546 3992 promptum.
1590 3924 1705 3977 Vini

128 3995 377 4053 minister,
419 4002 473 4047 et
496 3993 597 4045 vini
619 3993 948 4045 ministerium
973 3994 1027 4046 S.
1072 3994 1384 4047 Ambrosius
1402 3994 1536 4047 dixit
1565 3994 1657 4048 lib.
1683 4009 1699 4047 ι

129 4064 303 4128 0itic.,
360 4078 476 4131 cap.
500 4063 569 4116 9.9
593 4074 783 4130 etcap.
815 4064 848 4117 ϐ
871 4063 938 4117 de
964 4062 1219 4130 losepho.

196 4134 286 4187 50.
317 4132 569 4186 Libenter
595 4133 823 4199 legerem
849 4132 1018 4186 colore
1040 4133 1206 4185 tinctis
1225 4134 1440 4200 poculis,
1459 4132 1557 4186 nisi
1589 4147 1705 4187 om-

132 4218 226 4256 nes
248 4217 381 4256 mss.
412 4202 755 4256 obsisterent.
787 4201 1057 4269 Evangelii
1094 4204 1255 4257 etiam
1284 4203 1432 4258 locus
1459 4217 1703 4269 saporem

131 4273 417 4341 exprimit:
455 4270 521 4325 Ut
564 4282 734 4325 autem
773 4274 986 4342 gustavit
1023 4272 1397 4326 architriclinus
1430 4289 1610 4341 aquam
1627 4275 1703 4325 vi-

131 4345 472 4409 numfacmm,
496 4352 599 4395 etc.
643 4342 890 4397 Sedulius
939 4352 1220 4408 utrumque
1258 4342 1533 4411 conjunxit
1569 4344 1704 4396 colo-

130 4428 238 4462 rem
260 4422 311 4464 et
340 4428 565 4481 saporem
596 4411 723 4465 vini.
752 4413 824 4465 De
854 4426 978 4481 rege
1003 4412 1234 4466 convivii
1251 4412 1498 4466 Horatius
1518 4413 1620 4465 oda
1643 4413 1699 4477 4,

130 4481 220 4532 lib.
249 4498 260 4534 l
288 4499 301 4534 :
337 4480 443 4533 Nec
470 4496 639 4535 aeoru
664 4483 766 4534 vini
791 4480 999 4535 sortiere
1024 4483 1160 4548 talis,
1189 4481 1278 4534 ubi
1296 4482 1542 4550 intelligit
1576 4497 1703 4535 con-

133 4552 343 4621 vivium,
370 4551 579 4604 collatis
622 4551 877 4621 symbolis
933 4552 1279 4606 celebratum.
1332 4553 1598 4605 Ausonius
1649 4552 1701 4606 in

139 4620 513 4687 Ephemeride,
536 4631 591 4674 et
611 4620 727 4675 loco
752 4622 978 4675 convivii
1004 4637 1018 4675 :
1051 4622 1285 4689 Quinque
1307 4623 1550 4675 advocavi
1574 4638 1593 4675 :
1613 4638 1704 4676 sea:

138 4691 564 4762 enim_convivium
585 4690 710 4762 Cum
731 4706 845 4762 rege
855 4694 1052 4762 justum
1082 4706 1099 4743 .'
1142 4694 1188 4762 si
1204 4707 1374 4757 super,
1420 4693 1702 4745 convicium

1730 3399 1777 3463 C

1888 2269 1975 2324 '58.
2012 2268 2196 2330 chet,
2230 2276 2439 2331 moveat,
2474 2266 2512 2319 Ι.

1885 2338 1974 2411 59.
2006 2338 2367 2411 Obsecundat,
2402 2336 2974 2411 obtentperal.-_—Mitis,
2996 2342 3278 2411 mitefacla,
3310 2339 3349 2393 1.

1888 2407 1976 2463 40.
2005 2408 2292 2472 Extimum,
2325 2408 2706 2473 extremitatem,
2738 2406 2775 2462 l.

1456 2496 2012 2557 COMMENTARIUS.

1877 2594 1968 2647 55.
1987 2592 2259 2647 Giselinus
2288 2592 2353 2646 ad
2379 2606 2526 2647 oram
2551 2591 2781 2646 ulcerum
2817 2607 2911 2662 pro
2940 2595 3220 2647 vulnerum.
3254 2593 3382 2650 Loc.

1808 2663 1900 2717 cit.
1933 2663 2117 2717 Matth.
2150 2678 2287 2716 vers.
2318 2662 2389 2716 4:
2422 2662 2643 2717 Ostende
2669 2673 2717 2715 te
2745 2664 3012 2726 sacerdoti,
3043 2675 3089 2718 et
3118 2664 3243 2731 o/Ter
3273 2682 3381 2719 mu-

1808 2749 1905 2785 nus
1943 2735 2076 2802 quod
2108 2734 2344 2801 praecepit
2375 2731 2601 2801 Moyses,
2644 2734 2697 2802 in
2717 2736 3066 2802 testimonium
3097 2734 3217 2787 illis.
3261 2734 3382 2790 Haec

1808 2813 1939 2875 sunt
1962 2804 2213 2875 piamina.
2231 2803 2468 2875 Eruenda
2495 2803 2650 2856 Brev.
2679 2801 2937 2875 Moz.,nhi
2968 2814 3047 2857 est
3070 2820 3378 2875 repugnans.

1880 2872 1967 2927 54.
1990 2873 2146 2927 Joan.
2169 2886 2289 2941 cap.
2317 2888 2365 2925 Ix
2392 2872 2547 2926 lesus
2566 2885 2712 2925 caeco
2732 2886 2774 2941 ra
2806 2874 3076 2926 nativitate
3108 2872 3275 2927 visum
3302 2891 3381 2929 re-

1808 2942 1999 2996 stituit.
2046 2940 2298 2995 Perennes
2335 2942 2547 2995 tenebras
2572 2951 2698 2994 sunt
2726 2940 2839 3009 ipsa
2875 2943 3085 2995 caecitas
3121 2958 3148 2995 a
3196 2945 3380 2998 nativi-

1812 3020 1936 3078 tate,
1968 3014 2087 3067 sive
2107 3027 2134 3065 a
2162 3012 2332 3080 primo
2354 3021 2497 3065 ortu.
2534 3010 2979 3082 Elmenhorstius,
3006 3014 3058 3065 in
3083 3012 3375 3082 Arnobium

1810 3095 1928 3151 pag.
1962 3083 2029 3135 72
2064 3083 2195 3136 edit.
2232 3082 2519 3151 llamburg.
2566 3081 2726 3145 1610,
2760 3080 2856 3135 bos
2888 3080 3275 3136 Versus‘laudat
3314 3086 3379 3138 ad

1809 3152 2028 3206 Arnobii
2072 3153 2230 3208 verba
2262 3151 2539 3205 Oculorum
2575 3151 2827 3204 orbiculos
2857 3151 3082 3216 mobiles,
3113 3160 3168 3206 et
3195 3168 3379 3206 exem-

1810 3221 1912 3291 plis
1940 3223 2166 3289 plurium
2202 3231 2475 3291 poetarum
2508 3222 2649 3275 orbes
2670 3223 2932 3275 oculorum
2952 3222 3055 3275 dici
3078 3221 3377 3280 conﬁrmat.

1880 3294 1968 3348 55.
1993 3293 2191 3360 Apoll].
2219 3308 2361 3346 vers.
2393 3292 2517 3354 675,
2543 3293 2697 3361 illevit
2728 3307 2883 3345 ccecos
2913 3294 3084 3345 oculos
3109 3303 3154 3345 et
3181 3292 3391 3347 iumina‘

1809 3362 1931 3416 limo
1958 3362 2216 3416 Reddidit.
2254 3362 2386 3414 Vide
2411 3363 2512 3415 alia
2541 3360 2764 3415 ibid.de
2786 3361 2978 3415 Christi
3007 3363 3297 3429 miraculis,
3324 3375 3378 3420 et

1811 3434 1863 3486 in
1888 3433 2198 3487 Dittochzeo.
2234 3433 2386 3486 Brev.
2420 3432 2575 3494 Μοι..
2604 3432 2792 3495 odoris,
2827 3432 2942 3500 lege
2969 3440 3014 3485 et
3041 3435 3164 3487 oris.

1878 3503 1967 3557 56.
1995 3503 2217 3557 Ovidius
2246 3519 2261 3556 ι
2301 3502 2536 3567 Melam.,
2568 3501 2773 3555 luminis
2802 3503 2955 3563 orbis,
2988 3503 3053 3557 de
3082 3504 3256 3557 oculo.
3292 3504 3374 3559 lu-

1808 3574 1969 3643 telligi
2000 3583 2218 3641 possunt
2259 3573 2532 3643 foramina,
2578 3572 2712 3624 intra
2754 3587 2871 3643 quas
2911 3573 3076 3626 latent
3114 3573 3276 3636 oculi,
3321 3584 3377 3628 ut

1807 3642 2003 3712 hymno
2046 3644 2081 3695 2
2129 3642 2550 3712 Peristephauwn
2595 3642 2883 3712 vcrs.__lb6
2924 3659 2935 3693 :
2981 3643 3137 3695 Urbes
3180 3654 3378 3698 cavatos

1841 3710 2093 3783 referens.
2143 3712 2360 3783 Corrige
2414 3712 2465 3764 in
2521 3711 2673 3765 Brev.
2728 3710 2882 3775 Moz.,
2938 3728 2996 3763 ac
3042 3712 3283 3776 medulla,
3323 3722 3376 3768 et

1803 3729 2093 3836 rrwlerens.
2143 3729 2360 3780 corrige
2414 3729 2465 3764 ιιι
2521 3729 2673 3765 urev.
2728 3729 2882 3775 Μυκη
2938 3729 2996 3763 ac

1824 3797 1920 3851 ege
1952 3785 2048 3836 hac
2074 3782 2284 3836 medela.
2426 3850 2429 3851 ν
3018 3792 3031 3800 ‘

1875 3854 1963 3907 57.
2021 3854 2075 3905 lu
2119 3852 2282 3906 Hails.
2336 3858 2389 3904 et
2419 3850 2570 3903 Brev.
2607 3851 2741 3903 Moz.
2770 3864 2919 3903 error
2956 3859 3038 3903 est
3078 3851 3366 3908 increpans.

1805 3920 2108 3991 Spiegelius
2124 3922 2446 3991 suspicatur,
2459 3919 2798 3973 Prudentium
2816 3921 3004 3988 legisse
3020 3921 3156 3990 apud
3186 3919 3368 3980 Matth.

1804 4006 1923 4058 cap.
1944 3990 2037 4045 vm
2069 4010 2081 4043 :
2114 3990 2256 4044 Tunc
2277 4005 2485 4059 surgens
2512 3991 2784 4057 increpavit
2807 3995 2980 4051 ventis,
3011 3992 3152 4059 quod
3182 3993 3373 4059 primi.

1805 4069 1891 4115 tus
1920 4062 2082 4116 fuisse
2106 4062 2362 4129 scriptum
2398 4062 2668 4122 Erasmus,
2700 4070 2958 4114 annotans
2984 4063 3122 4114 hunc
3140 4062 3370 4117 Matthmi

1806 4131 2003 4202 locum,
2028 4132 2293 4200 opinatur.
2318 4130 2474 4184 Certe
2501 4143 2567 4184 ex
2593 4130 2905 4202 Prudentia,
2930 4132 3104 4202 inanis
3126 4141 3229 4197 est,
3255 4150 3374 4202 qua:

1804 4200 2017 4254 ducitur
2037 4202 2364 4271 conjectura,
2382 4214 2501 4255 nam
2524 4202 2568 4253 is
2591 4200 2768 4265 potius
2786 4202 2939 4254 Luca:
2967 4201 3124 4255 verba
3151 4200 3371 4271 expres-

1804 4271 1875 4325 sit
1904 4285 2023 4335 cap.
2056 4287 2165 4334 \‘lll,
2202 4270 2271 4323 2b
2308 4286 2324 4321 :
2360 4276 2419 4323 At
2445 4272 2530 4323 ille
2553 4286 2762 4340 surgens
2798 4272 3070 4340 increpavit
3101 4270 3299 4325 ventum
3325 4284 3372 4327 et

1805 4349 2146 4411 tempestatem
2168 4350 2395 4411 aqua,“
2415 4341 2622 4394 cessavit
2645 4356 2662 4392 :
2690 4348 2735 4392 et
2760 4344 2895 4407 facta
2915 4351 2988 4393 est
3010 4343 3370 4410 tranquillitas.

1803 4409 2123 4466 Prudentius
2152 4409 2315 4466 verbo
2334 4412 2391 4467 S.
2427 4410 2607 4464 Matth.
2634 4411 2802 4464 utitur
2833 4412 3028 4476 Apoth.
3055 4409 3197 4466 vers.
3231 4414 3368 4468 650:

1812 4479 1968 4534 Video
1995 4481 2471 4550 luctantiamagnis
2511 4479 2748 4550 .Equora
2782 4482 3065 4535 turbinibus
3101 4484 3374 4550 tranquillo

1803 4566 2052 4605 marmore
2076 4553 2217 4606 tendi
2237 4546 2462 4620 Império
2493 4546 2700 4604 Chrisii.

1875 4620 1962 4676 58.
1994 4622 2151 4676 Fabr.
2191 4631 2245 4675 et
2294 4616 2485 4685 Hails.,
2528 4628 2715 4674 verrat.
2755 4616 2969 4685 Cmteri,
3009 4628 3185 4683 vertat,
3231 4622 3370 4688 quod

1804 4689 2024 4745 Heinsio
2055 4692 2209 4745 unice
2237 4690 2506 4757 probatur.
2544 4689 2660 4743 Vat.
2690 4689 2753 4752 A,
2798 4706 3014 4754 summo,
3064 4698 3119 4742 et
3160 4704 3254 4757 pro
3294 4691 3373 4743 di-

136 4768 225 4811 est.
255 4760 365 4813 Rex
389 4760 620 4813 convivii
649 4771 750 4826 est,
786 4759 841 4814 ut
857 4759 1079 4829 quidam
1107 4760 1308 4823 volunt,
1358 4764 1447 4829 qui
1503 4763 1699 4830 pra-hct
1727 4761 1778 4820 D
1804 4775 1955 4815 versa
1980 4763 2242 4828 scriptura
2274 4760 2454 4827 fundo.
2483 4759 2605 4830 Vat.
2644 4759 2704 4830 Β,
2731 4759 2910 4830 fundo,
2940 4759 3003 4812 ad
3037 4774 3203 4830 marg.
3236 4776 3373 4812 sum-

136 4831 463 4904 convivium‘;
491 4830 600 4904 vel,
631 4839 687 4883 ut
709 4839 895 4904 puta_nt
917 4830 1174 4904 nonnulli,
1220 4845 1530 4904 inconuiuus
1571 4847 1700 4886 con-

138 4899 269 4963 νινίἱ,
302 4895 391 4952 aut
430 4895 608 4969 etiam
660 4895 911 4955 sacerdos
965 4900 1055 4969 qui
1099 4900 1344 4954 convivio
1395 4901 1698 4957 Judzeorum

136 4979 399 5032 pra-esset.
424 4968 683 5025 Uuiverse
712 4984 802 5024 rex
851 4968 1071 5025 vocatur
1097 4971 1362 5024 interdum
1412 4972 1488 5025 rei
1524 4971 1703 5039 cujus-

136 5051 234 5110 que
256 5040 521 5110 dominus,
546 5047 605 5110 ut
628 5040 765 5110 apud
820 5039 965 5109 Virg.
1003 5041 1182 5110 ecloga
1205 5040 1258 5105 1,
1288 5057 1399 5093 mea
1428 5057 1603 5110 regna.
1638 5041 1695 5096 S.

138 5103 374 5181 Paulinus
403 5103 535 5181 Nat.
556 5103 677 5181 eae
701 5103 939 5181 Homiue'
952 5103 1149 5164 rustico
1194 5129 1205 5161 :
1246 5103 1583 5181 Oblatumque
1603 5112 1700 5181 sibi

138 5189 254 5252 mox
286 5178 393 5252 ipso
421 5179 475 5252 in
500 5179 677 5232 limine
696 5195 861 5252 regem
888 5180 1228 5252 Cognoscuntl
1249 5180 1435 5234 hilares
1467 5178 1695 5248 (boves).

137 5241 318 5298 Cicero
341 5248 409 5303 de
435 5248 663 5303 Oratore
690 5241 807 5317 pag.
828 5248 887 5303 ll
923 5241 1086 5305 :‘Nisi
1106 5252 1187 5302 hic
1210 5250 1262 5302 in
1314 5260 1402 5303 tuo
1437 5241 1590 5318 regno
1625 5241 1702 5303 es-

138 5326 340 5388 scmus,
377 5332 478 5370 non
528 5319 752 5372 tulissem
775 5360 789 5383 ,
839 5319 1085 5388 intelligit
1114 5320 1471 5373 Tusculanum
1494 5319 1694 5375 Crassi.

140 5381 249 5435 lloc
285 5381 482 5458 Christi
543 5381 853 5458 miraculum
902 5399 957 5443 et
1012 5381 1156 5454 'alia,
1211 5404 1330 5456 quae
1375 5398 1697 5458 sequuntur,

138 5455 453 5510 carminibus
490 5455 761 5513 celebrant
806 5468 990 5513 auctor
1028 5459 1127 5513 sub
1166 5455 1700 5514 Claudiani‘nomine

138 5520 487 5594 dejliraculis
505 5526 715 5593 Christi,
747 5528 1033 5594 Iuvencus,
1056 5528 1306 5583 Sedulius
1323 5537 1378 5583 et
1396 5529 1504 5582 alii.

205 5590 266 5666 51
279 5593 476 5650 .blatth.
510 5610 629 5666 cap.
656 5590 747 5651 vin
777 5590 1042 5664 leprosum
1072 5607 1224 5652 curat
1248 5598 1403 5653 lesus
1430 5607 1486 5653 et
1508 5599 1573 5652 ad
1606 5613 1695 5651 sa-

138 5660 376 5745 cerdotes
402 5660 592 5719 mittit:
606 5666 676 5745 .ln
707 5660 943 5745 editione
977 5668 1257 5745 Parmensi
1285 5683 1523 5745 errorem
1547 5678 1696 5736 typo-

137 5732 319 5797 graphi
346 5745 475 5800 pulo
499 5732 719 5788 membra
748 5737 939 5790 mortis.
970 5738 1190 5801 Corrige
1221 5739 1424 5791 morbis.

1804 4847 1961 4893 mum,
1994 4832 2137 4898 quod
2169 4845 2274 4884 non
2297 4830 2517 4884 omnino
2543 4828 2807 4898 displicet-
2829 4829 3173 4883 Communior
3201 4837 3255 4881 et
3284 4844 3372 4884 ve-

1766 4902 1767 4905 “
1804 4901 1914 4954 rior
1945 4897 2104 4954 lcetio
2125 4910 2208 4953 est
2236 4901 2397 4968 fundo
2422 4899 2485 4951 ab
2511 4902 2631 4951 imo.
2663 4897 2724 4968 _ln
2752 4898 2870 4950 Vat.
2904 4901 2946 4951 Α
2970 4898 3154 4968 deerat
3177 4906 3222 4951 et
3255 4908 3373 4967 post

1802 4980 1960 5034 vexet,
2004 4970 2141 5037 quod
2175 4966 2321 5024 recte
2351 4968 2589 5022 additum
2627 4966 2821 5037 aliena,
2857 4978 2913 5021 ut
2941 4967 3149 5022 videtur
3188 4966 3369 5023 manu.

1806 5036 2178 5110 Deeratetiam
2226 5049 2272 5092 et
2317 5037 2527 5110 inAVat.
2571 5037 2628 5110 Β.
2669 5036 2797 5101 Qum
2822 5039 2891 5110 sit
2920 5037 3000 5110 vis
3029 5038 3373 5110 liujﬂusverbi

1800 5106 2170 5175 vexo,'docent
2199 5108 2459 5165 Asconius
2499 5106 2785 5169 Pedianus,
2829 5107 3050 5173 Probus,
3094 5108 3297 5163 Gellius
3321 5120 3375 5164 et

1802 5178 2099 5234 Macrobius
2136 5179 2399 5233 adversus
2433 5178 2676 5231 Anneum
2705 5176 3017 5240 Cornutum,
3051 5179 3140 5247 qui
3172 5180 3223 5232 in
3259 5179 3375 5232 Vir-

1803 5250 1933 5317 gilio
1982 5259 2275 5314 notaverat,
2316 5247 2581 5301 Dulichias
2630 5260 2833 5301 vexasse
2878 5256 3030 5310 rates,
3076 5248 3226 5316 quasi
3270 5249 3373 5302 levi

1806 5320 1969 5444 gerulo
2017 5334 2142 5374 usus
2192 5320 2378 5374 luisset
2422 5318 2490 5372 ad
2528 5325 2727 5369 tantam
2775 5317 3128 5372 calamitatem
3172 5317 3376 5372 descri-

1848 5404 1911 5444 en
1953 5404 2063 5444 am.

1848 5390 2063 5444 endam.

1879 5461 1966 5514 59.
1998 5458 2244 5514 Mendum
2272 5461 2323 5512 in
2352 5460 2511 5514 Hrev.
2539 5460 2697 5525 Moz.,
2721 5459 2807 5513 ille
2826 5460 2981 5526 jussit
3009 5456 3375 5514 obsecundans.

1878 5530 1967 5584 ιο.
1998 5529 2267 5584 Mulierem
2306 5544 2333 5599 a
2362 5530 2637 5599 sanguinis
2664 5528 2924 5599 prollnvio
2967 5527 3159 5599 liberat
3197 5526 3350 5599 lesnr

1808 5599 1993 5654 Matth.
2026 5615 2098 5663 ix,
2130 5599 2237 5663 20;
2267 5598 2429 5653 Marc.
2461 5596 2514 5665 ἦ,
2546 5599 2647 5665 25ς
2668 5596 2807 5653 Luc.
2837 5612 2949 5659 vui,
2980 5598 3070 5651 41.
3106 5596 3374 5665 Extimum

1805 5684 1904 5737 pro
1948 5671 2282 5723 extremitate
2325 5669 2512 5724 Latine
2555 5679 2610 5724 et
2658 5671 2929 5739 eleganter
2970 5666 3189 5739 dicitur.
3235 5667 3378 5739 Loco

1806 5739 1988 5804 quinto
2030 5739 2339 5804 spondeum
2376 5739 2663 5795 admissum
2708 5737 2766 5795 in
2803 5739 2978 5807 furtim
3021 5737 3131 5793 dixi
3164 5737 3373 5808 Proleg.
