3970 6326
222 312 325 371 873

1393 512 1482 580 [ex
1513 512 1676 566 altera
1704 527 1718 564 :

393 603 636 678 Lympha
664 616 859 673 nempe
889 601 981 657 dat
1005 602 1273 658 lavacrum
1295 644 1308 668 ,
1347 612 1458 657 tum
1501 616 1697 658 corona
1727 617 1791 658 ex

1312 693 1594 764 [sanguine
1621 704 1721 749 est.

467 786 611 843 Vidit
651 785 840 856 anguis
879 783 1208 840 immutatam
1239 786 1482 855 corporis
1520 786 1657 841 sacri
1696 785 1795 841 ho-

1522 878 1720 949 [stiam,

396 969 560 1039 Vidit,
590 979 646 1026 et
675 969 813 1026 tellis
843 970 1048 1039 perusti
1081 984 1205 1024 mox
1235 984 1496 1045 venenum
1535 969 1793 1040 perdidit,

213 1064 283 1121 90
398 1062 626 1119 Saucius
652 1061 839 1117 dolore
866 1062 1056 1127 multo,
1086 1061 1220 1115 colla
1248 1061 1448 1116 fractus
1477 1061 1649 1115 sibila.

468 1153 599 1221 Quid
615 1152 731 1219 tibi,
750 1152 973 1223 profane
991 1167 1236 1222 serpens,
1256 1153 1451 1222 profuit
1469 1154 1628 1209 rebus
1651 1156 1801 1210 novis

398 1246 603 1301 PEasma
634 1246 861 1315 primum
894 1244 1189 1314 perculisse
1214 1245 1484 1313 versipelli
1510 1248 1704 1301 astutia
1729 1247 1753 1300 ‘t

397 1336 553 1409 357
574 1336 736 1392 Diluit
758 1337 968 1406 culpam
1001 1345 1216 1404 recepto
1232 1337 1398 1391 forma
1421 1338 1658 1391 mortalis
1674 1339 1799 1393 Deo.

466 1427 546 1482 Ad
588 1427 802 1483 brevem
838 1442 895 1482 se
936 1427 1125 1483 mortis
1155 1442 1306 1483 usum
1344 1427 1451 1482 dux
1495 1428 1681 1485 salutis
1710 1429 1805 1485 de-

650 1517 668 1533 ⁴
1556 1521 1730 1594 [didit,

248 1616 321 1669 95
399 1615 638 1671 Mortuos
667 1613 793 1668 olim
823 1612 1061 1681 sepultos
1092 1619 1149 1665 ut
1179 1610 1355 1666 redire
1383 1611 1730 1679 insuesceret,

401 1706 685 1762 Dissolutis
714 1704 1058 1774 pristinorum
1082 1703 1308 1758 vinculis
1336 1704 1722 1772 peccaminum.

471 1797 620 1853 Tunc
650 1805 891 1866 patres,
942 1794 1216 1864 sanctique
1264 1796 1414 1849 multi
1468 1797 1797 1853 conditorem
1833 1793 1876 1852 Β

1452 1887 1729 1957 [praevium

394 1982 511 2037 tam
543 1987 899 2036 revertentem
932 1979 1121 2046 secuti,
1157 1978 1312 2033 tertio
1334 1978 1547 2034 demum
1575 1980 1659 2034 die

1202 276 1205 277 ί
1288 305 1828 363 οΑτιιειιειιιΝοΝ
1871 306 1961 361 Ix.
2002 305 2162 360 eum
2206 303 2409 359 nona.

396 418 559 491 ’ξω
590 416 724 472 Hinc
750 416 957 472 cruoris
995 417 1144 473 lluin
1174 417 1343 485 unda,
1388 419 1600 489 lympha
1639 428 1791 490 parte
1819 420 1871 479 A
1902 454 1905 457 »

3371 300 3477 355 8M

2072 416 2261 472 Carnis
2325 414 2633 470 indumenta
2675 419 2923 479 sumunt,
2964 424 3102 479 eque
3143 411 3314 468 bustis
3357 429 3480 483 pro-

3202 502 3407 573 [deunL

2146 598 2405 653 Cerneres
2436 596 2579 652 coire
2608 594 2846 650 membra
2875 592 2942 648 dc
2969 592 3162 648 favillis
3185 594 3371 661 aridis,

2076 688 2239 762 35.8
2268 689 2539 760 Frigidum
2592 686 2739 744 venis
2770 685 3060 756 resumptis
3104 685 3372 756 pulverem
3399 695 3478 741 te-

3145 775 3409 847 [[tescere,

2080 871 2234 936 Ossa,
2266 883 2479 935 nervos,
2513 882 2576 922 ac
2603 866 2865 922 medullas
2884 852 3093 936 glutino
3124 866 3263 921 cutis
3295 871 3420 937 tegi.

2155 962 2317 1029 Post,
2347 970 2408 1016 ut
2436 974 2683 1016 occasum
2715 958 2954 1026 resolvit,
2983 959 3106 1014 vitae
3128 968 3183 1014 et
3211 959 3483 1015 hominem

3138 1049 3411 1122 [reddidit,

2090 1148 2329 1204 Arduum
2370 1146 2601 1202 tribunal
2628 1145 2719 1198 alti
2752 1144 2921 1199 victor
2943 1143 3181 1199 ascendit
3208 1144 3409 1209 Patris,

1915 1244 2011 1301 105
2088 1224 2342 1312 Inclytam
2371 1241 2506 1295 malo
2534 1247 2813 1308 reportans
2842 1237 3108 1307 passionis
3137 1239 3383 1309 gloriam.

2157 1335 2322 1389 Macte
2358 1333 2519 1400 judex
2570 1339 2935 1399 mortuorum,
2966 1338 3141 1385 macte
3176 1345 3267 1385 rex
3303 1332 3483 1386 viven~

3234 1421 3411 1492 [tium,

2087 1517 2281 1570 Dexter
2313 1514 2362 1568 in
2404 1515 2639 1583 parentis
2662 1528 2783 1570 arce
2822 1514 2911 1584 qui
2939 1513 3074 1570 cluis
3104 1514 3412 1578 virtutibus.

2086 1608 2334 1664 Omnium
2378 1614 2634 1660 venturus
2666 1606 2788 1659 inde
2812 1606 2988 1674 justus
3019 1606 3159 1660 ultor
3179 1608 3481 1663 criminum.

2164 1698 2239 1753 Te
2296 1711 2483 1758 senes,
2536 1704 2586 1750 et
2634 1706 2683 1749 te
2725 1695 2996 1764 juventus,
3046 1698 3386 1765 parvulorum
3434 1708 3485 1753 te

3174 1787 3411 1861 [chorus.

1912 1886 2013 1940 110
2088 1882 2264 1938 Turba
2297 1886 2547 1945 matrum,
2585 1877 2985 1948 virginumque,
3033 1878 3300 1948 simplices
3332 1884 3484 1947 puel-

3254 1968 3415 2038 'lula',

1905 598 2004 654 100

1496 2069 1783 2128 GLOSSE
1826 2069 2163 2129 VETERES.

285 2166 379 2219 87.
420 2161 629 2218 Corona
659 2175 724 2217 ex
755 2163 1031 2228 sanguine,
1064 2179 1155 2232 per
1180 2161 1479 2230 martyrium
1505 2172 1596 2227 est,
1625 2163 1662 2217 Ι.

284 2235 379 2291 88.
422 2233 648 2302 Anguis,
676 2232 914 2302 antiquus
942 2232 1121 2297 hostis,
1148 2232 1187 2287 1.

285 2306 378 2359 89.
422 2303 647 2368 Perusti,
675 2304 978 2369 consumpti,
1010 2304 1047 2357 Ι.

285 2376 378 2431 90.
420 2373 607 2445 sibila,
631 2372 1012 2445 sibilosa,Rat.
1036 2380 1090 2427 et
1116 2370 1155 2425 1.

286 2446 381 2500 92.
426 2442 739 2513 Versipelli,
791 2444 1002 2498 callido.
1051 2473 1119 2483 -υ
1178 2442 1523 2509 llo'rtaminc,
1575 2447 1795 2507 astutia,

210 2516 340 2569 Vat.
371 2515 437 2569 A.
1211 2540 1231 2553 υ

285 2585 378 2640 95.
413 2583 590 2649 Diluit,
620 2583 802 2649 abluit,
835 2583 872 2637 ι.

291 2656 382 2712 9-1.
417 2654 552 2719 Dux,
586 2653 743 2719 Deus,
777 2654 816 2707 Ι.

1980 2163 2068 2217 95.
2104 2163 2459 2227 lnsuesccret,
2490 2164 2857 2223 consuescent,
2885 2158 3124 2223 activum,
3157 2158 3192 2210 1.

1982 2234 2104 2287 100.
2138 2233 2419 2298 Cerneres,
2450 2232 2494 2285 si
2523 2233 2742 2290 adesses,
2774 2244 2977 2282 cernere
3005 2244 3194 2298 passes,
3228 2229 3327 2286 lsu.

1982 2305 2099 2358 101.
2131 2302 2450 2371 Tepescere,
2481 2299 2803 2371 incalescere,
2836 2298 2873 2352 I.

1976 2375 2102 2429 105.
2135 2369 2418 2433 Occasnm,
2448 2380 2681 2430 mortem,
2714 2369 2753 2423 l.

1985 2445 2106 2498 105.
2134 2444 2307 2509 leo,
2333 2444 2400 2496 ad
2428 2439 2630 2504 cretum,
2660 2440 2698 2494 1.

1981 2516 2103 2569 106.
2140 2507 2331 2576 Macte,
2362 2513 2520 2574 salve,
2552 2512 2717 2580 magis
2741 2518 2905 2573 aucte,
2934 2507 2975 2564 Ι.

1983 2586 2102 2643 107.
2136 2584 2303 2648 Cluis,
2328 2582 2585 2652 splendes,
2608 2579 2685 2634 vel
2713 2581 2965 2645 abundas,
2997 2580 3034 2633 1.
3067 2579 3259 2647 Palles,
3284 2582 3396 2638 Vat.
3420 2584 3484 2639 Δ.

1909 2655 2188 2720 Gloriaris,
2216 2655 2372 2723 Prag.

1559 2746 2117 2805 COMMENTARIUS.

210 2841 339 2908 (ια’,
385 2848 657 2911 quantulus
679 2836 869 2911 Christi
899 2839 1181 2911 perfossum
1207 2849 1308 2903 est,
1358 2838 1448 2895 ubi
1494 2838 1689 2909 allegat
1740 2844 1799 2896 S.

209 2908 457 2967 Leonem
488 2909 736 2978 Magnum
764 2908 940 2978 epist.
972 2908 1060 2975 98,
1098 2924 1217 2980 cap.
1247 2911 1302 2980 5,
1351 2913 1437 2980 qui
1475 2908 1629 2965 vocat
1680 2914 1801 2966 vul-

208 2999 340 3037 nera
374 2982 571 3044 lateris,
615 2988 669 3035 et
708 2980 1043 3033 Eustathium
1082 2979 1219 3049 apud
1252 2979 1647 3036 TheOdoretum
1677 2983 1797 3037 dia-

207 3055 339 3125 logo
371 3054 395 3107 1
430 3055 524 3126 τᾲς
551 3052 868 3126 τετρωμένας
891 3052 1141 3126 πλευρὰς.
1173 3049 1341 3126 Negat
1373 3066 1502 3126 vero
1532 3053 1743 3126 dialogo
1767 3054 1803 3105 2

208 3120 325 3192 legi
359 3123 617 3192 perforata
642 3120 836 3173 latera.
891 3122 1002 3187 Ego
1027 3120 1171 3174 'vero
1217 3120 1335 3190 lego
1375 3121 1589 3190 dialogo
1632 3120 1802 3184 Ξίτὰς

209 3195 540 3273 τιτρωμένᾳς
581 3193 835 3272 «hypate;
887 3192 981 3245 setl
1030 3192 1295 3258 interpres
1338 3194 1497 3245 vertit
1538 3192 1669 3247 latus
1710 3208 1807 3260 pro

211 3266 385 3318 latera
413 3262 543 3317 edit.
575 3261 746 3316 Paris.
780 3260 950 3326 1642,
995 3270 1122 3315 tom.
1153 3260 1240 3327 IV,
1276 3276 1395 3331 pag.
1426 3261 1516 3316 90.
1570 3262 1686 3317 Non
1718 3272 1801 3316 ta-

352 3280 385 3316 a
413 3279 543 3317 eutt.
576 3279 746 3316 rarts.
780 3279 950 3326 losz,
995 3279 1122 3315 tom.
1153 3279 1240 3327 tv,
1276 3279 1395 3327 pag.
1426 3279 1516 3316 υυ.
1570 3279 1686 3317 non
1718 3279 1801 3316 ta-

209 3350 344 3389 men
395 3332 745 3402 negaverim,
808 3332 1129 3386 sententiam
1174 3340 1229 3385 et
1277 3332 1702 3387 communioretn
1751 3342 1806 3388 et

212 3401 550 3474 evangelicis
592 3401 770 3474 verbis
815 3402 1280 3474 congruentiorem
1326 3416 1447 3474 esse
1495 3405 1654 3474 unico
1694 3403 1804 3458 ictu

216 3470 604 3529 latus'Domini
637 3471 775 3540 (sive
812 3470 1055 3526 dextrum
1079 3512 1094 3536 ,
1149 3473 1262 3527 sive
1305 3472 1602 3541 sinistrum)
1639 3473 1804 3530 fuisse

215 3547 523 3615 apertum‘,‘
553 3556 619 3596 ex
648 3557 756 3612 quo
781 3556 915 3611 aqua
942 3542 1099 3595 simul
1132 3544 1434 3615 et_sanguis
1465 3542 1814 3615 effluxerint;

216 3611 353 3684 quin
375 3630 445 3678 ex
477 3612 821 3684 alteraparte
847 3627 1013 3681 aqua,
1061 3626 1125 3665 ex
1163 3611 1333 3666 altera
1370 3614 1587 3681 sanguis
1615 3613 1802 3668 divisis

216 3682 488 3742 limitibus
514 3682 878 3752 intelligantur
906 3696 1206 3735 emanasse.

296 3756 388 3810 87.
420 3754 566 3817 Rat.,
596 3753 841 3823 sanguine
871 3752 987 3807 sine
1014 3762 1109 3806 est.

295 3825 387 3880 88.
424 3824 582 3878 Brev.
611 3822 747 3876 Mus.
777 3823 906 3876 vitio
932 3837 991 3877 se
1018 3822 1355 3875 immolatum.

294 3895 385 3949 90.
418 3894 562 3962 Lego
606 3892 756 3945 sibila
801 3908 920 3945 cum
968 3893 1150 3958 Isoue,
1201 3892 1357 3957 I’ut.,
1412 3892 1529 3946 Rat.
1557 3934 1570 3955 ,
1621 3894 1799 3958 Gold.,

221 3965 426 4019 Widm.
463 3979 492 4016 a
525 3962 693 4032 prima
724 3978 902 4027 manu,
924 3962 1236 4033 Heinsioet
1265 3964 1405 4017 aliis.
1440 3963 1528 4019 Sic
1549 3963 1802 4033 Virgilius

222 4037 321 4090 lib.
369 4050 425 4089 ιιι
472 4031 669 4101 Georg.
705 4047 847 4087 vers.
879 4032 1020 4087 421:
1078 4031 1457 4102 Tollentemque
1506 4031 1701 4097 minas,
1756 4044 1804 4088 et

174 4118 180 4123 '
222 4106 377 4159 sibila
416 4102 555 4158 colla
591 4113 879 4157 tumentem.
933 4103 1251 4171 Prudentius
1290 4103 1446 4169 igitur
1484 4114 1631 4157 recte
1667 4105 1805 4159 dixit

224 4177 363 4229 (ulla
393 4178 588 4244 fractus
615 4174 785 4244 sibila.
840 4174 893 4227 In
927 4174 1193 4243 plerisque
1224 4182 1307 4244 est
1339 4174 1529 4238 sibilat,
1559 4174 1719 4228 etiam
1747 4176 1802 4230 in

226 4243 498 4306 Fabricio,
527 4247 611 4297 cui
635 4243 849 4297 Teolius
878 4245 1098 4311 imputat
1122 4243 1313 4296 sibi/as.

294 4317 384 4372 9‘2.
418 4315 538 4368 Vat.
559 4314 626 4378 A,
652 4314 858 4383 palma;
881 4327 1034 4367 error
1055 4324 1135 4366 est
1156 4329 1251 4381 pro
1274 4314 1493 4380 plasma.
1522 4313 1716 4382 llymn.
1742 4316 1798 4379 5.

229 4401 373 4441 vers.
400 4386 524 4449 t85,
558 4382 769 4437 Plasma
801 4382 895 4436 Dei
921 4384 986 4437 de
1013 4383 1246 4437 homine.
1296 4384 1472 4447 Alex.,
1502 4383 1616 4438 Vat.
1644 4387 1711 4449 A,
1739 4386 1799 4449 Β,

232 4458 295 4519 P,
340 4456 517 4525 Prag.,
546 4454 765 4525 Weite.,
803 4454 916 4525 (iis.
948 4454 1014 4507 ad
1045 4469 1251 4525 marg.,
1283 4451 1450 4525 Sich.,
1496 4454 1798 4510 hortamine.

1982 2839 2070 2894 96.
2102 2836 2432 2894 Vocabulum
2466 2852 2755 2906 peccamen,
2788 2836 2929 2906 quod
2956 2836 3125 2893 Gildze
3152 2837 3487 2897 Vossius‘im.

1911 2920 2209 2978 putaverat,
2249 2922 2402 2962 aeneo
2443 2906 2639 2961 sarculo
2664 2922 2729 2978 ex
2782 2906 3069 2962 Prudentia
3113 2910 3487 2967 restituitCel~

1909 2977 2093 3034 larius.
2142 2979 2441 3048 Spiegclius
2500 2977 3084 3048 vinculaipristinarum
3138 2983 3487 3043 peccattiinum

1908 3051 2125 3120 exponit
2155 3047 2221 3104 de
2253 3047 2487 3120 peccaui
2510 3047 2780 3120 originali.
2820 3047 2932 3120 Sed
2975 3048 3257 3116 diligenter
3299 3064 3428 3105 cave
3455 3071 3486 3109 ει

1911 3116 2175 3186 laudibus,
2226 3116 2420 3188 quihus
2450 3117 2677 3188 Fabrum
2726 3125 2778 3171 et
2820 3116 3100 3188 Erasmum
3151 3121 3486 3188 prosequitur

1911 3192 2051 3245 circa
2081 3186 2322 3258 Apostoli
2359 3190 2532 3258 locum
2566 3186 2731 3255 Epist.
2766 3187 2831 3240 ad
2866 3187 3133 3241 ltomanos
3160 3203 3278 3256 cap.
3312 3186 3363 3254 ι),
3396 3192 3483 3255 12,

1910 3257 2180 3324 assert-ns,
2208 3257 2650 3327 expendendum,
2686 3272 2810 3310 num
2850 3267 3271 3313 consentaneum
3303 3262 3486 3323 fuerit.

1910 3332 2128 3385 Paulum
2160 3326 2338 3385 statim
2371 3330 2498 3383 illud
2529 3326 2840 3397 mysterium
2877 3328 3122 3397 gentibus
3150 3331 3358 3397 aperire
3389 3348 3487 3386 vo-

1910 3402 2094 3456 luisse.
2127 3398 2359 3455 Consule
2384 3401 2453 3453 cl.
2489 3396 2721 3453 Ber’tium
2756 3396 2848 3451 lib.
2883 3414 2975 3452 xm
3002 3400 3068 3453 de
3100 3396 3285 3454 Theol.
3317 3402 3485 3464 Disc.,

1908 3487 2026 3540 cap.
2054 3473 2105 3536 1,
2139 3471 2225 3525 ubi
2261 3470 2541 3524 Erasmum
2570 3479 2624 3524 et
2650 3469 2805 3523 Joan.
2835 3468 3205 3539 Phereponum
3250 3472 3406 3527 docte
3435 3486 3488 3529 et

1910 3556 2137 3596 nervose
2166 3540 2379 3595 refellit.
3298 3554 3301 3557 λ

1978 3612 2067 3669 97.
2111 3611 2269 3665 Fabr.
2321 3619 2375 3663 et
2422 3611 2611 3677 Bong.,
2642 3609 2775 3661 hunc
2821 3623 2918 3678 pro
2961 3620 3098 3662 tunc.
3130 3609 3185 3663 In
3234 3610 3387 3678 Egm.
3432 3626 3488 3666 et

1910 3680 2078 3735 Palat.
2119 3680 2276 3736 lectio
2303 3687 2387 3733 est
2413 3679 2695 3744 mendosa,
2726 3678 2825 3731 sub
2850 3694 2950 3747 qua
2985 3679 3182 3747 aliquid
3227 3682 3487 3737 reconditi

1911 3753 2074 3805 latere
2116 3751 2420 3817 sustiicalur
2456 3748 2735 3810 Heinsius,
2770 3747 2916 3800 Tunc
2946 3757 3114 3816 patres
3150 3752 3310 3801 sancti
3337 3767 3485 3818 quem

1908 3821 2089 3874 ultima
2115 3821 2337 3873 virorum
2364 3818 2610 3871 condidit.
2642 3818 2696 3871 lu
2723 3817 2961 3884 margine
2992 3818 3146 3872 lectio
3168 3817 3399 3887 vulgata.
3427 3821 3482 3874 lu

1908 3892 2013 3945 Alt.
2037 3932 2050 3949 .
2084 3890 2225 3944 Tunc
2273 3901 2440 3957 patres
2481 3889 2683 3953 sancti,
2727 3903 2851 3956 quos
2892 3888 3069 3957 ultima
3113 3904 3221 3957 sors
3263 3889 3485 3944 virorum

1908 3962 2155 4015 condidit.
2187 3963 2243 4015 tn
2280 3959 2395 4013 Vat.
2414 3958 2459 4024 Q
2487 3958 2598 4011 sola
2633 3958 2746 4011 haec
2777 3957 2953 4021 lectio,
2982 3956 3128 4011 Tunc
3150 3956 3333 4013 Patres
3359 3976 3483 4013 san-

1907 4033 1997 4098 cti,
2028 4047 2176 4101 quem
2199 4031 2383 4101 ultima
2412 4032 2635 4101 virorum
2662 4027 2910 4101 condidit.

1977 4098 2066 4157 98.
2094 4103 2249 4155 Brev.
2274 4099 2409 4153 Muz.
2444 4098 2692 4152 mendum
2723 4098 2853 4150 diem
2886 4098 2937 4151 in
2968 4106 3134 4152 textu.

1979 4171 2066 4227 99.
2099 4170 2259 4225 Fabr.
2292 4178 2347 4225 et
2387 4168 2523 4234 Gis.,
2552 4169 2731 4237 deque.
2779 4168 2919 4235 Lege
2950 4183 3067 4235 cap.
3102 4184 3244 4223 xxvtt
3292 4171 3483 4227 Matth.

1908 4256 2048 4296 vers.
2078 4241 2148 4295 52
2188 4252 2242 4295 et
2281 4241 2370 4296 5'5.
2403 4240 2567 4294 ltecte
2616 4238 2933 4292 Prudentius
2982 4239 3127 4292 tertio
3165 4239 3365 4294 demum
3404 4238 3487 4295 die

1909 4313 1959 4365 id
1987 4311 2245 4369 accidisse
2276 4321 2479 4374 narrat,
2507 4310 2646 4379 quod
2692 4324 2721 4361 a
2764 4308 2822 4363 S.
2855 4308 3105 4363 Mattltreo
3134 4310 3360 4365 relatum
3402 4325 3485 4367 est

1907 4398 2004 4452 per
2036 4382 2494 4449 anticipatiOuem,
2521 4391 2578 4433 ut
2615 4381 2936 4452 interpretes
2975 4391 3279 4452 exponunt;
3322 4383 3483 4450 quid-

1877 4449 2032 4521 -quid
2083 4460 2268 4507 contra
2315 4467 2434 4506 cum
2484 4465 2581 4504 suo
2630 4453 2852 4521 Erasmo
2897 4449 3194 4517 Spiegelius
3245 4449 3478 4521 asserat,

232 4525 376 4601 Ald._,
401 4520 588 4601 Faba,
620 4524 787 4601 Palat.
815 4522 881 4601 _ad
913 4538 1083 4601 oram,
1112 4520 1277 4578 Gi’sel.
1309 4524 1364 4601 iu
1393 4530 1561 4589 textu,
1588 4527 1798 4601 astutia,
1829 4541 1883 4601 ι)
1909 4520 2045 4578 hanc
2070 4523 2563 4601 interpretationem
2596 4520 2836 4600 nonnihil
2860 4533 2979 4573 esse
3010 4520 3294 4572 detortam.
3328 4520 3483 4584 Quod

230 4596 368 4666 quod
410 4596 614 4665 placuit
644 4592 884 4666 Heinsio,
916 4594 1004 4662 qui
1046 4607 1142 4662 pro
1170 4608 1230 4647 ea
1262 4594 1697 4666 scriptttra‘starc
1726 4598 1803 4651 ait

229 4664 345 4720 Put.
376 4664 427 4720 ct
460 4666 659 4726 Oxon.,
698 4671 752 4717 et
790 4664 967 4733 denuo
996 4678 1279 4717 occurrere
1309 4664 1621 4733 versipellem
1662 4675 1803 4719 astu-

232 4738 350 4789 tiam
371 4736 571 4806 Apoth.
596 4748 740 4788 vers.
765 4732 834 4787 38
857 4733 1061 4806 pruriat.
1093 4733 1237 4788 Idem
1270 4733 1397 4806 mihi
1426 4732 1652 4806 videtur,
1678 4737 1800 4804 quia

233 4821 404 4862 sermo
422 4802 508 4861 est
537 4804 605 4859 de
631 4811 900 4870 serpente.
933 4803 1046 4857 Non
1074 4812 1251 4859 tamen
1278 4802 1475 4858 damno
1495 4802 1799 4871 hortamine,

234 4877 367 4944 quod
390 4877 604 4930 videtur
627 4874 849 4947 verbum
875 4872 1315 4947 Prudentianum,
1335 4886 1527 4929 etcum
1549 4876 1802 4947 versipelli

237 4947 463 5001 indolem
495 4944 760 5014 serpentis
786 4944 918 4999 satis
940 4944 1197 4999 declarat.
1680 4944 1709 4961 "

298 5017 383 5071 95.
420 5016 539 5069 Vat.
573 5017 636 5079 A,
666 5014 845 5068 deluit.
878 5014 1015 5078 Gis.,
1048 5014 1231 5083 Fabr.,
1263 5024 1485 5084 recepta.

301 5088 387 5141 04.
423 5085 543 5140 Vat.
582 5086 652 5148 11,
688 5084 807 5138 Rat.
851 5099 882 5138 a
913 5086 1082 5153 prima
1125 5100 1318 5150 manu,
1357 5084 1585 5154 Hailsb.,
1622 5086 1803 5151 ϐαιά..

240 5153 430 5210 \Vidm.
468 5171 497 5209 a
540 5156 773 5209 secunda
818 5169 976 5208 manu
999 5195 1014 5221 ,
1044 5154 1288 5210 reddidit.
1324 5154 1542 5219 Verius,
1588 5156 1804 5211 dedidit.

240 5224 550 5294 Spiegelius,
578 5224 779 5278 obtulit.
1468 5238 1469 5241 ‘

304 5297 386 5351 95.
422 5297 478 5349 In
513 5295 672 5358 Aldo,
696 5300 1040 5363 mortuosque.
1074 5294 1351 5363 liepugnat
1383 5295 1558 5349 sensui
1584 5310 1645 5350 ea
1680 5310 1809 5349 cnn-

243 5364 430 5431 iunctio
460 5381 576 5434 que.
606 5366 760 5418 Brev.
807 5366 941 5418 Moz.
961 5405 975 5429 ,
1007 5364 1326 5435 sepultosque
1352 5405 1365 5428 ,
1412 5379 1595 5435 parum
1638 5375 1809 5420 metro

244 5435 778 5496 rah:eret.Jndicatur
799 5450 901 5488 una
925 5450 991 5489 ex
1019 5434 1194 5489 causis
1216 5434 1617 5490 resurrectionis
1633 5436 1809 5489 Domi-

246 5506 310 5567 ni,
339 5516 394 5559 ut
427 5506 674 5558 homines
695 5519 754 5559 se
779 5514 1174 5560 resurrecturos
1196 5517 1488 5572 sperarent.
1524 5505 1680 5559 Poeta
1715 5522 1809 5560 cx-

247 5574 423 5640 plicat,
476 5582 718 5628 mortuos
747 5575 877 5629 olim
913 5576 1152 5640 sepultos
1194 5585 1592 5629 resurrecturos
1623 5588 1809 5629 contra

247 5660 473 5699 errorem
513 5659 700 5698 eorum
730 5644 1107 5713 qui.putahant
1135 5654 1371 5699 mortuos
1412 5662 1513 5698 non
1554 5660 1649 5699 sua
1670 5688 1683 5709 ,
1714 5647 1807 5700 sed

247 5715 340 5768 alia
368 5729 595 5781 corpora
623 5728 741 5768 esse
763 5726 1147 5783 resumpturos.
1186 5715 1315 5771 Vide
1343 5727 1480 5769 vers‘.
1506 5730 1653 5785 seqq.

446 5809 711 5867 Ρλτιιοι..
796 5807 956 5867 LIX.

1905 4603 2082 4650 autem
2128 4590 2424 4662 ait’poeta,
2473 4600 2687 4645 sanctos
2734 4590 2822 4657 qui
2869 4601 3217 4662 surrexerunt
3266 4601 3480 4662 secutos

1906 4680 2026 4719 esse
2054 4659 2383 4719 conditorem
2410 4662 2686 4727 prmvium.
2716 4662 3033 4712 sententiam
3065 4659 3273 4711 illorum
3306 4660 3483 4713 innuit

1904 4735 1993 4804 qui
2019 4748 2206 4790 eorum
2237 4746 2459 4804 corpora
2490 4730 2629 4804 coelo
2662 4731 2867 4783 invecta
2898 4728 3057 4804 fuisse
3085 4728 3388 4804 opinantur,
3422 4741 3478 4804 ut

1905 4796 1978 4858 ila
2024 4804 2305 4868 Christus,
2335 4796 2603 4869 primitiae
2652 4796 3059 4869 resurgentium,
3090 4798 3385 4869 ascendens
3429 4801 3479 4853 in

1902 4875 2106 4939 altum,
2154 4866 2416 4940 captivam
2470 4870 2690 4924 duceret
2739 4867 3122 4936 captivitatem.
3166 4866 3297 4921 Aliis
3336 4868 3480 4924 aliud

1902 4942 2130 4998 videtur.

1981 5014 2103 5067 100.
2138 5011 2194 5066 In
2222 5011 2374 5066 Brev.
2404 5009 2538 5064 Moz.
2584 5023 2677 5077 pro
2702 5007 2875 5077 qttoire
2922 5006 3039 5074 lege
3068 5005 3239 5077 coire;
3265 5015 3317 5061 et
3345 5023 3485 5064 vers.

1912 5083 2034 5138 102.
2066 5083 2238 5138 retine
2263 5098 2328 5135 ex
2365 5073 2601 5147 margine
2630 5073 2901 5139 medullas,
2940 5073 3041 5130 non
3072 5073 3313 5147 medulla.

1983 5152 2104 5209 102.
2146 5153 2262 5207 Vat.
2297 5154 2361 5215 A,
2398 5145 2547 5218 Egni.
2570 5191 2584 5211 ,
2617 5148 2842 5213 Hailsb.,
2869 5156 2915 5201 et
2941 5162 3037 5217 pro
3062 5164 3143 5201 ac.
3176 5145 3338 5203 Weit.
3368 5164 3487 5206 cum

1910 5223 2025 5276 solo
2056 5223 2190 5277 Aldo
2220 5221 2407 5276 scribit
2437 5221 2673 5289 gluttino.

1986 5294 2109 5415 125ἱ
2148 5292 2294 5375 .Vide
2321 5286 2503 5363 hymni
2536 5292 2593 5345 11
2621 5303 2763 5343 vers.
2792 5286 2884 5354 48,
2915 5286 3287 5356 Hominemque
3314 5300 3487 5356 porta~

2060 5382 2091 5415 a
2115 5380 2176 5415 Π.

1908 5372 1981 5415 ret
2012 5366 2176 5418 Patri.

1984 5432 2109 5488 104.
2164 5434 2218 5487 In
2282 5431 2521 5488 editione
2560 5429 2837 5485 Parmensi
2901 5427 3262 5499 typographus
3312 5431 3487 5488 omisit

1915 5505 2029 5559 alti.
2064 5504 2152 5558 Sic
2182 5503 2323 5558 enim
2352 5502 2544 5570 legitur
2580 5520 2591 5553 :
2622 5501 2857 5554 Arduum
2887 5497 3111 5552 tribunal
3137 5500 3288 5552 victor
3315 5517 3488 5555 ascen.

1914 5576 1987 5627 dit
2015 5574 2203 5626 Putris.
2237 5572 2509 5628 Claudicat
2534 5586 2741 5626 versus.

1984 5644 2104 5699 105.
2142 5644 2288 5709 Rat.,
2323 5660 2428 5696 non
2459 5644 2613 5706 bene,
2647 5642 2865 5695 inditam
2887 5638 3030 5694 coelo.

1988 5719 2004 5769 1
2027 5715 2106 5769 10.
2132 5714 2276 5785 Rat.,
2302 5712 2573 5777 mendoso,
2598 5715 2745 5767 turba
2769 5720 3047 5781 martyrum
3070 5723 3098 5762 a
3124 5710 3289 5777 prima
3310 5724 3489 5771 mutu.

3060 5802 3138 5864 28
