3970 6326
210 1101 412 1182 pum
464 1083 572 1159 7%,:

321 1243 344 1258 κ

207 1269 318 1312 ιδ’)

209 1293 214 1325 ι
235 1293 262 1346 s

987 264 994 269 ⁵
1031 267 1058 276 -ο

515 323 620 384 875

1867 529 2023 584 tibus.

1693 565 1696 568 ~
1867 529 2023 584 tibus.

658 619 956 675 Fluminum
985 618 1196 689 lapsus,
1226 627 1279 674 et
1298 619 1451 674 undae
1470 660 1482 684 ,
1518 620 1753 676 littorum
1771 529 2093 690 crbpidines,

689 713 887 780 Imber,
918 719 1102 775 testus,
1136 712 1245 781 nix,
1279 713 1489 781 pruina,
1518 713 1672 777 silva,
1702 721 1756 767 et
1782 727 1932 779 aura,
1966 727 2093 782 nox,

1868 803 1999 857 idies

1868 817 2021 872 lates,

693 896 952 955 Omnibus
986 904 1037 951 te
1063 895 1443 950 concelebrent
1474 896 1790 950 smenlorum
1816 896 2042 950 sreculis.

516 991 677 1063 349
715 989 781 1044 Χ.
807 986 1082 1043 HYMNUS
1103 986 1300 1042 CIRCA
1325 985 1708 1053 EXSEQUIAS
1733 987 2092 1043 DEFUNCTI.

519 1072 563 1084 ,κ-

1625 321 1901 382 AURELII
1943 323 2308 383 PBUDBNTII
2348 321 2671 382 CARMINA.

691 435 831 491 Voce
879 433 1173 491 concordes
1223 433 1429 504 pudicis
1477 443 1817 506 perstrepant
1860 452 2092 494 concen-
2121 442 2169 501 Α

3680 321 3778 378 8Ἳῦ

2448 439 2560 494 Duo
2585 436 2674 509 qui
2705 435 2921 493 socians
2949 435 3236 504 elementa,

2451 527 2640 583 Vivum
2667 527 2847 594 simul,
2874 542 2937 583 ac
2961 527 3358 592 moribundum,

2453 615 2614 689 350
2645 617 2945 686 Hominem,
2978 617 3158 684 Pater,
3190 615 3464 688 efﬁgiasti.

2205 711 2236 764 5
2420 709 2533 765 Tua
2562 718 2707 776 sunt,
2735 717 2845 776 tua,
2879 717 3080 772 rector,
3113 717 3362 778 utraque,

2384 787 2389 795 '
2489 800 2608 856 Tibi
2631 799 2820 869 copula
2843 798 3085 869 jungitur
3116 799 3345 854 horum:

2493 895 2631 962 Tibi,
2657 894 2780 949 dum
2809 902 3050 963 vegetata
3071 894 3365 960 cohaerent,

2496 987 2562 1041 Et
2593 985 2839 1056 spiritus,
2870 992 2925 1039 et
2953 999 3079 1040 caro
3110 985 3291 1040 servit.

765 1081 926 1144 Deus,
954 1079 1108 1149 ignee
1133 1079 1250 1133 fons
1277 1079 1594 1142 animarum,
2386 1080 2627 1134 llescissa
2660 1077 2754 1133 sed
2786 1079 2884 1132 ista
2911 1089 3156 1132 seorsum

451 1234 484 1271 χ
509 1220 557 1248 ν
744 1269 768 1271 _
1545 1265 1572 1271 Δ
1780 1173 2104 1271 ρωδξιιι

2228 1173 2473 1229 TERES.

591 1272 714 1328 111.
743 1269 1109 1337 Perstrepunt,
1141 1277 1515 1333 personttnt.—
1537 1265 1924 1329 Concentibus,
1956 1267 2105 1318 simul
2285 1269 2337 1320 3.
2383 1265 2592 1337 Vivum,
2624 1273 2754 1337 etc.)
2787 1262 3033 1337 animum,
3065 1271 3111 1314 et
3139 1278 3341 1331 corpus,
3379 1263 3398 1316 Ι

521 1339 860 1404 cantantibus,
889 1339 928 1391 Ι.

592 1415 642 1468 1.
685 1411 859 1479 Ignee,
883 1425 1030 1478 quem
1059 1407 1224 1461 (ἓνωοὶ
1251 1418 1428 1460 vocant
1459 1423 1553 1478 pyr
1578 1422 1782 1462 noeron
1807 1409 1972 1476 ignem
1991 1424 2106 1460 sen-

521 1485 731 1544 sualem,
765 1481 804 1534 l.

589 1554 643 1606 2.
685 1551 924 1615 Socians,
963 1550 1258 1617 contingens
1289 1563 1492 1616 corpus,
1527 1559 1572 1602 et
1606 1552 1852 1615 animam,
1887 1548 2004 1600 Vat.
2037 1548 2101 1599 A.

2284 1339 2335 1389 4.
2383 1335 2660 1404 Elﬁgiasti,
2695 1334 2909 1402 tinxisti,
2943 1333 3046 1388 lso.

2283 1407 2334 1459 6.
2375 1405 2518 1469 Tibi,
2538 1422 2567 1457 (ι
2596 1413 2667 1469 te,
2699 1407 2799 1458 lso.

2285 1478 2337 1530 7.
2387 1477 2655 1544 Vegetata,
2688 1475 2946 1542 roborata,
2982 1474 3084 1529 lso.

1848 1655 2415 1712 COMMENTARIUS.

601 1757 718 1810 111.
771 1756 870 1819 lso,
923 1754 1134 1818 Amhr.,
1187 1753 1340 1815 Rat.,
1375 1751 1514 1804 Vatt.
1553 1753 1609 1814 Β,
1667 1753 1706 1816 l,

524 1826 667 1896 quod
684 1823 946 1881 Weitzius
975 1823 1175 1896 invenit
1206 1825 1256 1875 in
1282 1821 2100 1896 120111.,-11;111ς.,δνὶάιιινδιιιιιπι.

524 1893 691 1954 Aldus
739 1903 1071 1964 perstrepent.
1106 1893 1244 1946 Vatt.
1277 1894 1343 1960 A,
1375 1893 1436 1955 Ο,
1471 1893 1528 1958 l",
1571 1893 1638 1958 Q,
1683 1895 1856 1964 ligni.,
1885 1902 2103 1964 perstre-

525 1978 670 2038 pant.
697 1961 856 2038 Brev.
900 1966 1059 2028 Muz.,
1092 1971 1360 2038 corrupt»,
1403 1973 1704 2038 pestrepeut.
1743 1961 1877 2038 (iis,
1909 1961 2103 2017 Weitz.

524 2033 578 2094 et
614 2037 860 2093 Heinsius
889 2047 1008 2088 cum
1042 2034 1151 2089 suis
1179 2076 1191 2095 ,
1227 2044 1566 2101 perstrepant.
1599 2033 1710 2086 lloe
1754 2033 1952 2101 placet;
1985 2047 2105 2085 nam

526 2109 662 2164 infra
706 2106 1070 2161 concelebrent.
1118 2103 1389 2158 Sententia
1422 2105 1699 2170 desumpta
1728 2112 1810 2157 est
1849 2118 1916 2156 ex
1964 2104 2104 2170 psal-

525 2181 647 2243 mis,
681 2177 977 2247 praesertim
1005 2175 1209 2242 psalmo
1226 2187 1429 2247 _cxr.vn_t
1451 2191 1464 2226 :
1486 2173 1717 2226 Laudate
1751 2173 2018 2247 Dominum
2045 2176 2107 2247 de

525 2242 697 2311 caelis;
728 2256 860 2311 etc.,
898 2253 954 2298 et
985 2260 1049 2299 ex
1098 2243 1307 2296 cantico
1355 2244 1512 2295 trium
1557 2256 1843 2310 pueromm
1877 2242 2108 2296 lianielis

527 2334 601 2372 ιιι.
651 2318 733 2370 lso
773 2315 1090 2369 concentibus
1139 2327 1329 2366 nomen
1377 2312 1500 2366 fecit
1544 2313 1915 2380 participium,
1957 2313 2108 2381 quasi

527 2385 934 2442 concinentibus:
967 2397 1266 2452 perperam.

605 2457 726 2509 115.
760 2457 902 2518 Rat...
938 2450 1091 2522 Prag.
1121 2461 1174 2506 et
1203 2450 1430 2522 VVidm.,
1465 2465 1586 2503 arva
1624 2451 1800 2505 minus
1847 2454 1980 2506 bene
2012 2469 2106 2519 pro

530 2543 680 2580 aura.
732 2526 873 2580 Cave
912 2521 1072 2578 etiam
1116 2539 1143 2575 a
1195 2521 1430 2574 Giselino
1464 2537 1622 2585 aura,
1656 2522 1800 2574 silva.
1832 2523 1887 2576 ln
1919 2523 1941 2575 1
1977 2525 2106 2577 edit.

531 2597 818 2665 scripserat
848 2593 995 2665 silva,
1024 2603 1068 2646 et
1097 2609 1240 2645 aura.

603 2662 725 2725 114.
754 2666 810 2720 S.
858 2664 1216 2718 Damascenus
1263 2677 1382 2729 cap.
1419 2663 1440 2714 1
1478 2662 1598 2714 libri
1647 2662 1865 2717 secundi
1910 2664 2108 2718 Ortho-

533 2739 685 2792 doxze
723 2735 844 2790 fidei
881 2751 893 2786 :
928 2733 1076 2799 Quod
1107 2741 1276 2785 autent
1301 2733 1604 2785 steculorum
1633 2735 1821 2786 sa’cula
1850 2734 2106 2800 dicuntur,

530 2803 646 2861 ideo
675 2807 735 2875 ﬁt
763 2804 900 2876 quod
927 2813 1116 2874 septem
1145 2804 1299 2876 hujus
1323 2804 1498 2855 mundi
1522 2802 1713 2876 stecula
1739 2806 1898 2857 multa
1926 2804 2112 2859 sazcula

528 2895 614 2932 seu
644 2872 784 2930 vitas'
813 2872 1077 2929 hominum
1107 2872 1530 2942 complectuntur.
1575 2875 1738 2941 Atque
1776 2891 1930 2928 unum
1980 2875 2111 2928 illud

529 2948 769 3001 saxulum
799 2946 986 3001 sa’cula
1027 2945 1196 2996 omnia
1223 2941 1490 3011 complexu
1518 2961 1610 2997 suo
1643 2952 1772 2998 tenet
1798 2962 1814 2998 :
1843 2946 2111 3000 saeculum-

530 3035 622 3088 que
649 3019 824 3072 διεσαιὶ
849 3018 1033 3088 dicitur
1062 3029 1284 3088 prasens
1311 3013 1406 3065 hoc
1446 3025 1490 3066 et
1523 3015 1770 3083 futurum.
1806 3015 1877 3070 Ita
1908 3032 1972 3070 ex
1997 3015 2111 3071 edi—

531 3085 674 3145 tione
702 3089 924 3143 Joannis
957 3085 1214 3155 Lequien.

601 3159 809 3213 Titulus
859 3153 1062 3228 hymni'
1089 3165 1191 3228 cs_t,
1214 3169 1390 3228 quem
1410 3155 1666 3228 exhibent
1697 3153 2008 3228 Vatt.Aget
2050 3157 2110 3220 Β,

533 3230 679 3294 Rat.,
710 3228 852 3290 Put.,
879 3223 1107 3290 Thuan.,
1138 3225 1304 3279 Palat.
1331 3223 1518 3287 Aldus,
1547 3223 1610 3277 In
1633 3227 1878 3293 exsequiis
1906 3226 2112 3294 defunc-

532 3293 719 3351 torum.
755 3297 941 3361 Fabr.,
979 3296 1058 3346 Ad
1103 3296 1454 3363 defunctorum
1483 3295 1773 3358 exsequias.
1807 3293 2012 3358 Oxou.,
2059 3305 2113 3350 et

532 3367 786 3421 Ilottend.
834 3363 981 3419 Circa
1029 3365 1288 3432 exsequias
1335 3364 1706 3433 defunctorum.
1751 3364 1932 3431 Alex.,
1968 3364 2114 3419 Circa

533 3438 745 3506 requies.
781 3433 1230 3506 [luncihymnum
1262 3449 1381 3506 cum
1428 3433 1544 3506 aliis
1576 3435 1757 3506 paucis
1784 3447 2112 3490 commenta—

533 3502 668 3561 riolo
697 3505 985 3559 illustravit
1015 3502 1248 3558 Adamus
1277 3502 1592 3569 Theodorus
1622 3504 1866 3568 Siberus,
1894 3515 1947 3559 et
1979 3521 2113 3560 non-

536 3577 733 3631 nullam
764 3576 879 3646 ejus
904 3584 1106 3643 partem
1124 3574 1374 3646 exposuit
1398 3573 1645 3646 Barthius
1669 3574 1758 3628 lib.
1778 3591 1889 3640 xxi,
1911 3590 2030 3646 cap.
2054 3577 2109 3641 4,

533 3647 626 3713 qui
668 3643 809 3701 hunc
851 3645 1104 3716 hymnum
1135 3645 1295 3716 plane
1325 3643 1785 3716 divinum_vocat_;
1817 3654 1870 3700 et
1891 3643 2008 3715 cap.
2050 3646 2115 3702 10

535 3719 628 3773 lib.
663 3734 770 3772 xui
803 3713 1144 3772 Prudentium
1178 3715 1400 3769 laudans
1421 3716 1532 3786 ait:
1567 3713 1714 3769 Unde
1735 3714 1884 3786 longe
1911 3713 2116 3786 elegan-

534 3801 608 3844 ter
660 3787 995 3852 Prudentius,
1049 3787 1196 3856 cujus
1220 3785 1387 3850 verba,
1433 3785 1711 3856 imorlotus
1754 3785 1838 3842 ille
1891 3785 2116 3855 funebris

534 3861 751 3929 hymnus
781 3857 922 3912 nullo
949 3855 1440 3929 verborum_ambi_tu,
1471 3855 1611 3929 nulla
1638 3858 1785 3929 copia
1818 3858 2113 3929 eruditionis

534 3926 764 3983 enarrari
785 3930 908 3982 satis
935 3938 1162 3997 possunt.
1200 3926 1458 3981 Eumdem
1491 3927 1633 3979 hunc
1662 3927 1913 3997 hymnum
1941 3928 2115 3982 Crini-

534 4009 619 4052 tus
647 3997 936 4060 intellexit,
966 4013 1086 4052 cum
1115 3997 1272 4059 dixit,
1303 3997 1667 4051 commendari
1695 3997 1964 4052 Prudcnlii
1996 4014 2112 4052 car-

535 4068 678 4120 mina
703 4068 771 4121 de
800 4067 960 4120 natali
993 4067 1222 4128 Domini,
1255 4066 1328 4120 De
1354 4067 1620 4135 expiandis
1641 4069 1844 4129 animis,
1877 4079 1980 4122 etc.
2005 4069 2116 4122 Ali-

535 4151 653 4205 qua:
693 4135 1122 4207 stroplneuhujus
1174 4137 1356 4207 hymni
1399 4137 1643 4207 leguntur
1675 4138 1725 4189 in
1762 4138 1951 4207 Ofﬁcio
1982 4155 2111 4190 mor-

535 4203 741 4259 tuorum
768 4203 994 4276 Missalis
1019 4205 1356 4276 Mazarabici,
1389 4205 1518 4276 edit.
1552 4206 1586 4257 ‘2
1621 4221 1738 4274 pag.
1775 4203 1896 4272 HS),
1925 4223 2115 4276 nempe

537 4283 769 4344 quatuor
791 4275 996 4344 primm,
1022 4273 1358 4344 duodecima,
1385 4273 1774 4342 decimaquinta
1804 4287 1856 4331 et
1877 4277 1995 4330 duae
2032 4273 2115 4332 se-

536 4343 780 4413 quentes,
815 4343 1218 4413 quadragesima
1247 4353 1300 4396 et
1322 4343 1442 4397 όιιω
1493 4352 1796 4412 sequentes.
1833 4346 2116 4403 Lectiones

536 4412 806 4468 variantes
829 4412 950 4467 inde
966 4427 1331 4480 excerpemus.
2096 4468 2098 4470 τ

609 4485 662 4538 1.
705 4485 867 4539 Deum
887 4484 1087 4552 igneum
1107 4483 1604 4548 fontem‘animarum
1624 4492 1780 4538 vocat
1801 4485 2114 4541 Prudentius

541 4570 644 4610 non
676 4569 742 4610 eo
773 4568 930 4609 sensu
958 4566 1062 4622 quo
1087 4552 1285 4606 ethnici
1315 4553 1612 4621 philosophi
1644 4553 1808 4608 Deum
1838 4567 1890 4609 et
1911 4558 2114 4612 animas

539 4627 713 4691 ignem
761 4639 878 4680 esse
923 4623 1287 4688 afﬁrmabant;
1338 4627 1430 4678 sed
1475 4624 1652 4692 phrasi
1699 4628 1912 4692 propria
1952 4642 2115 4680 sacra:

537 4695 846 4767 scripturae,
872 4695 962 4767 ubi
988 4694 1124 4767 Deus
1146 4693 1628 4767 ignieomparatur,
1655 4696 1895 4767 habitare
1919 4697 1970 4748 in
1997 4699 2116 4764 igne

537 4764 753 4822 dicitur.
784 4767 928 4836 Idem
954 4766 1005 4818 in
1035 4764 1321 4836 Laurentio
1352 4778 1490 4818 vers.
1520 4764 1622 4822 395
1653 4783 1664 4817 :
1698 4765 1784 4821 Sic
1809 4767 1939 4836 ignis
1969 4776 2117 4820 atter-

535 4855 632 4891 nus
664 4837 817 4902 Deus,
855 4834 993 4906 Nam
1020 4835 1246 4889 Christus
1277 4835 1406 4906 ignis
1426 4851 1580 4906 aberas
1623 4845 1713 4890 est.
1744 4837 1811 4890 Et
1831 4834 2113 4891 'Dittoehtei

537 4907 852 4962 tetrasticho
874 4907 905 4962 8
932 4923 943 4958 :
979 4905 1112 4960 iouis
1137 4921 1185 4958 IN
1213 4905 1381 4960 anno:
1414 4905 1653 4959 Sentibus
1683 4907 1948 4960 involitans
1981 4909 2114 4962 Deus

537 4979 715 5046 igneus
753 4993 837 5048 ore
873 4991 1099 5030 corusco.
1131 4975 1400 5048 Malacliiaa
1437 4977 1567 5042 "1,2
1605 4996 1614 5028 :
1651 4976 1766 5048 Ipse
1805 4980 1940 5031 enim
1972 4981 2115 5047 quasi

539 5048 670 5112 ignis
691 5047 941 5115 conflatis,
967 5055 1011 5099 et
1028 5048 1172 5116 quasi
1193 5047 1345 5099 herba
1369 5047 1642 5116 fullonum.
1664 5047 1876 5102 Denter.
1907 5064 1978 5108 Iv,
2003 5050 2072 5103 24
2098 5067 2110 5101 ;

541 5117 676 5170 Deus
705 5114 819 5169 tuus
841 5116 974 5185 ignis
1003 5114 1298 5170 consumens
1325 5114 1420 5170 est.
1447 5114 1586 5171 Fons
1605 5119 1892 5171 animarum
1923 5118 2114 5173 dicitur

539 5187 704 5253 Deus,
733 5185 1002 5257 quia__fons
1033 5187 1284 5257 estvitae.
1321 5185 1450 5257 Vide
1482 5187 1732 5257 hymnum
1763 5188 1817 5253 4,
1853 5202 1991 5243 vers.
2027 5189 2110 5242 10.

539 5253 807 5311 Arnobius
837 5253 928 5308 lib.
960 5269 997 5308 ιι
1045 5255 1297 5328 adversus
1323 5255 1481 5311 Gent.
1520 5253 1547 5328 Ξῖ
1569 5258 1701 5322 Quia
1742 5276 1842 5312 uno
1873 5275 1934 5312 ex
1979 5264 2116 5328 fonte

539 5328 765 5380 omnium
791 5334 1019 5395 nostrum
1044 5325 1273 5395 deﬂuunt
1295 5331 1496 5381 animae.
1524 5327 1771 5383 Fortasse
1796 5325 2113 5384 Prudentius

541 5397 764 5462 rejicere
793 5394 1193 5450 voluitillorum
1217 5411 1453 5451 errorem
1484 5400 1570 5466 qui
1604 5400 1783 5453 nescio
1811 5414 1969 5466 quem
2001 5403 2113 5453 tono

540 5475 644 5518 tem
673 5469 970 5521 animarum
1002 5465 1290 5536 fingebant,
1335 5481 1400 5520 ex
1430 5465 1536 5536 quo
1567 5467 1706 5523 Dens
1748 5470 1953 5522 animas
1979 5471 2114 5523 edu-

542 5545 703 5598 ceret,
737 5552 841 5590 non
873 5545 981 5589 tum
1013 5542 1242 5604 crearet,
1274 5552 1392 5590 cum
1451 5539 1761 5604 corporibus
1792 5538 2114 5593 inlundcret.

544 5605 674 5675 Vide
702 5606 761 5661 S.
811 5606 1183 5675 Augustinum,
1217 5606 1307 5660 lib.
1354 5624 1383 5661 ιι
1417 5606 1483 5662 de
1522 5607 1715 5664 Genesi
1747 5609 1814 5663 ad
1860 5609 2112 5664 litteram.

543 5673 734 5747 Monet
769 5673 1032 5747 Barthius,
1091 5678 1214 5732 huic
1264 5678 1460 5747 hymno
1511 5680 1768 5746 capiendo
1817 5680 2112 5734 doctrinam

545 5742 894 5797 Christianam
921 5744 986 5798 de
1033 5747 1207 5799 anima
1255 5742 1599 5803 hauriendam
1627 5763 1745 5804 esse
1785 5765 1816 5803 c
1864 5750 2112 5817 peculiari

2137 3113 2186 3175 C

1791 1761 2102 1820 erstrepunt,
2136 1755 2183 1813 B
2210 1750 2391 1805 libello
2420 1747 2666 1820 Gregorii
2697 1747 3084 1820 Thaumaturgi
3117 1748 3183 1802 de
3214 1763 3297 1820 ea,
3320 1762 3360 1820 Ae
3392 1747 3622 1803 Nemesii
3654 1763 3792 1803 coru-

2211 1821 2477 1874 mcntario
2507 1821 2575 1873 de
2606 1818 2843 1882 homine,
2874 1827 2926 1873 et
2952 1818 3179 1874 alierum
3214 1818 3385 1872 libris.

2278 1891 2332 1943 2.
2374 1890 2491 1958 Quo
2507 1903 2667 1944 sensu
2685 1888 2929 1943 elementa
2941 1890 3008 1944 de
3021 1902 3247 1952 corpore
3261 1896 3313 1941 et
3335 1889 3512 1942 anima
3532 1888 3790 1952 dicantur,

2210 1961 2318 2015 dixi
2344 1961 2545 2030 proleg.
2574 1974 2719 2015 num.
2746 1959 2868 2015 169.
2895 1959 3160 2030 Principia
3182 1959 3437 2028 intelligo.
3465 1959 3790 2023 Brev.Moz.,

2211 2036 2397 2094 socias,
2428 2030 2585 2084 male.
2604 2078 2608 2081 .

2281 2102 2330 2154 5.
2379 2101 2597 2165 Wcitz.,
2619 2095 2800 2164 Cold.,
2831 2101 3024 2156 Widm.
3051 2117 3078 2153 a
3107 2101 3276 2168 prima
3300 2115 3482 2153 manu.
3506 2099 3648 2153 Vati.
3670 2101 3727 2163 Β,
3755 2101 3791 2162 1,

2212 2174 2276 2237 O,
2312 2173 2490 2242 Prag.,
2515 2172 2636 2226 Rat.
2664 2172 2904 2237 vividum,
2935 2171 3075 2242 quod
3106 2172 3300 2224 bonam
3324 2179 3528 2237 partem
3556 2172 3793 2225 codicum

2212 2243 2410 2298 habere
2424 2241 2630 2296 asserit
2653 2242 2922 2309 Barthius,
2953 2241 3045 2296 sed
3071 2251 3276 2304 crasse,
3309 2247 3361 2293 et
3386 2248 3572 2295 contra
3609 2243 3796 2294 carmi-

2214 2314 2294 2366 nis
2323 2315 2514 2383 legem.
2551 2311 2678 2365 Vide
2719 2312 2920 2382 proleg.
2971 2327 3118 2366 num.
3150 2311 3274 2366 250.
3332 2310 3476 2383 Rat._,
3513 2311 3793 2364 morbidum

2214 2393 2309 2451 pro
2331 2381 2710 2446 moribundum,
2735 2381 2892 2436 male.
2923 2383 3032 2436 Hoc
3056 2383 3172 2436 loco
3190 2384 3326 2434 vivus
3341 2393 3422 2435 εει
3457 2381 3792 2445 immortalis,

2214 2454 2546 2506 moribundus
2572 2453 2831 2507 mortalis.
2855 2453 2943 2507 Sic
2966 2455 3104 2505 vivus
3126 2453 3263 2506 Deus
3289 2453 3338 2505 in
3364 2451 3528 2505 sacris
3563 2451 3794 2506 Litteris.

2215 2524 2279 2576 Et
2308 2523 2496 2578 eodem
2528 2525 2641 2577 fere
2670 2529 2830 2577 sensu
2853 2521 3125 2592 Virgilius,
3148 2522 3387 2592 Ovidius,
3413 2531 3467 2592 et
3491 2521 3618 2574 alii:
3644 2520 3797 2575 Mori-

2215 2593 2439 2646 bundnm
2491 2609 2586 2661 pro
2630 2593 2834 2647 caduco
2886 2591 2978 2646 seu
3035 2592 3245 2646 mortali
3277 2591 3532 2660 Virgilius
3587 2592 3681 2644 lib.
3727 2609 3794 2656 vi,

2213 2679 2355 2718 vers.
2389 2663 2493 2717 732
2525 2682 2536 2715 :
2569 2663 2874 2732 Terrenique
2917 2663 3148 2717 hebetant
3186 2672 3348 2726 artus,
3398 2662 3798 2731 moribundaque

2215 2735 2457 2787 membra.
2490 2732 2679 2788 Cicero
2704 2745 2758 2788 et
2784 2734 2871 2786 alii
2903 2733 3263 2786 moribundum
3294 2747 3393 2798 pro
3422 2733 3584 2784 morti
3620 2735 3794 2798 prosi-

2215 2817 2307 2858 mo
2331 2805 2617 2872 accipiunt.
2643 2805 2798 2858 Brev.
2824 2802 2956 2856 Moz.
2985 2803 3123 2858 male
3143 2802 3420 2872 distinguit
3440 2801 3795 2855 moribundum

2222 2873 2509 2944 Hominem,
2544 2883 2687 2944 pater
2715 2873 2964 2943 efﬁgiasti.

2285 2945 2340 2999 4.
2386 2941 2638 3015 Είβθὶηνε
2680 2941 3032 3015 estformarc
3073 2942 3138 2996 ad
3178 2941 3485 3009 imaginem.
3531 2941 3613 3015 1·ξο
3644 2943 3800 2997 verbo

2219 3011 2443 3069 utuntur
2459 3011 2740 3084 ’A'puleius,
2770 3013 3040 3074 Sidonius,
3085 3023 3136 3066 et
3168 3027 3311 3084 saepe
3339 3021 3522 3084 noster
3549 3011 3795 3084 Prudern

2221 3088 2343 3149 tius,
2375 3082 2523 3150 quod
2543 3084 2815 3153 eleganter
2843 3085 3083 3154 usurpari
3124 3084 3198 3136 ait
3243 3082 3512 3142 Barthius,
3544 3086 3702 3152 quasi
3740 3083 3801 3137 ad

2217 3155 2498 3209 artificium
2530 3169 2820 3223 curarnqne
2847 3164 2999 3221 poeta
3031 3157 3346 3221 respexerit.

2289 3228 2342 3280 5.
2382 3227 2490 3278 Cur
2517 3242 2547 3277 a
2580 3227 2632 3277 in
2663 3221 2871 3294 utraque
2901 3225 3247 3293 producatur,
3279 3221 3547 3294 rationem
3597 3223 3798 3294 reddidi

2219 3296 2271 3349 in
2303 3295 2504 3364 proleg.
2535 3292 2805 3350 Ciselinus
2853 3292 2915 3347 in
2954 3294 3220 3364 nonnullis
3254 3292 3398 3362 Vulg.
3435 3293 3646 3364 invenit
3694 3293 3798 3345 Tua

2217 3363 2353 3430 sunt,
2384 3375 2470 3418 tua
2491 3375 2627 3418 recta
2649 3375 2882 3433 utraque,
2909 3375 3093 3419 contra
3121 3363 3278 3418 [idem
3300 3377 3430 3417 mss.
3452 3363 3616 3417 codd.
3645 3364 3796 3427 Deus,

2216 3435 2306 3505 qui
2334 3444 2416 3505 est
2442 3438 2578 3502 fons,
2612 3437 2724 3503 ipse
2747 3444 2829 3505 est
2852 3445 3050 3505 rector.

2289 3505 2340 3560 6.
2374 3502 2552 3559 Placet
2579 3502 2792 3558 Barthio
2809 3506 2985 3574 glossa
3015 3504 3204 3562 lsonis,
3231 3518 3404 3574 neque
3421 3505 3546 3558 mihi
3583 3518 3798 3572 prorsus

2217 3575 2480 3644 displicet.
2511 3576 2617 3630 Sed
2651 3571 2846 3644 poterit
2867 3576 3026 3628 etiam
3058 3575 3278 3642 intelligi
3303 3571 3422 3644 linis
3449 3576 3500 3629 in
3532 3571 3669 3628 v'Oee
3695 3575 3798 3635 tibi,

2219 3656 2275 3698 nt
2304 3643 2479 3700 Statim
2504 3646 2592 3698 tibi
2613 3648 2735 3698 dum
2752 3655 2980 3714 vegetata
3007 3646 3280 3698 coluerent.
3305 3643 3394 3697 Sic
3420 3646 3470 3698 in
3493 3644 3686 3699 Ollicio
3712 3644 3798 3696 dc-

2220 3715 2519 3786 l'unctorum
2557 3716 2759 3786 Regem,
2794 3717 2873 3768 cui
2905 3717 3074 3768 omnia
3102 3717 3292 3777 vivunt,
3324 3723 3430 3768 etc.
3465 3715 3631 3786 Addit
3676 3715 3800 3786 Bar-

2219 3785 2386 3851 thius,
2419 3787 2522 3840 huc
2549 3785 2764 3842 trahere
2785 3786 3014 3854 aliquem
3048 3801 3202 3853 posse
3232 3786 3562 3837 entelechiatn
3591 3785 3796 3838 Aristu-

2221 3857 2355 3922 lelis,
2384 3857 2451 3911 de
2481 3872 2581 3926 qua
2631 3856 2923 3910 Nemesius.
2975 3855 3185 3911 Clarius
3237 3855 3429 3923 aliquis
3466 3855 3532 3908 de
3580 3856 3799 3915 unione.

2219 3942 2311 3980 seu
2341 3926 2638 3980 admirabili
2673 3927 2758 3980 illa
2789 3927 3167 3993 coajunctione
3212 3936 3264 3980 et
3309 3926 3639 3980 commercio
3685 3940 3803 3978 eor-

2219 3997 2364 4064 poris
2391 4006 2444 4058 et
2473 3997 2633 4051 animi
2665 3997 2837 4050 locum
2869 3996 3007 4050 hunc
3031 3996 3301 4065 intelliget.

2290 4067 2343 4119 8.
2387 4067 2651 4121 Giselinus
2682 4067 2882 4122 Manilii
2926 4064 3217 4134 exemplar
3249 4078 3466 4120 secutus
3496 4064 3799 4120 emendavit

2220 4139 2432 4191 Animus
2476 4139 2649 4205 simul,
2684 4148 2729 4190 et
2759 4151 2877 4189 caro
2911 4138 3047 4190 vivit.
3091 4136 3341 4190 Barthius
3386 4136 3670 4188 assentitur
3696 4176 3709 4196 ,
3742 4144 3799 4188 et

2219 4207 2443 4261 barbare
2489 4209 2620 4260 alios
2651 4208 2811 4260 edere
2853 4207 3059 4272 spiritus
3113 4207 3362 4258 aliirmat.
3397 4206 3522 4259 Vide
3565 4218 3706 4258 vers.
3739 4207 3798 4259 3.

2221 4279 2406 4342 Aldus,
2442 4277 2630 4332 Weilz.
2658 4285 2713 4331 ei.
2738 4276 2826 4329 alii
2860 4279 3041 4346 legunt
3069 4277 3298 4346 spiritus.
3335 4276 3575 4330 Heinsius
3603 4275 3661 4329 in
3686 4275 3801 4328 suis

2220 4349 2596 4402 vetustioribus
2625 4346 2821 4414 reperit
2853 4345 2917 4399 Et
2947 4345 3177 4416 spiritus,
3209 4358 3253 4400 et
3284 4363 3404 4398 caro
3449 4349 3592 4399 sentit
3619 4387 3637 4411 ,
3662 4346 3805 4414 quod

2140 4448 2196 4508 Β
2223 4419 2414 4508 pla‘cet,
2457 4420 2577 4508 quia
2616 4426 2788 4508 tut-iro
2818 4417 3083 4497 congruit,
3129 4427 3187 4497 et
3217 4428 3411 4508 ‘exstat
3444 4418 3519 4508 iun
3545 4418 3702 4508 AIIe'x‘.
3744 4427 3806 4508 Iet

2226 4485 2378 4552 Url).,
2409 4488 2504 4541 sed
2532 4489 2584 4541 in
2616 4487 2716 4540 hoc
2744 4488 2856 4538 vivit
2884 4502 2980 4554 pro
3009 4490 3177 4540 servit.
3217 4486 3356 4540 Vatt.
3383 4490 3448 4549 A,
3482 4486 3541 4548 Β,
3575 4485 3621 4551 l,
3651 4487 3717 4550 Ο,
3743 4488 3798 4549 1³,

2220 4559 2284 4624 ρ,
2319 4558 2543 4625 Spiritus
2564 4558 2736 4617 simul,
2761 4567 2807 4609 et
2833 4573 2952 4609 caro
2975 4559 3144 4623 servit,
3173 4572 3291 4610 cum
3318 4559 3473 4610 Brev.
3505 4558 3647 4611 Moz.
3681 4559 3807 4610 l’ru-

2219 4629 2430 4682 dentius
2461 4628 2580 4682 aliis
2629 4631 2677 4680 in
2712 4628 2840 4680 locis
2871 4627 3098 4694 primum
3145 4629 3159 4679 i
3195 4629 3246 4679 in
3288 4629 3499 4693 spiritus
3532 4627 3803 4692 produxit,

2219 4701 2456 4767 adeoque
2490 4698 2776 4765 rejicienda
2806 4707 2898 4767 est
2937 4697 3096 4750 lectio
3128 4698 3354 4764 Spiritus
3381 4699 3556 4759 simul,
3598 4707 3650 4749 et
3691 4713 3808 4750 caro

2218 4766 2390 4832 servit,
2417 4769 2504 4821 ubi
2537 4769 2841 4836 corripitur.
2876 4766 3142 4820 Cauchius
3168 4767 3489 4834 eoujiriebat
3520 4768 3682 4833 ﬂatus
3716 4783 3808 4835 pro

2219 4839 2438 4891 animus.
2472 4840 2524 4890 In
2562 4839 2851 4901 llvmnario
2881 4836 2920 4889 V
2945 4838 3216 4891 Thomasii
3237 4878 3250 4901 ,
3285 4837 3521 4906 Spiritus
3546 4838 3735 4904 simul,
3767 4850 3811 4891 et

2219 4924 2335 4960 caro
2385 4911 2552 4961 servit.
2589 4907 2706 4961 Vat.
2759 4908 2824 4972 A,
2881 4907 3059 4975 Prag.,
3111 4907 3312 4960 Widm.
3363 4922 3557 4975 supra,
3616 4909 3808 4966 l’alat.,

2217 4980 2410 5058 Bong.,
2444 4979 2616 5043 Sich.,
2644 4979 2792 5030 servit
2822 4993 2916 5045 pro
2953 4979 3088 5042 vivit,
3120 4978 3259 5046 quod
3291 4979 3449 5031 estin
3478 4977 3597 5031 aliis
3647 4979 3810 5047 pluri-

2219 5063 2340 5103 mis.

2289 5120 2342 5173 9.
2383 5119 2579 5172 Versus
2609 5127 2894 5186 sequentes
2924 5116 3131 5172 edimus
3160 5131 3224 5171 eo
3249 5115 3439 5172 ordine
3465 5132 3568 5187 quo
3602 5128 3736 5174 sunt
3761 5120 3809 5172 in

2182 5191 2188 5198 '
2219 5189 2358 5241 Vati.
2387 5191 2449 5255 A,
2475 5189 2539 5252 ρ,
2567 5187 2710 5251 Ald.,
2744 5188 2880 5250 Gis.,
2906 5187 3060 5240 Alex.
3089 5187 3142 5240 In
3168 5187 3405 5256 margine
3428 5188 3543 5240 Vat.
3570 5189 3618 5241 Α
3647 5199 3770 5243 nota
3797 5207 3808 5239 :

2220 5259 2318 5312 Alii
2349 5259 2464 5312 libri
2494 5258 2677 5311 habent
2709 5275 2726 5311 :
2761 5256 2998 5327 Resoluta
3039 5259 3249 5310 sed-ista
3285 5273 3515 5311 seorsum
3561 5257 3809 5327 Proprias

2217 5338 2516 5381 revocantur
2544 5329 2596 5382 in
2630 5339 2769 5382 ortus
2804 5327 2934 5382 Petit
2964 5326 3155 5380 halitus
3195 5344 3310 5381 aere
3353 5329 3567 5396 fervens,
3601 5326 3810 5382 [Iunius

2218 5399 2401 5465 excipit
2428 5415 2541 5453 aere
2569 5414 2769 5468 corpus.
2808 5398 2940 5464 Quia
2962 5406 3172 5468 cuncta.
3204 5407 3323 5468 etc.
3345 5399 3448 5452 Pro
3472 5415 3595 5468 aere
3628 5402 3812 5468 legen-

2219 5471 2342 5522 dum
2373 5485 2493 5522 aera
2525 5471 2575 5522 in
2604 5485 2762 5523 versu
2794 5467 2926 5522 Petit
2950 5467 3137 5521 halitus
3165 5485 3282 5522 aera
3301 5467 3533 5536 fervent:
3573 5471 3626 5523 in
3656 5484 3811 5524 versu

2219 5554 2333 5608 seq.
2365 5539 2558 5594 ibidem
2584 5548 2796 5594 notatur
2818 5539 3033 5592 diversa
3058 5538 3235 5604 lectio,
3264 5554 3382 5608 quas
3405 5554 3530 5594 vera
3556 5551 3641 5594 est
3662 5541 3811 5593 arida

2220 5624 2317 5676 pro
2343 5625 2479 5663 aere.
2518 5610 2631 5664 Vat.
2668 5610 2726 5674 P,
2758 5619 2814 5664 ut
2839 5609 3126 5674 edidimus,
3160 5608 3254 5664 sed
3285 5609 3349 5663 ad
3379 5625 3532 5663 oram
3568 5628 3580 5663 :
3619 5611 3727 5664 Atii
3751 5611 3810 5662 li-

2221 5681 2293 5732 bri
2317 5681 2500 5734 habent
2527 5699 2539 5733 :
2576 5681 2817 5734 Resoluta
2839 5681 2927 5732 sed
2945 5681 3040 5732 ista
3067 5689 3440 5749 seorsum,etc.
3476 5681 3618 5734 Etad
3637 5695 3808 5745 marg.

2219 5754 2451 5818 strOpha:
2481 5751 2612 5815 Quia
2633 5760 2812 5804 (tincta
2838 5766 2931 5818 pro
2953 5750 3062 5804 div.
3092 5750 3336 5816 lectione,
3360 5751 3448 5805 Sic
3469 5759 3674 5806 cuncta.
3705 5760 3811 5802 etc.
