3970 6326
162 408 233 460 lt)
632 392 859 455 Solvunt
888 399 1191 465 hominem,
1226 403 1594 472 perimuntque
1619 421 1630 456 :

452 494 652 545 Ilumus
681 490 879 557 excipit
906 489 1054 544 arida
1084 505 1298 560 corpus,

450 582 656 638 Anima:
686 580 830 650 rapit
858 595 986 634 aura
1016 581 1295 651 liquorem.

390 675 525 740 Quia
552 680 743 728 cuncta
773 680 952 726 creata
988 686 1208 729 necesse
1237 684 1317 727 est

455 764 737 820 Labefacta
764 776 1049 818 senescere
1078 764 1292 819 tandem
1317 804 1330 828 ,

174 862 240 912 1.3
463 857 857 924 Compactaque
883 852 1191 918 dissociari,

458 947 522 1001 Et
549 945 763 1000 dissona
795 952 939 1000 texta
980 945 1169 1000 retexi.

926 284 1457 342 CATHEMERINON
1497 284 1561 339 Χ.
1597 284 1795 339 CIRCA
1840 284 2223 352 EXSEQUIAS
2267 283 2623 341 DEFUNCTI.

1780 405 1835 464 Α

3328 278 3457 351 873‘

1892 404 2051 475 352
2093 404 2239 458 llanc
2271 412 2323 457 tu
2344 443 2357 465 ,
2394 402 2532 456 Deus
2561 403 2783 469 optime,
2818 408 3044 457 mortem

2141 493 2371 548 Famulis
2402 493 2619 546 abolere
2650 500 2886 560 paratus,

2143 587 2243 640 Iter
2272 585 2585 640 inviolabile
2618 592 2908 647 monstras,

1859 678 1928 731 20
2148 680 2265 742 Quo
2292 675 2493 744 perdita
2520 675 2757 729 membra
2786 683 3081 743 resurgant.

2083 768 2181 833 Ut,
2206 768 2332 822 dum
2360 781 2617 835 generosa
2648 768 2884 831 caducis,
2970 783 2979 791 ·

2150 858 2259 914 Ceu
2290 873 2505 913 carcere
2526 860 2727 924 clausa,
2766 858 3013 927 ligantur,

2154 948 2284 1003 Pars
2313 949 2403 1003 illa
2438 950 2708 1019 potentior
2729 957 2907 1004 exstet
2927 988 2943 1011 ,

1458 1036 1744 1093 GLOSS/E
1788 1040 2122 1097 VETERES.

245 1136 334 1190 12.
375 1135 656 1201 Liquorem
676 1171 691 1195 ,
721 1131 1065 1201 serenitatem,
1104 1129 1144 1184 Ι.

251 1206 338 1259 15.
375 1200 686 1271 Compaeta,
715 1203 1014 1271 conjuncta,
1040 1200 1081 1253 1.

254 1275 339 1330 16.
376 1270 598 1338 Retexi,
631 1272 870 1335 dissolvi,
896 1270 933 1323 l.
968 1270 1195 1335 Resolvi,
1230 1270 1345 1324 Vat.
1372 1270 1436 1325 A.

248 1347 339 1401 19.
374 1346 661 1409 Monstras,
693 1343 1014 1405 monstrasti,
1040 1340 1079 1393 1.

1930 1136 2020 1189 21.
2053 1136 2347 1198 Generosa,
2377 1134 2568 1189 nobilia
2595 1134 2798 1187 animaa.
2820 1164 2888 1175 —
2910 1132 3157 1198 Caducis,
3192 1134 3444 1202 corporis,

1869 1209 1920 1259 in
1955 1208 2211 1270 membris,
2240 1206 2342 1261 lso.

1932 1277 2023 1331 22.
2054 1277 2302 1343 Carcere,
2338 1277 2388 1330 in
2420 1292 2595 1340 carne,
2629 1276 2731 1329 lso.

1440 1488 1443 1489 ,
1510 1430 2061 1486 COMMENTARIUS.

178 1532 300 1583 Vat.
335 1528 379 1582 Ο
410 1546 423 1579 :
462 1527 693 1579 Rescissa
729 1525 819 1578 sed
869 1526 968 1577 ista
997 1523 1235 1593 dearsum
1266 1524 1455 1593 (supra
1499 1527 1764 1592 seorsum)

178 1601 433 1669 Proprias
462 1606 762 1669 revocantur
782 1597 835 1647 in
857 1602 1036 1669 artus,
1064 1592 1197 1647 Petit
1220 1592 1409 1669 halitus
1440 1593 1629 1647 (ethera
1659 1596 1791 1669 [erg

178 1662 306 1724 cens
324 1714 337 1735 ,
383 1669 598 1721 Solvunt
625 1666 897 1729 hominem,
929 1666 1299 1735 perimuntque,
1336 1662 1534 1735 "uinus
1581 1667 1766 1731 excipit

177 1732 335 1795 arida
360 1755 562 1808 corpus,
596 1738 791 1808 Animte
819 1732 953 1808 rapit
979 1752 1107 1787 aura
1138 1732 1404 1808 liquorem,
1436 1732 1630 1808 Cuncta
1660 1752 1771 1789 cre-

176 1821 267 1865 ata
321 1804 521 1862 necesse
567 1818 636 1859 est
670 1806 944 1872 Labefacta
974 1820 1225 1857 senescere
1272 1807 1495 1875 tandem,
1527 1804 1771 1875 Campac-

182 1893 341 1948 tuque
371 1879 655 1944 dissociari,
689 1876 752 1928 Et
781 1878 987 1948 dissona
1016 1884 1147 1948 texta
1176 1875 1296 1948 texi,
1330 1873 1535 1927 Obitum
1557 1873 1771 1948 tolerare

176 1944 501 2019 supremum,
538 1947 615 2019 Uti
634 1948 827 2019 semina
848 1945 1149 2019 Adissaciata,
1187 1944 1296 2019 Sibi
1326 1956 1492 1997 sumat
1520 1946 1769 2019 origa_re-

176 2014 410 2076 sorbens.
446 2018 562 2071 Vat.
594 2018 635 2070 Β
661 2018 738 2071 sic
764 2017 923 2084 legit:
957 2015 1137 2068 Recisa
1165 2014 1253 2068 sed
1274 2016 1371 2067 ista
1390 2032 1616 2068 seorsum
1648 2015 1771 2069 Pro.

178 2094 323 2159 prios
348 2097 646 2141 revocantur
675 2088 727 2159 in
754 2094 917 2159 artus,
954 2084 1087 2137 Petit
1102 2084 1307 2159 balitus
1333 2085 1521 2137 tet/tera
1548 2086 1766 2153 fervens,

179 2156 391 2214 "unus
423 2160 605 2228 excipit
654 2156 798 2209 arida
825 2172 1030 2223 corpus,
1068 2156 1141 2207 sic
1170 2166 1349 2228 cuncta
1376 2166 1553 2228 creata,
1574 2172 1772 2228 necesse

173 2242 251 2284 est
283 2232 496 2283 Obitum
535 2224 765 2281 tolerare
804 2242 1117 2293 supremum,
1178 2224 1243 2278 Ut
1282 2227 1475 2277 semina
1502 2226 1771 2279 dissociata

177 2304 400 2354 Sibimet
430 2307 595 2351 sumat
625 2298 769 2365 origo
797 2296 1058 2349 resorbens
1105 2296 1351 2349 Resoluta
1379 2296 1467 2365 sed
1497 2296 1594 2349 ista
1624 2313 1766 2348 sear-

178 2388 295 2423 sun;
324 2412 337 2433 ,
373 2369 589 2424 Solrunt
620 2364 870 2419 hominem
893 2407 905 2427 ,
936 2367 1283 2434 perimuntque
1308 2408 1321 2431 ,
1359 2364 1557 2419 llumus
1586 2368 1771 2432 excipit

179 2443 337 2494 arida
364 2455 549 2508 corpus
603 2438 799 2490 Anima:
843 2438 973 2506 rapit
1003 2452 1131 2488 aura
1176 2435 1442 2508 liquorem.
1465 2436 1612 2508 Quia
1642 2451 1785 2508 cun-,

180 2523 286 2575 cta,
332 2506 545 2566 etc.'lta
577 2508 738 2563 etiam
770 2507 916 2571 Rat.,
957 2515 1010 2560 et
1032 2546 1046 2570 ,
1077 2514 1135 2558 ut
1166 2512 1326 2572 pu‘to,
1360 2506 1608 2560 Ambrbs.
1642 2506 1770 2571 Quin

178 2574 386 2636 melius
415 2588 541 2633 sunt
588 2578 791 2646 digesta
834 2590 992 2645 quam
1017 2576 1070 2628 in
1106 2574 1222 2628 Vat.
1252 2578 1295 2627 υ
1324 2585 1377 2628 et
1406 2575 1727 2629 correctiora
1756 2594 1767 2629 :

178 2668 306 2705 nam
337 2653 391 2704 in
419 2651 541 2703 Vat.
563 2646 607 2700 Ο
636 2646 883 2701 mendum
921 2655 1002 2699 est
1042 2654 1223 2697 cuncta
1259 2660 1356 2713 pro
1396 2646 1517 2712 quia
1554 2656 1771 2712 cuncta,

177 2733 239 2777 et
272 2722 381 2774 tetri
407 2733 503 2788 pro
548 2718 726 2771 retexi.
749 2716 921 2788 Aliter
950 2715 1069 2788 Ppt.
1116 2724 1235 2788 post
1263 2730 1474 2788 Versum
1510 2714 1573 2766 Et
1611 2717 1767 2782 spiri-

180 2804 289 2855 ειη,
332 2800 383 2844 et
408 2784 545 2843 'caro
591 2788 739 2841 servit
784 2787 927 2841 illico
975 2784 1217 2855 Resoluta
1261 2786 1351 2837 sed
1398 2786 1497 2837 ista
1546 2802 1773 2839 seorsum

182 2854 444 2930 Praprias
484 2866 786 2930 revocantur
816 2857 868 2908 in
901 2864 1062 2930 artus,
1107 2854 1241 2908 Petit
1273 2855 1477 2930 _It_alitus
1520 2872 1639 2909 aera
1670 2857 1772 2924 fer-

180 2925 329 3000 rens,
372 2930 571 2984 [lamus
608 2928 793 2994 excipit
836 2927 983 3000 arida
1022 2941 1226 2992 corpus.
1262 2925 1574 3000 Sic_cuncta
1602 2935 1773 3000 rreata

183 2994 401 3057 necesse
432 3009 507 3053 est
536 3000 743 3051 Obitutn
772 2998 989 3050 tolerare
1016 3011 1328 3063 supremum,
1358 2994 1423 3047 Ut
1454 2997 1644 3049 semina
1667 2998 1770 3049 dis-

178 3074 387 3127 sociata
432 3071 543 3124 Sibi
571 3078 762 3122 osumat
802 3069 948 3138 origo
973 3067 1276 3138 resorbens.
1312 3064 1456 3138 Hanc
1503 3076 1586 3138 tu,
1636 3066 1773 3119 Deus

181 3145 403 3212 optime,
426 3149 532 3195 etc.
557 3140 691 3194 Cum
722 3140 839 3192 Put.
886 3135 1086 3212 iaciunt
1116 3135 1244 3212 Uri).
1269 3146 1327 3212 et_
1356 3136 1468 3212 vat.
1506 3136 1551 3199 Ι,
1584 3137 1676 3189 sed
1720 3139 1770 3190 in

184 3206 276 3267 llis
306 3213 525 3265 rescissa
554 3226 651 3279 pro
694 3212 949 3279 resoluta,
984 3216 1039 3261 et
1076 3207 1127 3260 iu
1161 3206 1277 3279 Vat.
1310 3206 1329 3259 l
1369 3207 1564 3279 sibimet
1605 3216 1774 3259 sumat

182 3298 291 3351 pro
316 3284 416 3335 sibi
458 3276 648 3335 suniat.
689 3278 1087 3351 Egmondanus,
1125 3285 1185 3351 ut
1211 3277 1263 3329 iu
1300 3284 1479 3351 noslra
1515 3276 1765 3351 lectione.

183 3346 297 3408 Sed
325 3354 379 3407 in
409 3352 649 3419 margine
698 3346 792 3416 pro
828 3348 1039 3402 diversa
1084 3348 1346 3414 scriptura
1395 3346 1636 3419 Resoluta
1671 3348 1776 3419 sed

185 3429 295 3478 ista
329 3416 594 3486 seorsum,
627 3428 682 3473 et
723 3430 830 3473 tres
875 3427 1161 3485 sequentes
1207 3432 1416 3482 versus,
1464 3427 1522 3469 ut
1568 3417 1621 3469 in
1671 3416 1775 3467 Pn-

188 3505 380 3549 teano.
415 3492 587 3547 Weitz
620 3490 780 3558 legit,
808 3496 866 3541 ut
897 3489 946 3540 in
976 3486 1094 3558 Vat.
1128 3488 1189 3553 Β,
1221 3487 1313 3558 sed
1345 3502 1439 3551 pro
1464 3487 1660 3539 sibimet
1688 3504 1774 3537 sn-

187 3577 301 3617 mat
332 3565 476 3632 origo
524 3557 787 3632 resorbens
833 3558 1021 3611 melius
1069 3557 1595 3632 habet__$i_bi_sumat
1634 3559 1776 3625 origo

188 3626 485 3687 resorbens.
531 3630 778 3685 Meudum
806 3638 982 3682 autem
1015 3635 1099 3681 est
1137 3628 1188 3681 iu
1225 3626 1448 3679 Weitzio
1490 3641 1634 3677 arma
1680 3640 1776 3693 pro

188 3721 330 3757 cura
379 3704 436 3756 in
484 3716 641 3755 versu
686 3700 879 3751 Anima:
924 3699 1060 3767 rapit
1105 3712 1232 3749 aura
1275 3697 1551 3767 liquorem.
1587 3697 1778 3751 Versus

189 3776 452 3827 editionis
486 3771 791 3825 Weitzianaa
829 3784 858 3821 a
900 3765 1062 3821 lS'a/l
1095 3768 1159 3820 21
1206 3768 1397 3819 absunt
1441 3781 1472 3819 a
1512 3765 1694 3819 Noms.
1723 3776 1779 3820 et

193 3846 458 3907 ltotten.,
508 3844 559 3894 in
610 3841 870 3895 Oxonien.
917 3837 1161 3906 quaedam
1208 3838 1579 3907 exprimuntur
1625 3848 1679 3888 ut
1728 3838 1778 3889 in

196 3906 455 3976 Weitzio,
483 3912 723 3981 quaedam
754 3924 860 3981 non
891 3907 1222 3981 item,_quod
1240 3906 1504 3981 liciusius
1536 3914 1775 3981 testatur.

197 3984 463 4037 Weitzius
490 3976 585 4050 pro
615 3993 712 4033 sua
742 3980 971 4034 lectione
1009 3978 1206 4050 allegat
1240 3976 1421 4050 Fa_br.,
1459 3976 1595 4050 apud
1626 3992 1779 4050 qui-in

199 4064 291 4110 est
337 4044 550 4107 rescissa
594 4065 691 4120 pro
733 4052 988 4113 resoluta,
1026 4048 1249 4120 Wi‘dml,
1276 4044 1507 4120 _l3tll|g.,—
1542 4044 1777 4120 Goldast.

200 4127 281 4180 Ex
324 4131 471 4178 tanta
514 4116 757 4175 codicum
797 4116 1155 4185 discrepantia
1188 4117 1239 4170 id
1275 4116 1519 4170 lleinsius
1548 4116 1780 4183 colligit,

200 4200 338 4249 duas
368 4194 632 4247 editiones
660 4191 954 4244 carminum
978 4205 1004 4239 ιι
1037 4186 1321 4240 Prudentia
1354 4186 1538 4251 factas,
1565 4200 1627 4239 ac
1654 4202 1786 4240 nou-

203 4268 338 4319 nilul
387 4264 438 4317 iu
484 4271 707 4328 utraque
752 4260 1033 4312 variatum.
1068 4257 1227 4325 Igitur
1269 4256 1357 4309 alii
1393 4257 1548 4309 aliam
1591 4257 1783 4328 lectio-

210 4352 332 4387 nem
366 4332 599 4401 amplexi
624 4327 783 4392 ’sunt,
819 4330 1055 4401 nonnulli
1082 4338 1357 4395 utramque
1381 4328 1432 4379 in
1462 4328 1562 4401 hoc
1588 4327 1786 4401 hymno

206 4398 625 4473 conjunxerunt.
670 4401 724 4453 lu
754 4399 993 4473 versibus
1021 4406 1196 4451 autem
1230 4412 1362 4473 qups
1410 4398 1624 4473 retinui“
1642 4412 1787 4473 qua:-

207 4466 329 4527 «ιλιτί
359 4476 521 4525 etiam
558 4480 639 4525 est
668 4470 898 4522 varietas
936 4470 1243 4522 lectionum.
1275 4466 1383 4520 lloc
1412 4481 1566 4519 versu
1598 4468 1630 4520 9
1662 4466 1778 4520 Vat.

208 4551 248 4598 A
273 4588 285 4609 ,
328 4544 493 4595 recisa
523 4556 645 4595 cum
690 4540 844 4595 Gold.
874 4548 927 4591 et
970 4536 1144 4599 Wid.;
1177 4537 1270 4589 sed
1321 4536 1561 4609 ιιι-(3014.
1588 4551 1779 4605 supra,

213 4607 404 4667 relicta.
448 4612 615 4665 Multo
665 4611 853 4663 melius
901 4609 1112 4661 rescissa
1160 4622 1280 4660 cum
1330 4607 1482 4672 Ald.,
1522 4607 1688 4676 Bong.
1730 4615 1785 4661 et

212 4686 345 4738 aliis.

283 4758 368 4807 ιι.
402 4754 568 4808 Error
592 4752 747 4806 estin
784 4749 900 4801 Vat.
926 4749 990 4811 A,
1028 4747 1213 4800 excidit
1246 4762 1340 4815 pro
1362 4748 1562 4816 excipit.

284 4825 370 4877 l2.
406 4824 564 4877 Brev.
604 4822 773 4889 Moz.,
816 4820 1101 4885 mendose,
1136 4819 1319 4869 Anima
1361 4819 1493 4886 rapit
1538 4834 1678 4873 aura:
1718 4820 1784 4872 li-

250 4911 440 4947 uorent.

215 4912 688 5020 qnz'lefniz‘abricius
717 4961 845 5028 legit
874 4959 1142 5027 labefacta,
1174 4958 1347 5028 minus
1392 4956 1546 5028 bene,
1580 4973 1674 5024 pro
1705 4959 1786 5012 la-

219 5036 429 5102 befacta.
472 5035 528 5086 lu
579 5027 814 5101 margine
848 5030 1231 5102 Vatg._Ainota_:
1270 5027 1367 5079 Alii
1407 5027 1626 5080 habent:
1659 5028 1784 5102 Obi-

220 5098 320 5156 tuin
350 5107 568 5158 tolerare
596 5098 905 5171 supremum.
937 5099 1155 5153 llericus
1183 5098 1233 5150 in
1265 5112 1361 5149 suo
1396 5107 1638 5165 poemate
1672 5098 1783 5153 imi-

222 5186 355 5229 tatus
385 5174 731 5229 Prudeutium
756 5174 828 5224 ait
856 5172 1110 5239 labefacta
1141 5183 1417 5220 senescere.

292 5248 375 5299 16.
408 5244 678 5307 Sichard.,
711 5252 763 5294 ut
794 5236 1019 5295 dissona.
1052 5239 1263 5291 Detexta
1290 5247 1509 5290 retexere
1535 5236 1668 5289 dixit
1698 5236 1785 5290 Ci-

223 5330 342 5368 cero
359 5316 426 5369 de
447 5316 672 5369 Oratore
696 5314 786 5366 lib.
814 5327 870 5378 ll,
898 5326 1012 5380 pag.
1042 5310 1131 5363 72.
1159 5308 1377 5362 llericus
1392 5309 1457 5360 de
1484 5308 1788 5361 licsurrect.

227 5386 452 5439 hominis
485 5384 712 5447 mortui,
748 5383 860 5447 Qua
885 5382 1065 5433 virtute
1105 5386 1264 5447 potest
1303 5380 1504 5430 detexta
1544 5386 1787 5430 retexere.

227 5455 459 5509 Breviter
507 5469 647 5508 nunc
690 5454 943 5519 attingam
985 5465 1102 5519 quae
1147 5448 1393 5501 Barthius
1441 5458 1545 5499 tam
1593 5448 1643 5519 iu
1696 5447 1793 5501 hos

228 5540 407 5579 versus
429 5540 586 5591 quam
613 5526 663 5576 in
688 5522 818 5575 alios
833 5517 1067 5574 omissos
1086 5526 1496 5591 commentatur.
1544 5517 1629 5571 Ait
1655 5526 1791 5591 stro-

227 5596 379 5661 pham
420 5584 561 5647 illaut
596 5592 807 5647 Weitzii
852 5591 1083 5645 Rescissa
1123 5589 1208 5643 sed
1246 5591 1343 5639 ista
1384 5603 1609 5661 seorsum
1662 5584 1794 5661 Pra-

226 5654 357 5731 ᾗτὶοε
406 5672 700 5716 revocantur
747 5664 796 5713 in
837 5672 999 5726 ortus,
1029 5669 1155 5721 etc.,
1190 5654 1608 5731 posse__reti_neﬁ
1636 5655 1791 5731 _anti_-

226 5725 438 5799 unitatis
467 5734 627 5803 gratia
648 5776 661 5802 ,
695 5734 933 5801 quamvis
967 5741 1107 5787 recte
1142 5731 1249 5797 jam
1280 5743 1307 5779 a
1348 5727 1589 5781 Fabricio
1633 5725 1791 5779 fuerit

1800 1702 1848 1762 Β

1814 4438 1865 4498 D

1877 1526 2097 1581 omissa.
2126 1525 2351 1580 Versum
2387 1525 2634 1589 Proprias
2657 1533 2959 1578 revocantur
2988 1525 3039 1576 in
3068 1534 3208 1577 ortus
3237 1527 3458 1593 exponit

1877 1596 1994 1648 aliis
2022 1596 2261 1650 versibus
2293 1596 2524 1649 Lucretii
2572 1595 2663 1648 lib.
2691 1611 2726 1647 ιι
2754 1612 2764 1645 :
2798 1595 2942 1648 Cedit
2970 1595 3090 1646 item
3128 1606 3289 1657 retro,
3317 1607 3448 1658 etc.,

1876 1681 2010 1732 quos
2059 1667 2251 1733 lcgesis
2300 1666 2503 1733 proleg.
2562 1680 2707 1717 num.
2758 1665 2881 1718 166.
2952 1664 3111 1725 Addit
3157 1665 3448 1721 editionem

1877 1735 2298 1791 recentissimam
2359 1734 2785 1805 (Weitzianam)
2846 1733 3125 1788 intrusisse
3176 1740 3451 1803 stropham

1878 1806 2119 1860 inutilem
2155 1815 2210 1859 et
2262 1804 2631 1859 monachicum
2673 1804 2985 1873 spirantem.
3034 1804 3177 1858 nunc
3220 1807 3457 1875 intellige

1875 1890 1993 1930 esse
2018 1877 2288 1941 stmpham
2317 1876 2459 1929 illam
2489 1876 2577 1929 Sic
2604 1886 2785 1928 cuncta
2813 1888 3205 1930 creatanecesse
3230 1888 3301 1930 est
3333 1878 3456 1930 Obi-

1877 1956 1984 1998 tum
2024 1947 2237 1998 tolerare
2269 1962 2581 2015 supremum.
2615 1946 2668 1999 lu
2696 1961 2851 1999 versu
2882 1943 3015 2015 Petit
3048 1947 3236 2001 halitus
3265 1949 3456 2001 tet/tera

1877 2018 2071 2085 fervens
2104 2016 2303 2070 invenit
2328 2014 2466 2082 apud
2499 2026 2706 2070 veteres
2736 2016 2899 2069 libros
2929 2014 3068 2069 Petit
3097 2016 3230 2070 alter
3266 2018 3455 2071 (ethera

1877 2089 2091 2156 fervens,
2124 2102 2221 2140 nec
2267 2088 2471 2140 dubitat
2516 2086 2858 2141 scribendum
2890 2085 3029 2139 Petit
3069 2089 3225 2142 ert/ter
3266 2091 3457 2143 tet/tera

1876 2160 2072 2223 fervens
2114 2173 2127 2229 ς
2171 2166 2395 2229 ιιειιηίρι
2446 2157 2666 2210 Ovidius
2712 2156 2950 2229 ultimam
3002 2158 3286 2229 produxit,
3334 2159 3455 2229 Ipse
3536 2192 3539 2197 ν

1875 2245 2010 2281 meas
2036 2227 2192 2279 athcr
2219 2228 2391 2291 accipe
2419 2242 2609 2278 summa
2640 2243 2829 2293 preces.
2868 2226 2922 2279 In
2953 2227 3105 2280 tet/ter
3132 2230 3343 2295 quidem
3366 2226 3456 2283 ἰιι-

1878 2298 2001 2350 lima
2031 2296 2171 2365 apud
2199 2297 2443 2349 Ovidium
2462 2338 2476 2361 ,
2500 2307 2552 2349 et
2580 2296 2955 2364 Prudentium,
2981 2298 3025 2350 si
3054 2298 3124 2351 ita
3156 2299 3239 2353 hic
3271 2316 3456 2355 versus

1878 2370 2101 2435 legatur,
2134 2366 2215 2422 vel
2257 2367 2423 2438 solius
2453 2381 2671 2438 cmsura:
2718 2367 2927 2438 ratione
2975 2370 3171 2435 poterit
3212 2371 3452 2438 produci.

1878 2437 2186 2490 Callandius
2216 2451 2281 2491 ex
2309 2436 2549 2491 Termes.
2585 2437 2855 2491 Exscribit
2901 2438 3046 2490 illum
3079 2436 3321 2504 versum,
3356 2441 3457 2496 Pe-

1878 2509 1933 2559 tit
1967 2508 2099 2581 alter
2123 2507 2310 2581 wtltera
2352 2509 2569 2581 fervens.
2618 2506 2840 2581 intelligi
2872 2516 3044 2575 potest
3088 2510 3216 2563 alter
3239 2512 3305 2565 de
3345 2514 3459 2581 Spl-

1878 2587 2001 2630 r.tu.
2036 2577 2213 2644 Pergit
2246 2577 2515 2641 Barthius,
2548 2578 3008 2640 auiniadvertens,
3047 2594 3300 2634 senescere
3328 2577 3450 2635 om-

1878 2649 2021 2699 nium
2056 2663 2232 2701 rerum
2264 2646 2531 2700 defectum
2566 2654 2772 2708 notare,
2805 2656 2944 2701 texta
2982 2662 3177 2716 corpus
3218 2652 3321 2704 dici
3345 2694 3358 2716 ,
3397 2664 3455 2705 ut

1876 2717 2001 2770 alibi
2040 2727 2259 2780 cratem,
2288 2728 2552 2784 compacta
2576 2717 2644 2769 ab
2675 2718 2911 2771 Arnohio
2952 2718 3042 2771 lib.
3078 2734 3114 2771 ιι
3146 2721 3197 2773 in
3229 2721 3330 2775 line
3360 2737 3454 2775 ae-

1876 2788 1980 2853 eipi
2025 2803 2120 2855 pro
2150 2788 2384 2850 nexibus,
2415 2786 2607 2852 quibus
2651 2787 2915 2854 pelliculae
2959 2796 3014 2841 et
3048 2796 3196 2844 artus
3246 2792 3453 2848 homini

1880 2872 2003 2911 vero
2032 2868 2157 2911 sunt
2173 2856 2337 2909 amid.

1950 2931 2033 2981 l8.
2077 2928 2291 2998 Abolere
2332 2935 2541 2998 mortem
2569 2928 2861 2998 proprium
2910 2928 3077 2980 solius
3124 2928 3266 2982 Dei:
3308 2932 3452 2998 quod

1880 2998 1929 3049 in
1981 2998 2149 3052 sacris
2199 2997 2415 3051 Litteris
2462 3006 2517 3050 et
2566 2996 2816 3051 Ecclesiae
2868 2998 3115 3064 precibus
3161 2996 3451 3068 saepe‘oc-

1803 3075 1848 3137 C
1881 3070 2069 3121 currit.

1952 3138 2036 3191 l9.
2081 3137 2234 3204 Ald.,
2286 3136 2479 3207 Egm.,
2527 3136 2644 3191 Put.
2687 3146 2739 3191 et
2780 3135 3078 3201 Oxonieu.,
3125 3134 3451 3207 monstrans;

1881 3209 2023 3261 Rott.
2059 3219 2303 3261 monstra.
2345 3206 2571 3272 Castori,
2606 3216 2660 3262 et
2700 3221 2888 3262 sensus
2932 3208 3044 3276 ipse
3073 3208 3267 3278 exigit,
3299 3206 3449 3265 man;

1877 3291 2030 3331 stras.

1948 3349 2038 3401 ‘22.
2062 3348 2223 3417 Quod
2261 3364 2457 3417 corpus
2478 3348 2671 3401 animae
2692 3364 2866 3402 carcer
2893 3349 2996 3402 diei
3030 3348 3216 3416 possit,
3243 3361 3455 3407 constat

1879 3416 2069 3485 partini
2116 3436 2181 3473 ex
2216 3421 2296 3471 llis
2340 3416 2459 3488 qua:
2496 3418 2605 3472 dixi
2647 3419 2712 3472 ad
2746 3435 2887 3474 vers.
2914 3418 2981 3473 44
3010 3419 3242 3486 praefat”
3285 3432 3339 3474 et
3383 3423 3451 3476 ad

1880 3505 2023 3542 vers.
2054 3489 2151 3543 190
2179 3490 2361 3560 hymn.
2388 3490 2441 3552 7,
2465 3489 2665 3560 partim
2692 3505 2756 3544 ex
2790 3490 2871 3543 his
2902 3505 3020 3558 qua:
3049 3490 3262 3560 addam.
3294 3491 3452 3545 Multa

1882 3560 2074 3629 ini-am
2104 3559 2422 3612 sententiam
2457 3559 2605 3612 Plato
2634 3574 2697 3613 ex
2731 3561 2969 3614 Socratis
2999 3569 3051 3611 et
3079 3559 3453 3629 IEgyptiorum

1881 3628 2027 3680 scitis
2049 3629 2283 3691 disserit,
2308 3639 2359 3683 et
2380 3645 2447 3683 ex
2470 3643 2535 3681 eo
2558 3637 2803 3697 repetunt
2825 3629 2915 3681 alii
2947 3628 3272 3695 philosophi,
3300 3640 3355 3685 ut
3377 3634 3455 3683 vi-

1882 3698 1994 3752 deri
2032 3711 2207 3765 potest
2245 3699 2381 3765 apud
2414 3698 2685 3751 Barthium
2714 3700 2849 3753 Adv.
2876 3713 2990 3765 cap.
3024 3700 3078 3759 5,"
3108 3697 3197 3750 lib.
3234 3714 3370 3765 xui,
3403 3709 3457 3755 et

1882 3768 2159 3822 Martiuum
2184 3769 2251 3823 de
2272 3769 2381 3823 Rea
2409 3770 2475 3823 de
2502 3769 2591 3822 Die
2613 3770 2775 3823 natali
2807 3784 2923 3837 cap.
2950 3769 3003 3823 5.
3028 3767 3316 3838 Christiani
3341 3769 3457 3838 phi-

1884 3839 2092 3905 losolihi
2120 3849 2172 3892 et
2196 3839 2294 3894 SS.
2315 3839 2499 3892 Patres
2522 3840 2707 3892 eodem
2734 3842 2841 3893 tero
2865 3838 3022 3890 modo
3045 3837 3207 3891 locuti
3230 3837 3372 3901 sunt,
3400 3849 3459 3893 ut

1885 3909 2166 3962 Nemesius
2194 3910 2261 3963 de
2291 3910 2483 3961 Natura
2515 3910 2762 3973 hominis,
2796 3906 3172 3975 Theopltridus
3199 3909 3362 3962 abbas
3390 3912 3459 3963 de

1891 3980 2084 4032 Vener.
2127 3988 2469 4041 sanctorum,
2519 3979 2785 4033 Arnobius
2842 3980 2933 4032 lib.
2979 3993 3049 4041 tt,
3099 3978 3156 4033 S.
3205 3978 3458 4034 Paulinus

1884 4064 2045 4115 smpe.
2077 4050 2128 4101 In
2158 4050 2424 4102 communi
2456 4050 2611 4102 unius
2640 4051 2887 4119 martyris
2916 4047 2982 4101 ad
3014 4046 3197 4101 Iaudes
3225 4047 3458 4119 hymnus

1886 4128 1968 4172 est
1995 4119 2084 4171 ubi
2120 4120 2215 4173 hos
2243 4134 2430 4173 versus
2458 4120 2680 4183 legimus
2705 4138 2716 4171 :
2748 4120 2936 4173 Saluta
2963 4126 3077 4170 sunt
3110 4120 3217 4183 iam
3254 4120 3461 4173 vincula

1886 4188 1986 4241 Tui
2015 4191 2202 4242 sacrati
2231 4190 2474 4257 corporis.
2505 4188 2684 4257 itaque
2722 4191 2963 4257 quamvis
3001 4188 3196 4242 ethnici
3229 4189 3462 4257 philoso-

1890 4258 1978 4326 phi
2026 4275 2219 4329 corpus
2266 4260 2651 4328 appellaverint
2696 4275 2985 4322 carcerem,
3031 4259 3319 4325 vinculum,
3362 4277 3461 4313 an-

1890 4339 2052 4393 trum,
2085 4330 2404 4400 sepulcrum,
2444 4346 2530 4383 vas
2576 4331 2780 4394 animm,
2826 4331 2894 4383 ita
2944 4330 3027 4383 his
3072 4328 3290 4384 vocibus
3325 4330 3459 4385 abu-

1893 4409 2099 4465 tentes,
2133 4410 2187 4453 ut
2232 4415 2411 4455 veram
2452 4411 2505 4454 et
2550 4400 2791 4454 intimam
2836 4400 3031 4453 animae
3070 4414 3192 4453 cum
3235 4415 3462 4469 corpore

1894 4472 2142 4526 uiiiouem
2177 4480 2463 4540 negarent,
2495 4481 2669 4524 tamen
2697 4470 2955 4537 ejusmodi
2990 4484 3145 4523 voces
3175 4484 3204 4521 a
3234 4470 3331 4525 SS.
3366 4471 3464 4525 Pa-

1891 4542 2058 4596 tribus
2108 4542 2265 4609 vulgo
2321 4542 2559 4605 usitatae,
2614 4540 2983 4593 Ecclesiastica
3038 4540 3457 4609 consuetudine,

1890 4620 2050 4680 atque
2077 4608 2219 4665 adeo
2250 4625 2417 4664 saera:
2458 4611 2666 4679 pagina:
2714 4612 3029 4680 auctoritate
3076 4608 3459 4680 comprobatae,

1892 4677 2220 4750 nequaquam
2252 4681 2401 4747 rejici
2430 4677 2655 4743 debent;
2686 4677 3287 4750 quandoquideminter
3310 4677 3465 4750 Chri-

1890 4747 2096 4804 stianos
2114 4752 2180 4804 de
2211 4765 2337 4803 vero
2361 4764 2519 4803 sensu
2548 4747 2789 4811 constat,
2822 4748 3025 4801 scilicet
3052 4747 3303 4810 animam,
3334 4748 3464 4800 dum

1889 4821 2099 4888 corpori
2122 4831 2203 4873 est
2235 4820 2377 4873 unita
2398 4861 2411 4883 ,
2440 4834 2626 4874 omnes
2653 4833 2774 4873 suas
2802 4820 3101 4888 functiones
3132 4817 3289 4888 plene
3319 4818 3464 4888 etilli-

1892 4886 2018 4943 bcre
2041 4904 2295 4943 exercere
2326 4904 2429 4943 non
2461 4905 2637 4957 posse.
2663 4889 2919 4957 Apposite
2946 4887 3002 4941 S.
3028 4886 3339 4940 Ambrosius
3366 4886 3459 4941 lib.

1893 4978 1953 5024 v,
1999 4961 2149 5028 epist.
2192 4960 2299 5013 21:
2338 4959 2659 5029 Unaquthue
2703 4959 2873 5009 anima
2919 4958 3089 5009 videns
3131 4972 3466 5029 secarpoi'ea

1892 5032 1988 5084 ista
2017 5025 2244 5084 clausam
2280 5025 2711 5101 gurgustio,'q_utc
2750 5037 2919 5080 tamen
2940 5037 3159 5101 terrente
3185 5025 3336 5101 hujus
3374 5027 3467 5077 ha-

1893 5102 2146 5153 bitationis
2176 5096 2426 5153 consortia
2465 5116 2564 5152 non
2600 5096 3001 5166 degeneraverit,
3033 5096 3315 5167 ingemiscit
3346 5111 3467 5164 gra-

1894 5183 2007 5223 vata
2049 5172 2274 5238 corporis
2306 5170 2459 5241 hujus
2505 5169 2899 5241 conjunctione._
2921 5167 3361 5241 Auimadvertere
3392 5173 3469 5241 ta-_-

1896 5256 2015 5295 men
2071 5235 2281 5308 oportet
2347 5235 2620 5302 e'rrorem',
2674 5254 2703 5291 a
2753 5237 2982 5291 concilio
3031 5253 3064 5308 ιι
3121 5235 3467 5308 Braccareusi

1895 5305 2201 5364 damnatum
2255 5325 2373 5364 can.
2414 5310 2490 5360 ii:
2536 5310 2594 5362 Si
2643 5309 2756 5377 quis
2805 5309 2999 5359 animas
3047 5307 3297 5377 humanas
3344 5305 3471 5357 dicit

1896 5383 2039 5449 prius
2068 5381 2119 5432 in
2147 5381 2327 5433 caelesti
2360 5374 2666 5432 habitatione
2694 5392 2943 5445 peccasse,
2968 5388 3015 5449 et
3046 5374 3336 5449 pralltoc
3358 5389 3473 5427 cor-

1896 5442 2019 5519 pora
2068 5451 2287 5502 humana
2329 5451 2381 5502 in
2427 5458 2609 5503 terram
2654 5442 2901 5519 dejectas,
2936 5446 3063 5519 sicut
3114 5442 3473 5519 l’rispillianus

1896 5512 2054 5587 dixit,
2104 5521 2371 5572 anathema
2420 5521 2501 5577 sit.
2549 5512 2806 5571 Cavill'um
2860 5514 3085 5587 Martini
3120 5512 3333 5565 Lutheri
3383 5530 3480 5571 re.

1898 5583 2072 5645 lellam
2120 5590 2184 5642 ad
2237 5604 2374 5644 vers.
2416 5587 2480 5641 45
2526 5588 2706 5656 hymni
2756 5588 2847 5651 ll,
2899 5583 3113 5636 Mortale
3167 5598 3348 5651 corpus
3395 5587 3488 5643 in-

1899 5662 2025 5712 tluit.
