3970 6326
520 351 622 413 879

803 465 932 532 Quae
962 476 1179 532 germen
1207 458 1274 515 ab
1302 461 1500 514 aethere
1531 458 1707 514 traxit.

517 563 586 618 25
799 559 959 630 353
986 557 1041 612 Si
1073 565 1242 611 terrea
1273 554 1410 608 forte
1444 552 1687 606 voluntas

799 651 1021 703 Luteum
1049 648 1219 717 sapit,
1243 655 1297 701 et
1321 659 1480 716 grave
1507 651 1687 712 captat

801 741 1025 794 Animus
1050 753 1260 809 quoque
1296 735 1532 805 pondere
1562 735 1734 787 victus

801 831 1050 901 Sequitur
1079 844 1171 885 sua
1200 828 1439 884 membra
1468 827 1738 882 deorsum.

737 926 806 978 At
829 923 870 977 si
901 922 1111 992 generis
1137 935 1342 975 memor
1372 919 1511 988 ignei

518 1015 585 1068 50
805 1010 1058 1080 Contagia
1091 1009 1236 1078 pigra
1267 1017 1478 1062 recuset
1498 1019 1529 1074 ,'

805 1102 963 1157 Vehit
994 1101 1200 1170 hospita
1228 1102 1434 1154 viscera
1462 1113 1672 1164 secum,

805 1195 1115 1264 Pariterque
1146 1201 1386 1262 reportat
1412 1190 1477 1245 ad
1501 1200 1669 1245 astra.

735 1287 865 1344 Nam
894 1284 1033 1356 quod
1064 1283 1405 1352 requiescere
1436 1296 1632 1350 corpus

808 1378 1038 1432 Vacuum
1069 1375 1184 1429 sine
1213 1381 1391 1428 mente
1421 1372 1685 1437 videmus,

521 1475 589 1531 55
802 1467 1041 1536 Spatium
1073 1466 1233 1520 breve
1255 1472 1454 1527 restat,
1484 1475 1538 1517 ut
1567 1463 1661 1516 alti

803 1560 1026 1626 chetat
1049 1555 1270 1624 collegia
1299 1568 1509 1610 sensus.

736 1651 962 1708 Vcnient
991 1652 1098 1704 cito
1125 1647 1320 1702 saecula
1339 1688 1353 1712 ,
1377 1661 1498 1700 eum
1528 1645 1636 1714 jam

775 1745 991 1800 .Socius
1019 1742 1169 1796 calor
1187 1756 1307 1796 ossa
1337 1741 1568 1804 revisat,

808 1835 968 1909 355.
997 1833 1348 1904 Animataque
1375 1832 1636 1902 sanguine
1665 1831 1785 1888 vivo

1630 343 1909 402 AURELII
1949 339 2314 400 PRUDEN'I‘II
2353 336 2672 397 CARMINA.
3015 345 3048 376 ἰ
3313 330 3364 350 ·’“

2113 461 2168 520 Α
2192 455 2260 510 40
2477 455 2783 505 Habitacula
2815 455 3037 518 pristina
3066 455 3258 514 gestet.
3392 464 3394 466 τ

2135 1831 2280 1893 Βδὸ

3681 308 3787 385 sto

2477 450 2783 505 Habitacula
2815 446 3037 518 pristina
3066 452 3258 514 gestet.

2383 548 2512 616 Qua:
2545 548 2693 615 pigra
2720 543 2976 599 cadavera
3016 540 3221 610 pridem

2449 637 2688 692 Tumulis
2715 633 3014 706 putrefacta
3037 631 3322 703 iacebant,

2449 731 2703 784 Volucres
2730 729 3005 798 rapientur
3035 726 3094 780 iu
3120 740 3301 789 auras,

2449 822 2670 877 Animas
2703 819 2957 875 comitata
2986 818 3213 887 priores.

2202 916 2273 971 45
2380 915 2515 970 Hinc
2543 914 2773 968 maxima
2800 927 2927 968 cura
2954 910 3220 980 sepulcris

2451 1007 2781 1078 lmpenditur
2808 1023 2822 1059 :
2858 1006 2983 1060 hinc
3011 1004 3276 1059 resolutos

2450 1098 2633 1154 llonor
2660 1099 2878 1154 ultimus
2907 1097 3104 1168 accipit
3134 1106 3306 1162 artus,

2451 1195 2519 1248 Et
2552 1193 2754 1247 funeris
2775 1192 3010 1247 ambitus
3032 1200 3206 1244 ornat.

2379 1286 2538 1356 355
2568 1283 2813 1339 Candore
2843 1267 3065 1337 nitentia
3097 1279 3241 1335 claro

2207 1381 2274 1436 50
2457 1379 2802 1434 Przetendere
2834 1378 3000 1432 lintea
3030 1388 3146 1429 mos
3177 1380 3276 1438 cst,

2457 1474 2796 1540 Aspersaque
2829 1467 3050 1538 myrrha
3081 1466 3259 1519 salueo

2460 1561 2668 1630 Corpus
2689 1558 3047 1616 medicamine
3068 1564 3263 1612 servat.

2384 1653 2648 1722 Quidnam
2680 1653 2781 1707 sibi
2810 1665 2941 1705 saxa
2967 1657 3178 1711 cavata,

2463 1746 2598 1812 Quid
2626 1744 2848 1816 pulchra
2876 1743 3056 1797 volunt
3089 1740 3468 1794 monumenta?

2463 1838 2575 1895 Nisi
2607 1836 2748 1909 quod
2778 1851 2864 1892 res
2891 1834 3128 1890 creditur
3155 1831 3265 1886 illis

1825 1963 2112 2022 GLOSSA‘I
2154 1969 2494 2031 VETERES.

589 2091 678 2145 ‘26.
711 2089 933 2143 Luteum
953 2125 966 2149 ,
1001 2099 1099 2136 non
1130 2081 1316 2146 sobrie,
1349 2095 1555 2134 nomen.
1583 2107 1650 2118 -—
1684 2076 1865 2146 Sapit,
1900 2078 2100 2130 uult.—

527 2161 742 2226 Cnptat,
773 2156 1002 2225 appetit.
1033 2153 1136 2226 Iso.
1174 2223 1184 2226 _
1495 2218 1513 2226 _
1591 2218 1604 2226 _
1788 2217 1798 2226 .
1955 2217 1965 2226 -
2017 2166 2034 2184 .

591 2217 681 2284 ἐξ).
715 2217 936 2282 Generis
955 2263 968 2284 ,
1000 2222 1210 2290 originis
1238 2235 1371 2290 siue.
1398 2248 1466 2258 -—
1495 2218 1636 2288 Ignis
1656 2257 1674 2286 ,
1710 2217 1884 2271 anima
1917 2217 2099 2284 vivax,

529 2296 631 2355 Iso.
658 2329 726 2338 —
757 2297 977 2357 Memor,
1001 2288 1196 2354 anima,
1235 2288 1348 2340 Vat.
1377 2293 1439 2341 Α.

596 2369 683 2424 55.
716 2365 1100 2434 Requiescere,
1120 2361 1174 2434 in
1199 2358 1520 2434 sepulcro,_l.

597 2439 687 2492 54.
718 2426 843 2490 Sine
871 2441 1071 2493 mente,
1097 2431 1206 2482 sine
1226 2429 1429 2489 anima,
1461 2426 1500 2480 I.

598 2508 690 2563 56.
726 2507 979 2574 Repetat,
1028 2501 1209 2574 iterum
1255 2499 1500 2574 suscipiat
1553 2497 1842 2553 societatem
1885 2501 2099 2562 animm,

535 2579 647 2633 Vat.
679 2579 742 2634 Α.
770 2568 840 2616 -ὶ
864 2573 1086 2638 Sensus,
1109 2571 1311 2634 animm,
1345 2568 1445 2622 lso.

2288 2084 2376 2139 58.
2407 2086 2581 2151 Calor,
2611 2087 2814 2150 anima,
2847 2084 2886 2137 1.

2283 2157 2373 2211 45.
2400 2157 2697 2226 Sepulcris,
2717 2155 2963 2226 cymitron
2983 2151 3181 2226 (ἔνατα,
3198 2151 3380 2204 Latine
3401 2152 3785 2226 (loriiiitorium:

2215 2228 2334 2280 hinc
2372 2222 2694 2296 cymiterium
2723 2222 2774 2280 et
2807 2225 3071 2296 cymiterio
3091 2266 3104 2288 ,
3124 2222 3473 2296 _diruntur._id
3503 2232 3578 2274 est
3611 2223 3789 2274 dormi-

2213 2291 2462 2361 toriafin
2500 2298 2681 2365 quibus
2709 2291 2873 2350 saucii
2906 2294 3052 2363 quasi
3098 2293 3323 2345 dormire
3365 2291 3605 2345 videntur
3646 2307 3789 2353 usque

2211 2369 2278 2420 ad
2311 2371 2442 2421 diem
2464 2367 2684 2438 judicii,
2718 2368 2759 2420 I.

2283 2437 2371 2492 48.
2409 2433 2675 2497 Ambitus,
2703 2445 2936 2500 ornatus,
2966 2435 3043 2488 vel
3073 2433 3256 2498 honor,
3289 2433 3389 2486 lso.

2283 2509 2374 2562 Si.
2408 2508 2622 2574 Sabaeo,
2655 2507 2823 2574 thure,
2857 2506 2896 2559 Ι.

1875 2661 2438 2720 COMMENTARIUS.

602 2783 694 2839 ‘25.
723 2782 844 2834 Vat.
874 2791 1012 2832 unus
1047 2773 1201 2828 Teol.
1224 2813 1238 2837 ,
1281 2773 1545 2842 voluptas,
1592 2772 1768 2826 minus
1814 2772 1969 2828 bene.
2005 2775 2110 2829 Eu-

537 2855 749 2912 cherius
780 2845 1147 2918 Lugdunensis
1173 2844 1226 2897 in
1249 2843 1474 2918 epistola
1501 2843 1567 2918 ad
1587 2842 1961 2918 Valerianum,
1989 2859 2106 2916 pag.

537 2926 640 2980 582
665 2941 677 2977 :
706 2921 839 2976 Caro
861 2912 1121 2987 siquidem
1149 2913 1384 2984 procliuis
1414 2913 1466 2964 in
1507 2913 1630 2966 vitia
1664 2912 1735 2966 ad
1769 2924 1956 2967 terram
1993 2912 2115 2987 tan-

539 3012 688 3068 quam
720 2994 772 3045 in
800 2986 1045 3068 originem
1071 3000 1218 3068 suam
1254 3000 1343 3065 nos
1378 2994 1572 3068 reuocat
1592 3001 1614 3066 ;.
1639 2989 1744 3068 [nec
1774 3000 1888 3066 vero
1918 2986 2116 3063 veniens

540 3052 571 3121 ὁ
611 3065 765 3120 Patre
811 3052 1057 3114 luminum
1103 3055 1370 3124 (loquitur
1421 3053 1488 3108 de
1531 3052 1765 3123 anima),
1811 3056 1940 3108 sicut

541 3137 751 3208 ignibus
788 3146 895 3184 mos
938 3126 1134 3208 esu-in
1176 3125 1451 3208 superiora
1489 3125 1687 3208 nititur.
1735 3126 1979 3178 Barthius
2012 3126 2116 3205 ιιι».

541 3193 633 3262 {tv
674 3203 838 3266 Adv.,
881 3215 1000 3265 cap.
1056 3196 1167 3266 {0,4
1201 3201 1351 3266 putat
1413 3193 1729 3266 Eucherium
1787 3195 2118 3266 expressisse

1993 3056 2126 3126 ferri

2220 2792 2284 2831 ex
2325 2791 2475 2830 more
2507 2773 2882 2838 Hebrmorum,
2916 2783 2975 2828 ut
3008 2773 3122 2842 ipse
3162 2779 3344 2845 putat,
3381 2774 3524 2845 apud
3553 2789 3694 2845 quos
3724 2777 3795 2830 vi-

2220 2847 2475 2900 sebantur
2501 2846 2743 2914 sepulcra
2779 2845 3014 2898 dealbata
3033 2885 3046 2902 .
3074 2857 3178 2913 quo
3200 2842 3426 2898 fortasse
3448 2842 3634 2900 allusit
3673 2846 3796 2900 Pau-

2226 2917 2328 2981 lus,
2367 2932 2487 2970 cum
2522 2913 2639 2970 Act.
2669 2931 2792 2968 χχιιι
2838 2916 3096 2968 Ananiam
3139 2913 3347 2967 vocavit
3381 2915 3632 2984 parietem
3663 2918 3798 2968 deal-

2224 2987 2414 3040 batum.
2462 2986 2711 3040 Sedulius
2757 2987 2849 3039 lib.
2890 3001 2920 3036 v
2960 2985 3256 3040 carminum
3301 2985 3368 3037 de
3410 2985 3550 3039 Juda
3586 3003 3599 3035 :
3653 2986 3799 3040 Velut

2227 3074 2372 3110 omne
2401 3057 2690 3123 sepulcrum
2729 3057 2999 3110 Exteriore
3029 3070 3207 3127 gerens
3243 3055 3374 3127 albae
3401 3055 3659 3127 velamina
3699 3058 3800 3125 for-

2223 3144 2350 3193 mas,-
2403 3127 2656 3182 Sordibus
2709 3127 2953 3191 interius,
3003 3125 3233 3194 fiedoque
3278 3125 3525 3178 cadavere
3573 3125 3796 3192 plenum.

2222 3197 2354 3252 Vide
2391 3197 2525 3252 inl‘ra
2570 3211 2709 3250 vers.
2748 3195 2839 3250 49.
2867 3196 3132 3250 Recenset
3163 3203 3316 3264 poeta
3356 3209 3418 3249 ea
3463 3196 3577 3250 fere
3617 3197 3793 3250 omnia

546 3279 662 3331 haec
691 3276 803 3342 ipsa
824 3263 1000 3322 verba
1031 3263 1307 3319 Prudentii
1328 3303 1343 3328 ,
1367 3272 1422 3316 et
1459 3263 1561 3317 alia
1601 3279 1707 3318 non
1751 3263 2012 3319 absimilia
2049 3280 2115 3320 ex
2143 3281 2191 3342 α
2223 3270 2550 3342 quarperagi
2587 3265 2858 3342 solebant,
2895 3278 2950 3320 ut
2979 3263 3171 3342 bonos
3195 3265 3466 3342 defunctis
3491 3264 3796 3342 haberetur.

521 3459 523 3462 .
545 3343 980 3476 Psgg‘oplerique
1001 3407 1180 3474 legunt
1207 3404 1357 3476 ignis,
1384 3411 1438 3476 e_t
1459 3401 1542 3476 lso
1565 3403 1787 3476 exponit
1810 3403 1878 3458 de
1900 3405 2112 3476 anima;

545 3483 687 3554 quod
739 3472 934 3554 pariter
982 3472 1176 3554 habent
1220 3472 1364 3554 ‘Vart:
1396 3473 1468 3536 Ο,
1511 3472 1573 3554 P,
1619 3484 1672 3528 et
1711 3474 1728 3526 ι
1773 3489 1892 3554 e_urn
1928 3474 2114 3554 .glossa

547 3542 754 3618 ᾰηὶηιαξ
799 3551 978 3618 Λὶει..
1015 3544 1235 3618 γυνὺλει
1275 3542 1363 3618 alii
1404 3545 1743 3618 _nostri;_nec
1785 3542 1966 3618 debuit
2004 3544 2118 3618 haec

548 3625 708 3680 lectio
743 3611 882 3676 inala
932 3613 1211 3671 Gallandio
1247 3611 1415 3667 videri
1465 3614 1516 3666 in
1563 3613 1701 3668 Aldo
1741 3622 1794 3668 et
1832 3614 1971 3668 aliis.
2012 3614 2117 3669 Sed

547 3697 670 3750 Vat.
711 3693 787 3760 Q,
834 3689 1056 3760 Nonis”
1092 3683 1378 3760 Rottendz.
1421 3682 1806 3760 Torrentiatrus
1849 3694 2120 3760 unusne}

547 3752 1106 3823 schedava'Crzevianae,
1132 3754 1300 3826 ignei,
1331 3752 1468 3826 facta
1494 3753 1750 3826 syiiteresi
1769 3797 1782 3818 ,
1811 3755 1952 3826 quod
1981 3754 2114 3808 mihi

549 3835 836 3890 admodum
878 3833 1079 3898 placet,
1129 3825 1249 3879 nam
1281 3825 1472 3898 primo
1515 3840 1669 3898 versu
1712 3825 1875 3898 Deum
1917 3825 2119 3898 igneum

551 3912 741 3976 fontem
767 3894 1052 3976 animarum
1080 3894 1400 3976 vocat._Vat.
1428 3895 1474 3948 A
1499 3896 1707 3976 videtur
1737 3895 1922 3948 eodem
1941 3894 2118 3976 modo

549 3964 772 4044 legisse,
819 3973 1004 4044 saltem
1027 4009 1040 4031 ,
1075 3966 1190 4044 _qui_
1220 3965 1453 4044 glossam
1492 3966 1657 4044 verbo
1693 3981 1909 4044 memor,
1956 3964 2007 4017 id
2038 3973 2120 4018 est

547 4035 724 4098 anima
743 4035 1131 4108 ,'apposuit._ln
1152 4036 1354 4108 Οξοιιη
1379 4036 1567 4108 igneoli
1585 4077 1599 4098 ,
1634 4036 1903 4108 mendum.

622 4117 708 4168 50.
745 4103 890 4171 Ᾱιὲἰζ,
917 4106 1158 4171 Nebris.,
1191 4103 1337 4157 Sich.
1359 4148 1372 4171 ,
1405 4105 1518 4158 Cls.
1548 4107 1573 4158 1
1615 4110 1701 4158 ed.
1735 4106 1800 4157 ad
1831 4120 2009 4169 oram,
2042 4104 2120 4156 ni-

553 4200 669 4252 gra.
720 4180 962 4252 Plerique
984 4183 1058 4252 ει,
1100 4173 1316 4252 optimi,
1371 4174 1515 4243 pigra
1532 4193 1551 4252 ί
1599 4174 1738 4252 quod
1788 4175 2118 4252 longe_con-

547 4241 826 4322 érnenlius
844 4241 957 4322 est.
983 4244 1136 4322 Teol.
1163 4245 1212 4296 in
1248 4241 1366 4322 Vat.
1385 4241 1503 4322 _u‘n_o
1530 4241 1729 4322 invenit
1761 4241 1926 4322 nigra.
1962 4245 2118 4298 Heri-

551 4312 650 4375 Eus
704 4316 1168 4378 Altisiodorensis,
1214 4312 1302 4379 qui
1350 4313 1416 4364 ab
1466 4315 1565 4366 hoc
1608 4315 1804 4383 hymno
1855 4313 2005 4383 plura
2039 4324 2122 4368 est

551 4399 856 4450 mutuatus,
900 4383 1458 4452 exscripsitdcontagia
1505 4385 1670 4452 pigra.
1719 4382 1974 4436 Weitzius
2024 4399 2120 4447 pro

555 4463 700 4534 nigra
731 4449 922 4526 allegat
958 4455 1018 4510 F.
1041 4471 1054 4519 ;
1078 4449 1140 4506 ἐἰ
1181 4449 1479 4506 Fabricium
1508 4449 1802 4519 intelligit,
1838 4453 1924 4508 hic
1964 4454 2122 4508 habet

589 4549 718 4585 ιιινίι.

553 4551 718 4656 pug;
744 4597 916 4666 Aliqui
953 4595 1186 4649 adverbii
1208 4602 1337 4666 nota
1370 4592 1660 4661 insigniunt
1692 4595 1846 4666 quod.
1867 4591 1996 4666 Ego
2035 4607 2118 4648 re-

547 4674 766 4728 lativum
798 4663 945 4738 puto,
971 4665 1374 4738 utiintelligatur
1397 4680 1596 4732 corpus,
1625 4663 2033 4738 quadridentus.

626 4744 713 4796 58.
745 4733 985 4800 Ilericus,
1014 4737 1196 4790 Socius
1221 4735 1362 4786 calor
1391 4751 1505 4787 ossa
1535 4735 1728 4786 revisit.
1755 4733 1999 4803 Virgilius
2025 4733 2114 4788 lib.

548 4833 624 4878 η,
651 4828 790 4865 vers.
818 4811 942 4870 475,
971 4807 1112 4858 calor
1142 4822 1256 4858 ossa
1283 4806 1502 4878 reliquit.

622 4886 708 4939 Mi.
749 4884 883 4936 Ante
920 4877 1167 4932 Hadriani
1205 4887 1296 4927 aut
1327 4874 1713 4928 Antoninorum
1751 4883 1987 4943 tempora
2014 4889 2119 4929 non

548 4963 775 5022 apparet
809 4952 905 5004 huc
944 4946 1258 5022 vocabulum
1296 4945 1637 5022 habitaculum
1677 4947 1728 4998 in
1758 4960 1923 5022 _usum
1969 4946 2120 5022 ipdu-

547 5015 725 5084 enim;
762 5030 881 5088 post
912 5017 1060 5088 inulti
1091 5020 1414 5088 usurparunt
1453 5016 1610 5088 etiam
1655 5016 1858 5088 profani
1897 5015 2124 5084 scripto-

549 5110 664 5155 res,
708 5085 990 5151 Palladius,
1020 5085 1238 5148 Gellius,
1267 5086 1504 5152 Solinus,
1540 5086 1871 5138 Ammianus.

625 5163 716 5217 45.
751 5163 825 5213 Ex
877 5160 1079 5210 honore
1109 5157 1197 5223 qui
1245 5157 1507 5220 sepulcris
1554 5155 1907 5221 impenditur,
1953 5168 2111 5224 argu-

549 5243 792 5288 mentum
850 5228 1044 5298 petitur
1096 5227 1498 5280 resurrectionis
1564 5235 1928 5298 {ll-Ofilliil‘ultl,
1975 5226 2112 5298 quod

552 5293 914 5358 Tertullianus
954 5297 1150 5364 aliique
1195 5306 1530 5364 promovent.
1571 5293 1789 5364 Novella
1828 5293 2114 5348 Theodosii

551 5386 608 5426 et
638 5368 987 5426 Valentiniani
1015 5363 1082 5419 de
1109 5365 1365 5431 sepulcris
1397 5367 1474 5417 tit.
1503 5363 1535 5416 5
1561 5381 1571 5415 :
1609 5363 1832 5425 Scimus,
1868 5381 1958 5418 nec
1984 5382 2113 5418 vana

557 5445 701 5510 ﬁdes,
727 5453 772 5495 ct
798 5441 987 5493 solutas
1031 5435 1260 5510 membris
1291 5435 1484 5510 animos
1512 5434 1690 5486 habere
1727 5451 1925 5510 sensum
1946 5477 1959 5498 ,
1990 5444 2033 5487 et
2065 5436 2118 5487 in

555 5505 798 5583 i-riginem
824 5526 967 5563 suam
995 5507 1227 5576 spiritum
1256 5505 1419 5583 redire
1448 5507 1784 5558 (αἰώρημα.
1816 5505 1980 5556 Nimis
2006 5507 2118 5583 bar-

557 5574 680 5638 ὑαῖα
725 5589 795 5633 est
836 5591 879 5633 et
928 5574 1110 5632 vesana
1150 5574 1426 5628 crudelitas
1479 5591 1658 5626 mimus
1693 5584 1971 5628 extrcnmm
2009 5575 2118 5628 luce

479 5697 484 5701 .
557 5653 837 5705 carentibus
880 5651 1118 5702 inridere.
1165 5645 1471 5711 l’iguurius,
1511 5647 1576 5697 de
1618 5645 1797 5700 Servis
1842 5660 1958 5713 pag.
1990 5645 2115 5711 250,

559 5725 658 5774 hos
713 5736 892 5774 versus
955 5719 1197 5776 adducit,
1250 5724 1305 5767 ul.
1369 5717 1585 5782 probet,
1643 5715 1900 5782 sepulci'is
1957 5717 2116 5769 etiam

560 5789 979 5847 Christianorum
1023 5787 1139 5837 vela
1183 5785 1401 5837 candida
1450 5786 1703 5850 prtelendi
1741 5785 2116 5854 consuevisse,

2146 4650 2196 4710 D

2228 3335 2638 3392 Adhibehantur
2669 3338 2829 3389 etiam
2861 3336 3229 3406 candelae,et,
3264 3344 3321 3388 ut
3348 3350 3414 3388 ex
3453 3335 3573 3406 hoc,
3607 3337 3800 3406 hymno

2222 3407 2418 3475 liquet,
2452 3407 2635 3478 hymni
2666 3408 2746 3460 vel
2777 3408 2989 3478 psalmi.
3035 3405 3480 3478 S._llieronymus
3506 3405 3577 3478 ad
3612 3407 3799 3460 Eusto-

2221 3479 2398 3531 chium
2433 3474 2511 3530 de
2537 3478 2806 3545 epitaphio
2845 3477 3057 3532 Ponite:
3090 3474 3218 3531 Cum
3247 3474 3338 3527 alii
3372 3477 3641 3543 pontiﬁces
3677 3478 3797 3530 lant-

2221 3549 2381 3617 padas
2422 3563 2688 3614 cereusque
2731 3549 3058 3613 prie/errent,
3090 3545 3197 3617 alii
3239 3546 3448 3617 choros“
3473 3546 3797 3614 psallentium

2222 3614 2483 3671 ducerent.
2523 3619 2584 3671 Et
2612 3621 2663 3671 in
2691 3618 2805 3671 Vila
2839 3619 2984 3671 Pauli
3019 3615 3119 3670 sub
3165 3615 3363 3669 linem:
3400 3614 3637 3686 Hymnos
3681 3633 3798 3685 quo-

2221 3705 2318 3754 que
2361 3699 2405 3741 et
2451 3687 2672 3756 psalmos
2716 3689 2780 3739 de
2829 3687 3120 3740 Christiana
3169 3686 3447 3738 traditione
3499 3687 3797 3740 decantatis.

2227 3758 2406 3812 Victor
2433 3759 2683 3820 Vilensis,
2721 3759 2812 3811 lib.
2855 3772 2898 3818 ι,
2935 3757 3134 3825 aliique
3174 3756 3416 3810 eamdem
3457 3760 3801 3812 consuetudi~

2226 3843 2345 3882 nem
2393 3829 2760 3894 comprobant.
2815 3827 3039 3881 Concilii
3085 3825 3327 3880 Toletani
3377 3841 3464 3890 ιιι,
3511 3841 3686 3880 canon
3733 3827 3802 3881 2?.

2222 3908 2431 3953 exstat:
2476 3899 2845 3966 lieligiosorum
2877 3897 3104 3949 omnium
3139 3912 3355 3965 corpora
3384 3897 3471 3962 qui
3507 3897 3684 3950 divina
3716 3914 3798 3950 ro-

2223 3970 2419 4022 cutione
2458 3970 2519 4020 ab
2561 3970 2655 4018 hac
2701 3971 2802 4019 vita
2841 3967 3111 4030 recedunt,
3153 3983 3264 4018 cum
3313 3967 3523 4034 psalm’s
3575 3976 3798 4020 tantum-

2223 4041 2374 4091 modo
2407 4040 2728 4105 psallentium
2765 4038 2964 4090 vocibus
3004 4037 3189 4106 debere,
3221 4035 3290 4088 ad
3321 4035 3555 4104 sepulcra
3587 4040 3796 4106 deferri.

2227 4107 2364 4161 Nam
2413 4111 2620 4178 funebre
2665 4123 2895 4166 crrnten,
2936 4106 3067 4170 aliud
3105 4105 3258 4178 uulgo
3301 4106 3556 4176 defunctis
3589 4105 3790 4160 cantari

2222 4184 2382 4243 solet,
2415 4177 2487 4232 vel
2527 4179 2809 4246 pectoribus
2845 4194 2924 4239 se,
2968 4177 3256 4246 proximos,
3299 4187 3388 4228 aut
3434 4178 3655 4246 familias
3691 4192 3794 4229 ca:-

2223 4251 2341 4302 dere
2377 4251 2581 4303 omnino
2613 4247 2946 4313 prohibemus.
2988 4246 3185 4301 Confer
3226 4246 3422 4300 conuii.
3454 4246 3662 4301 Valent.
3705 4262 3794 4301 ait.

2225 4319 2362 4384 524,
2395 4335 2510 4384 cap.
2556 4319 2617 4382 4;
2669 4319 2911 4372 Braccar.
2957 4333 3002 4382 ι,
3039 4332 3158 4386 cap.
3209 4317 3276 4370 16
3319 4325 3374 4370 et
3420 4318 3512 4383 l7;
3561 4328 3615 4371 et
3662 4318 3797 4372 inira

2226 4403 2363 4442 vers.
2393 4392 2512 4443 115.

2294 4461 2381 4513 47.
2418 4459 2594 4512 Funus
2616 4474 2734 4512 eum
2765 4459 3012 4523 sepulcro
3046 4467 3128 4511 est
3159 4457 3318 4511 honor
3350 4457 3591 4511 ultimus:
3630 4459 3683 4511 in
3710 4474 3801 4512 ve-

2226 4531 2323 4583 teri
2367 4530 2636 4598 cpitaphio
2685 4529 2932 4597 Popilius,
2964 4527 3268 4582 Extremum
3308 4528 3524 4598 ofﬁcium
3561 4531 3802 4593 quoniam

2225 4600 2316 4652 tibi
2348 4596 2562 4655 reddere
2593 4596 3179 4670 cogor.Virgilius,‘lih.
3209 4613 3260 4651 Vl
3280 4637 3293 4659 ,
3332 4611 3472 4650 vers.
3494 4596 3623 4666 215,
3662 4611 3706 4652 et
3737 4599 3805 4651 ci-

2223 4671 2332 4723 neri
2361 4674 2562 4738 ingrato
2586 4668 2818 4738 suprema
2849 4671 3032 4733 ferebat
3066 4668 3304 4721 Illunera.

2295 4743 2381 4796 49.
2410 4741 2562 4793 Plura
2591 4740 2659 4794 de
2684 4741 2765 4792 his
2786 4740 3016 4792 diximus
3044 4739 3244 4805 proleg.
3271 4751 3415 4789 num.
3450 4737 3548 4792 156
3569 4748 3625 4791 et
3649 4755 3798 4806 seqq.

2226 4811 2404 4865 Videri
2455 4820 2673 4874 possunt
2716 4809 2971 4863 Baronius
3020 4808 3203 4862 tom.l
3249 4807 3468 4870 An'nal.,
3518 4824 3645 4875 pag.
3678 4811 3803 4872 9.58,

2226 4893 2278 4933 et
2301 4882 2357 4935 S.
2396 4881 2750 4949 Hieronymus
2779 4881 2846 4933 de
2874 4879 3019 4934 obitu
3047 4877 3299 4941 Blesillae,
3328 4876 3415 4930 ubi
3442 4880 3696 4932 meminit
3728 4897 3808 4932 ve-

2225 4951 2425 5003 lniiiinis
2451 4952 2593 5002 aurei
2626 4966 2731 5018 quo
2755 4949 3005 5003 feretrum
3035 4949 3440 5008 obtendebatur,
3486 4961 3543 5000 et
3594 4950 3652 5002 in
3689 4951 3805 5004 Vita

2226 5021 2283 5075 S.
2320 5021 2488 5082 Pauli,
2533 5020 2622 5073 ubi
2647 5022 2841 5087 pariter
2881 5029 3138 5072 memorat
3179 5028 3386 5070 auratas
3415 5027 3574 5070 vestes
3605 5020 3807 5085 quibus

2227 5091 2421 5146 mortui
2452 5091 2890 5144 ohvolvehantur.
2927 5089 3125 5156 Repete
3151 5089 3289 5141 dicta
3315 5101 3457 5140 vers.
3480 5088 3571 5152 45,
3602 5100 3661 5142 et
3687 5104 3810 5144 con-

2226 5162 2306 5215 fer
2334 5161 2588 5216 Jacobum
2615 5159 2944 5223 Gretzerum,
2974 5159 3066 5212 lib.
3096 5159 3201 5213 ide
3231 5157 3439 5211 Funere
3467 5156 3805 5224 Christiano,

2224 5247 2339 5300 cap.
2375 5233 2429 5295 5,
2463 5241 2516 5282 ιιι
2547 5230 2722 5296 plures
2750 5233 2881 5284 alios
2913 5239 3267 5300 praeteream,
3296 5230 3384 5300 qui
3429 5226 3495 5280 de
3522 5226 3808 5284 funeribus

2227 5298 2470 5422 timiverse
2501 5301 2844 5367 scripserunt,
2889 5309 2965 5357 et,
2992 5301 3090 5353 hos
3132 5298 3404 5353 Prudentii
3445 5313 3642 5351 versus
3688 5303 3806 5354 lau-

2227 5383 2435 5422 lal‘lllll.

2225 5383 2287 5424 (13
2297 5389 2389 5424 l‘llll
2399 5383 2435 5425 Ι..

2297 5443 2385 5495 53.
2421 5441 2564 5507 Ald.,
2597 5458 2674 5494 res
2711 5443 2847 5512 quod
2874 5441 2972 5494 nisi
3009 5436 3252 5495 creditur.
3301 5439 3470 5493 Codd.
3493 5455 3661 5512 mss.,
3709 5441 3810 5495 nisi

2233 5513 2371 5580 quod
2398 5528 2474 5565 res
2499 5514 2743 5565 creditur.
2772 5511 3059 5580 Utrumque
3091 5523 3260 5564 metro
3287 5511 3550 5578 congruit,
3575 5512 3677 5564 sed
3711 5514 3809 5566 hoc

2226 5593 2552 5649 postremum
2585 5585 2796 5636 suavius
2818 5592 2916 5636 est.
2949 5583 3138 5636 Nescio
3163 5597 3260 5635 cur
3290 5581 3546 5634 Cellarius
3570 5582 3808 5637 ediderit

2225 5669 2301 5704 res
2325 5655 2457 5722 qupd
2485 5654 2602 5717 nisi,
2653 5668 2881 5719 eumque
2933 5653 3326 5718 lrnnscripserit
3356 5652 3590 5714 'l'eolitts,
3651 5652 3806 5706 nttllo

2229 5738 2326 5776 nis.
2362 5724 2480 5777 c‘od.
2510 5724 2782 5791 producto.
