3950 6326
549 422 653 477 887

548 535 651 588 150
793 532 1033 587 llcvocas
1054 576 1067 600 ,
1102 532 1258 600 Deus,
1293 544 1452 604 atque
1484 535 1773 603 reformas,

795 623 1037 690 Quanam
1078 624 1296 695 regione
1321 626 1532 693 jubebis

802 716 1048 772 Animam
1073 718 1411 787 requiescere
1444 734 1629 787 puram
1654 720 1675 771 ?

728 809 946 864 Gremio
969 810 1114 863 senis
1142 808 1318 864 abdita
1352 812 1525 864 sancti

799 900 1110 964 Recubabit,
1137 910 1193 955 ut
1222 909 1306 955 est
1335 900 1561 956 Eleazar
1589 915 1603 952 :

796 994 954 1063 363
973 994 1139 1059 Quem
1172 993 1391 1047 floribus
1424 991 1658 1061 undique
1690 999 1900 1060 septum

799 1086 955 1141 Dives
985 1085 1166 1154 procul
1194 1086 1386 1155 aspicit
1414 1084 1628 1140 ardens.

730 1177 1015 1245 Sequimur
1036 1185 1124 1229 tua
1151 1176 1317 1243 dicta,
1354 1177 1704 1246 Redemptor,

800 1270 1019 1338 Quibus,
1051 1280 1163 1324 alia
1191 1286 1221 1325 e
1244 1279 1413 1324 morte
1443 1268 1792 1338 triumphans,

798 1361 908 1414 'l‘ua
940 1376 1033 1429 per
1060 1360 1276 1429 vestigia
1306 1361 1528 1414 mandas

798 1454 1011 1507 Socium
1038 1454 1211 1508 crucis
1241 1453 1316 1507 ire
1345 1453 1624 1508 latronem.

732 1544 882 1599 Patet
909 1559 1033 1599 ecce
1058 1543 1301 1598 fidelibus
1330 1544 1493 1609 ampli

803 1636 894 1689 Via
926 1635 1098 1691 lucida
1129 1636 1237 1704 jam
1264 1634 1522 1705 paradisi,

549 990 649 1047 1δὸ

552 1454 654 1508 160

1654 421 1930 477 AURELII
1970 420 2133 477 PRUI

2247 421 2333 475 TII
2372 420 2691 475 CAItMINA.
3695 409 3784 465 888

2472 536 2615 589 Licet
2640 544 2694 589 et
2722 547 2909 587 nemus
2938 531 3067 586 illud
3096 531 3263 600 adire,

2472 627 2683 681 llomini
2708 624 2849 695 quod
2880 624 3153 678 ademerat
3177 620 3387 691 anguis.

2230 715 2331 771 165
2404 716 2535 780 Illic,
2568 730 2782 783 precor,
2809 714 3010 784 optime
3038 712 3247 778 ductor,

2476 807 2750 861 Famulam
2787 806 2880 860 tibi
2911 804 3143 874 praecipe
3172 812 3405 858 mentem

2479 896 2705 953 Genitali
2739 898 2790 951 in
2824 896 2952 951 sede
2987 895 3210 960 sacrari,

2480 988 2647 1056 Quam
2680 988 2904 1058 liquerat
2925 988 3102 1055 exsul,
3133 996 3189 1044 et
3215 1002 3424 1043 errans.

2412 1078 2521 1133 Nos
2547 1055 3020 1135 tecta‘fovebimus
3048 1093 3169 1134 ossa

2490 1169 2674 1233 Violis,
2710 1177 2764 1223 et
2790 1168 2979 1223 fronde
3008 1168 3272 1237 frequenti
3301 1188 3311 1220 :

2486 1260 2648 1331 364
2676 1260 3037 1331 Titulumque,
3066 1270 3121 1315 et
3150 1262 3334 1331 frigida
3362 1277 3491 1317 saxa

2482 1351 2703 1422 Liquida
2724 1366 3035 1422 Spargemus
3063 1352 3246 1407 odore.

2344 1488 2432 1542 XI.
2468 1486 2746 1542 II'I'MNUS
2775 1484 2889 1541 VIII
2920 1484 3285 1541 KALENDAS
3306 1484 3704 1542 JANUAMIAS.

2239 1168 2340 1221 170

2485 1627 2621 1693 Quid
2649 1636 2751 1695 est,
2779 1626 2920 1696 quod
2948 1635 3153 1681 arctum
3181 1627 3442 1682 circulum

1847 1718 2131 1779 GLOSSJE
2171 1719 2508 1775 VETERES.

629 1822 750 1874 152.
793 1821 1170 1889 Requiescere,
1202 1835 1357 1888 usque
1385 1818 1452 1872 ad
1480 1817 1914 1880 resurrectionem,
1944 1817 1985 1871 Ι.

627 1891 745 1947 155.
776 1892 950 1948 Senis.
983 1890 1265 1955 Abraham,
1296 1890 1335 1943 I.
1674 1894 1681 1900 ’

623 1963 748 2016 154.
782 1963 1020 2024 Eleazar,
1052 1961 1137 2025 qui
1159 1969 1203 2013 et
1237 1962 1495 2025 Lazarus,
1520 1960 1557 2014 l.
1595 1958 1819 2014 Lazarus
1845 1957 2128 2022 mendicus,

558 2031 676 2085 Vat.
712 2034 772 2085 Α.

628 2103 751 2157 166.
785 2101 1078 2167 Fanmlam,
1111 2101 1464 2170 famulantem,
1497 2101 1595 2155 lso.

629 2174 751 2227 169.
788 2172 1130 2231 Fovebimus,
1160 2188 1419 2236 orm-mus,
1450 2174 1549 2224 ISt).

626 2244 748 2296 171.
780 2243 1035 2301 Titulum,
1065 2243 1398 2309 epitaphium,
1431 2242 1468 2294 Ι.

629 2315 750 2367 172.
783 2313 985 2374 Odore,
1013 2311 1185 2370 odore,
1212 2312 1286 2362 vel
1314 2311 1542 2363 adodore
1570 2309 1717 2375 (lege
1745 2311 1901 2363 adora
1921 2310 1959 2379 ).
1991 2310 2137 2362 Ador

560 2394 630 2439 est
652 2399 807 2453 genus
826 2382 1001 2449 farris,
1035 2381 1168 2449 quod
1196 2381 1247 2432 in
1274 2380 1540 2446 sacri/iciis
1567 2382 1778 2433 deorum
1804 2382 2084 2449 ponebatur
2118 2394 2134 2429 :

2159 1820 2207 1879 B
2234 1814 2362 1866 venit
2401 1823 2569 1865 autem
2591 1829 2623 1864 a
2657 1811 2802 1865 verba
2848 1827 3042 1877 ADORO,
3073 1812 3208 1866 unde
3235 1810 3560 1881 producitur.
3594 1812 3695 1867 Sed
3716 1812 3801 1865 alia

2238 1884 2415 1953 regula
2446 1892 2714 1953 repugnat,
2746 1900 2860 1935 nam
2893 1885 3064 1936 omnia
3115 1885 3321 1936 nomina
3350 1884 3521 1935 neutri
3548 1884 3737 1951 generis
3760 1884 3804 1935 in

2239 1970 2301 2007 or
2348 1954 2628 2006 desinentia
2678 1953 2957 2022 corripiunt
3017 1968 3100 2020 or,
3126 1964 3179 2007 ut
3232 1968 3477 2017 marmor,
3533 1953 3804 2017 marmoris,

2241 2040 2437 2092 wquor,
2468 2025 2706 2091 sequaris.
2744 2022 2899 2095 Hisce
2940 2040 3060 2095 ergo
3083 2024 3270 2095 regulis
3300 2023 3515 2076 invicem
3541 2038 3806 2095 repugnau-

2242 2096 2373 2148 tibus
2404 2096 2589 2147 mansit
2621 2092 2978 2146 indeclinabile
3006 2092 3166 2158 Αυοα,
3195 2094 3311 2147 Vat.
3338 2095 3403 2147 A.

2318 2169 2367 2220 1.
2392 2164 2528 2231 Quid
2560 2174 2662 2225 est,
2691 2164 2838 2233 quasi
2877 2164 3102 2217 nesciens
3147 2165 3427 2234 interrogat
3454 2167 3708 2232 quomodo
3744 2166 3808 2218 sol

2243 2236 2305 2290 ab
2336 2236 2555 2289 australi
2597 2234 2788 2287 circulo
2815 2235 2882 2286 ad
2926 2235 3368 2302 septentrionalem
3400 2236 3716 2288 ascendendo
3740 2251 3808 2287 re-

2244 2308 2525 2430 τιννὶιᾸ-υ-
2557 2307 2770 2359 Arctum
2796 2346 2809 2367 ,
2857 2305 3047 2359 brevem
3071 2346 3085 2367 ,
3140 2304 3455 2373 brumalem,
3511 2310 3774 2361 australem
3794 2347 3807 2372 ,

2296 2387 2367 2429 at.
2457 2416 2468 2428 .

2296 2387 2367 2429 at.
2404 2380 2468 2431 A.

1890 2468 2257 2527 COMMENTA
2272 2468 2445 2524 RIUS.

635 2569 754 2624 155.
807 2568 950 2633 Put.,
986 2566 1149 2634 Bong.
1193 2574 1247 2619 et
1292 2564 1480 2627 Palat.,
1517 2563 1729 2626 addita;
1771 2563 1911 2633 quod
1962 2562 2131 2617 tenuit

562 2640 833 2703 lleinsius,
863 2647 919 2692 et
946 2653 1067 2692 cmn
1091 2635 1308 2690 Heinsio
1331 2635 1566 2689 ’l‘eolius.
1594 2634 1781 2687 Abdita
1821 2634 1989 2703 magis
2020 2634 2128 2700 pla-

560 2722 666 2776 cet,
707 2702 848 2773 quod
892 2718 1067 2763 exstat
1094 2707 1150 2760 in
1186 2707 1453 2775 plerisque
1500 2720 1653 2772 mss.,
1684 2713 1739 2759 et
1771 2702 2125 2770 Ald.,Fabr.,

563 2780 701 2844 Gis.,
724 2779 892 2834 Weit.
912 2780 1157 2845 aliistlue.

634 2850 754 2905 151.
780 2849 941 2903 Vat.I
973 2866 1002 2905 a
1034 2846 1265 2903 secunda
1297 2862 1477 2913 manu,
1512 2846 1725 2906 Weitz..
1753 2844 1865 2903 Gis.
1899 2847 1925 2900 1
1972 2844 2128 2913 cdit.,

566 2920 860 2983 Recubabit,
888 2930 943 2973 ut
968 2920 1059 2973 illa
1081 2918 1291 2972 Lazari.
1317 2919 1498 2981 Aldus,
1526 2918 1696 2971 nostri
1724 2916 1907 2980 codd.,
1940 2929 2129 2969 omnes

565 2990 836 3046 IIeinsiani
870 3000 1066 3060 praeter
1100 2989 1244 3060 l’ut.,
1276 2988 1459 3052 Fabr.,
1490 2989 1757 3060 Termes,
1792 2997 1846 3041 et
1875 2995 1931 3040 ut
1964 2985 2131 3060 Weit-g

561 3060 643 3114 zio
670 3055 1118 3126 visum,’Widm.,
1170 3058 1481 3123 Recubabit,
1518 3068 1570 3111 ut
1594 3069 1663 3110 est
1714 3058 1959 3121 Eleazar;
1988 3055 2129 3123 quod

2310 2561 2362 2615 ln
2413 2560 2793 2616 vetustiSsimis
2837 2560 2993 2615 codd.
3048 2558 3194 2624 Put.,
3240 2559 3367 2622 Οι..
3399 2560 3557 2625 Man,
3593 2561 3733 2629 νει,
3772 2561 3807 2615 Β

2236 2648 2325 2685 vm
2371 2633 2474 2685 kal.
2505 2631 2631 2685 Jan.
2662 2632 2846 2684 titulus
2891 2639 2972 2701 est
3018 2630 3173 2701 hujus
3211 2630 3425 2701 hymni,
3456 2648 3618 2700 quem
3665 2633 3810 2687 Aldus

2234 2704 2431 2770 aliique
2476 2710 2881 2772 expresserunt.
2918 2700 3061 2761 Vat.,
3095 2700 3159 2761 A,
3208 2700 3330 2768 Eg.,
3374 2701 3549 2768 Rott.,
3590 2702 3809 2772 Hymnus

2235 2774 2421 2825 natalis
2463 2772 2687 2826 Domini.
2715 2771 2818 2827 Alii
2861 2780 3143 2839 utrumque
3174 2772 3385 2825 titulum
3408 2771 3807 2841 coniunxerunt,

2235 2845 2439 2897 scilicet
2480 2842 2695 2905 Weitz.,
2728 2841 2888 2897 Fahr.
2919 2842 2998 2911 hL
3005 2841 3123 2895 Vat.
3155 2841 3193 2894 Β
3224 2850 3346 2910 post
3386 2842 3645 2911 hymnum
3690 2860 3811 2911 pra:-

2239 2914 2515 2967 cedcntem
2551 2915 2628 2967 sic
2670 2916 2926 2980 sequitur,
2952 2909 3095 2964 Finit
3118 2909 3242 2964 liber
3260 2909 3456 2981 primus
3499 2909 3809 2981 hymnorum.

2243 2981 2429 3052 Incipit
2449 2983 2572 3036 liber
2598 2981 3022 3052 Peristephanon.
3047 2983 3174 3036 Post
3200 2981 3461 3052 hymnum
3482 2999 3611 3037 vero
3638 2984 3695 3039 S.
3720 2983 3813 3038 Ro-

2241 3048 2383 3123 mani
2408 3053 2605 3123 Aurelii
2635 3048 2903 3107 Prudentii
2927 3048 3450 3123 Clementis._'lncipit
3491 3053 3709 3123 hymnus
3728 3070 3809 3109 vnt

563 3134 731 3202 magis
751 3131 816 3185 ad
844 3118 1117 3202 rationem
1133 3130 1406 3202 metricam
1425 3118 1650 3202 accedit.
1686 3126 1798 3181 Gis.
1828 3128 1862 3180 2
1884 3118 2023 3202 edit.
2045 3142 2139 3181 ne-
2167 3183 2211 3202 η
2243 3122 2365 3202 l_t'al.
2393 3121 2654 3202 Januarii.
2696 3123 2785 3202 Sic
2803 3121 3001 3202 _omnia
3049 3122 3100 3202 in
3140 3121 3323 3175 codice
3354 3118 3604 3202 lllarieiti,
3636 3126 3686 3179 in
3716 3140 3812 3195 quo

562 3183 857 3256 scio’nnde
876 3183 1356 3262 tra—xitllecubabit,
1380 3183 1554 3253 abiest
1578 3198 1814 3265 Eleazar,
1842 3196 1982 3267 quod
2016 3211 2137 3266 pro-
2163 3183 2211 3247 C
2241 3193 2435 3249 desunt
2463 3195 2553 3249 alii
2588 3193 2769 3263 hymni
2797 3192 3219 3267 Qatltemerinmn
3238 3203 3446 3267 praeter
3472 3183 3619 3267 hunc
3649 3205 3708 3249 et
3731 3183 3811 3249 se-

564 3275 768 3334 harem,
803 3272 845 3325 si
902 3285 1032 3325 mss.
1082 3269 1342 3324 faverent.
1375 3270 1584 3331 tlham.,
1612 3268 1746 3322 Ccll.
1787 3278 1841 3321 et
1869 3267 2016 3321 'l‘col.
2049 3281 2140 3322 se-

564 3342 675 3395 cuti
716 3350 839 3394 sunt
882 3341 1186 3404 Heinsium,
1228 3352 1283 3392 et
1312 3350 1498 3392 contra
1532 3347 1762 3392 metrum
1807 3338 2132 3405 ediderunt,

568 3409 841 3464 Recubabit
857 3450 871 3472 ,
896 3423 949 3462 ut
989 3410 1081 3462 illa
1108 3409 1314 3461 Lazari.

638 3480 759 3535 158.
800 3480 919 3534 Ald.
949 3521 963 3539 ,
1002 3479 1186 3544 Nebr.,
1244 3477 1424 3544 Fabr.,
1486 3478 1663 3545 Egm.,
1723 3478 1910 3547 Bong.,
1955 3478 2137 3534 Oxon.

565 3550 759 3620 aliique
788 3552 894 3603 duo
924 3549 1217 3620 Heinsiani,
1251 3547 1438 3620 priscae
1469 3548 1753 3620 editiones,
1781 3559 1891 3601 atra
1936 3558 2139 3610 morte;

566 3618 702 3687 Gis.,
738 3621 917 3675 Ileins.
950 3636 1068 3673 cum
1099 3618 1212 3674 suis
1256 3618 1490 3683 optimis,
1538 3618 1718 3687 Prag.,
1759 3628 1873 3671 atra
1902 3635 1928 3671 e
1957 3628 2135 3672 morte.

570 3695 624 3745 tn
661 3694 776 3746 Vat.
813 3696 852 3745 A
883 3690 1118 3745 additum
1150 3698 1265 3744 erat
1291 3705 1339 3750 e.
1367 3697 1422 3741 ut
1458 3700 1603 3743 esset
1631 3702 1743 3742 ana
1770 3705 1796 3742 e
1835 3701 2012 3755 morte,
2045 3689 2137 3743 sed

564 3778 753 3816 rursus
784 3763 1054 3821 inductum
1084 3770 1201 3816 erat
1238 3776 1282 3812 e.
1318 3760 1433 3812 Vat.
1464 3758 1505 3812 Β
1533 3775 1559 3811 a
1595 3762 1764 3829 prima
1794 3775 1973 3826 manu,
2007 3770 2137 3825 atre,

565 3848 592 3885 a
620 3833 850 3887 secunda
876 3848 1033 3887 manu
1058 3842 1171 3886 atra
1197 3848 1241 3883 e.
1280 3829 1396 3883 Put.
1421 3830 1720 3899 triumphas.

639 3905 762 3957 159.
792 3903 1124 3968 Oxon.,Vat.
1157 3902 1244 3955 Ba
1275 3903 1441 3969 prima
1473 3916 1651 3964 manu,
1685 3902 1953 3958 mandans.
1979 3900 2141 3954 Eum-

567 3973 687 4026 dem
719 3976 891 4027 locum
925 3974 1171 4040 intelligit
1202 3979 1353 4039 poeta
1383 3985 1502 4024 esse
1529 3972 1703 4024 sinum
1723 3972 1951 4026 Abrahae
1979 3980 2138 4039 etpa-

569 4043 825 4104 radisum,
856 4058 962 4109 quo
990 4058 1019 4095 a
1044 4043 1257 4095 Christo
1278 4041 1414 4094 latro
1438 4041 1721 4107 perductus
1750 4052 1852 4095 est.

642 4112 760 4164 164.
798 4112 938 4174 Rau,
970 4128 1074 4165 nun
1119 4112 1279 4176 male,
1310 4111 1582 4171 hominem,
1622 4111 1692 4164 ita
1732 4112 1939 4165 duobus
1969 4112 2137 4166 versi-

569 4180 666 4232 hus
707 4181 987 4243 distinctis,
1021 4180 1156 4233 Licet
1188 4189 1233 4232 et
1277 4196 1455 4233 nemus
1484 4180 1614 4233 illud
1653 4182 1795 4235 adire
1840 4181 2136 4249 Hominem,

565 4250 701 4318 quod
729 4252 985 4303 ademerat
1012 4250 1213 4319 anguis.

638 4318 760 4389 165.
793 4322 939 4387 Altl.,
972 4318 1105 4385 Gis.,
1136 4319 1293 4383 1ed.,
1317 4320 1676 4389 illud,precor.

641 4388 761 4443 170.
795 4390 951 4454 Fab.,
982 4390 1092 4443 Gis.
1123 4390 1211 4443 ed.
1243 4391 1278 4443 Ξ
1303 4388 1524 4452 diserte,
1550 4391 1733 4459 fronde
1774 4391 2017 4459 sequenti,
2045 4406 2137 4445 nc-

566 4475 671 4527 que
704 4462 945 4525 mutavit,
980 4475 1099 4513 cum
1122 4460 1410 4513 editionem
1436 4460 1573 4513 hanc
1594 4460 2133 4524 corrcxitchinsius,

566 4534 651 4596 qui
676 4530 968 4585 Giselinum
998 4545 1143 4598 sequi
1167 4530 1326 4590 solet,
1350 4530 1438 4582 ubi
1468 4545 1526 4583 se
1547 4529 1614 4581 ah
1640 4542 1705 4582 co
1727 4531 2002 4583 discedere
2030 4547 2134 4585 non

565 4610 763 4663 monet,
787 4603 887 4655 hoc
917 4601 1032 4673 loco
1054 4600 1192 4673 legit
1216 4600 1399 4673 fronde
1418 4600 1684 4673 frequenti,
1722 4599 1813 4673 sed
1858 4601 1983 4673 nihil
2010 4617 2137 4655 con-

569 4682 643 4724 tra
695 4672 1015 4726 observavit.
1054 4670 1247 4725 Verum
1301 4671 1503 4729 caeteri.
1554 4679 1607 4725 et
1633 4671 1744 4737 ipse
1774 4670 1888 4725 Gis.
1921 4671 1942 4724 1
1981 4673 2133 4735 edin,

564 4742 747 4811 fronde
776 4743 1045 4812 frequenti.
1076 4742 1261 4795 l’osset
1304 4741 1494 4810 conjici
1542 4742 1753 4805 recenti,
1801 4741 1940 4810 quod
1973 4743 2133 4797 etiam

564 4828 615 4864 tn
646 4811 879 4867 mentem
907 4814 1053 4867 venit
1080 4813 1403 4877 Burmanno,
1424 4824 1553 4866 tom.
1584 4811 1599 4864 Ι
1629 4812 1848 4866 Anthol.
1875 4827 1991 4881 pag.
2010 4814 2132 4878 755;

563 4884 657 4937 sed
709 4884 933 4938 fortasse
978 4893 1127 4951 poeta
1178 4883 1369 4943 innuit,
1398 4899 1518 4937 eum
1573 4884 1828 4937 honorem
1875 4885 2135 4949 sepulcris

561 4967 706 5019 saepe
744 4962 797 5009 et
842 4954 1146 5021 frequenter
1178 4954 1381 5007 haberi.
1418 4954 1490 5007 De
1524 4954 1605 5005 his
1653 4953 1896 5007 funerum
1946 4954 2135 5007 ritilius

558 5023 680 5075 vide
702 5026 904 5093 proleg.
926 5039 1070 5076 num.
1087 5026 1209 5089 157,
1233 5024 1365 5089 158;
1392 5023 1701 5086 Baronium,
1725 5032 1853 5077 tom.
1876 5023 1889 5075 I
1913 5024 2131 5090 Aunal.,

560 5108 679 5160 pag.
728 5094 863 5157 238;
915 5093 1355 5159 Kirchmannum,
1402 5093 1469 5148 de
1517 5094 1811 5148 Funeribus
1845 5110 1962 5162 pag.
1995 5094 2131 5157 58t;

558 5163 806 5233 Carolum
838 5163 1146 5219 Paschalem
1177 5164 1244 5219 de
1264 5166 1509 5229 Coronis,
1537 5164 1772 5233 aliosque
1802 5164 2129 5217 innumeros.

632 5232 753 5285 171.
786 5232 860 5287 De
907 5234 1054 5303 titulo
1103 5235 1248 5300 phtra
1300 5234 1470 5288 dicam
1519 5234 1583 5287 ad
1626 5232 1767 5289 vers.
1815 5233 1920 5286 592
1950 5233 2132 5303 hymni

559 5302 928 5374 S.V'incentii,
963 5302 1288 5374 Titulumque
1334 5306 1457 5372 ﬁgat
1506 5305 1767 5373 martyris.
1820 5304 1923 5356 Pro
1967 5304 2135 5372 epita-

565 5373 688 5439 phio
716 5375 945 5428 sumitur
971 5374 1070 5427 hoc
1103 5374 1250 5439 loco;
1281 5390 1385 5442 quo
1408 5390 1568 5430 sensu
1595 5386 1717 5443 apte
1747 5374 1929 5428 titulus
1959 5373 2131 5429 crucis

561 5445 852 5500 Salvatoris
881 5460 945 5501 eo
966 5446 1183 5499 nomine
1204 5445 1453 5500 donatur.

629 5515 757 5585 172.
786 5517 1121 5585 Unguentum
1154 5516 1392 5584 intelligo
1434 5516 1680 5585 liquidum
1726 5515 1951 5568 odorem.
1994 5512 2134 5568 Cha-

557 5583 833 5637 millardus
872 5583 1019 5641 certe
1049 5583 1395 5651 non.erravit,
1428 5583 1553 5638 dum
1599 5585 1792 5653 liquido
1838 5586 1993 5637 odore
2040 5599 2134 5651 per

552 5653 739 5724 eadem
769 5656 928 5724 verba
954 5657 1332 5724 interpretatus
1360 5667 1462 5711 est.
1479 5656 1609 5708 Vide
1626 5656 1829 5723 proleg.
1850 5654 2132 5709 num.159.

551 5720 701 5794 ξζυιη
728 5723 865 5785 Alt.,
896 5726 1070 5779 Oxon.
1096 5720 1168 5778 'ad
1198 5740 1368 5791 oram,
1398 5728 1553 5779 Alex.
1581 5739 1676 5788 pro
1701 5720 1898 5779 alivvers.
1922 5725 2130 5794 script.,

558 5788 669 5862 Yat.
706 5794 773 5855 ρ,
801 5793 1306 5862 σάρνειῃθτρεωηὶ,
1338 5788 1434 5862 pro
1474 5795 1650 5843 odore.
1678 5794 1863 5846 (ilossa
1897 5788 2047 5860 falsa,
2080 5788 2133 5854 et

551 5860 729 5935 inepta
751 5870 851 5916 est.
884 5860 938 5917 ltt
964 5861 1077 5916 Val.
1112 5865 1150 5932 1,
1186 5860 1472 5919 [θ’ἱηὶιῖἕὺει·
1501 5862 1823 5929 hymnorum.

2242 3272 2516 3334 quentem,
2548 3272 2732 3333 utpote
2764 3263 2881 3334 alio
2927 3263 3045 3317 loco
3074 3277 3103 3315 a
3146 3264 3527 3318 cathemerinis
3568 3264 3811 3320 disﬁncto

2240 3333 2605 3406 conservatos,
2637 3336 2688 3389 in
2733 3333 2877 3406 vatt.
2916 3338 2953 3387 A
2985 3341 3041 3388 et
3065 3334 3336 3406 Qkpa_riter
3382 3334 3436 3406 hi
3485 3335 3616 3406 duo,
3640 3336 3811 3406 hymni

2241 3404 2572 3459 collocantur
2620 3413 2740 3474 post
2792 3404 3045 3474 hymnum
3098 3403 3157 3458 S.
3186 3402 3432 3459 Romani.
3483 3404 3541 3458 In
3594 3402 3718 3461 Ret.
3761 3416 3809 3460 et

2241 3474 2424 3557 Ncms.
2448 3473 2702 3557 claudunt
2721 3473 2911 3557 αδηερε]
2942 3473 3060 3557 libri
3092 3474 3519 3557 Peristepliansm
3550 3486 3673 3544 post
3702 3492 3811 3557 pas-

2241 3545 2445 3598 sionem
2474 3544 2531 3618 S_.
2555 3544 2797 3618 Romani.
2820 3544 3080 3618 Equidem
3108 3544 3343 3618 puto,ita
3356 3545 3547 3601 fecisse
3572 3544 3810 3618 exscrip-

2244 3624 2407 3681 tores,
2440 3616 2529 3682 qui
2569 3630 2688 3668 cum
2739 3616 3062 3685 hymnos-dc
3109 3616 3394 3683 Tempore,
3427 3626 3485 3669 ut
3531 3616 3807 3685 vocabant,

2242 3685 2550 3759 abhymnis
2579 3685 2646 3740 de
2676 3684 2887 3759 Sanctis
2913 3684 3234 3759 dividerent,
3265 3686 3401 3759 d_uos
3426 3686 3541 3759 hos
3568 3684 3809 3759 hymnos,

2243 3757 2434 3825 quibus
2466 3757 2595 3810 festa
2625 3756 2817 3809 natalis
2843 3764 2897 3810 et
2931 3756 3238 3823 Epiphania
3291 3756 3496 3811 Domini
3541 3756 3812 3813 celebran-

2245 3835 2348 3897 t_ur,
2381 3827 2547 3895 magis
2580 3826 2644 3880 ad
2690 3826 2917 3897 hymnos
2956 3826 3025 3897 de
3069 3826 3279 3897 Sanctis
3307 3842 3464 3894 quam
3495 3828 3560 3881 ad
3592 3830 3727 3883 alios
3750 3829 3810 3884 de

2242 3895 2507 3964 Tempore
2532 3895 2776 3966 spectare
2804 3896 3007 3966 opinati
3035 3904 3177 3950 sunt.
3202 3896 3315 3950 Non
3350 3906 3524 3951 tamen
3556 3898 3714 3954 valde
3734 3915 3809 3953 re-

2244 3967 2511 4036 pugnabo,
2536 3965 2577 4037 si
2601 3968 2719 4037 quis
2748 3965 3135 4030 contendat,ab
3165 3967 3281 4035 ipso
3310 3977 3527 4022 auctore
3555 3968 3657 4023 hos
3686 3970 3812 4024 duos

2246 4039 2475 4106 hymnos
2524 4036 2689 4092 fuisse
2730 4052 2760 4091 a
2807 4037 3186 4092 cathemerinis
3231 4048 3528 4107 separatos,
3574 4055 3643 4094 ex
3688 4049 3809 4095 vett.

2242 4107 2402 4163 codd.
2431 4110 2764 4163 auctoritate.
2794 4108 2942 4161 Hune
2971 4107 3222 4178 hymnum
3255 4108 3310 4162 in
3342 4109 3525 4177 paucis
3544 4125 3813 4164 commen-

2244 4178 2335 4231 dat
2362 4178 2615 4243 Crinitns,
2647 4189 2702 4234 et
2744 4178 2995 4244 peculiari
3039 4182 3425 4233 commentario
3467 4179 3710 4233 Erasmus
3757 4191 3812 4233 et

2242 4252 2510 4317 Augustus
2545 4250 2855 4304 Buelmerus
2885 4248 3231 4302 illustrarunt.
3263 4249 3563 4303 Buchncrus
3604 4253 3655 4303 in
3683 4264 3816 4304 con-

2241 4330 2424 4386 spectu
2467 4319 2719 4374 carminis
2741 4320 2853 4374 hate
2890 4318 3083 4390 habet:
3116 4317 3395 4389 Egregium
3420 4322 3547 4373 illud
3569 4336 3629 4373 ac
3668 4322 3817 4390 plane

2242 4390 2470 4462 divinum
2497 4390 2618 4460 (hoc
2645 4390 2904 4457 carmen).
2937 4387 3036 4442 Cui
3064 4404 3226 4458 neque
3256 4387 3333 4442 ad
3358 4390 3592 4443 dictionis
3615 4387 3820 4462 elegan-

2243 4460 2386 4526 tiam,
2430 4477 2518 4514 nec
2563 4463 2953 4515 concinnitatem
3000 4472 3354 4524 numerorum,
3386 4469 3493 4513 tum
3522 4460 3819 4516 inventionis

2242 4547 2456 4585 acumen
2496 4543 2645 4600 atque
2695 4534 2956 4601 ingenium
3002 4529 3279 4599 quidquam
3336 4531 3472 4584 deest
3523 4548 3540 4585 :
3586 4536 3820 4601 quodque

2243 4603 2452 4670 perinde
2474 4614 2529 4655 ut
2575 4613 2754 4655 cratera
2800 4603 3041 4671 pleraque
3087 4602 3427 4670 principatum
3467 4612 3646 4658 nostra
3676 4605 3820 4671 facile

2243 4684 2455 4735 asserat,
2488 4688 2635 4742 quem
2677 4671 3084 4744 Christianorum
3126 4683 3391 4744 poetarum
3428 4673 3528 4743 ipsi
3561 4676 3684 4744 jam
3730 4677 3823 4727 dn-

2242 4744 2364 4795 dum
2394 4740 2579 4796 summi
2605 4742 2778 4796 διεδηιὶ
2807 4743 2899 4794 viri
2931 4740 3284 4795 attribuerunt.
3310 4740 3457 4796 Post
3482 4740 3820 4800 Buchnerum

2240 4822 2631 4867 commentatus
2671 4823 2753 4868 est
2798 4812 2939 4865 hunc
2986 4812 3239 4880 hymnum
3271 4811 3516 4867 Andreas
3563 4816 3824 4870 Mollerus

2242 4883 2522 4949 l’cgavins,
2556 4884 2646 4952 qui
2685 4884 2883 4938 multus
2907 4890 2988 4952 est
3016 4883 3067 4935 in
3102 4881 3450 4949 inscriptione
3498 4883 3822 4940 illustranda

2240 4952 2322 5005 Ad
2346 4953 2479 5005 diem
2525 4951 2615 5007 vni
2653 4954 2891 5007 calendas
2931 4951 3229 5015 Ianuarius,
3263 4954 3356 5007 sed
3382 4953 3559 5020 potius
3585 4960 3826 5012 scribere

2239 5021 2422 5098 debuit
2449 5041 2498 5078 a.
2532 5026 2584 5077 d.
2618 5025 2841 5098 hoc_est,
2869 5034 2985 5076 ante
3014 5024 3167 5086 diem,
3198 5038 3413 5098 name:
3448 5024 3534 5098 his
3563 5042 3827 5098 commn-

2240 5092 2342 5146 diis
2373 5095 2666 5149 litterarmn
2718 5096 2912 5147 factum
2962 5101 3063 5160 est,
3097 5101 3154 5145 ut
3185 5093 3343 5158 aliqui
3386 5092 3714 5152 scriberent'
3740 5102 3823 5152 ad.

2238 5162 2385 5218 Idem
2415 5165 2722 5219 Buelmerus
2743 5164 3035 5227 contendit,
3054 5163 3392 5233 scribendum
3425 5165 3689 5233 calenda’,
3725 5185 3827 5223 non

2238 5233 2489 5306 kalendas,
2522 5236 2589 5289 de
2617 5250 2719 5304 qua
2764 5232 3126 5306 controversia
3172 5234 3582 5306 orthographica
3648 5232 3829 5306 plures

2238 5303 2326 5357 alii
2349 5315 2531 5375 agunt.
2563 5306 2841 5370 Baronius,
2872 5304 3087 5374 Martyr.
3120 5318 3238 5374 pag.
3270 5304 3305 5357 2
3335 5306 3399 5359 ad
3430 5303 3591 5363 diem
3626 5303 3661 5362 1'
3683 5312 3826 5373 Jan.,

2239 5375 2442 5440 primos
2471 5390 2657 5430 versus
2684 5375 2885 5436 laudat.
2913 5375 3053 5444 quod
3084 5375 3266 5430 divino
3293 5377 3452 5445 plane
3479 5381 3722 5438 consilio
3745 5400 3831 5435 ac-

2238 5445 2451 5517 ciderit,
2484 5455 2542 5517 ut
2587 5446 2774 5501 eodem
2807 5447 2981 5517 ferme,
3001 5455 3241 5513 tempore
3267 5458 3476 5517 uterque
3504 5452 3583 5504 sol
3612 5454 3828 5508 diversa

2239 5516 2355 5591 luce
2385 5516 2501 5591 orbi
2552 5526 2814 5591 terrarum
2863 5516 3143 5591 allulserit.
3176 5516 3417 5591 Scaliger
3460 5522 3715 5591 putabat,
3742 5540 3829 5577 ne-

2240 5586 2435 5641 minem
2476 5587 2759 5641 Ambrosio
2786 5597 2839 5642 et
2885 5586 3193 5657 Prudentio-
3220 5586 3573 5657 antiquiorem
3610 5586 3832 5649 Domini

2240 5660 2470 5727 natalem
2498 5657 2639 5711 diem
2670 5658 2970 5727 assignasse
2998 5673 3095 5727 vni
3124 5656 3230 5712 kal.
3253 5656 3397 5724 Jan},
3432 5662 3545 5715 sive
3571 5662 3651 5716 25
3700 5665 3829 5719 Dec.

2242 5726 2433 5781 Verum
2492 5728 2732 5796 ejusdem
2783 5726 3005 5781 nataliLii
3069 5726 3169 5783 diei
3215 5731 3458 5785 meminit
3513 5732 3835 5791 Victorinus

2237 5800 2519 5865 episcOpus
2540 5797 2885 5852 Pietaviensis
2909 5799 2959 5852 in
2991 5800 3228 5853 carmine
3254 5801 3322 5855 de
3350 5801 3479 5859 Jesu
3505 5802 3620 5858 Deo
3651 5819 3710 5863 et
3741 5808 3836 5861 ho-

2239 5866 2400 5935 mine,
2435 5868 2522 5938 qui
2556 5876 2677 5922 ante
2703 5867 3109 5937 Constantinum
3153 5869 3399 5930 ﬂoruisse
3442 5873 3667 5931 dicitur.
3704 5880 3833 5935 Sca-
