  <div class='ocr_page' id='page_1' title='image "/cluster/home/n/w/nwhite01/storage/ocr_20150623/59/hvd.32044073505257/521.png"; bbox 0 0 3950 6326; ppageno 0'>
   <div class='ocr_carea' id='block_1_1' title="bbox 497 367 3741 436">
    <p class='ocr_par' dir='ltr' id='par_1_1' title="bbox 497 367 3741 436">
     <span class='ocr_line' id='line_1_1' title="bbox 497 367 3741 436; baseline -0.003 0"><span class='ocrx_word' id='word_1_1' title='bbox 497 380 592 436; x_wconf 73' lang='lat' dir='ltr'><strong>89d</strong></span> <span class='ocrx_word' id='word_1_2' title='bbox 1593 371 1862 430; x_wconf 78' lang='lat' dir='ltr'><strong>AURELII</strong></span> <span class='ocrx_word' id='word_1_3' title='bbox 1901 367 2265 427; x_wconf 76' lang='lat' dir='ltr'><strong>PRUDENTII</strong></span> <span class='ocrx_word' id='word_1_4' title='bbox 2303 368 2626 428; x_wconf 71' lang='lat' dir='ltr'><strong>CARMlNA.</strong></span> <span class='ocrx_word' id='word_1_5' title='bbox 3648 369 3741 428; x_wconf 68' lang='grc' dir='ltr'><strong>δοξ</strong></span> 
     </span>
    </p>
   </div>
   <div class='ocr_carea' id='block_1_2' title="bbox 739 482 1722 555">
    <p class='ocr_par' dir='ltr' id='par_1_2' title="bbox 739 482 1722 555">
     <span class='ocr_line' id='line_1_2' title="bbox 739 482 1722 555; baseline -0.001 -18"><span class='ocrx_word' id='word_1_6' title='bbox 739 485 895 555; x_wconf 76' lang='lat'><strong>367</strong></span> <span class='ocrx_word' id='word_1_7' title='bbox 926 482 1130 538; x_wconf 83' lang='lat' dir='ltr'><strong>Tamen</strong></span> <span class='ocrx_word' id='word_1_8' title='bbox 1151 493 1383 553; x_wconf 83' lang='lat' dir='ltr'><strong>paterno</strong></span> <span class='ocrx_word' id='word_1_9' title='bbox 1423 482 1474 536; x_wconf 90' lang='lat' dir='ltr'><strong>in</strong></span> <span class='ocrx_word' id='word_1_10' title='bbox 1504 490 1722 551; x_wconf 88' lang='lat' dir='ltr'><strong>pectore</strong></span> 
     </span>
    </p>
   </div>
   <div class='ocr_carea' id='block_1_3' title="bbox 532 573 1396 644">
    <p class='ocr_par' dir='ltr' id='par_1_3' title="bbox 532 573 1396 644">
     <span class='ocr_line' id='line_1_3' title="bbox 532 573 1396 644; baseline 0 -16"><span class='ocrx_word' id='word_1_11' title='bbox 532 578 600 629; x_wconf 71' lang='lat'><strong>20</strong></span> <span class='ocrx_word' id='word_1_12' title='bbox 745 574 942 644; x_wconf 84' lang='lat' dir='ltr'><strong>Sophia</strong></span> <span class='ocrx_word' id='word_1_13' title='bbox 972 573 1201 628; x_wconf 83' lang='lat' dir='ltr'><strong>callebas</strong></span> <span class='ocrx_word' id='word_1_14' title='bbox 1230 575 1396 644; x_wconf 90' lang='lat' dir='ltr'><strong>prius.</strong></span> 
     </span>
    </p>
   </div>
   <div class='ocr_carea' id='block_1_4' title="bbox 671 661 1788 735">
    <p class='ocr_par' dir='ltr' id='par_1_4' title="bbox 671 661 1788 735">
     <span class='ocr_line' id='line_1_4' title="bbox 671 661 1788 735; baseline -0.01 -12"><span class='ocrx_word' id='word_1_15' title='bbox 671 665 834 735; x_wconf 80' lang='lat'><strong>368</strong></span> <span class='ocrx_word' id='word_1_16' title='bbox 859 663 988 730; x_wconf 82' lang='lat' dir='ltr'><strong>Quae</strong></span> <span class='ocrx_word' id='word_1_17' title='bbox 1017 674 1260 733; x_wconf 90' lang='lat' dir='ltr'><strong>prompta</strong></span> <span class='ocrx_word' id='word_1_18' title='bbox 1287 664 1482 720; x_wconf 69' lang='lat' dir='ltr'><strong>coelum</strong></span> <span class='ocrx_word' id='word_1_19' title='bbox 1513 661 1788 723; x_wconf 85' lang='lat' dir='ltr'><strong>condidit,</strong></span> 
     </span>
    </p>
   </div>
   <div class='ocr_carea' id='block_1_5' title="bbox 740 756 1613 824">
    <p class='ocr_par' dir='ltr' id='par_1_5' title="bbox 740 756 1613 824">
     <span class='ocr_line' id='line_1_5' title="bbox 740 756 1613 824; baseline -0.005 -14"><span class='ocrx_word' id='word_1_20' title='bbox 740 756 970 820; x_wconf 74' lang='lat' dir='ltr'><strong>Caelum,</strong></span> <span class='ocrx_word' id='word_1_21' title='bbox 1003 757 1282 824; x_wconf 81' lang='lat' dir='ltr'><strong>diemque,</strong></span> <span class='ocrx_word' id='word_1_22' title='bbox 1312 765 1367 810; x_wconf 91' lang='lat' dir='ltr'><strong>et</strong></span> <span class='ocrx_word' id='word_1_23' title='bbox 1394 763 1613 810; x_wconf 71' lang='lat' dir='ltr'><strong>cratera.</strong></span> 
     </span>
    </p>
   </div>
   <div class='ocr_carea' id='block_1_6' title="bbox 745 845 1514 900">
    <p class='ocr_par' dir='ltr' id='par_1_6' title="bbox 745 845 1514 900">
     <span class='ocr_line' id='line_1_6' title="bbox 745 845 1514 900; baseline -0.005 0"><span class='ocrx_word' id='word_1_24' title='bbox 745 845 950 900; x_wconf 90' lang='lat' dir='ltr'><strong>Virtute</strong></span> <span class='ocrx_word' id='word_1_25' title='bbox 983 845 1140 900; x_wconf 84' lang='lat' dir='ltr'><strong>Verbi</strong></span> <span class='ocrx_word' id='word_1_26' title='bbox 1171 845 1360 900; x_wconf 81' lang='lat' dir='ltr'><strong>eﬂ’octa</strong></span> <span class='ocrx_word' id='word_1_27' title='bbox 1390 855 1514 898; x_wconf 91' lang='lat' dir='ltr'><strong>sunt</strong></span> 
     </span>
    </p>
   </div>
   <div class='ocr_carea' id='block_1_7' title="bbox 744 935 1738 994">
    <p class='ocr_par' dir='ltr' id='par_1_7' title="bbox 744 935 1738 994">
     <span class='ocr_line' id='line_1_7' title="bbox 744 935 1738 994; baseline -0.005 -2"><span class='ocrx_word' id='word_1_28' title='bbox 744 938 868 993; x_wconf 79' lang='lat' dir='ltr'><strong>llzec</strong></span> <span class='ocrx_word' id='word_1_29' title='bbox 899 946 1088 994; x_wconf 89' lang='lat' dir='ltr'><strong>cuncta</strong></span> <span class='ocrx_word' id='word_1_30' title='bbox 1122 955 1132 989; x_wconf 94' lang='lat'>:</span> <span class='ocrx_word' id='word_1_31' title='bbox 1166 953 1288 991; x_wconf 90' lang='lat' dir='ltr'><strong>nam</strong></span> <span class='ocrx_word' id='word_1_32' title='bbox 1320 937 1551 991; x_wconf 85' lang='lat' dir='ltr'><strong>Verbum</strong></span> <span class='ocrx_word' id='word_1_33' title='bbox 1582 935 1738 990; x_wconf 89' lang='lat' dir='ltr'><strong>Deus.</strong></span> 
     </span>
    </p>
   </div>
   <div class='ocr_carea' id='block_1_8' title="bbox 534 1027 1330 1094">
    <p class='ocr_par' dir='ltr' id='par_1_8' title="bbox 534 1027 1330 1094">
     <span class='ocr_line' id='line_1_8' title="bbox 534 1027 1330 1094; baseline 0 -12"><span class='ocrx_word' id='word_1_34' title='bbox 534 1031 602 1084; x_wconf 70' lang='lat'><strong>25</strong></span> <span class='ocrx_word' id='word_1_35' title='bbox 675 1029 781 1084; x_wconf 85' lang='lat' dir='ltr'><strong>Sed</strong></span> <span class='ocrx_word' id='word_1_36' title='bbox 811 1029 1066 1084; x_wconf 85' lang='lat' dir='ltr'><strong>ordinatis</strong></span> <span class='ocrx_word' id='word_1_37' title='bbox 1094 1027 1330 1094; x_wconf 86' lang='lat' dir='ltr'><strong>saeculis,</strong></span> 
     </span>
    </p>
   </div>
   <div class='ocr_carea' id='block_1_9' title="bbox 743 1119 1468 1190">
    <p class='ocr_par' dir='ltr' id='par_1_9' title="bbox 743 1119 1468 1190">
     <span class='ocr_line' id='line_1_9' title="bbox 743 1119 1468 1190; baseline -0.006 -15"><span class='ocrx_word' id='word_1_38' title='bbox 743 1121 1048 1189; x_wconf 82' lang='lat' dir='ltr'><strong>Rerumque</strong></span> <span class='ocrx_word' id='word_1_39' title='bbox 1073 1119 1278 1190; x_wconf 84' lang='lat' dir='ltr'><strong>digesto</strong></span> <span class='ocrx_word' id='word_1_40' title='bbox 1307 1127 1468 1181; x_wconf 83' lang='lat' dir='ltr'><strong>statu,</strong></span> 
     </span>
    </p>
   </div>
   <div class='ocr_carea' id='block_1_10' title="bbox 746 1209 1470 1280">
    <p class='ocr_par' dir='ltr' id='par_1_10' title="bbox 746 1209 1470 1280">
     <span class='ocr_line' id='line_1_10' title="bbox 746 1209 1470 1280; baseline -0.004 -15"><span class='ocrx_word' id='word_1_41' title='bbox 746 1211 1014 1266; x_wconf 86' lang='lat' dir='ltr'><strong>Fundator</strong></span> <span class='ocrx_word' id='word_1_42' title='bbox 1040 1215 1170 1280; x_wconf 84' lang='lat' dir='ltr'><strong>ipse,</strong></span> <span class='ocrx_word' id='word_1_43' title='bbox 1201 1219 1254 1265; x_wconf 92' lang='lat' dir='ltr'><strong>et</strong></span> <span class='ocrx_word' id='word_1_44' title='bbox 1281 1209 1470 1264; x_wconf 78' lang='lat' dir='ltr'><strong>antilex</strong></span> 
     </span>
    </p>
   </div>
   <div class='ocr_carea' id='block_1_11' title="bbox 2102 482 2152 539">
    <p class='ocr_par' dir='ltr' id='par_1_11' title="bbox 2102 482 2152 539">
     <span class='ocr_line' id='line_1_11' title="bbox 2102 482 2152 539; baseline 0 0"><span class='ocrx_word' id='word_1_45' title='bbox 2102 482 2152 539; x_wconf 81' lang='grc' dir='ltr'><strong>Α</strong></span> 
     </span>
    </p>
   </div>
   <div class='ocr_carea' id='block_1_12' title="bbox 2429 476 3188 535">
    <p class='ocr_par' dir='ltr' id='par_1_12' title="bbox 2429 476 3188 535">
     <span class='ocr_line' id='line_1_12' title="bbox 2429 476 3188 535; baseline -0.008 -3"><span class='ocrx_word' id='word_1_46' title='bbox 2429 476 2798 535; x_wconf 79' lang='lat' dir='ltr'><strong>Permansits’n</strong></span> <span class='ocrx_word' id='word_1_47' title='bbox 2830 476 3001 532; x_wconf 80' lang='lat' dir='ltr'><strong>Patris</strong></span> <span class='ocrx_word' id='word_1_48' title='bbox 3026 479 3141 532; x_wconf 88' lang='lat' dir='ltr'><strong>sinu</strong></span> <span class='ocrx_word' id='word_1_49' title='bbox 3181 497 3188 526; x_wconf 75' lang='grc' dir='ltr'><strong><em>τ</em></strong></span> 
     </span>
    </p>
   </div>
   <div class='ocr_carea' id='block_1_13' title="bbox 2364 580 3056 637">
    <p class='ocr_par' dir='ltr' id='par_1_13' title="bbox 2364 580 3056 637">
     <span class='ocr_line' id='line_1_13' title="bbox 2364 580 3056 637; baseline -0.007 0"><span class='ocrx_word' id='word_1_50' title='bbox 2364 583 2545 637; x_wconf 92' lang='lat' dir='ltr'><strong>Donec</strong></span> <span class='ocrx_word' id='word_1_51' title='bbox 2579 589 2751 635; x_wconf 90' lang='lat' dir='ltr'><strong>rotata</strong></span> <span class='ocrx_word' id='word_1_52' title='bbox 2783 580 3056 635; x_wconf 76' lang='lat' dir='ltr'><strong>annalium</strong></span> 
     </span>
    </p>
   </div>
   <div class='ocr_carea' id='block_1_14' title="bbox 2213 680 3174 747">
    <p class='ocr_par' dir='ltr' id='par_1_14' title="bbox 2213 680 3174 747">
     <span class='ocr_line' id='line_1_14' title="bbox 2213 680 3174 747; baseline -0.002 -12"><span class='ocrx_word' id='word_1_53' title='bbox 2213 692 2282 737; x_wconf 61' lang='lat' dir='ltr'><strong>riu</strong></span> <span class='ocrx_word' id='word_1_54' title='bbox 2425 681 2945 736; x_wconf 83' lang='lat' dir='ltr'><strong>Transvolverentur</strong></span> <span class='ocrx_word' id='word_1_55' title='bbox 2974 680 3137 735; x_wconf 84' lang='lat' dir='ltr'><strong>millia</strong></span> <span class='ocrx_word' id='word_1_56' title='bbox 3157 720 3174 747; x_wconf 89' lang='lat'><strong>,</strong></span> 
     </span>
    </p>
   </div>
   <div class='ocr_carea' id='block_1_15' title="bbox 2430 779 3237 851">
    <p class='ocr_par' dir='ltr' id='par_1_15' title="bbox 2430 779 3237 851">
     <span class='ocr_line' id='line_1_15' title="bbox 2430 779 3237 851; baseline -0.004 -15"><span class='ocrx_word' id='word_1_57' title='bbox 2430 783 2604 851; x_wconf 90' lang='lat' dir='ltr'><strong>Atque</strong></span> <span class='ocrx_word' id='word_1_58' title='bbox 2633 782 2748 850; x_wconf 86' lang='lat' dir='ltr'><strong>ipse</strong></span> <span class='ocrx_word' id='word_1_59' title='bbox 2791 792 3106 849; x_wconf 83' lang='lat' dir='ltr'><strong>peccantem</strong></span> <span class='ocrx_word' id='word_1_60' title='bbox 3147 779 3237 834; x_wconf 85' lang='lat' dir='ltr'><strong>diu</strong></span> 
     </span>
    </p>
   </div>
   <div class='ocr_carea' id='block_1_16' title="bbox 2429 883 3147 952">
    <p class='ocr_par' dir='ltr' id='par_1_16' title="bbox 2429 883 3147 952">
     <span class='ocr_line' id='line_1_16' title="bbox 2429 883 3147 952; baseline -0.001 -15"><span class='ocrx_word' id='word_1_61' title='bbox 2429 885 2679 952; x_wconf 81' lang='lat' dir='ltr'><strong>Dignatus</strong></span> <span class='ocrx_word' id='word_1_62' title='bbox 2706 883 2891 938; x_wconf 91' lang='lat' dir='ltr'><strong>orbem</strong></span> <span class='ocrx_word' id='word_1_63' title='bbox 2929 883 3147 938; x_wconf 79' lang='lat' dir='ltr'><strong>viseret.</strong></span> 
     </span>
    </p>
   </div>
   <div class='ocr_carea' id='block_1_17' title="bbox 2359 989 3103 1045">
    <p class='ocr_par' dir='ltr' id='par_1_17' title="bbox 2359 989 3103 1045">
     <span class='ocr_line' id='line_1_17' title="bbox 2359 989 3103 1045; baseline 0 -1"><span class='ocrx_word' id='word_1_64' title='bbox 2359 989 2489 1045; x_wconf 84' lang='lat' dir='ltr'><strong>Nam</strong></span> <span class='ocrx_word' id='word_1_65' title='bbox 2513 1005 2653 1045; x_wconf 59' lang='lat' dir='ltr'><strong>eatea</strong></span> <span class='ocrx_word' id='word_1_66' title='bbox 2685 989 2766 1044; x_wconf 85' lang='lat' dir='ltr'><strong>vis</strong></span> <span class='ocrx_word' id='word_1_67' title='bbox 2798 990 3103 1044; x_wconf 82' lang='lat' dir='ltr'><strong>mortalium</strong></span> 
     </span>
    </p>
   </div>
   <div class='ocr_carea' id='block_1_18' title="bbox 2430 1091 3157 1157">
    <p class='ocr_par' dir='ltr' id='par_1_18' title="bbox 2430 1091 3157 1157">
     <span class='ocr_line' id='line_1_18' title="bbox 2430 1091 3157 1157; baseline -0.003 -11"><span class='ocrx_word' id='word_1_68' title='bbox 2430 1091 2702 1147; x_wconf 89' lang='lat' dir='ltr'><strong>Venerans</strong></span> <span class='ocrx_word' id='word_1_69' title='bbox 2731 1093 2916 1147; x_wconf 90' lang='lat' dir='ltr'><strong>inanes</strong></span> <span class='ocrx_word' id='word_1_70' title='bbox 2941 1094 3157 1157; x_wconf 66' lang='lat' dir='ltr'><strong>naenias,</strong></span> 
     </span>
    </p>
   </div>
   <div class='ocr_carea' id='block_1_19' title="bbox 2220 1202 3366 1273">
    <p class='ocr_par' dir='ltr' id='par_1_19' title="bbox 2220 1202 3366 1273">
     <span class='ocr_line' id='line_1_19' title="bbox 2220 1202 3366 1273; baseline -0.001 -16"><span class='ocrx_word' id='word_1_71' title='bbox 2220 1205 2288 1257; x_wconf 82' lang='lat'><strong>55</strong></span> <span class='ocrx_word' id='word_1_72' title='bbox 2433 1203 2594 1273; x_wconf 74' lang='lat'><strong>369</strong></span> <span class='ocrx_word' id='word_1_73' title='bbox 2617 1202 2710 1256; x_wconf 90' lang='lat' dir='ltr'><strong>Vel</strong></span> <span class='ocrx_word' id='word_1_74' title='bbox 2735 1217 2860 1266; x_wconf 71' lang='lat' dir='ltr'><strong>aera,</strong></span> <span class='ocrx_word' id='word_1_75' title='bbox 2895 1202 2979 1256; x_wconf 91' lang='lat' dir='ltr'><strong>vel</strong></span> <span class='ocrx_word' id='word_1_76' title='bbox 3010 1217 3142 1257; x_wconf 75' lang='lat' dir='ltr'><strong>saxa</strong></span> <span class='ocrx_word' id='word_1_77' title='bbox 3168 1203 3366 1272; x_wconf 79' lang='lat' dir='ltr'><strong>algida,</strong></span> 
     </span>
    </p>
   </div>
   <div class='ocr_carea' id='block_1_20' title="bbox 1801 1293 2466 1350">
    <p class='ocr_par' dir='ltr' id='par_1_20' title="bbox 1801 1293 2466 1350">
     <span class='ocr_line' id='line_1_20' title="bbox 1801 1293 2466 1350; baseline 0.003 -2"><span class='ocrx_word' id='word_1_78' title='bbox 1801 1294 2083 1350; x_wconf 63' lang='lat' dir='ltr'><strong>CLOSSE</strong></span> <span class='ocrx_word' id='word_1_79' title='bbox 2125 1293 2466 1350; x_wconf 78' lang='lat' dir='ltr'><strong>VETERES.</strong></span> 
     </span>
    </p>
   </div>
   <div class='ocr_carea' id='block_1_21' title="bbox 574 1387 2084 1464">
    <p class='ocr_par' dir='ltr' id='par_1_21' title="bbox 574 1387 2084 1464">
     <span class='ocr_line' id='line_1_21' title="bbox 574 1387 2084 1464; baseline -0.006 -16"><span class='ocrx_word' id='word_1_80' title='bbox 574 1396 664 1451; x_wconf 76' lang='lat'><strong>20.</strong></span> <span class='ocrx_word' id='word_1_81' title='bbox 711 1395 931 1464; x_wconf 82' lang='lat' dir='ltr'><strong>Sophia,</strong></span> <span class='ocrx_word' id='word_1_82' title='bbox 963 1405 1093 1461; x_wconf 86' lang='lat' dir='ltr'><strong>etc.,</strong></span> <span class='ocrx_word' id='word_1_83' title='bbox 1123 1393 1390 1461; x_wconf 73' lang='lat' dir='ltr'><strong>sapientia,</strong></span> <span class='ocrx_word' id='word_1_84' title='bbox 1418 1387 1690 1462; x_wconf 88' lang='lat' dir='ltr'><strong>prudentia</strong></span> <span class='ocrx_word' id='word_1_85' title='bbox 1729 1389 1986 1464; x_wconf 73' lang='lat' dir='ltr'><strong>aﬂiuebas.</strong></span> <span class='ocrx_word' id='word_1_86' title='bbox 2011 1389 2084 1440; x_wconf 84' lang='lat' dir='ltr'><strong>vi-</strong></span> 
     </span>
    </p>
   </div>
   <div class='ocr_carea' id='block_1_22' title="bbox 503 1460 2079 1535">
    <p class='ocr_par' dir='ltr' id='par_1_22' title="bbox 503 1460 2079 1535">
     <span class='ocr_line' id='line_1_22' title="bbox 503 1460 2079 1535; baseline -0.004 -18"><span class='ocrx_word' id='word_1_87' title='bbox 503 1467 675 1534; x_wconf 82' lang='lat' dir='ltr'><strong>gebas,</strong></span> <span class='ocrx_word' id='word_1_88' title='bbox 717 1460 994 1535; x_wconf 79' lang='lat' dir='ltr'><strong>prudenter</strong></span> <span class='ocrx_word' id='word_1_89' title='bbox 1035 1460 1289 1535; x_wconf 85' lang='lat' dir='ltr'><strong>sapiebas,</strong></span> <span class='ocrx_word' id='word_1_90' title='bbox 1317 1460 1588 1530; x_wconf 84' lang='lat' dir='ltr'><strong>antequam</strong></span> <span class='ocrx_word' id='word_1_91' title='bbox 1615 1460 1825 1535; x_wconf 70' lang='lat' dir='ltr'><strong>aliquid</strong></span> <span class='ocrx_word' id='word_1_92' title='bbox 1863 1460 2079 1535; x_wconf 74' lang='lat' dir='ltr'><strong>faceres.</strong></span> 
     </span>
    </p>
   </div>
   <div class='ocr_carea' id='block_1_23' title="bbox 503 1530 2074 1604">
    <p class='ocr_par' dir='ltr' id='par_1_23' title="bbox 503 1530 2074 1604">
     <span class='ocr_line' id='line_1_23' title="bbox 503 1530 2074 1604; baseline -0.004 -17"><span class='ocrx_word' id='word_1_93' title='bbox 503 1530 676 1589; x_wconf 69' lang='lat' dir='ltr'><strong>Cal/eo</strong></span> <span class='ocrx_word' id='word_1_94' title='bbox 706 1530 907 1588; x_wconf 63' lang='lat' dir='ltr'><strong>uerbum</strong></span> <span class='ocrx_word' id='word_1_95' title='bbox 937 1545 1029 1601; x_wconf 81' lang='lat' dir='ltr'><strong>est,</strong></span> <span class='ocrx_word' id='word_1_96' title='bbox 1059 1530 1112 1588; x_wconf 82' lang='lat' dir='ltr'><strong>id</strong></span> <span class='ocrx_word' id='word_1_97' title='bbox 1141 1545 1212 1589; x_wconf 88' lang='lat' dir='ltr'><strong>est</strong></span> <span class='ocrx_word' id='word_1_98' title='bbox 1247 1535 1518 1604; x_wconf 77' lang='lat' dir='ltr'><strong>prudentia</strong></span> <span class='ocrx_word' id='word_1_99' title='bbox 1545 1534 1714 1602; x_wconf 66' lang='lat' dir='ltr'><strong>efﬂuo.</strong></span> <span class='ocrx_word' id='word_1_100' title='bbox 1755 1530 2074 1604; x_wconf 71' lang='lat' dir='ltr'><strong>Undecalli-</strong></span> 
     </span>
    </p>
   </div>
   <div class='ocr_carea' id='block_1_24' title="bbox 501 1601 2073 1675">
    <p class='ocr_par' dir='ltr' id='par_1_24' title="bbox 501 1601 2073 1675">
     <span class='ocr_line' id='line_1_24' title="bbox 501 1601 2073 1675; baseline -0.004 -18"><span class='ocrx_word' id='word_1_101' title='bbox 501 1608 596 1658; x_wconf 86' lang='lat' dir='ltr'><strong>dus</strong></span> <span class='ocrx_word' id='word_1_102' title='bbox 619 1607 802 1658; x_wconf 89' lang='lat' dir='ltr'><strong>dicitur</strong></span> <span class='ocrx_word' id='word_1_103' title='bbox 825 1609 1065 1675; x_wconf 89' lang='lat' dir='ltr'><strong>prudens,</strong></span> <span class='ocrx_word' id='word_1_104' title='bbox 1095 1601 1324 1670; x_wconf 78' lang='lat' dir='ltr'><strong>astutus;</strong></span> <span class='ocrx_word' id='word_1_105' title='bbox 1353 1601 1667 1675; x_wconf 74' lang='lat' dir='ltr'><strong>hiac_etiatit</strong></span> <span class='ocrx_word' id='word_1_106' title='bbox 1703 1605 1844 1675; x_wconf 81' lang='lat' dir='ltr'><strong>cava</strong></span> <span class='ocrx_word' id='word_1_107' title='bbox 1867 1601 2073 1675; x_wconf 79' lang='lat' dir='ltr'><strong>dicitur,</strong></span> 
     </span>
    </p>
   </div>
   <div class='ocr_carea' id='block_1_25' title="bbox 501 1670 2158 1762">
    <p class='ocr_par' dir='ltr' id='par_1_25' title="bbox 501 1670 2158 1762">
     <span class='ocr_line' id='line_1_25' title="bbox 501 1670 2158 1762; baseline -0.002 -34"><span class='ocrx_word' id='word_1_108' title='bbox 501 1677 554 1728; x_wconf 89' lang='lat' dir='ltr'><strong>id</strong></span> <span class='ocrx_word' id='word_1_109' title='bbox 569 1685 672 1762; x_wconf 46' lang='lat' dir='ltr'><strong>lest,</strong></span> <span class='ocrx_word' id='word_1_110' title='bbox 708 1670 902 1758; x_wconf 74' lang='lat' dir='ltr'><strong>decipio</strong></span> <span class='ocrx_word' id='word_1_111' title='bbox 930 1721 943 1742; x_wconf 86' lang='lat'><strong>,</strong></span> <span class='ocrx_word' id='word_1_112' title='bbox 967 1694 998 1729; x_wconf 91' lang='lat' dir='ltr'><strong>a</strong></span> <span class='ocrx_word' id='word_1_113' title='bbox 1028 1670 1126 1745; x_wconf 87' lang='lat' dir='ltr'><strong>quo</strong></span> <span class='ocrx_word' id='word_1_114' title='bbox 1151 1677 1427 1762; x_wconf 62' lang='lat' dir='ltr'><strong>falumnia,</strong></span> <span class='ocrx_word' id='word_1_115' title='bbox 1464 1673 1578 1728; x_wconf 86' lang='lat' dir='ltr'><strong>Vat.</strong></span> <span class='ocrx_word' id='word_1_116' title='bbox 1615 1675 1676 1728; x_wconf 76' lang='grc' dir='ltr'><strong>Α.</strong></span> <span class='ocrx_word' id='word_1_117' title='bbox 1710 1702 1779 1726; x_wconf 90' lang='lat'><strong>—.-</strong></span> <span class='ocrx_word' id='word_1_118' title='bbox 1807 1670 2075 1734; x_wconf 81' lang='lat' dir='ltr'><strong>Callebas,</strong></span> <span class='ocrx_word' id='word_1_119' title='bbox 2111 1701 2158 1762; x_wconf 75' lang='grc' dir='ltr'><strong>Β</strong></span> 
     </span>
    </p>
   </div>
   <div class='ocr_carea' id='block_1_26' title="bbox 503 1745 1189 1817">
    <p class='ocr_par' dir='ltr' id='par_1_26' title="bbox 503 1745 1189 1817">
     <span class='ocr_line' id='line_1_26' title="bbox 503 1745 1189 1817; baseline 0 -19"><span class='ocrx_word' id='word_1_120' title='bbox 503 1746 868 1817; x_wconf 75' lang='lat' dir='ltr'><strong>calleo,’vigeo,</strong></span> <span class='ocrx_word' id='word_1_121' title='bbox 895 1763 1124 1817; x_wconf 88' lang='lat' dir='ltr'><strong>possum,</strong></span> <span class='ocrx_word' id='word_1_122' title='bbox 1151 1745 1189 1799; x_wconf 95' lang='lat' dir='ltr'><strong>l.</strong></span> 
     </span>
    </p>
   </div>
   <div class='ocr_carea' id='block_1_27' title="bbox 569 1812 2078 1886">
    <p class='ocr_par' dir='ltr' id='par_1_27' title="bbox 569 1812 2078 1886">
     <span class='ocr_line' id='line_1_27' title="bbox 569 1812 2078 1886; baseline -0.003 -17"><span class='ocrx_word' id='word_1_123' title='bbox 569 1812 678 1870; x_wconf 53' lang='grc'><strong>21(</strong></span> <span class='ocrx_word' id='word_1_124' title='bbox 704 1812 950 1886; x_wconf 63' lang='grc' dir='ltr'>Ριῖοιιιριιι</span> <span class='ocrx_word' id='word_1_125' title='bbox 975 1859 988 1882; x_wconf 88' lang='grc'><em>,</em></span> <span class='ocrx_word' id='word_1_126' title='bbox 1033 1812 1214 1886; x_wconf 88' lang='lat' dir='ltr'><strong>parata</strong></span> <span class='ocrx_word' id='word_1_127' title='bbox 1240 1859 1254 1883; x_wconf 88' lang='lat'><strong>,</strong></span> <span class='ocrx_word' id='word_1_128' title='bbox 1284 1816 1320 1870; x_wconf 93' lang='lat' dir='ltr'><strong>I.</strong></span> <span class='ocrx_word' id='word_1_129' title='bbox 1351 1816 1547 1886; x_wconf 78' lang='lat' dir='ltr'><strong>Sophia</strong></span> <span class='ocrx_word' id='word_1_130' title='bbox 1571 1827 1746 1885; x_wconf 87' lang='lat' dir='ltr'><strong>potens</strong></span> <span class='ocrx_word' id='word_1_131' title='bbox 1767 1854 1780 1877; x_wconf 83' lang='lat'><strong>,</strong></span> <span class='ocrx_word' id='word_1_132' title='bbox 1801 1821 1984 1882; x_wconf 88' lang='lat' dir='ltr'><strong>parata</strong></span> <span class='ocrx_word' id='word_1_133' title='bbox 2014 1812 2078 1865; x_wconf 86' lang='lat' dir='ltr'><strong>ad</strong></span> 
     </span>
    </p>
   </div>
   <div class='ocr_carea' id='block_1_28' title="bbox 505 1888 1228 1954">
    <p class='ocr_par' dir='ltr' id='par_1_28' title="bbox 505 1888 1228 1954">
     <span class='ocr_line' id='line_1_28' title="bbox 505 1888 1228 1954; baseline 0.001 -16"><span class='ocrx_word' id='word_1_134' title='bbox 505 1888 675 1938; x_wconf 86' lang='lat' dir='ltr'><strong>omnia</strong></span> <span class='ocrx_word' id='word_1_135' title='bbox 707 1888 938 1954; x_wconf 84' lang='lat' dir='ltr'><strong>facienda</strong></span> <span class='ocrx_word' id='word_1_136' title='bbox 965 1930 978 1950; x_wconf 89' lang='lat'><strong>,</strong></span> <span class='ocrx_word' id='word_1_137' title='bbox 1013 1888 1129 1940; x_wconf 86' lang='lat' dir='ltr'><strong>Vat.</strong></span> <span class='ocrx_word' id='word_1_138' title='bbox 1165 1888 1228 1940; x_wconf 83' lang='lat' dir='ltr'><strong>A.</strong></span> 
     </span>
    </p>
   </div>
   <div class='ocr_carea' id='block_1_29' title="bbox 570 1956 1175 2027">
    <p class='ocr_par' dir='ltr' id='par_1_29' title="bbox 570 1956 1175 2027">
     <span class='ocr_line' id='line_1_29' title="bbox 570 1956 1175 2027; baseline -0.005 -15"><span class='ocrx_word' id='word_1_139' title='bbox 570 1958 659 2012; x_wconf 74' lang='lat'><strong>25.</strong></span> <span class='ocrx_word' id='word_1_140' title='bbox 706 1957 924 2021; x_wconf 77' lang='lat' dir='ltr'><strong>Eﬂ&#39;ecta,</strong></span> <span class='ocrx_word' id='word_1_141' title='bbox 939 1956 1106 2027; x_wconf 63' lang='lat' dir='ltr'><strong>Tacta,</strong></span> <span class='ocrx_word' id='word_1_142' title='bbox 1140 1957 1175 2011; x_wconf 94' lang='grc' dir='ltr'><strong>Ι.</strong></span> 
     </span>
    </p>
   </div>
   <div class='ocr_carea' id='block_1_30' title="bbox 2263 1387 3304 1458">
    <p class='ocr_par' dir='ltr' id='par_1_30' title="bbox 2263 1387 3304 1458">
     <span class='ocr_line' id='line_1_30' title="bbox 2263 1387 3304 1458; baseline 0 -16"><span class='ocrx_word' id='word_1_143' title='bbox 2263 1390 2353 1442; x_wconf 71' lang='grc'>26.</span> <span class='ocrx_word' id='word_1_144' title='bbox 2392 1387 2631 1458; x_wconf 80' lang='lat' dir='ltr'><strong>Digesto,</strong></span> <span class='ocrx_word' id='word_1_145' title='bbox 2661 1387 2904 1458; x_wconf 86' lang='lat' dir='ltr'><strong>disposito</strong></span> <span class='ocrx_word' id='word_1_146' title='bbox 2922 1428 2936 1451; x_wconf 92' lang='lat'><strong>,</strong></span> <span class='ocrx_word' id='word_1_147' title='bbox 2963 1390 3199 1450; x_wconf 85' lang='lat' dir='ltr'><strong>ordinato</strong></span> <span class='ocrx_word' id='word_1_148' title='bbox 3225 1431 3238 1452; x_wconf 84' lang='lat'><em>.</em></span> <span class='ocrx_word' id='word_1_149' title='bbox 3263 1389 3304 1444; x_wconf 84' lang='grc' dir='ltr'><strong>Ι.</strong></span> 
     </span>
    </p>
   </div>
   <div class='ocr_carea' id='block_1_31' title="bbox 2262 1457 3625 1530">
    <p class='ocr_par' dir='ltr' id='par_1_31' title="bbox 2262 1457 3625 1530">
     <span class='ocr_line' id='line_1_31' title="bbox 2262 1457 3625 1530; baseline 0 -16"><span class='ocrx_word' id='word_1_150' title='bbox 2262 1461 2350 1514; x_wconf 74' lang='lat'><strong>28.</strong></span> <span class='ocrx_word' id='word_1_151' title='bbox 2397 1457 2450 1530; x_wconf 80' lang='lat' dir='ltr'><strong>ln</strong></span> <span class='ocrx_word' id='word_1_152' title='bbox 2486 1457 2828 1530; x_wconf 10' lang='lat' dir='ltr'><strong>l’atrisrsinu,</strong></span> <span class='ocrx_word' id='word_1_153' title='bbox 2863 1474 2974 1510; x_wconf 89' lang='lat' dir='ltr'><strong>cum</strong></span> <span class='ocrx_word' id='word_1_154' title='bbox 3009 1458 3164 1512; x_wconf 82' lang='lat' dir='ltr'><strong>Patre</strong></span> <span class='ocrx_word' id='word_1_155' title='bbox 3190 1475 3386 1530; x_wconf 85' lang='lat' dir='ltr'><strong>semper</strong></span> <span class='ocrx_word' id='word_1_156' title='bbox 3416 1469 3557 1526; x_wconf 84' lang='lat' dir='ltr'><strong>erat,</strong></span> <span class='ocrx_word' id='word_1_157' title='bbox 3589 1459 3625 1514; x_wconf 89' lang='grc' dir='ltr'><strong>Ι.</strong></span> 
     </span>
    </p>
   </div>
   <div class='ocr_carea' id='block_1_32' title="bbox 2259 1528 3754 1601">
    <p class='ocr_par' dir='ltr' id='par_1_32' title="bbox 2259 1528 3754 1601">
     <span class='ocr_line' id='line_1_32' title="bbox 2259 1528 3754 1601; baseline -0.002 -18"><span class='ocrx_word' id='word_1_158' title='bbox 2259 1532 2349 1583; x_wconf 72' lang='grc'><strong>29.</strong></span> <span class='ocrx_word' id='word_1_159' title='bbox 2396 1528 2581 1601; x_wconf 66' lang='lat' dir='ltr'><strong>liotata</strong></span> <span class='ocrx_word' id='word_1_160' title='bbox 2602 1569 2613 1590; x_wconf 87' lang='lat'><strong>,</strong></span> <span class='ocrx_word' id='word_1_161' title='bbox 2647 1529 2899 1582; x_wconf 83' lang='lat' dir='ltr'><strong>discursu.</strong></span> <span class='ocrx_word' id='word_1_162' title='bbox 2935 1557 3000 1567; x_wconf 88' lang='lat'><strong>—-</strong></span> <span class='ocrx_word' id='word_1_163' title='bbox 3021 1528 3335 1594; x_wconf 84' lang='lat' dir='ltr'><strong>Annalium,</strong></span> <span class='ocrx_word' id='word_1_164' title='bbox 3365 1540 3661 1601; x_wconf 80' lang='lat' dir='ltr'><strong>temporum,</strong></span> <span class='ocrx_word' id='word_1_165' title='bbox 3691 1530 3754 1581; x_wconf 79' lang='lat' dir='ltr'><strong>ret</strong></span> 
     </span>
    </p>
   </div>
   <div class='ocr_carea' id='block_1_33' title="bbox 2187 1599 2524 1661">
    <p class='ocr_par' dir='ltr' id='par_1_33' title="bbox 2187 1599 2524 1661">
     <span class='ocr_line' id='line_1_33' title="bbox 2187 1599 2524 1661; baseline -0.006 -8"><span class='ocrx_word' id='word_1_166' title='bbox 2187 1602 2454 1661; x_wconf 85' lang='lat' dir='ltr'><strong>librorum,</strong></span> <span class='ocrx_word' id='word_1_167' title='bbox 2485 1599 2524 1652; x_wconf 91' lang='grc'><strong>1.</strong></span> 
     </span>
    </p>
   </div>
   <div class='ocr_carea' id='block_1_34' title="bbox 2257 1670 3750 1733">
    <p class='ocr_par' dir='ltr' id='par_1_34' title="bbox 2257 1670 3750 1733">
     <span class='ocr_line' id='line_1_34' title="bbox 2257 1670 3750 1733; baseline -0.005 -6"><span class='ocrx_word' id='word_1_168' title='bbox 2257 1671 2342 1727; x_wconf 73' lang='grc'><strong>54.</strong></span> <span class='ocrx_word' id='word_1_169' title='bbox 2389 1670 2620 1733; x_wconf 66' lang='lat' dir='ltr'><strong>Ninnias,</strong></span> <span class='ocrx_word' id='word_1_170' title='bbox 2647 1670 2910 1733; x_wconf 82' lang='lat' dir='ltr'><strong>vanitates,</strong></span> <span class='ocrx_word' id='word_1_171' title='bbox 2946 1670 3126 1722; x_wconf 74' lang='lat' dir='ltr'><strong>nantia:</strong></span> <span class='ocrx_word' id='word_1_172' title='bbox 3153 1670 3404 1724; x_wconf 77' lang='lat' dir='ltr'><strong>vanitates</strong></span> <span class='ocrx_word' id='word_1_173' title='bbox 3432 1680 3550 1724; x_wconf 86' lang='lat' dir='ltr'><strong>sunt</strong></span> <span class='ocrx_word' id='word_1_174' title='bbox 3593 1671 3750 1723; x_wconf 88' lang='lat' dir='ltr'><strong>titulo-</strong></span> 
     </span>
    </p>
   </div>
   <div class='ocr_carea' id='block_1_35' title="bbox 2187 1739 3752 1864">
    <p class='ocr_par' dir='ltr' id='par_1_35' title="bbox 2187 1739 3752 1864">
     <span class='ocr_line' id='line_1_35' title="bbox 2187 1739 3752 1864; baseline -0.001 -70"><span class='ocrx_word' id='word_1_175' title='bbox 2187 1759 2330 1864; x_wconf 63' lang='lat' dir='ltr'><strong>rum;</strong></span> <span class='ocrx_word' id='word_1_176' title='bbox 2383 1757 2492 1864; x_wconf 52' lang='lat' dir='ltr'><strong>qua:</strong></span> <span class='ocrx_word' id='word_1_177' title='bbox 2549 1739 2917 1793; x_wconf 86' lang='lat' dir='ltr'><strong>adhibebantur</strong></span> <span class='ocrx_word' id='word_1_178' title='bbox 2971 1742 3214 1804; x_wconf 85' lang='lat' dir='ltr'><strong>mortuis,</strong></span> <span class='ocrx_word' id='word_1_179' title='bbox 3274 1758 3388 1809; x_wconf 73' lang='lat' dir='ltr'><strong>qua:</strong></span> <span class='ocrx_word' id='word_1_180' title='bbox 3437 1742 3566 1794; x_wconf 84' lang='lat' dir='ltr'><strong>nihil</strong></span> <span class='ocrx_word' id='word_1_181' title='bbox 3610 1743 3752 1812; x_wconf 58' lang='lat' dir='ltr'><strong>proﬁc</strong></span> 
     </span>
     <span class='ocr_line' id='line_1_36' title="bbox 2188 1830 2426 1864; baseline 0 0"><span class='ocrx_word' id='word_1_182' title='bbox 2188 1830 2306 1864; x_wconf 80' lang='lat' dir='ltr'><strong>cum</strong></span> <span class='ocrx_word' id='word_1_183' title='bbox 2336 1852 2351 1864; x_wconf 86' lang='lat'><strong>.</strong></span> <span class='ocrx_word' id='word_1_184' title='bbox 2412 1851 2426 1864; x_wconf 93' lang='lat'><strong>.</strong></span> 
     </span>
    </p>
   </div>
   <div class='ocr_carea' id='block_1_36' title="bbox 2188 1815 2351 1878">
    <p class='ocr_par' dir='ltr' id='par_1_36' title="bbox 2188 1815 2351 1878">
     <span class='ocr_line' id='line_1_37' title="bbox 2188 1815 2351 1878; baseline -0.006 -11"><span class='ocrx_word' id='word_1_185' title='bbox 2188 1815 2351 1878; x_wconf 89' lang='lat' dir='ltr'><strong>ciunt,</strong></span> 
     </span>
    </p>
   </div>
   <div class='ocr_carea' id='block_1_37' title="bbox 2259 1881 2914 1951">
    <p class='ocr_par' dir='ltr' id='par_1_37' title="bbox 2259 1881 2914 1951">
     <span class='ocr_line' id='line_1_38' title="bbox 2259 1881 2914 1951; baseline -0.008 -14"><span class='ocrx_word' id='word_1_186' title='bbox 2259 1885 2355 1937; x_wconf 69' lang='lat'><strong>255.-</strong></span> <span class='ocrx_word' id='word_1_187' title='bbox 2391 1881 2599 1950; x_wconf 80' lang='lat' dir='ltr'><strong>Algida,</strong></span> <span class='ocrx_word' id='word_1_188' title='bbox 2632 1881 2843 1951; x_wconf 80' lang='lat' dir='ltr'><strong>frigida,</strong></span> <span class='ocrx_word' id='word_1_189' title='bbox 2877 1881 2914 1933; x_wconf 94' lang='grc' dir='ltr'><strong>Ι.</strong></span> 
     </span>
    </p>
   </div>
   <div class='ocr_carea' id='block_1_38' title="bbox 1855 2036 2416 2100">
    <p class='ocr_par' dir='ltr' id='par_1_38' title="bbox 1855 2036 2416 2100">
     <span class='ocr_line' id='line_1_39' title="bbox 1855 2036 2416 2100; baseline -0.018 0"><span class='ocrx_word' id='word_1_190' title='bbox 1855 2036 2416 2100; x_wconf 78' lang='lat' dir='ltr'><strong>COMMENTARIUS.</strong></span> 
     </span>
    </p>
   </div>
   <div class='ocr_carea' id='block_1_39' title="bbox 504 2157 2070 2228">
    <p class='ocr_par' dir='ltr' id='par_1_39' title="bbox 504 2157 2070 2228">
     <span class='ocr_line' id='line_1_40' title="bbox 504 2157 2070 2228; baseline 0.001 -19"><span class='ocrx_word' id='word_1_191' title='bbox 504 2159 746 2226; x_wconf 85' lang='lat' dir='ltr'><strong>quamvis</strong></span> <span class='ocrx_word' id='word_1_192' title='bbox 776 2174 1150 2227; x_wconf 88' lang='lat' dir='ltr'><strong>nonnunquam</strong></span> <span class='ocrx_word' id='word_1_193' title='bbox 1180 2159 1342 2228; x_wconf 83' lang='lat' dir='ltr'><strong>aliqui</strong></span> <span class='ocrx_word' id='word_1_194' title='bbox 1377 2158 1470 2214; x_wconf 89' lang='lat' dir='ltr'><strong>SS.</strong></span> <span class='ocrx_word' id='word_1_195' title='bbox 1503 2157 1688 2213; x_wconf 90' lang='lat' dir='ltr'><strong>Patres</strong></span> <span class='ocrx_word' id='word_1_196' title='bbox 1719 2172 1782 2228; x_wconf 86' lang='lat' dir='ltr'><strong>ea</strong></span> <span class='ocrx_word' id='word_1_197' title='bbox 1814 2158 1879 2211; x_wconf 90' lang='lat' dir='ltr'><strong>de</strong></span> <span class='ocrx_word' id='word_1_198' title='bbox 1907 2171 2070 2224; x_wconf 90' lang='lat' dir='ltr'><strong>gene-</strong></span> 
     </span>
    </p>
   </div>
   <div class='ocr_carea' id='block_1_40' title="bbox 505 2223 2072 2308">
    <p class='ocr_par' dir='ltr' id='par_1_40' title="bbox 505 2223 2072 2308">
     <span class='ocr_line' id='line_1_41' title="bbox 505 2223 2072 2308; baseline -0.001 -29"><span class='ocrx_word' id='word_1_199' title='bbox 505 2223 716 2308; x_wconf 60' lang='lat' dir='ltr'><strong>ratione</strong></span> <span class='ocrx_word' id='word_1_200' title='bbox 759 2223 1124 2308; x_wconf 75' lang='lat' dir='ltr'><strong>intellexerint</strong></span> <span class='ocrx_word' id='word_1_201' title='bbox 1159 2223 1525 2308; x_wconf 53' lang='lat' dir='ltr'><strong>qua&#39;Verbum</strong></span> <span class='ocrx_word' id='word_1_202' title='bbox 1571 2223 1926 2308; x_wconf 54' lang='lat' dir='ltr'><strong>caro&#39;l&#39;actnm</strong></span> <span class='ocrx_word' id='word_1_203' title='bbox 1959 2235 2072 2308; x_wconf 68' lang='lat' dir='ltr'><strong>est.</strong></span> 
     </span>
    </p>
   </div>
   <div class='ocr_carea' id='block_1_41' title="bbox 502 2296 2073 2366">
    <p class='ocr_par' dir='ltr' id='par_1_41' title="bbox 502 2296 2073 2366">
     <span class='ocr_line' id='line_1_42' title="bbox 502 2296 2073 2366; baseline 0.001 -17"><span class='ocrx_word' id='word_1_204' title='bbox 502 2296 740 2356; x_wconf 85' lang='lat' dir='ltr'><strong>Clericus</strong></span> <span class='ocrx_word' id='word_1_205' title='bbox 770 2299 1004 2364; x_wconf 87' lang='lat' dir='ltr'><strong>quidem,</strong></span> <span class='ocrx_word' id='word_1_206' title='bbox 1029 2309 1212 2356; x_wconf 87' lang='lat' dir='ltr'><strong>contra</strong></span> <span class='ocrx_word' id='word_1_207' title='bbox 1247 2314 1403 2366; x_wconf 89' lang='lat' dir='ltr'><strong>quem</strong></span> <span class='ocrx_word' id='word_1_208' title='bbox 1436 2299 1650 2352; x_wconf 84' lang='lat' dir='ltr'><strong>Lainius</strong></span> <span class='ocrx_word' id='word_1_209' title='bbox 1671 2296 1925 2366; x_wconf 86' lang='lat' dir='ltr'><strong>disputat,</strong></span> <span class='ocrx_word' id='word_1_210' title='bbox 1959 2297 2073 2350; x_wconf 87' lang='lat' dir='ltr'><strong>ina-</strong></span> 
     </span>
    </p>
   </div>
   <div class='ocr_carea' id='block_1_42' title="bbox 505 2366 2070 2437">
    <p class='ocr_par' dir='ltr' id='par_1_42' title="bbox 505 2366 2070 2437">
     <span class='ocr_line' id='line_1_43' title="bbox 505 2366 2070 2437; baseline 0.001 -21"><span class='ocrx_word' id='word_1_211' title='bbox 505 2366 644 2437; x_wconf 79' lang='lat' dir='ltr'><strong>niter</strong></span> <span class='ocrx_word' id='word_1_212' title='bbox 667 2367 971 2432; x_wconf 78' lang='lat' dir='ltr'><strong>cavillatnr,</strong></span> <span class='ocrx_word' id='word_1_213' title='bbox 997 2368 1292 2437; x_wconf 89' lang='lat' dir='ltr'><strong>asseritque</strong></span> <span class='ocrx_word' id='word_1_214' title='bbox 1337 2366 1681 2422; x_wconf 76' lang='lat' dir='ltr'><strong>Prudentium</strong></span> <span class='ocrx_word' id='word_1_215' title='bbox 1713 2367 2070 2429; x_wconf 81' lang='lat' dir='ltr'><strong>existimasse,</strong></span> 
     </span>
    </p>
   </div>
   <div class='ocr_carea' id='block_1_43' title="bbox 506 2435 2075 2506">
    <p class='ocr_par' dir='ltr' id='par_1_43' title="bbox 506 2435 2075 2506">
     <span class='ocr_line' id='line_1_44' title="bbox 506 2435 2075 2506; baseline 0.001 -18"><span class='ocrx_word' id='word_1_216' title='bbox 506 2435 738 2489; x_wconf 83' lang='lat' dir='ltr'><strong>Verbum</strong></span> <span class='ocrx_word' id='word_1_217' title='bbox 780 2439 936 2506; x_wconf 88' lang='lat' dir='ltr'><strong>paulo</strong></span> <span class='ocrx_word' id='word_1_218' title='bbox 974 2447 1098 2491; x_wconf 90' lang='lat' dir='ltr'><strong>ante</strong></span> <span class='ocrx_word' id='word_1_219' title='bbox 1138 2435 1319 2490; x_wconf 80' lang='lat' dir='ltr'><strong>mundi</strong></span> <span class='ocrx_word' id='word_1_220' title='bbox 1361 2438 1698 2491; x_wconf 72' lang='lat' dir='ltr'><strong>ellectionem</strong></span> <span class='ocrx_word' id='word_1_221' title='bbox 1729 2437 2075 2505; x_wconf 79' lang='lat' dir='ltr'><strong>generatione</strong></span> 
     </span>
    </p>
   </div>
   <div class='ocr_carea' id='block_1_44' title="bbox 505 2506 2071 2574">
    <p class='ocr_par' dir='ltr' id='par_1_44' title="bbox 505 2506 2071 2574">
     <span class='ocr_line' id='line_1_45' title="bbox 505 2506 2071 2574; baseline 0.001 -17"><span class='ocrx_word' id='word_1_222' title='bbox 505 2506 766 2574; x_wconf 89' lang='lat' dir='ltr'><strong>prolatum</strong></span> <span class='ocrx_word' id='word_1_223' title='bbox 800 2509 985 2571; x_wconf 79' lang='lat' dir='ltr'><strong>fuisse,</strong></span> <span class='ocrx_word' id='word_1_224' title='bbox 1013 2521 1135 2560; x_wconf 92' lang='lat' dir='ltr'><strong>cum</strong></span> <span class='ocrx_word' id='word_1_225' title='bbox 1159 2517 1314 2560; x_wconf 80' lang='lat' dir='ltr'><strong>antea</strong></span> <span class='ocrx_word' id='word_1_226' title='bbox 1347 2507 1464 2574; x_wconf 83' lang='lat' dir='ltr'><strong>ejus</strong></span> <span class='ocrx_word' id='word_1_227' title='bbox 1486 2515 1672 2560; x_wconf 89' lang='lat' dir='ltr'><strong>natura</strong></span> <span class='ocrx_word' id='word_1_228' title='bbox 1699 2506 1933 2560; x_wconf 89' lang='lat' dir='ltr'><strong>nondum</strong></span> <span class='ocrx_word' id='word_1_229' title='bbox 1961 2508 2071 2559; x_wconf 75' lang='lat' dir='ltr'><strong>exi-</strong></span> 
     </span>
    </p>
   </div>
   <div class='ocr_carea' id='block_1_45' title="bbox 505 2575 2068 2646">
    <p class='ocr_par' dir='ltr' id='par_1_45' title="bbox 505 2575 2068 2646">
     <span class='ocr_line' id='line_1_46' title="bbox 505 2575 2068 2646; baseline -0.001 -17"><span class='ocrx_word' id='word_1_230' title='bbox 505 2584 654 2632; x_wconf 85' lang='lat' dir='ltr'><strong>stens</strong></span> <span class='ocrx_word' id='word_1_231' title='bbox 683 2578 840 2632; x_wconf 88' lang='lat' dir='ltr'><strong>modo</strong></span> <span class='ocrx_word' id='word_1_232' title='bbox 875 2577 1106 2646; x_wconf 89' lang='lat' dir='ltr'><strong>quodam</strong></span> <span class='ocrx_word' id='word_1_233' title='bbox 1140 2577 1480 2632; x_wconf 87' lang='lat' dir='ltr'><strong>inenarrabili</strong></span> <span class='ocrx_word' id='word_1_234' title='bbox 1511 2579 1564 2631; x_wconf 91' lang='lat' dir='ltr'><strong>in</strong></span> <span class='ocrx_word' id='word_1_235' title='bbox 1593 2578 1698 2632; x_wconf 87' lang='lat' dir='ltr'><strong>Deo</strong></span> <span class='ocrx_word' id='word_1_236' title='bbox 1723 2575 2024 2631; x_wconf 84' lang='lat' dir='ltr'><strong>delituissct</strong></span> <span class='ocrx_word' id='word_1_237' title='bbox 2056 2593 2068 2628; x_wconf 90' lang='lat'><strong>:</strong></span> 
     </span>
    </p>
   </div>
   <div class='ocr_carea' id='block_1_46' title="bbox 503 2647 2074 2716">
    <p class='ocr_par' dir='ltr' id='par_1_46' title="bbox 503 2647 2074 2716">
     <span class='ocr_line' id='line_1_47' title="bbox 503 2647 2074 2716; baseline -0.001 -17"><span class='ocrx_word' id='word_1_238' title='bbox 503 2647 644 2713; x_wconf 89' lang='lat' dir='ltr'><strong>quod</strong></span> <span class='ocrx_word' id='word_1_239' title='bbox 693 2651 758 2700; x_wconf 88' lang='lat' dir='ltr'><strong>ab</strong></span> <span class='ocrx_word' id='word_1_240' title='bbox 790 2648 910 2703; x_wconf 86' lang='lat' dir='ltr'><strong>aliis</strong></span> <span class='ocrx_word' id='word_1_241' title='bbox 953 2647 1202 2701; x_wconf 88' lang='lat' dir='ltr'><strong>Patribns</strong></span> <span class='ocrx_word' id='word_1_242' title='bbox 1241 2648 1589 2702; x_wconf 73' lang='lat' dir='ltr'><strong>antenicmnis</strong></span> <span class='ocrx_word' id='word_1_243' title='bbox 1629 2647 1832 2716; x_wconf 89' lang='lat' dir='ltr'><strong>pariter</strong></span> <span class='ocrx_word' id='word_1_244' title='bbox 1874 2647 2074 2700; x_wconf 90' lang='lat' dir='ltr'><strong>dictum</strong></span> 
     </span>
    </p>
   </div>
   <div class='ocr_carea' id='block_1_47' title="bbox 505 2717 2073 2783">
    <p class='ocr_par' dir='ltr' id='par_1_47' title="bbox 505 2717 2073 2783">
     <span class='ocr_line' id='line_1_48' title="bbox 505 2717 2073 2783; baseline 0.001 -17"><span class='ocrx_word' id='word_1_245' title='bbox 505 2720 830 2783; x_wconf 82' lang='lat' dir='ltr'><strong>pronuntiat.</strong></span> <span class='ocrx_word' id='word_1_246' title='bbox 871 2718 1178 2772; x_wconf 88' lang='lat' dir='ltr'><strong>Doctrinam</strong></span> <span class='ocrx_word' id='word_1_247' title='bbox 1209 2719 1524 2772; x_wconf 83' lang='lat' dir='ltr'><strong>catholicam</strong></span> <span class='ocrx_word' id='word_1_248' title='bbox 1559 2718 1834 2772; x_wconf 90' lang='lat' dir='ltr'><strong>Prudentii</strong></span> <span class='ocrx_word' id='word_1_249' title='bbox 1869 2717 2073 2769; x_wconf 80' lang='lat' dir='ltr'><strong>indica-</strong></span> 
     </span>
    </p>
   </div>
   <div class='ocr_carea' id='block_1_48' title="bbox 504 2787 2077 2858">
    <p class='ocr_par' dir='ltr' id='par_1_48' title="bbox 504 2787 2077 2858">
     <span class='ocr_line' id='line_1_49' title="bbox 504 2787 2077 2858; baseline -0.001 -19"><span class='ocrx_word' id='word_1_250' title='bbox 504 2796 610 2858; x_wconf 88' lang='lat' dir='ltr'><strong>tam</strong></span> <span class='ocrx_word' id='word_1_251' title='bbox 638 2787 798 2842; x_wconf 86' lang='lat' dir='ltr'><strong>habes</strong></span> <span class='ocrx_word' id='word_1_252' title='bbox 832 2789 1037 2858; x_wconf 88' lang='lat' dir='ltr'><strong>proleg.</strong></span> <span class='ocrx_word' id='word_1_253' title='bbox 1068 2805 1214 2844; x_wconf 89' lang='lat' dir='ltr'><strong>num.</strong></span> <span class='ocrx_word' id='word_1_254' title='bbox 1253 2789 1374 2850; x_wconf 71' lang='grc'><strong>126.</strong></span> <span class='ocrx_word' id='word_1_255' title='bbox 1401 2789 1534 2843; x_wconf 87' lang='lat' dir='ltr'><strong>Tota</strong></span> <span class='ocrx_word' id='word_1_256' title='bbox 1561 2789 1752 2842; x_wconf 90' lang='lat' dir='ltr'><strong>Clerici</strong></span> <span class='ocrx_word' id='word_1_257' title='bbox 1785 2787 2077 2858; x_wconf 74' lang='lat' dir='ltr'><strong>difficultas</strong></span> 
     </span>
    </p>
   </div>
   <div class='ocr_carea' id='block_1_49' title="bbox 505 2856 2080 2928">
    <p class='ocr_par' dir='ltr' id='par_1_49' title="bbox 505 2856 2080 2928">
     <span class='ocr_line' id='line_1_50' title="bbox 505 2856 2080 2928; baseline -0.001 -19"><span class='ocrx_word' id='word_1_258' title='bbox 505 2857 741 2928; x_wconf 91' lang='lat' dir='ltr'><strong>inunico</strong></span> <span class='ocrx_word' id='word_1_259' title='bbox 766 2856 928 2913; x_wconf 86' lang='lat' dir='ltr'><strong>verbo</strong></span> <span class='ocrx_word' id='word_1_260' title='bbox 958 2856 1100 2926; x_wconf 76' lang='lat' dir='ltr'><strong>prius</strong></span> <span class='ocrx_word' id='word_1_261' title='bbox 1129 2869 1211 2913; x_wconf 91' lang='lat' dir='ltr'><strong>est</strong></span> <span class='ocrx_word' id='word_1_262' title='bbox 1234 2861 1400 2928; x_wconf 88' lang='lat' dir='ltr'><strong>posita</strong></span> <span class='ocrx_word' id='word_1_263' title='bbox 1435 2875 1573 2914; x_wconf 87' lang='lat' dir='ltr'><strong>vers.</strong></span> <span class='ocrx_word' id='word_1_264' title='bbox 1617 2858 1708 2921; x_wconf 72' lang='lat'><strong>20,</strong></span> <span class='ocrx_word' id='word_1_265' title='bbox 1743 2858 1944 2926; x_wconf 83' lang='lat' dir='ltr'><strong>Sophia</strong></span> <span class='ocrx_word' id='word_1_266' title='bbox 1974 2856 2080 2908; x_wconf 86' lang='lat' dir='ltr'><strong>cal-</strong></span> 
     </span>
    </p>
   </div>
   <div class='ocr_carea' id='block_1_50' title="bbox 504 2927 2081 2997">
    <p class='ocr_par' dir='ltr' id='par_1_50' title="bbox 504 2927 2081 2997">
     <span class='ocr_line' id='line_1_51' title="bbox 504 2927 2081 2997; baseline 0.001 -18"><span class='ocrx_word' id='word_1_267' title='bbox 504 2927 641 2982; x_wconf 86' lang='lat' dir='ltr'><strong>lebas</strong></span> <span class='ocrx_word' id='word_1_268' title='bbox 662 2929 824 2997; x_wconf 84' lang='lat' dir='ltr'><strong>prius.</strong></span> <span class='ocrx_word' id='word_1_269' title='bbox 851 2931 923 2983; x_wconf 81' lang='lat' dir='ltr'><strong>Ea</strong></span> <span class='ocrx_word' id='word_1_270' title='bbox 949 2939 1122 2984; x_wconf 87' lang='lat' dir='ltr'><strong>autem</strong></span> <span class='ocrx_word' id='word_1_271' title='bbox 1155 2927 1377 2997; x_wconf 79' lang='lat' dir='ltr'><strong>prcrsus</strong></span> <span class='ocrx_word' id='word_1_272' title='bbox 1403 2931 1622 2984; x_wconf 86' lang='lat' dir='ltr'><strong>diluitur</strong></span> <span class='ocrx_word' id='word_1_273' title='bbox 1645 2945 1765 2984; x_wconf 92' lang='lat' dir='ltr'><strong>cum</strong></span> <span class='ocrx_word' id='word_1_274' title='bbox 1797 2945 1860 2983; x_wconf 82' lang='lat' dir='ltr'><strong>es</strong></span> <span class='ocrx_word' id='word_1_275' title='bbox 1890 2928 2081 2996; x_wconf 90' lang='lat' dir='ltr'><strong>priori—</strong></span> 
     </span>
    </p>
   </div>
   <div class='ocr_carea' id='block_1_51' title="bbox 503 2999 2079 3070">
    <p class='ocr_par' dir='ltr' id='par_1_51' title="bbox 503 2999 2079 3070">
     <span class='ocr_line' id='line_1_52' title="bbox 503 2999 2079 3070; baseline 0 -20"><span class='ocrx_word' id='word_1_276' title='bbox 503 3000 881 3070; x_wconf 78' lang='lat' dir='ltr'><strong>tateoriginis,</strong></span> <span class='ocrx_word' id='word_1_277' title='bbox 908 3015 1067 3069; x_wconf 88' lang='lat' dir='ltr'><strong>quam</strong></span> <span class='ocrx_word' id='word_1_278' title='bbox 1098 3010 1290 3055; x_wconf 87' lang='lat' dir='ltr'><strong>vocant</strong></span> <span class='ocrx_word' id='word_1_279' title='bbox 1315 3012 1369 3056; x_wconf 92' lang='lat' dir='ltr'><strong>ct</strong></span> <span class='ocrx_word' id='word_1_280' title='bbox 1394 3001 1664 3070; x_wconf 71' lang='lat' dir='ltr'><strong>explicant</strong></span> <span class='ocrx_word' id='word_1_281' title='bbox 1687 2999 1939 3068; x_wconf 81' lang='lat' dir='ltr'><strong>theologi,</strong></span> <span class='ocrx_word' id='word_1_282' title='bbox 1969 3007 2079 3052; x_wconf 90' lang='lat' dir='ltr'><strong>tum</strong></span> 
     </span>
    </p>
   </div>
   <div class='ocr_carea' id='block_1_52' title="bbox 503 3061 2080 3139">
    <p class='ocr_par' dir='ltr' id='par_1_52' title="bbox 503 3061 2080 3139">
     <span class='ocr_line' id='line_1_53' title="bbox 503 3061 2080 3139; baseline -0.002 -17"><span class='ocrx_word' id='word_1_283' title='bbox 503 3081 566 3124; x_wconf 81' lang='lat' dir='ltr'><strong>es</strong></span> <span class='ocrx_word' id='word_1_284' title='bbox 597 3061 806 3123; x_wconf 66' lang='lat' dir='ltr'><strong>diversa</strong></span> <span class='ocrx_word' id='word_1_285' title='bbox 848 3061 1054 3125; x_wconf 79' lang='lat' dir='ltr'><strong>ratione</strong></span> <span class='ocrx_word' id='word_1_286' title='bbox 1089 3086 1190 3139; x_wconf 90' lang='lat' dir='ltr'><strong>qua</strong></span> <span class='ocrx_word' id='word_1_287' title='bbox 1225 3061 1479 3127; x_wconf 58' lang='lat' dir='ltr'><strong>Verbum&#39;</strong></span> <span class='ocrx_word' id='word_1_288' title='bbox 1504 3061 1741 3126; x_wconf 88' lang='lat' dir='ltr'><strong>divinum</strong></span> <span class='ocrx_word' id='word_1_289' title='bbox 1773 3061 2080 3124; x_wconf 69' lang='lat' dir='ltr'><strong>considera-</strong></span> 
     </span>
    </p>
   </div>
   <div class='ocr_carea' id='block_1_53' title="bbox 504 3140 2079 3210">
    <p class='ocr_par' dir='ltr' id='par_1_53' title="bbox 504 3140 2079 3210">
     <span class='ocr_line' id='line_1_54' title="bbox 504 3140 2079 3210; baseline 0 -19"><span class='ocrx_word' id='word_1_290' title='bbox 504 3153 648 3201; x_wconf 88' lang='lat' dir='ltr'><strong>mus,</strong></span> <span class='ocrx_word' id='word_1_291' title='bbox 682 3141 783 3194; x_wconf 91' lang='lat' dir='ltr'><strong>alia</strong></span> <span class='ocrx_word' id='word_1_292' title='bbox 815 3151 972 3209; x_wconf 87' lang='lat' dir='ltr'><strong>prout</strong></span> <span class='ocrx_word' id='word_1_293' title='bbox 1008 3150 1091 3195; x_wconf 87' lang='lat' dir='ltr'><strong>est</strong></span> <span class='ocrx_word' id='word_1_294' title='bbox 1130 3143 1182 3194; x_wconf 94' lang='lat' dir='ltr'><strong>in</strong></span> <span class='ocrx_word' id='word_1_295' title='bbox 1227 3141 1405 3204; x_wconf 87' lang='lat' dir='ltr'><strong>Patre,</strong></span> <span class='ocrx_word' id='word_1_296' title='bbox 1439 3142 1542 3195; x_wconf 90' lang='lat' dir='ltr'><strong>alia</strong></span> <span class='ocrx_word' id='word_1_297' title='bbox 1574 3149 1726 3210; x_wconf 89' lang='lat' dir='ltr'><strong>prout</strong></span> <span class='ocrx_word' id='word_1_298' title='bbox 1773 3151 1854 3193; x_wconf 77' lang='lat' dir='ltr'><strong>est</strong></span> <span class='ocrx_word' id='word_1_299' title='bbox 1893 3140 1956 3210; x_wconf 85' lang='lat' dir='ltr'><strong>ad</strong></span> <span class='ocrx_word' id='word_1_300' title='bbox 1993 3153 2079 3191; x_wconf 85' lang='lat' dir='ltr'><strong>res</strong></span> 
     </span>
    </p>
   </div>
   <div class='ocr_carea' id='block_1_54' title="bbox 505 3209 2077 3278">
    <p class='ocr_par' dir='ltr' id='par_1_54' title="bbox 505 3209 2077 3278">
     <span class='ocr_line' id='line_1_55' title="bbox 505 3209 2077 3278; baseline -0.001 -17"><span class='ocrx_word' id='word_1_301' title='bbox 505 3219 714 3263; x_wconf 89' lang='lat' dir='ltr'><strong>creatas</strong></span> <span class='ocrx_word' id='word_1_302' title='bbox 767 3226 945 3264; x_wconf 86' lang='lat' dir='ltr'><strong>sermo</strong></span> <span class='ocrx_word' id='word_1_303' title='bbox 986 3213 1222 3278; x_wconf 86' lang='lat' dir='ltr'><strong>prolatus</strong></span> <span class='ocrx_word' id='word_1_304' title='bbox 1260 3231 1269 3262; x_wconf 85' lang='lat'><strong>:</strong></span> <span class='ocrx_word' id='word_1_305' title='bbox 1305 3221 1415 3266; x_wconf 83' lang='lat' dir='ltr'><strong>tum</strong></span> <span class='ocrx_word' id='word_1_306' title='bbox 1455 3209 1669 3265; x_wconf 89' lang='lat' dir='ltr'><strong>demum</strong></span> <span class='ocrx_word' id='word_1_307' title='bbox 1708 3209 2077 3264; x_wconf 88' lang='lat' dir='ltr'><strong>animadversa</strong></span> 
     </span>
    </p>
   </div>
   <div class='ocr_carea' id='block_1_55' title="bbox 508 3279 2075 3349">
    <p class='ocr_par' dir='ltr' id='par_1_55' title="bbox 508 3279 2075 3349">
     <span class='ocr_line' id='line_1_56' title="bbox 508 3279 2075 3349; baseline 0.002 -19"><span class='ocrx_word' id='word_1_308' title='bbox 508 3280 785 3349; x_wconf 71' lang='lat' dir='ltr'><strong>temporali</strong></span> <span class='ocrx_word' id='word_1_309' title='bbox 832 3281 1176 3347; x_wconf 78' lang='lat' dir='ltr'><strong>generatione</strong></span> <span class='ocrx_word' id='word_1_310' title='bbox 1223 3281 1380 3334; x_wconf 87' lang='lat' dir='ltr'><strong>Verbi</strong></span> <span class='ocrx_word' id='word_1_311' title='bbox 1429 3295 1530 3349; x_wconf 87' lang='lat' dir='ltr'><strong>qua</strong></span> <span class='ocrx_word' id='word_1_312' title='bbox 1575 3296 1699 3334; x_wconf 88' lang='lat' dir='ltr'><strong>caro</strong></span> <span class='ocrx_word' id='word_1_313' title='bbox 1738 3279 1933 3333; x_wconf 80' lang='lat' dir='ltr'><strong>factum</strong></span> <span class='ocrx_word' id='word_1_314' title='bbox 1974 3289 2075 3333; x_wconf 90' lang='lat' dir='ltr'><strong>est.</strong></span> 
     </span>
    </p>
   </div>
   <div class='ocr_carea' id='block_1_56' title="bbox 510 3347 2076 3418">
    <p class='ocr_par' dir='ltr' id='par_1_56' title="bbox 510 3347 2076 3418">
     <span class='ocr_line' id='line_1_57' title="bbox 510 3347 2076 3418; baseline 0.003 -21"><span class='ocrx_word' id='word_1_315' title='bbox 510 3347 642 3402; x_wconf 86' lang='lat' dir='ltr'><strong>Vide</strong></span> <span class='ocrx_word' id='word_1_316' title='bbox 679 3347 1039 3418; x_wconf 82' lang='lat' dir='ltr'><strong>Tonruclyum</strong></span> <span class='ocrx_word' id='word_1_317' title='bbox 1071 3351 1144 3406; x_wconf 83' lang='lat' dir='ltr'><strong>De</strong></span> <span class='ocrx_word' id='word_1_318' title='bbox 1185 3350 1377 3404; x_wconf 87' lang='lat' dir='ltr'><strong>Trinit.</strong></span> <span class='ocrx_word' id='word_1_319' title='bbox 1411 3347 1599 3416; x_wconf 61' lang='lat' dir='ltr'><strong>quiest.</strong></span> <span class='ocrx_word' id='word_1_320' title='bbox 1634 3352 1687 3412; x_wconf 76' lang='grc'><strong>4,</strong></span> <span class='ocrx_word' id='word_1_321' title='bbox 1716 3359 1816 3404; x_wconf 89' lang='lat' dir='ltr'><strong>art.</strong></span> <span class='ocrx_word' id='word_1_322' title='bbox 1857 3349 1912 3414; x_wconf 78' lang='lat'><strong>‘2,</strong></span> <span class='ocrx_word' id='word_1_323' title='bbox 1945 3359 2076 3402; x_wconf 90' lang='lat' dir='ltr'><strong>sect.</strong></span> 
     </span>
    </p>
   </div>
   <div class='ocr_carea' id='block_1_57' title="bbox 505 3417 2077 3483">
    <p class='ocr_par' dir='ltr' id='par_1_57' title="bbox 505 3417 2077 3483">
     <span class='ocr_line' id='line_1_58' title="bbox 505 3417 2077 3483; baseline 0.002 -15"><span class='ocrx_word' id='word_1_324' title='bbox 505 3417 1096 3483; x_wconf 77' lang='lat' dir='ltr'><strong>2,.etdisscrtatiunem</strong></span> <span class='ocrx_word' id='word_1_325' title='bbox 1129 3420 1538 3474; x_wconf 88' lang='lat' dir='ltr'><strong>Balleriniorum</strong></span> <span class='ocrx_word' id='word_1_326' title='bbox 1581 3429 1765 3473; x_wconf 90' lang='lat' dir='ltr'><strong>contra</strong></span> <span class='ocrx_word' id='word_1_327' title='bbox 1808 3419 2077 3473; x_wconf 89' lang='lat' dir='ltr'><strong>Petavinm</strong></span> 
     </span>
    </p>
   </div>
   <div class='ocr_carea' id='block_1_58' title="bbox 508 3487 1682 3554">
    <p class='ocr_par' dir='ltr' id='par_1_58' title="bbox 508 3487 1682 3554">
     <span class='ocr_line' id='line_1_59' title="bbox 508 3487 1682 3554; baseline 0.002 -14"><span class='ocrx_word' id='word_1_328' title='bbox 508 3501 605 3554; x_wconf 90' lang='lat' dir='ltr'><strong>pro</strong></span> <span class='ocrx_word' id='word_1_329' title='bbox 630 3488 687 3542; x_wconf 89' lang='lat' dir='ltr'><strong>S.</strong></span> <span class='ocrx_word' id='word_1_330' title='bbox 720 3487 937 3543; x_wconf 85' lang='lat' dir='ltr'><strong>Zenone</strong></span> <span class='ocrx_word' id='word_1_331' title='bbox 967 3498 1019 3543; x_wconf 91' lang='lat' dir='ltr'><strong>et</strong></span> <span class='ocrx_word' id='word_1_332' title='bbox 1050 3489 1294 3544; x_wconf 88' lang='lat' dir='ltr'><strong>Patribus</strong></span> <span class='ocrx_word' id='word_1_333' title='bbox 1316 3491 1682 3545; x_wconf 68' lang='lat' dir='ltr'><strong>antenicrcnis.</strong></span> 
     </span>
    </p>
   </div>
   <div class='ocr_carea' id='block_1_59' title="bbox 578 3558 1582 3628">
    <p class='ocr_par' dir='ltr' id='par_1_59' title="bbox 578 3558 1582 3628">
     <span class='ocr_line' id='line_1_60' title="bbox 578 3558 1582 3628; baseline -0.001 -15"><span class='ocrx_word' id='word_1_334' title='bbox 578 3559 666 3614; x_wconf 76' lang='grc'><strong>19.</strong></span> <span class='ocrx_word' id='word_1_335' title='bbox 711 3559 876 3613; x_wconf 72' lang='lat' dir='ltr'><strong>Abest</strong></span> <span class='ocrx_word' id='word_1_336' title='bbox 902 3561 955 3611; x_wconf 89' lang='lat' dir='ltr'><strong>in</strong></span> <span class='ocrx_word' id='word_1_337' title='bbox 986 3561 1052 3611; x_wconf 89' lang='lat' dir='ltr'><strong>ab</strong></span> <span class='ocrx_word' id='word_1_338' title='bbox 1086 3559 1238 3628; x_wconf 87' lang='lat' dir='ltr'><strong>Egm.</strong></span> <span class='ocrx_word' id='word_1_339' title='bbox 1270 3569 1324 3615; x_wconf 85' lang='lat' dir='ltr'><strong>et</strong></span> <span class='ocrx_word' id='word_1_340' title='bbox 1351 3558 1582 3614; x_wconf 87' lang='lat' dir='ltr'><strong>llailsbr.</strong></span> 
     </span>
    </p>
   </div>
   <div class='ocr_carea' id='block_1_60' title="bbox 578 3628 2078 3698">
    <p class='ocr_par' dir='ltr' id='par_1_60' title="bbox 578 3628 2078 3698">
     <span class='ocr_line' id='line_1_61' title="bbox 578 3628 2078 3698; baseline -0.001 -15"><span class='ocrx_word' id='word_1_341' title='bbox 578 3629 670 3685; x_wconf 80' lang='grc'>20.</span> <span class='ocrx_word' id='word_1_342' title='bbox 714 3629 832 3683; x_wconf 85' lang='lat' dir='ltr'><strong>Vat.</strong></span> <span class='ocrx_word' id='word_1_343' title='bbox 853 3629 912 3694; x_wconf 86' lang='grc' dir='ltr'><strong>Β,</strong></span> <span class='ocrx_word' id='word_1_344' title='bbox 937 3629 1167 3698; x_wconf 84' lang='lat' dir='ltr'><strong>pollebas</strong></span> <span class='ocrx_word' id='word_1_345' title='bbox 1197 3646 1294 3698; x_wconf 91' lang='lat' dir='ltr'><strong>pro</strong></span> <span class='ocrx_word' id='word_1_346' title='bbox 1309 3630 1547 3684; x_wconf 88' lang='lat' dir='ltr'><strong>callebas.</strong></span> <span class='ocrx_word' id='word_1_347' title='bbox 1565 3628 2078 3693; x_wconf 80' lang='lat' dir='ltr'><strong>Weitzius,Widm.,</strong></span> 
     </span>
    </p>
   </div>
   <div class='ocr_carea' id='block_1_61' title="bbox 511 3699 2077 3770">
    <p class='ocr_par' dir='ltr' id='par_1_61' title="bbox 511 3699 2077 3770">
     <span class='ocr_line' id='line_1_62' title="bbox 511 3699 2077 3770; baseline -0.001 -16"><span class='ocrx_word' id='word_1_348' title='bbox 511 3702 624 3754; x_wconf 89' lang='lat' dir='ltr'><strong>Vat.</strong></span> <span class='ocrx_word' id='word_1_349' title='bbox 655 3701 694 3765; x_wconf 84' lang='grc' dir='ltr'><strong>Ι,</strong></span> <span class='ocrx_word' id='word_1_350' title='bbox 722 3699 898 3766; x_wconf 86' lang='lat' dir='ltr'><strong>Gold.,</strong></span> <span class='ocrx_word' id='word_1_351' title='bbox 919 3701 1110 3768; x_wconf 86' lang='lat' dir='ltr'><strong>Ilails.,</strong></span> <span class='ocrx_word' id='word_1_352' title='bbox 1136 3701 1327 3770; x_wconf 85' lang='lat' dir='ltr'><strong>Bong.,</strong></span> <span class='ocrx_word' id='word_1_353' title='bbox 1357 3701 1577 3754; x_wconf 82' lang='lat' dir='ltr'><strong>colebas.</strong></span> <span class='ocrx_word' id='word_1_354' title='bbox 1607 3701 1720 3756; x_wconf 86' lang='lat' dir='ltr'><strong>Non</strong></span> <span class='ocrx_word' id='word_1_355' title='bbox 1747 3700 1945 3770; x_wconf 91' lang='lat' dir='ltr'><strong>patitur</strong></span> <span class='ocrx_word' id='word_1_356' title='bbox 1969 3715 2077 3754; x_wconf 92' lang='lat' dir='ltr'><strong>mc-</strong></span> 
     </span>
    </p>
   </div>
   <div class='ocr_carea' id='block_1_62' title="bbox 509 3770 2078 3840">
    <p class='ocr_par' dir='ltr' id='par_1_62' title="bbox 509 3770 2078 3840">
     <span class='ocr_line' id='line_1_63' title="bbox 509 3770 2078 3840; baseline -0.001 -17"><span class='ocrx_word' id='word_1_357' title='bbox 509 3781 668 3825; x_wconf 91' lang='lat' dir='ltr'><strong>trum.</strong></span> <span class='ocrx_word' id='word_1_358' title='bbox 716 3772 769 3824; x_wconf 93' lang='lat' dir='ltr'><strong>In</strong></span> <span class='ocrx_word' id='word_1_359' title='bbox 817 3771 1110 3838; x_wconf 77' lang='lat' dir='ltr'><strong>exemplari</strong></span> <span class='ocrx_word' id='word_1_360' title='bbox 1142 3772 1274 3827; x_wconf 88' lang='lat' dir='ltr'><strong>edit.</strong></span> <span class='ocrx_word' id='word_1_361' title='bbox 1311 3772 1503 3826; x_wconf 82' lang='lat' dir='ltr'><strong>Weitz.</strong></span> <span class='ocrx_word' id='word_1_362' title='bbox 1540 3773 1673 3840; x_wconf 89' lang='lat' dir='ltr'><strong>apud</strong></span> <span class='ocrx_word' id='word_1_363' title='bbox 1698 3772 1767 3824; x_wconf 91' lang='lat' dir='ltr'><strong>cl.</strong></span> <span class='ocrx_word' id='word_1_364' title='bbox 1799 3770 2078 3840; x_wconf 70' lang='lat' dir='ltr'><strong>prmsnlem</strong></span> 
     </span>
    </p>
   </div>
   <div class='ocr_carea' id='block_1_63' title="bbox 507 3841 2082 3912">
    <p class='ocr_par' dir='ltr' id='par_1_63' title="bbox 507 3841 2082 3912">
     <span class='ocr_line' id='line_1_64' title="bbox 507 3841 2082 3912; baseline -0.001 -18"><span class='ocrx_word' id='word_1_365' title='bbox 507 3842 764 3909; x_wconf 63' lang='lat' dir='ltr'><strong>lieggiutn</strong></span> <span class='ocrx_word' id='word_1_366' title='bbox 806 3844 984 3896; x_wconf 86' lang='lat' dir='ltr'><strong>nescio</strong></span> <span class='ocrx_word' id='word_1_367' title='bbox 1023 3845 1142 3912; x_wconf 81' lang='lat' dir='ltr'><strong>quis</strong></span> <span class='ocrx_word' id='word_1_368' title='bbox 1181 3852 1488 3897; x_wconf 69' lang='lat' dir='ltr'><strong>correxerat</strong></span> <span class='ocrx_word' id='word_1_369' title='bbox 1531 3843 1745 3895; x_wconf 83' lang='lat' dir='ltr'><strong>callebat</strong></span> <span class='ocrx_word' id='word_1_370' title='bbox 1794 3857 1856 3912; x_wconf 79' lang='lat' dir='ltr'><strong>ex</strong></span> <span class='ocrx_word' id='word_1_371' title='bbox 1904 3841 2082 3908; x_wconf 90' lang='lat' dir='ltr'><strong>aliquo</strong></span> 
     </span>
    </p>
   </div>
   <div class='ocr_carea' id='block_1_64' title="bbox 507 3911 2077 3980">
    <p class='ocr_par' dir='ltr' id='par_1_64' title="bbox 507 3911 2077 3980">
     <span class='ocr_line' id='line_1_65' title="bbox 507 3911 2077 3980; baseline -0.002 -15"><span class='ocrx_word' id='word_1_372' title='bbox 507 3915 712 3980; x_wconf 89' lang='lat' dir='ltr'><strong>codice,</strong></span> <span class='ocrx_word' id='word_1_373' title='bbox 742 3922 798 3965; x_wconf 93' lang='lat' dir='ltr'><strong>ut</strong></span> <span class='ocrx_word' id='word_1_374' title='bbox 815 3911 1418 3968; x_wconf 81' lang='lat' dir='ltr'><strong>videtur.Tertulli:rnns</strong></span> <span class='ocrx_word' id='word_1_375' title='bbox 1442 3914 1536 3966; x_wconf 85' lang='lat' dir='ltr'><strong>lib.</strong></span> <span class='ocrx_word' id='word_1_376' title='bbox 1552 3913 1764 3967; x_wconf 80' lang='lat' dir='ltr'><strong>advers.</strong></span> <span class='ocrx_word' id='word_1_377' title='bbox 1797 3911 2077 3972; x_wconf 79' lang='lat' dir='ltr'><strong>l’raseam,</strong></span> 
     </span>
    </p>
   </div>
   <div class='ocr_carea' id='block_1_65' title="bbox 507 3981 2083 4054">
    <p class='ocr_par' dir='ltr' id='par_1_65' title="bbox 507 3981 2083 4054">
     <span class='ocr_line' id='line_1_66' title="bbox 507 3981 2083 4054; baseline 0.001 -20"><span class='ocrx_word' id='word_1_378' title='bbox 507 3997 625 4054; x_wconf 72' lang='lat' dir='ltr'><strong>cap.</strong></span> <span class='ocrx_word' id='word_1_379' title='bbox 657 3984 690 4034; x_wconf 83' lang='lat' dir='ltr'><strong>b</strong></span> <span class='ocrx_word' id='word_1_380' title='bbox 725 3999 735 4033; x_wconf 89' lang='lat'>:</span> <span class='ocrx_word' id='word_1_381' title='bbox 768 3981 896 4035; x_wconf 80' lang='lat' dir='ltr'><strong>Htec</strong></span> <span class='ocrx_word' id='word_1_382' title='bbox 927 3985 1027 4044; x_wconf 85' lang='lat' dir='ltr'><strong>vis,</strong></span> <span class='ocrx_word' id='word_1_383' title='bbox 1059 3993 1105 4036; x_wconf 87' lang='lat' dir='ltr'><strong>et</strong></span> <span class='ocrx_word' id='word_1_384' title='bbox 1136 3985 1242 4036; x_wconf 77' lang='lat' dir='ltr'><strong>htec</strong></span> <span class='ocrx_word' id='word_1_385' title='bbox 1268 3985 1423 4037; x_wconf 83' lang='lat' dir='ltr'><strong>divini</strong></span> <span class='ocrx_word' id='word_1_386' title='bbox 1453 4000 1626 4037; x_wconf 82' lang='lat' dir='ltr'><strong>sensus</strong></span> <span class='ocrx_word' id='word_1_387' title='bbox 1651 3983 1919 4054; x_wconf 85' lang='lat' dir='ltr'><strong>dispositio</strong></span> <span class='ocrx_word' id='word_1_388' title='bbox 1942 3982 2083 4054; x_wconf 78' lang='lat' dir='ltr'><strong>apud</strong></span> 
     </span>
    </p>
   </div>
   <div class='ocr_carea' id='block_1_66' title="bbox 511 4052 2084 4121">
    <p class='ocr_par' dir='ltr' id='par_1_66' title="bbox 511 4052 2084 4121">
     <span class='ocr_line' id='line_1_67' title="bbox 511 4052 2084 4121; baseline 0 -17"><span class='ocrx_word' id='word_1_389' title='bbox 511 4052 806 4116; x_wconf 83' lang='lat' dir='ltr'><strong>Scripturas</strong></span> <span class='ocrx_word' id='word_1_390' title='bbox 836 4053 985 4104; x_wconf 87' lang='lat' dir='ltr'><strong>etiam</strong></span> <span class='ocrx_word' id='word_1_391' title='bbox 1033 4054 1084 4104; x_wconf 90' lang='lat' dir='ltr'><strong>in</strong></span> <span class='ocrx_word' id='word_1_392' title='bbox 1129 4055 1322 4121; x_wconf 80' lang='lat' dir='ltr'><strong>sophia:</strong></span> <span class='ocrx_word' id='word_1_393' title='bbox 1371 4057 1577 4107; x_wconf 85' lang='lat' dir='ltr'><strong>nomine</strong></span> <span class='ocrx_word' id='word_1_394' title='bbox 1613 4052 1912 4108; x_wconf 82' lang='lat' dir='ltr'><strong>ostenditur.</strong></span> <span class='ocrx_word' id='word_1_395' title='bbox 1949 4052 2084 4117; x_wconf 79' lang='lat' dir='ltr'><strong>Quid</strong></span> 
     </span>
    </p>
   </div>
   <div class='ocr_carea' id='block_1_67' title="bbox 509 4121 2086 4192">
    <p class='ocr_par' dir='ltr' id='par_1_67' title="bbox 509 4121 2086 4192">
     <span class='ocr_line' id='line_1_68' title="bbox 509 4121 2086 4192; baseline 0.002 -21"><span class='ocrx_word' id='word_1_396' title='bbox 509 4121 644 4192; x_wconf 80' lang='lat' dir='ltr'><strong>enim</strong></span> <span class='ocrx_word' id='word_1_397' title='bbox 679 4121 957 4189; x_wconf 81' lang='lat' dir='ltr'><strong>sapientius</strong></span> <span class='ocrx_word' id='word_1_398' title='bbox 987 4123 1181 4174; x_wconf 88' lang='lat' dir='ltr'><strong>ratione</strong></span> <span class='ocrx_word' id='word_1_399' title='bbox 1217 4121 1310 4175; x_wconf 86' lang='lat' dir='ltr'><strong>Dei</strong></span> <span class='ocrx_word' id='word_1_400' title='bbox 1335 4165 1350 4188; x_wconf 87' lang='lat'><strong>,</strong></span> <span class='ocrx_word' id='word_1_401' title='bbox 1373 4125 1483 4178; x_wconf 79' lang='lat' dir='ltr'><strong>.sit&#39;e</strong></span> <span class='ocrx_word' id='word_1_402' title='bbox 1513 4140 1761 4178; x_wconf 85' lang='lat' dir='ltr'><strong>sermone.</strong></span> <span class='ocrx_word' id='word_1_403' title='bbox 1793 4123 1973 4192; x_wconf 84' lang='lat' dir='ltr'><strong>Itaque</strong></span> <span class='ocrx_word' id='word_1_404' title='bbox 2002 4137 2086 4174; x_wconf 83' lang='lat' dir='ltr'><strong>so-</strong></span> 
     </span>
    </p>
   </div>
   <div class='ocr_carea' id='block_1_68' title="bbox 509 4190 2079 4264">
    <p class='ocr_par' dir='ltr' id='par_1_68' title="bbox 509 4190 2079 4264">
     <span class='ocr_line' id='line_1_69' title="bbox 509 4190 2079 4264; baseline 0.003 -24"><span class='ocrx_word' id='word_1_405' title='bbox 509 4190 682 4264; x_wconf 66' lang='lat' dir='ltr'><strong>phian:</strong></span> <span class='ocrx_word' id='word_1_406' title='bbox 699 4197 898 4258; x_wconf 80' lang='lat' dir='ltr'><strong>quoque</strong></span> <span class='ocrx_word' id='word_1_407' title='bbox 914 4191 1119 4264; x_wconf 70' lang='lat' dir='ltr'><strong>exaudi,</strong></span> <span class='ocrx_word' id='word_1_408' title='bbox 1149 4203 1200 4244; x_wconf 88' lang='lat' dir='ltr'><strong>ut</strong></span> <span class='ocrx_word' id='word_1_409' title='bbox 1206 4195 1497 4264; x_wconf 81' lang='lat' dir='ltr'><strong>_secundam</strong></span> <span class='ocrx_word' id='word_1_410' title='bbox 1521 4210 1786 4264; x_wconf 83' lang='lat' dir='ltr'><strong>personam</strong></span> <span class='ocrx_word' id='word_1_411' title='bbox 1803 4190 2079 4264; x_wconf 81' lang='lat' dir='ltr'><strong>conditam.</strong></span> 
     </span>
    </p>
   </div>
   <div class='ocr_carea' id='block_1_69' title="bbox 510 4257 2082 4326">
    <p class='ocr_par' dir='ltr' id='par_1_69' title="bbox 510 4257 2082 4326">
     <span class='ocr_line' id='line_1_70' title="bbox 510 4257 2082 4326; baseline 0 -11"><span class='ocrx_word' id='word_1_412' title='bbox 510 4257 568 4315; x_wconf 82' lang='lat' dir='ltr'><strong>S.</strong></span> <span class='ocrx_word' id='word_1_413' title='bbox 603 4257 744 4313; x_wconf 89' lang='lat' dir='ltr'><strong>Zeno</strong></span> <span class='ocrx_word' id='word_1_414' title='bbox 771 4301 785 4324; x_wconf 94' lang='lat'><strong>,</strong></span> <span class='ocrx_word' id='word_1_415' title='bbox 813 4257 981 4314; x_wconf 70' lang='lat' dir='ltr'><strong>Serm.</strong></span> <span class='ocrx_word' id='word_1_416' title='bbox 1029 4262 1062 4315; x_wconf 83' lang='grc'>5</span> <span class='ocrx_word' id='word_1_417' title='bbox 1089 4263 1156 4314; x_wconf 90' lang='lat' dir='ltr'><strong>dc</strong></span> <span class='ocrx_word' id='word_1_418' title='bbox 1186 4261 1403 4316; x_wconf 73' lang='lat' dir='ltr'><strong>lEterna</strong></span> <span class='ocrx_word' id='word_1_419' title='bbox 1436 4257 1789 4318; x_wconf 66' lang='lat' dir='ltr'><strong>Ci&#39;neratione</strong></span> <span class='ocrx_word' id='word_1_420' title='bbox 1821 4263 1972 4326; x_wconf 80' lang='lat' dir='ltr'><strong>Filii,</strong></span> <span class='ocrx_word' id='word_1_421' title='bbox 2018 4261 2082 4315; x_wconf 85' lang='lat' dir='ltr'><strong>In</strong></span> 
     </span>
    </p>
   </div>
   <div class='ocr_carea' id='block_1_70' title="bbox 510 4329 2084 4399">
    <p class='ocr_par' dir='ltr' id='par_1_70' title="bbox 510 4329 2084 4399">
     <span class='ocr_line' id='line_1_71' title="bbox 510 4329 2084 4399; baseline 0.002 -17"><span class='ocrx_word' id='word_1_422' title='bbox 510 4329 768 4399; x_wconf 77' lang='lat' dir='ltr'><strong>profundo</strong></span> <span class='ocrx_word' id='word_1_423' title='bbox 795 4346 903 4384; x_wconf 78' lang='lat' dir='ltr'><strong>sure</strong></span> <span class='ocrx_word' id='word_1_424' title='bbox 931 4347 1090 4388; x_wconf 79' lang='lat' dir='ltr'><strong>sacra:</strong></span> <span class='ocrx_word' id='word_1_425' title='bbox 1114 4333 1294 4384; x_wconf 86' lang='lat' dir='ltr'><strong>mentis</strong></span> <span class='ocrx_word' id='word_1_426' title='bbox 1323 4349 1534 4386; x_wconf 88' lang='lat' dir='ltr'><strong>arcano.</strong></span> <span class='ocrx_word' id='word_1_427' title='bbox 1576 4333 1747 4387; x_wconf 87' lang='lat' dir='ltr'><strong>Locus</strong></span> <span class='ocrx_word' id='word_1_428' title='bbox 1777 4332 1936 4386; x_wconf 87' lang='lat' dir='ltr'><strong>etiam</strong></span> <span class='ocrx_word' id='word_1_429' title='bbox 1965 4347 2084 4386; x_wconf 65' lang='lat' dir='ltr'><strong>esse</strong></span> 
     </span>
    </p>
   </div>
   <div class='ocr_carea' id='block_1_71' title="bbox 510 4399 2086 4480">
    <p class='ocr_par' dir='ltr' id='par_1_71' title="bbox 510 4399 2086 4480">
     <span class='ocr_line' id='line_1_72' title="bbox 510 4399 2086 4480; baseline 0 -24"><span class='ocrx_word' id='word_1_430' title='bbox 510 4399 686 4480; x_wconf 69' lang='lat' dir='ltr'><strong>potest</strong></span> <span class='ocrx_word' id='word_1_431' title='bbox 717 4401 945 4480; x_wconf 30' lang='lat' dir='ltr'><strong>hisoqua‘</strong></span> <span class='ocrx_word' id='word_1_432' title='bbox 969 4399 1204 4480; x_wconf 77' lang='lat' dir='ltr'><strong>theologi</strong></span> <span class='ocrx_word' id='word_1_433' title='bbox 1231 4402 1504 4480; x_wconf 70' lang='lat' dir='ltr'><strong>disputant</strong></span> <span class='ocrx_word' id='word_1_434' title='bbox 1531 4405 1598 4458; x_wconf 89' lang='lat' dir='ltr'><strong>de</strong></span> <span class='ocrx_word' id='word_1_435' title='bbox 1624 4411 1803 4480; x_wconf 79' lang='lat' dir='ltr'><strong>mutua</strong></span> <span class='ocrx_word' id='word_1_436' title='bbox 1831 4416 2086 4480; x_wconf 83' lang='lat' dir='ltr'><strong>persona-</strong></span> 
     </span>
    </p>
   </div>
   <div class='ocr_carea' id='block_1_72' title="bbox 2257 2150 2757 2215">
    <p class='ocr_par' dir='ltr' id='par_1_72' title="bbox 2257 2150 2757 2215">
     <span class='ocr_line' id='line_1_73' title="bbox 2257 2150 2757 2215; baseline 0 -13"><span class='ocrx_word' id='word_1_437' title='bbox 2257 2150 2344 2206; x_wconf 71' lang='grc'>28.</span> <span class='ocrx_word' id='word_1_438' title='bbox 2388 2150 2566 2213; x_wconf 83' lang='lat' dir='ltr'><strong>Joan.,</strong></span> <span class='ocrx_word' id='word_1_439' title='bbox 2599 2166 2632 2215; x_wconf 92' lang='lat' dir='ltr'><strong>I,</strong></span> <span class='ocrx_word' id='word_1_440' title='bbox 2672 2151 2757 2204; x_wconf 75' lang='lat'><strong>18.</strong></span> 
     </span>
    </p>
   </div>
   <div class='ocr_carea' id='block_1_73' title="bbox 2257 2221 3759 2278">
    <p class='ocr_par' dir='ltr' id='par_1_73' title="bbox 2257 2221 3759 2278">
     <span class='ocr_line' id='line_1_74' title="bbox 2257 2221 3759 2278; baseline 0.001 -4"><span class='ocrx_word' id='word_1_441' title='bbox 2257 2222 2347 2276; x_wconf 73' lang='lat'><strong>52.</strong></span> <span class='ocrx_word' id='word_1_442' title='bbox 2397 2221 2604 2274; x_wconf 77' lang='lat' dir='ltr'><strong>Visendi</strong></span> <span class='ocrx_word' id='word_1_443' title='bbox 2622 2231 2671 2274; x_wconf 89' lang='lat' dir='ltr'><strong>et</strong></span> <span class='ocrx_word' id='word_1_444' title='bbox 2696 2222 2935 2274; x_wconf 80' lang='lat' dir='ltr'><strong>uisitandi</strong></span> <span class='ocrx_word' id='word_1_445' title='bbox 2955 2221 3210 2275; x_wconf 86' lang='lat' dir='ltr'><strong>vocabulo</strong></span> <span class='ocrx_word' id='word_1_446' title='bbox 3229 2223 3457 2277; x_wconf 87' lang='lat' dir='ltr'><strong>libenter</strong></span> <span class='ocrx_word' id='word_1_447' title='bbox 3471 2223 3571 2278; x_wconf 84' lang='lat' dir='ltr'><strong>SS.</strong></span> <span class='ocrx_word' id='word_1_448' title='bbox 3595 2224 3759 2277; x_wconf 78' lang='lat' dir='ltr'><strong>Patres</strong></span> 
     </span>
    </p>
   </div>
   <div class='ocr_carea' id='block_1_74' title="bbox 2187 2293 3759 2362">
    <p class='ocr_par' dir='ltr' id='par_1_74' title="bbox 2187 2293 3759 2362">
     <span class='ocr_line' id='line_1_75' title="bbox 2187 2293 3759 2362; baseline 0 -16"><span class='ocrx_word' id='word_1_449' title='bbox 2187 2302 2426 2355; x_wconf 90' lang='lat' dir='ltr'><strong>utuntur,</strong></span> <span class='ocrx_word' id='word_1_450' title='bbox 2452 2307 2572 2344; x_wconf 92' lang='lat' dir='ltr'><strong>cum</strong></span> <span class='ocrx_word' id='word_1_451' title='bbox 2603 2293 2919 2362; x_wconf 81' lang='lat' dir='ltr'><strong>mysterium</strong></span> <span class='ocrx_word' id='word_1_452' title='bbox 2937 2293 3320 2346; x_wconf 80' lang='lat' dir='ltr'><strong>lncarnationis</strong></span> <span class='ocrx_word' id='word_1_453' title='bbox 3337 2305 3614 2360; x_wconf 80' lang='lat' dir='ltr'><strong>exponunt</strong></span> <span class='ocrx_word' id='word_1_454' title='bbox 3637 2296 3759 2362; x_wconf 91' lang='lat' dir='ltr'><strong>quod</strong></span> 
     </span>
    </p>
   </div>
   <div class='ocr_carea' id='block_1_75' title="bbox 2184 2363 3759 2428">
    <p class='ocr_par' dir='ltr' id='par_1_75' title="bbox 2184 2363 3759 2428">
     <span class='ocr_line' id='line_1_76' title="bbox 2184 2363 3759 2428; baseline 0 -12"><span class='ocrx_word' id='word_1_455' title='bbox 2184 2378 2212 2416; x_wconf 92' lang='lat' dir='ltr'><strong>a</strong></span> <span class='ocrx_word' id='word_1_456' title='bbox 2242 2363 2410 2418; x_wconf 87' lang='lat' dir='ltr'><strong>sacris</strong></span> <span class='ocrx_word' id='word_1_457' title='bbox 2460 2363 2648 2415; x_wconf 91' lang='lat' dir='ltr'><strong>litteris</strong></span> <span class='ocrx_word' id='word_1_458' title='bbox 2695 2372 3033 2428; x_wconf 89' lang='lat' dir='ltr'><strong>mutuantur,</strong></span> <span class='ocrx_word' id='word_1_459' title='bbox 3088 2372 3143 2416; x_wconf 92' lang='lat' dir='ltr'><strong>nt</strong></span> <span class='ocrx_word' id='word_1_460' title='bbox 3181 2364 3228 2415; x_wconf 94' lang='lat' dir='ltr'><strong>in</strong></span> <span class='ocrx_word' id='word_1_461' title='bbox 3261 2365 3474 2418; x_wconf 84' lang='lat' dir='ltr'><strong>cantico</strong></span> <span class='ocrx_word' id='word_1_462' title='bbox 3506 2365 3759 2418; x_wconf 78' lang='lat' dir='ltr'><strong>Zacharia-</strong></span> 
     </span>
    </p>
   </div>
   <div class='ocr_carea' id='block_1_76' title="bbox 2184 2433 2789 2499">
    <p class='ocr_par' dir='ltr' id='par_1_76' title="bbox 2184 2433 2789 2499">
     <span class='ocr_line' id='line_1_77' title="bbox 2184 2433 2789 2499; baseline 0 -13"><span class='ocrx_word' id='word_1_463' title='bbox 2184 2449 2300 2499; x_wconf 88' lang='lat' dir='ltr'><strong>cap.</strong></span> <span class='ocrx_word' id='word_1_464' title='bbox 2329 2450 2364 2496; x_wconf 89' lang='lat' dir='ltr'><strong>t,</strong></span> <span class='ocrx_word' id='word_1_465' title='bbox 2414 2433 2663 2494; x_wconf 83' lang='lat' dir='ltr'><strong>Visitavit,</strong></span> <span class='ocrx_word' id='word_1_466' title='bbox 2687 2441 2789 2486; x_wconf 89' lang='lat' dir='ltr'><strong>etc.</strong></span> 
     </span>
    </p>
   </div>
   <div class='ocr_carea' id='block_1_77' title="bbox 2254 2503 3753 2571">
    <p class='ocr_par' dir='ltr' id='par_1_77' title="bbox 2254 2503 3753 2571">
     <span class='ocr_line' id='line_1_78' title="bbox 2254 2503 3753 2571; baseline 0 -14"><span class='ocrx_word' id='word_1_467' title='bbox 2254 2505 2341 2558; x_wconf 79' lang='lat'><strong>33.</strong></span> <span class='ocrx_word' id='word_1_468' title='bbox 2385 2503 2498 2556; x_wconf 82' lang='lat' dir='ltr'><strong>Non</strong></span> <span class='ocrx_word' id='word_1_469' title='bbox 2539 2503 2712 2556; x_wconf 87' lang='lat' dir='ltr'><strong>solum</strong></span> <span class='ocrx_word' id='word_1_470' title='bbox 2751 2513 2918 2571; x_wconf 64' lang='lat' dir='ltr'><strong>poeta:</strong></span> <span class='ocrx_word' id='word_1_471' title='bbox 2941 2547 2952 2564; x_wconf 86' lang='lat'><strong>,</strong></span> <span class='ocrx_word' id='word_1_472' title='bbox 2979 2519 3163 2556; x_wconf 90' lang='lat' dir='ltr'><strong>verum</strong></span> <span class='ocrx_word' id='word_1_473' title='bbox 3198 2505 3356 2557; x_wconf 87' lang='lat' dir='ltr'><strong>etiam</strong></span> <span class='ocrx_word' id='word_1_474' title='bbox 3393 2516 3643 2560; x_wconf 87' lang='lat' dir='ltr'><strong>oratores</strong></span> <span class='ocrx_word' id='word_1_475' title='bbox 3667 2506 3753 2558; x_wconf 78' lang='lat' dir='ltr'><strong>vini</strong></span> 
     </span>
    </p>
   </div>
   <div class='ocr_carea' id='block_1_78' title="bbox 2182 2573 3486 2642">
    <p class='ocr_par' dir='ltr' id='par_1_78' title="bbox 2182 2573 3486 2642">
     <span class='ocr_line' id='line_1_79' title="bbox 2182 2573 3486 2642; baseline 0.002 -17"><span class='ocrx_word' id='word_1_476' title='bbox 2182 2588 2278 2642; x_wconf 87' lang='lat' dir='ltr'><strong>pro</strong></span> <span class='ocrx_word' id='word_1_477' title='bbox 2312 2573 2651 2627; x_wconf 91' lang='lat' dir='ltr'><strong>multitudine</strong></span> <span class='ocrx_word' id='word_1_478' title='bbox 2677 2575 2963 2640; x_wconf 78' lang='lat' dir='ltr'><strong>accipiunt.</strong></span> <span class='ocrx_word' id='word_1_479' title='bbox 2995 2585 3049 2626; x_wconf 91' lang='lat' dir='ltr'><strong>nt</strong></span> <span class='ocrx_word' id='word_1_480' title='bbox 3070 2575 3257 2628; x_wconf 90' lang='lat' dir='ltr'><strong>Cicero</strong></span> <span class='ocrx_word' id='word_1_481' title='bbox 3289 2584 3342 2626; x_wconf 79' lang='lat' dir='ltr'><strong>et</strong></span> <span class='ocrx_word' id='word_1_482' title='bbox 3373 2575 3486 2629; x_wconf 87' lang='lat' dir='ltr'><strong>alii.</strong></span> 
     </span>
    </p>
   </div>
   <div class='ocr_carea' id='block_1_79' title="bbox 2249 2642 3760 2710">
    <p class='ocr_par' dir='ltr' id='par_1_79' title="bbox 2249 2642 3760 2710">
     <span class='ocr_line' id='line_1_80' title="bbox 2249 2642 3760 2710; baseline 0.003 -15"><span class='ocrx_word' id='word_1_483' title='bbox 2249 2643 2340 2698; x_wconf 73' lang='lat' dir='ltr'><strong>5L</strong></span> <span class='ocrx_word' id='word_1_484' title='bbox 2384 2642 2526 2696; x_wconf 83' lang='lat' dir='ltr'><strong>ldola</strong></span> <span class='ocrx_word' id='word_1_485' title='bbox 2551 2655 2702 2697; x_wconf 82' lang='lat' dir='ltr'><strong>vocat</strong></span> <span class='ocrx_word' id='word_1_486' title='bbox 2730 2645 2942 2705; x_wconf 82' lang='lat' dir='ltr'><strong>namias,</strong></span> <span class='ocrx_word' id='word_1_487' title='bbox 2972 2655 3020 2696; x_wconf 89' lang='lat' dir='ltr'><strong>Ill</strong></span> <span class='ocrx_word' id='word_1_488' title='bbox 3055 2646 3104 2697; x_wconf 89' lang='lat' dir='ltr'><strong>in</strong></span> <span class='ocrx_word' id='word_1_489' title='bbox 3131 2645 3441 2702; x_wconf 75' lang='lat' dir='ltr'><strong>Laurentio.</strong></span> <span class='ocrx_word' id='word_1_490' title='bbox 3472 2664 3617 2699; x_wconf 74' lang='lat' dir='ltr'><strong>vers.</strong></span> <span class='ocrx_word' id='word_1_491' title='bbox 3651 2650 3760 2710; x_wconf 70' lang='grc' dir='ltr'>ιιιις,</span> 
     </span>
    </p>
   </div>
   <div class='ocr_carea' id='block_1_80' title="bbox 2183 2712 3759 2786">
    <p class='ocr_par' dir='ltr' id='par_1_80' title="bbox 2183 2712 3759 2786">
     <span class='ocr_line' id='line_1_81' title="bbox 2183 2712 3759 2786; baseline 0.002 -20"><span class='ocrx_word' id='word_1_492' title='bbox 2183 2724 2235 2766; x_wconf 90' lang='lat' dir='ltr'><strong>et</strong></span> <span class='ocrx_word' id='word_1_493' title='bbox 2262 2715 2276 2766; x_wconf 95' lang='grc' dir='ltr'><strong>Ι</strong></span> <span class='ocrx_word' id='word_1_494' title='bbox 2311 2717 2359 2786; x_wconf 88' lang='lat' dir='ltr'><strong>in</strong></span> <span class='ocrx_word' id='word_1_495' title='bbox 2389 2712 2549 2786; x_wconf 64' lang='lat' dir='ltr'><strong>Sytn.</strong></span> <span class='ocrx_word' id='word_1_496' title='bbox 2573 2729 2716 2768; x_wconf 84' lang='lat' dir='ltr'><strong>vers.</strong></span> <span class='ocrx_word' id='word_1_497' title='bbox 2739 2713 2884 2786; x_wconf 14' lang='lat'><strong>74537.</strong></span> <span class='ocrx_word' id='word_1_498' title='bbox 2921 2732 3085 2786; x_wconf 85' lang='lat' dir='ltr'><strong>nugas</strong></span> <span class='ocrx_word' id='word_1_499' title='bbox 3126 2725 3212 2768; x_wconf 83' lang='lat' dir='ltr'><strong>:ot</strong></span> <span class='ocrx_word' id='word_1_500' title='bbox 3247 2731 3310 2768; x_wconf 75' lang='lat' dir='ltr'><strong>es</strong></span> <span class='ocrx_word' id='word_1_501' title='bbox 3343 2717 3613 2784; x_wconf 80' lang='lat' dir='ltr'><strong>probabili</strong></span> <span class='ocrx_word' id='word_1_502' title='bbox 3645 2736 3759 2784; x_wconf 84' lang='lat' dir='ltr'><strong>quo-</strong></span> 
     </span>
    </p>
   </div>
   <div class='ocr_carea' id='block_1_81' title="bbox 2184 2785 3752 2855">
    <p class='ocr_par' dir='ltr' id='par_1_81' title="bbox 2184 2785 3752 2855">
     <span class='ocr_line' id='line_1_82' title="bbox 2184 2785 3752 2855; baseline -0.001 -17"><span class='ocrx_word' id='word_1_503' title='bbox 2184 2785 2425 2838; x_wconf 88' lang='lat' dir='ltr'><strong>rumdam</strong></span> <span class='ocrx_word' id='word_1_504' title='bbox 2452 2785 2702 2855; x_wconf 79' lang='lat' dir='ltr'><strong>codicum</strong></span> <span class='ocrx_word' id='word_1_505' title='bbox 2737 2785 2963 2855; x_wconf 84' lang='lat' dir='ltr'><strong>lectione</strong></span> <span class='ocrx_word' id='word_1_506' title='bbox 2997 2785 3144 2840; x_wconf 81' lang='lat' dir='ltr'><strong>vers.</strong></span> <span class='ocrx_word' id='word_1_507' title='bbox 3182 2786 3284 2837; x_wconf 72' lang='grc'><strong>515</strong></span> <span class='ocrx_word' id='word_1_508' title='bbox 3315 2788 3518 2855; x_wconf 83' lang='lat' dir='ltr'><strong>hymno</strong></span> <span class='ocrx_word' id='word_1_509' title='bbox 3557 2791 3612 2840; x_wconf 80' lang='lat' dir='ltr'><strong>S.</strong></span> <span class='ocrx_word' id='word_1_510' title='bbox 3642 2789 3752 2841; x_wconf 78' lang='lat' dir='ltr'><strong>Lan-</strong></span> 
     </span>
    </p>
   </div>
   <div class='ocr_carea' id='block_1_82' title="bbox 2183 2853 3758 2923">
    <p class='ocr_par' dir='ltr' id='par_1_82' title="bbox 2183 2853 3758 2923">
     <span class='ocr_line' id='line_1_83' title="bbox 2183 2853 3758 2923; baseline 0 -15"><span class='ocrx_word' id='word_1_511' title='bbox 2183 2855 2342 2908; x_wconf 86' lang='lat' dir='ltr'><strong>rentii</strong></span> <span class='ocrx_word' id='word_1_512' title='bbox 2375 2873 2386 2906; x_wconf 87' lang='lat'>:</span> <span class='ocrx_word' id='word_1_513' title='bbox 2422 2853 2584 2908; x_wconf 82' lang='lat' dir='ltr'><strong>Orare</strong></span> <span class='ocrx_word' id='word_1_514' title='bbox 2614 2857 2805 2907; x_wconf 67' lang='lat' dir='ltr'><strong>na’nias</strong></span> <span class='ocrx_word' id='word_1_515' title='bbox 2843 2854 3027 2908; x_wconf 73' lang='lat' dir='ltr'><strong>Numa‘</strong></span> <span class='ocrx_word' id='word_1_516' title='bbox 3061 2872 3073 2906; x_wconf 87' lang='lat'><strong>:</strong></span> <span class='ocrx_word' id='word_1_517' title='bbox 3109 2858 3332 2920; x_wconf 83' lang='lat' dir='ltr'><strong>Cicero,</strong></span> <span class='ocrx_word' id='word_1_518' title='bbox 3355 2853 3477 2923; x_wconf 74' lang='lat' dir='ltr'><strong>cap.</strong></span> <span class='ocrx_word' id='word_1_519' title='bbox 3502 2859 3576 2912; x_wconf 63' lang='grc' dir='ltr'>ει</span> <span class='ocrx_word' id='word_1_520' title='bbox 3613 2861 3698 2912; x_wconf 79' lang='lat' dir='ltr'><strong>lib.</strong></span> <span class='ocrx_word' id='word_1_521' title='bbox 3731 2875 3758 2909; x_wconf 92' lang='grc' dir='ltr'><strong>ιι</strong></span> 
     </span>
    </p>
   </div>
   <div class='ocr_carea' id='block_1_83' title="bbox 2185 2925 3760 2993">
    <p class='ocr_par' dir='ltr' id='par_1_83' title="bbox 2185 2925 3760 2993">
     <span class='ocr_line' id='line_1_84' title="bbox 2185 2925 3760 2993; baseline 0.002 -16"><span class='ocrx_word' id='word_1_522' title='bbox 2185 2928 2252 2978; x_wconf 88' lang='lat' dir='ltr'><strong>de</strong></span> <span class='ocrx_word' id='word_1_523' title='bbox 2282 2925 2484 2993; x_wconf 83' lang='lat' dir='ltr'><strong>legibus</strong></span> <span class='ocrx_word' id='word_1_524' title='bbox 2515 2942 2526 2976; x_wconf 88' lang='lat'><strong>:</strong></span> <span class='ocrx_word' id='word_1_525' title='bbox 2574 2925 2961 2979; x_wconf 87' lang='lat' dir='ltr'><strong>llonoratorum</strong></span> <span class='ocrx_word' id='word_1_526' title='bbox 2987 2927 3205 2978; x_wconf 79' lang='lat' dir='ltr'><strong>virorum</strong></span> <span class='ocrx_word' id='word_1_527' title='bbox 3250 2929 3426 2980; x_wconf 86' lang='lat' dir='ltr'><strong>laudes</strong></span> <span class='ocrx_word' id='word_1_528' title='bbox 3455 2931 3508 2979; x_wconf 85' lang='lat' dir='ltr'><strong>in</strong></span> <span class='ocrx_word' id='word_1_529' title='bbox 3535 2932 3760 2982; x_wconf 78' lang='lat' dir='ltr'><strong>concione</strong></span> 
     </span>
    </p>
   </div>
   <div class='ocr_carea' id='block_1_84' title="bbox 2185 2997 3757 3063">
    <p class='ocr_par' dir='ltr' id='par_1_84' title="bbox 2185 2997 3757 3063">
     <span class='ocr_line' id='line_1_85' title="bbox 2185 2997 3757 3063; baseline 0.002 -17"><span class='ocrx_word' id='word_1_530' title='bbox 2185 3006 2517 3057; x_wconf 83' lang='lat' dir='ltr'><strong>memorante,</strong></span> <span class='ocrx_word' id='word_1_531' title='bbox 2571 3012 2754 3063; x_wconf 88' lang='lat' dir='ltr'><strong>easque</strong></span> <span class='ocrx_word' id='word_1_532' title='bbox 2801 2997 2951 3048; x_wconf 89' lang='lat' dir='ltr'><strong>etiam</strong></span> <span class='ocrx_word' id='word_1_533' title='bbox 2993 2997 3059 3047; x_wconf 88' lang='lat' dir='ltr'><strong>ad</strong></span> <span class='ocrx_word' id='word_1_534' title='bbox 3087 3007 3287 3058; x_wconf 85' lang='lat' dir='ltr'><strong>cantus,</strong></span> <span class='ocrx_word' id='word_1_535' title='bbox 3333 3007 3378 3049; x_wconf 79' lang='lat' dir='ltr'><strong>et</strong></span> <span class='ocrx_word' id='word_1_536' title='bbox 3409 3000 3479 3050; x_wconf 89' lang='lat' dir='ltr'><strong>ad</strong></span> <span class='ocrx_word' id='word_1_537' title='bbox 3513 3001 3757 3052; x_wconf 78' lang='lat' dir='ltr'><strong>tibicinem</strong></span> 
     </span>
    </p>
   </div>
   <div class='ocr_carea' id='block_1_85' title="bbox 2186 3067 3756 3136">
    <p class='ocr_par' dir='ltr' id='par_1_85' title="bbox 2186 3067 3756 3136">
     <span class='ocr_line' id='line_1_86' title="bbox 2186 3067 3756 3136; baseline 0.001 -20"><span class='ocrx_word' id='word_1_538' title='bbox 2186 3080 2586 3136; x_wconf 80' lang='lat' dir='ltr'><strong>prosequuntur,</strong></span> <span class='ocrx_word' id='word_1_539' title='bbox 2638 3067 2718 3118; x_wconf 84' lang='lat' dir='ltr'><strong>cui</strong></span> <span class='ocrx_word' id='word_1_540' title='bbox 2747 3083 2925 3118; x_wconf 79' lang='lat' dir='ltr'><strong>nomen</strong></span> <span class='ocrx_word' id='word_1_541' title='bbox 2956 3067 3133 3119; x_wconf 66' lang='lat' dir='ltr'><strong>nantia:</strong></span> <span class='ocrx_word' id='word_1_542' title='bbox 3157 3106 3170 3129; x_wconf 93' lang='lat'><strong>,</strong></span> <span class='ocrx_word' id='word_1_543' title='bbox 3220 3085 3320 3136; x_wconf 86' lang='lat' dir='ltr'><strong>quo</strong></span> <span class='ocrx_word' id='word_1_544' title='bbox 3348 3070 3600 3122; x_wconf 69' lang='lat' dir='ltr'><strong>uocabulo</strong></span> <span class='ocrx_word' id='word_1_545' title='bbox 3624 3073 3756 3123; x_wconf 86' lang='lat' dir='ltr'><strong>etiam</strong></span> 
     </span>
    </p>
   </div>
   <div class='ocr_carea' id='block_1_86' title="bbox 2186 3135 3758 3205">
    <p class='ocr_par' dir='ltr' id='par_1_86' title="bbox 2186 3135 3758 3205">
     <span class='ocr_line' id='line_1_87' title="bbox 2186 3135 3758 3205; baseline 0.001 -18"><span class='ocrx_word' id='word_1_546' title='bbox 2186 3135 2350 3189; x_wconf 69' lang='grc' dir='ltr'><strong>(ἐι-(υρὶ</strong></span> <span class='ocrx_word' id='word_1_547' title='bbox 2381 3147 2557 3188; x_wconf 85' lang='lat' dir='ltr'><strong>cantus</strong></span> <span class='ocrx_word' id='word_1_548' title='bbox 2583 3135 2819 3204; x_wconf 85' lang='lat' dir='ltr'><strong>lugubres</strong></span> <span class='ocrx_word' id='word_1_549' title='bbox 2851 3139 3134 3190; x_wconf 87' lang='lat' dir='ltr'><strong>nominant.</strong></span> <span class='ocrx_word' id='word_1_550' title='bbox 3164 3135 3386 3205; x_wconf 84' lang='lat' dir='ltr'><strong>Proprie</strong></span> <span class='ocrx_word' id='word_1_551' title='bbox 3417 3139 3588 3193; x_wconf 83' lang='lat' dir='ltr'><strong>etiam</strong></span> <span class='ocrx_word' id='word_1_552' title='bbox 3619 3156 3758 3202; x_wconf 68' lang='lat' dir='ltr'><strong>nnga&#39;</strong></span> 
     </span>
    </p>
   </div>
   <div class='ocr_carea' id='block_1_87' title="bbox 2183 3206 3757 3274">
    <p class='ocr_par' dir='ltr' id='par_1_87' title="bbox 2183 3206 3757 3274">
     <span class='ocr_line' id='line_1_88' title="bbox 2183 3206 3757 3274; baseline 0.003 -17"><span class='ocrx_word' id='word_1_553' title='bbox 2183 3215 2363 3271; x_wconf 87' lang='lat' dir='ltr'><strong>erant,</strong></span> <span class='ocrx_word' id='word_1_554' title='bbox 2393 3221 2510 3274; x_wconf 78' lang='lat' dir='ltr'><strong>qua-</strong></span> <span class='ocrx_word' id='word_1_555' title='bbox 2540 3206 2589 3258; x_wconf 88' lang='lat' dir='ltr'><strong>in</strong></span> <span class='ocrx_word' id='word_1_556' title='bbox 2625 3217 2954 3259; x_wconf 90' lang='lat' dir='ltr'><strong>mortuorum</strong></span> <span class='ocrx_word' id='word_1_557' title='bbox 2980 3208 3188 3260; x_wconf 85' lang='lat' dir='ltr'><strong>laudem</strong></span> <span class='ocrx_word' id='word_1_558' title='bbox 3217 3211 3581 3264; x_wconf 85' lang='lat' dir='ltr'><strong>canebantur.</strong></span> <span class='ocrx_word' id='word_1_559' title='bbox 3615 3213 3757 3266; x_wconf 75' lang='lat' dir='ltr'><strong>lleete</strong></span> 
     </span>
    </p>
   </div>
   <div class='ocr_carea' id='block_1_88' title="bbox 2184 3276 3750 3345">
    <p class='ocr_par' dir='ltr' id='par_1_88' title="bbox 2184 3276 3750 3345">
     <span class='ocr_line' id='line_1_89' title="bbox 2184 3276 3750 3345; baseline 0 -15"><span class='ocrx_word' id='word_1_560' title='bbox 2184 3277 2344 3344; x_wconf 77' lang='lat' dir='ltr'><strong>igitur</strong></span> <span class='ocrx_word' id='word_1_561' title='bbox 2369 3276 2591 3339; x_wconf 68' lang='lat' dir='ltr'><strong>nscnias,</strong></span> <span class='ocrx_word' id='word_1_562' title='bbox 2612 3285 2665 3329; x_wconf 90' lang='lat' dir='ltr'><strong>et</strong></span> <span class='ocrx_word' id='word_1_563' title='bbox 2688 3292 2851 3344; x_wconf 84' lang='lat' dir='ltr'><strong>nugas</strong></span> <span class='ocrx_word' id='word_1_564' title='bbox 2869 3287 3019 3330; x_wconf 83' lang='lat' dir='ltr'><strong>vocat</strong></span> <span class='ocrx_word' id='word_1_565' title='bbox 3052 3288 3202 3345; x_wconf 89' lang='lat' dir='ltr'><strong>poeta</strong></span> <span class='ocrx_word' id='word_1_566' title='bbox 3232 3281 3435 3332; x_wconf 89' lang='lat' dir='ltr'><strong>cultttm</strong></span> <span class='ocrx_word' id='word_1_567' title='bbox 3471 3280 3750 3339; x_wconf 78' lang='lat' dir='ltr'><strong>hominum,</strong></span> 
     </span>
    </p>
   </div>
   <div class='ocr_carea' id='block_1_89' title="bbox 2183 3346 3750 3414">
    <p class='ocr_par' dir='ltr' id='par_1_89' title="bbox 2183 3346 3750 3414">
     <span class='ocr_line' id='line_1_90' title="bbox 2183 3346 3750 3414; baseline 0.003 -16"><span class='ocrx_word' id='word_1_568' title='bbox 2183 3362 2318 3413; x_wconf 91' lang='lat' dir='ltr'><strong>quos</strong></span> <span class='ocrx_word' id='word_1_569' title='bbox 2350 3357 2465 3414; x_wconf 90' lang='lat' dir='ltr'><strong>post</strong></span> <span class='ocrx_word' id='word_1_570' title='bbox 2505 3346 2705 3401; x_wconf 86' lang='lat' dir='ltr'><strong>obitum</strong></span> <span class='ocrx_word' id='word_1_571' title='bbox 2756 3348 2841 3401; x_wconf 89' lang='lat' dir='ltr'><strong>alii</strong></span> <span class='ocrx_word' id='word_1_572' title='bbox 2888 3347 3131 3401; x_wconf 88' lang='lat' dir='ltr'><strong>homines</strong></span> <span class='ocrx_word' id='word_1_573' title='bbox 3184 3351 3233 3401; x_wconf 92' lang='lat' dir='ltr'><strong>in</strong></span> <span class='ocrx_word' id='word_1_574' title='bbox 3275 3351 3406 3401; x_wconf 72' lang='lat' dir='ltr'><strong>deos</strong></span> <span class='ocrx_word' id='word_1_575' title='bbox 3441 3354 3750 3406; x_wconf 61' lang='lat' dir='ltr'><strong>referebant.</strong></span> 
     </span>
    </p>
   </div>
   <div class='ocr_carea' id='block_1_90' title="bbox 2184 3417 3752 3486">
    <p class='ocr_par' dir='ltr' id='par_1_90' title="bbox 2184 3417 3752 3486">
     <span class='ocr_line' id='line_1_91' title="bbox 2184 3417 3752 3486; baseline 0.001 -16"><span class='ocrx_word' id='word_1_576' title='bbox 2184 3417 2346 3484; x_wconf 72' lang='lat' dir='ltr'><strong>Nugm</strong></span> <span class='ocrx_word' id='word_1_577' title='bbox 2374 3418 2555 3479; x_wconf 90' lang='lat' dir='ltr'><strong>etiam,</strong></span> <span class='ocrx_word' id='word_1_578' title='bbox 2590 3427 2644 3469; x_wconf 91' lang='lat' dir='ltr'><strong>et</strong></span> <span class='ocrx_word' id='word_1_579' title='bbox 2669 3418 2852 3470; x_wconf 73' lang='lat' dir='ltr'><strong>omnia:</strong></span> <span class='ocrx_word' id='word_1_580' title='bbox 2881 3419 3100 3486; x_wconf 81' lang='lat' dir='ltr'><strong>intelligi</strong></span> <span class='ocrx_word' id='word_1_581' title='bbox 3132 3428 3351 3486; x_wconf 84' lang='lat' dir='ltr'><strong>possunt</strong></span> <span class='ocrx_word' id='word_1_582' title='bbox 3382 3421 3582 3474; x_wconf 60' lang='lat' dir='ltr'><strong>fabula:</strong></span> <span class='ocrx_word' id='word_1_583' title='bbox 3613 3435 3659 3475; x_wconf 88' lang='lat' dir='ltr'><strong>et</strong></span> <span class='ocrx_word' id='word_1_584' title='bbox 3685 3425 3752 3472; x_wconf 92' lang='lat' dir='ltr'><strong>in-</strong></span> 
     </span>
    </p>
   </div>
   <div class='ocr_carea' id='block_1_91' title="bbox 2189 3487 3754 3560">
    <p class='ocr_par' dir='ltr' id='par_1_91' title="bbox 2189 3487 3754 3560">
     <span class='ocr_line' id='line_1_92' title="bbox 2189 3487 3754 3560; baseline 0.004 -24"><span class='ocrx_word' id='word_1_585' title='bbox 2189 3496 2341 3560; x_wconf 80' lang='lat' dir='ltr'><strong>venta</strong></span> <span class='ocrx_word' id='word_1_586' title='bbox 2356 3487 2723 3560; x_wconf 82' lang='lat' dir='ltr'><strong>superstitiosa</strong></span> <span class='ocrx_word' id='word_1_587' title='bbox 2737 3487 2928 3560; x_wconf 68' lang='lat' dir='ltr'><strong>quibus</strong></span> <span class='ocrx_word' id='word_1_588' title='bbox 2947 3489 3401 3560; x_wconf 55' lang='lat' dir='ltr'><strong>idololatratlidcm</strong></span> <span class='ocrx_word' id='word_1_589' title='bbox 3417 3496 3754 3560; x_wconf 60' lang='lat' dir='ltr'><strong>praestabant.</strong></span> 
     </span>
    </p>
   </div>
   <div class='ocr_carea' id='block_1_92' title="bbox 2191 3557 3486 3626">
    <p class='ocr_par' dir='ltr' id='par_1_92' title="bbox 2191 3557 3486 3626">
     <span class='ocr_line' id='line_1_93' title="bbox 2191 3557 3486 3626; baseline 0.002 -16"><span class='ocrx_word' id='word_1_590' title='bbox 2191 3558 2324 3610; x_wconf 85' lang='lat' dir='ltr'><strong>Nota</strong></span> <span class='ocrx_word' id='word_1_591' title='bbox 2357 3568 2480 3610; x_wconf 93' lang='lat' dir='ltr'><strong>snnt</strong></span> <span class='ocrx_word' id='word_1_592' title='bbox 2508 3557 2736 3626; x_wconf 85' lang='lat' dir='ltr'><strong>cogitata</strong></span> <span class='ocrx_word' id='word_1_593' title='bbox 2767 3557 2950 3610; x_wconf 75' lang='lat' dir='ltr'><strong>Numa:</strong></span> <span class='ocrx_word' id='word_1_594' title='bbox 2971 3561 3036 3611; x_wconf 90' lang='lat' dir='ltr'><strong>de</strong></span> <span class='ocrx_word' id='word_1_595' title='bbox 3067 3559 3210 3611; x_wconf 91' lang='lat' dir='ltr'><strong>cultu</strong></span> <span class='ocrx_word' id='word_1_596' title='bbox 3243 3557 3486 3614; x_wconf 78' lang='lat' dir='ltr'><strong>deorum.</strong></span> 
     </span>
    </p>
   </div>
   <div class='ocr_carea' id='block_1_93' title="bbox 2257 3627 3755 3698">
    <p class='ocr_par' dir='ltr' id='par_1_93' title="bbox 2257 3627 3755 3698">
     <span class='ocr_line' id='line_1_94' title="bbox 2257 3627 3755 3698; baseline 0.005 -19"><span class='ocrx_word' id='word_1_597' title='bbox 2257 3627 2344 3681; x_wconf 77' lang='lat'><strong>35.</strong></span> <span class='ocrx_word' id='word_1_598' title='bbox 2389 3628 2538 3695; x_wconf 81' lang='lat' dir='ltr'><strong>Egm.</strong></span> <span class='ocrx_word' id='word_1_599' title='bbox 2574 3639 2628 3680; x_wconf 91' lang='lat' dir='ltr'><strong>et</strong></span> <span class='ocrx_word' id='word_1_600' title='bbox 2657 3627 2823 3681; x_wconf 86' lang='lat' dir='ltr'><strong>Palat.</strong></span> <span class='ocrx_word' id='word_1_601' title='bbox 2843 3669 2856 3686; x_wconf 86' lang='lat'><strong>.</strong></span> <span class='ocrx_word' id='word_1_602' title='bbox 2891 3630 2972 3681; x_wconf 84' lang='lat' dir='ltr'><strong>vel</strong></span> <span class='ocrx_word' id='word_1_603' title='bbox 3010 3646 3109 3682; x_wconf 74' lang='lat' dir='ltr'><strong>ivre</strong></span> <span class='ocrx_word' id='word_1_604' title='bbox 3141 3669 3155 3691; x_wconf 90' lang='lat'><strong>,</strong></span> <span class='ocrx_word' id='word_1_605' title='bbox 3188 3632 3262 3682; x_wconf 80' lang='lat' dir='ltr'><strong>rel</strong></span> <span class='ocrx_word' id='word_1_606' title='bbox 3288 3632 3393 3698; x_wconf 73' lang='lat' dir='ltr'><strong>fixa</strong></span> <span class='ocrx_word' id='word_1_607' title='bbox 3423 3673 3438 3696; x_wconf 94' lang='lat'><strong>,</strong></span> <span class='ocrx_word' id='word_1_608' title='bbox 3486 3637 3755 3687; x_wconf 85' lang='lat' dir='ltr'><strong>mendose.</strong></span> 
     </span>
    </p>
   </div>
   <div class='ocr_carea' id='block_1_94' title="bbox 2186 3697 3759 3774">
    <p class='ocr_par' dir='ltr' id='par_1_94' title="bbox 2186 3697 3759 3774">
     <span class='ocr_line' id='line_1_95' title="bbox 2186 3697 3759 3774; baseline 0 -22"><span class='ocrx_word' id='word_1_609' title='bbox 2186 3697 2435 3774; x_wconf 62' lang='lat' dir='ltr'><strong>Nonnulli</strong></span> <span class='ocrx_word' id='word_1_610' title='bbox 2493 3698 2998 3774; x_wconf 28' lang='lat' dir='ltr'><strong>ltmreticitaliiqne</strong></span> <span class='ocrx_word' id='word_1_611' title='bbox 3042 3697 3424 3774; x_wconf 84' lang='lat' dir='ltr'><strong>semicatbolici</strong></span> <span class='ocrx_word' id='word_1_612' title='bbox 3465 3715 3662 3774; x_wconf 73' lang='lat' dir='ltr'><strong>negant</strong></span> <span class='ocrx_word' id='word_1_613' title='bbox 3703 3720 3759 3754; x_wconf 83' lang='lat' dir='ltr'><strong>co</strong></span> 
     </span>
    </p>
   </div>
   <div class='ocr_carea' id='block_1_95' title="bbox 2185 3767 3758 3840">
    <p class='ocr_par' dir='ltr' id='par_1_95' title="bbox 2185 3767 3758 3840">
     <span class='ocr_line' id='line_1_96' title="bbox 2185 3767 3758 3840; baseline 0.004 -21"><span class='ocrx_word' id='word_1_614' title='bbox 2185 3770 2465 3821; x_wconf 67' lang='lat' dir='ltr'><strong>dementim</strong></span> <span class='ocrx_word' id='word_1_615' title='bbox 2493 3767 2734 3840; x_wconf 80' lang='lat' dir='ltr'><strong>ethnicos</strong></span> <span class='ocrx_word' id='word_1_616' title='bbox 2756 3769 3058 3832; x_wconf 65' lang='lat' dir='ltr'><strong>det&#39;eirsse,</strong></span> <span class='ocrx_word' id='word_1_617' title='bbox 3091 3780 3144 3822; x_wconf 91' lang='lat' dir='ltr'><strong>ut</strong></span> <span class='ocrx_word' id='word_1_618' title='bbox 3169 3772 3308 3840; x_wconf 83' lang='lat' dir='ltr'><strong>ligna</strong></span> <span class='ocrx_word' id='word_1_619' title='bbox 3341 3773 3419 3826; x_wconf 89' lang='lat' dir='ltr'><strong>vel</strong></span> <span class='ocrx_word' id='word_1_620' title='bbox 3453 3767 3564 3826; x_wconf 68' lang='grc' dir='ltr'><strong>τρι-εἶ</strong></span> <span class='ocrx_word' id='word_1_621' title='bbox 3589 3776 3758 3827; x_wconf 77' lang='lat' dir='ltr'><strong>trede-</strong></span> 
     </span>
    </p>
   </div>
   <div class='ocr_carea' id='block_1_96' title="bbox 2189 3837 3758 3908">
    <p class='ocr_par' dir='ltr' id='par_1_96' title="bbox 2189 3837 3758 3908">
     <span class='ocr_line' id='line_1_97' title="bbox 2189 3837 3758 3908; baseline 0.001 -16"><span class='ocrx_word' id='word_1_622' title='bbox 2189 3848 2306 3892; x_wconf 82' lang='lat' dir='ltr'><strong>rcnt</strong></span> <span class='ocrx_word' id='word_1_623' title='bbox 2337 3854 2454 3892; x_wconf 89' lang='lat' dir='ltr'><strong>cssc</strong></span> <span class='ocrx_word' id='word_1_624' title='bbox 2484 3837 2633 3892; x_wconf 86' lang='lat' dir='ltr'><strong>deos.</strong></span> <span class='ocrx_word' id='word_1_625' title='bbox 2679 3839 2946 3892; x_wconf 83' lang='lat' dir='ltr'><strong>Honorem</strong></span> <span class='ocrx_word' id='word_1_626' title='bbox 2985 3851 3036 3892; x_wconf 88' lang='lat' dir='ltr'><strong>ct</strong></span> <span class='ocrx_word' id='word_1_627' title='bbox 3073 3837 3275 3893; x_wconf 70' lang='lat' dir='ltr'><strong>cnlttint</strong></span> <span class='ocrx_word' id='word_1_628' title='bbox 3327 3845 3411 3908; x_wconf 86' lang='lat' dir='ltr'><strong>qui</strong></span> <span class='ocrx_word' id='word_1_629' title='bbox 3454 3847 3650 3897; x_wconf 67' lang='lat' dir='ltr'><strong>statuis</strong></span> <span class='ocrx_word' id='word_1_630' title='bbox 3679 3845 3758 3897; x_wconf 82' lang='lat' dir='ltr'><strong>Dei</strong></span> 
     </span>
    </p>
   </div>
   <div class='ocr_carea' id='block_1_97' title="bbox 2186 3911 3758 3982">
    <p class='ocr_par' dir='ltr' id='par_1_97' title="bbox 2186 3911 3758 3982">
     <span class='ocr_line' id='line_1_98' title="bbox 2186 3911 3758 3982; baseline 0.002 -20"><span class='ocrx_word' id='word_1_631' title='bbox 2186 3919 2239 3962; x_wconf 91' lang='lat' dir='ltr'><strong>et</strong></span> <span class='ocrx_word' id='word_1_632' title='bbox 2267 3919 2893 3982; x_wconf 48' lang='lat' dir='ltr'><strong>sanetornrnpraestatur,</strong></span> <span class='ocrx_word' id='word_1_633' title='bbox 2922 3911 3124 3965; x_wconf 79' lang='lat' dir='ltr'><strong>vi-llent</strong></span> <span class='ocrx_word' id='word_1_634' title='bbox 3155 3912 3435 3972; x_wconf 66' lang='lat' dir='ltr'><strong>abolitum.</strong></span> <span class='ocrx_word' id='word_1_635' title='bbox 3469 3920 3624 3982; x_wconf 87' lang='lat' dir='ltr'><strong>quasi</strong></span> <span class='ocrx_word' id='word_1_636' title='bbox 3656 3917 3758 3968; x_wconf 73' lang='lat' dir='ltr'><strong>lia-t-</strong></span> 
     </span>
    </p>
   </div>
   <div class='ocr_carea' id='block_1_98' title="bbox 2187 3980 3758 4050">
    <p class='ocr_par' dir='ltr' id='par_1_98' title="bbox 2187 3980 3758 4050">
     <span class='ocr_line' id='line_1_99' title="bbox 2187 3980 3758 4050; baseline 0.003 -18"><span class='ocrx_word' id='word_1_637' title='bbox 2187 3988 2332 4032; x_wconf 82' lang='lat' dir='ltr'><strong>esset</strong></span> <span class='ocrx_word' id='word_1_638' title='bbox 2368 3995 2489 4032; x_wconf 87' lang='lat' dir='ltr'><strong>vera</strong></span> <span class='ocrx_word' id='word_1_639' title='bbox 2519 3980 2603 4033; x_wconf 86' lang='lat' dir='ltr'><strong>illa</strong></span> <span class='ocrx_word' id='word_1_640' title='bbox 2632 3980 2962 4044; x_wconf 64' lang='lat' dir='ltr'><strong>idololatria,</strong></span> <span class='ocrx_word' id='word_1_641' title='bbox 2994 3997 3110 4050; x_wconf 73' lang='lat' dir='ltr'><strong>qum</strong></span> <span class='ocrx_word' id='word_1_642' title='bbox 3138 3983 3366 4037; x_wconf 88' lang='lat' dir='ltr'><strong>ethnicis</strong></span> <span class='ocrx_word' id='word_1_643' title='bbox 3392 3980 3758 4050; x_wconf 76' lang='lat' dir='ltr'><strong>olijiriebatnr,</strong></span> 
     </span>
    </p>
   </div>
   <div class='ocr_carea' id='block_1_99' title="bbox 2190 4050 3758 4123">
    <p class='ocr_par' dir='ltr' id='par_1_99' title="bbox 2190 4050 3758 4123">
     <span class='ocr_line' id='line_1_100' title="bbox 2190 4050 3758 4123; baseline 0.002 -21"><span class='ocrx_word' id='word_1_644' title='bbox 2190 4066 2292 4103; x_wconf 91' lang='lat' dir='ltr'><strong>non</strong></span> <span class='ocrx_word' id='word_1_645' title='bbox 2343 4067 2470 4123; x_wconf 75' lang='lat' dir='ltr'><strong>vero</strong></span> <span class='ocrx_word' id='word_1_646' title='bbox 2501 4050 2640 4119; x_wconf 87' lang='lat' dir='ltr'><strong>quod</strong></span> <span class='ocrx_word' id='word_1_647' title='bbox 2680 4050 3014 4123; x_wconf 80' lang='lat' dir='ltr'><strong>divinitatem</strong></span> <span class='ocrx_word' id='word_1_648' title='bbox 3063 4053 3220 4105; x_wconf 89' lang='lat' dir='ltr'><strong>rebus</strong></span> <span class='ocrx_word' id='word_1_649' title='bbox 3261 4055 3508 4123; x_wconf 67' lang='lat' dir='ltr'><strong>inanimis</strong></span> <span class='ocrx_word' id='word_1_650' title='bbox 3549 4060 3758 4122; x_wconf 78' lang='lat' dir='ltr'><strong>attinge-</strong></span> 
     </span>
    </p>
   </div>
   <div class='ocr_carea' id='block_1_100' title="bbox 2187 4121 3746 4190">
    <p class='ocr_par' dir='ltr' id='par_1_100' title="bbox 2187 4121 3746 4190">
     <span class='ocr_line' id='line_1_101' title="bbox 2187 4121 3746 4190; baseline 0 -16"><span class='ocrx_word' id='word_1_651' title='bbox 2187 4131 2325 4174; x_wconf 86' lang='lat' dir='ltr'><strong>rent.</strong></span> <span class='ocrx_word' id='word_1_652' title='bbox 2354 4121 2544 4175; x_wconf 86' lang='lat' dir='ltr'><strong>Vertttn</strong></span> <span class='ocrx_word' id='word_1_653' title='bbox 2575 4121 2987 4174; x_wconf 88' lang='lat' dir='ltr'><strong>evidentissimis</strong></span> <span class='ocrx_word' id='word_1_654' title='bbox 3018 4139 3181 4175; x_wconf 71' lang='lat' dir='ltr'><strong>sacra:</strong></span> <span class='ocrx_word' id='word_1_655' title='bbox 3211 4121 3414 4190; x_wconf 73' lang='lat' dir='ltr'><strong>pagina:</strong></span> <span class='ocrx_word' id='word_1_656' title='bbox 3439 4121 3746 4179; x_wconf 62' lang='lat' dir='ltr'><strong>testimoniis</strong></span> 
     </span>
    </p>
   </div>
   <div class='ocr_carea' id='block_1_101' title="bbox 2191 4191 3751 4261">
    <p class='ocr_par' dir='ltr' id='par_1_101' title="bbox 2191 4191 3751 4261">
     <span class='ocr_line' id='line_1_102' title="bbox 2191 4191 3751 4261; baseline 0.003 -19"><span class='ocrx_word' id='word_1_657' title='bbox 2191 4193 2528 4244; x_wconf 83' lang='lat' dir='ltr'><strong>refelluntur.</strong></span> <span class='ocrx_word' id='word_1_658' title='bbox 2587 4191 2746 4244; x_wconf 84' lang='lat' dir='ltr'><strong>Isaias</strong></span> <span class='ocrx_word' id='word_1_659' title='bbox 2775 4206 2891 4259; x_wconf 88' lang='lat' dir='ltr'><strong>cap.</strong></span> <span class='ocrx_word' id='word_1_660' title='bbox 2936 4208 3055 4245; x_wconf 70' lang='lat' dir='ltr'><strong>XLIV</strong></span> <span class='ocrx_word' id='word_1_661' title='bbox 3096 4196 3257 4246; x_wconf 86' lang='lat' dir='ltr'><strong>multa</strong></span> <span class='ocrx_word' id='word_1_662' title='bbox 3287 4196 3440 4248; x_wconf 85' lang='lat' dir='ltr'><strong>all‘ert</strong></span> <span class='ocrx_word' id='word_1_663' title='bbox 3469 4206 3517 4248; x_wconf 92' lang='lat' dir='ltr'><strong>ut</strong></span> <span class='ocrx_word' id='word_1_664' title='bbox 3550 4196 3751 4261; x_wconf 86' lang='lat' dir='ltr'><strong>probet,</strong></span> 
     </span>
    </p>
   </div>
   <div class='ocr_carea' id='block_1_102' title="bbox 2190 4261 3760 4331">
    <p class='ocr_par' dir='ltr' id='par_1_102' title="bbox 2190 4261 3760 4331">
     <span class='ocr_line' id='line_1_103' title="bbox 2190 4261 3760 4331; baseline -0.001 -18"><span class='ocrx_word' id='word_1_665' title='bbox 2190 4261 2352 4314; x_wconf 88' lang='lat' dir='ltr'><strong>Deum</strong></span> <span class='ocrx_word' id='word_1_666' title='bbox 2399 4277 2502 4314; x_wconf 90' lang='lat' dir='ltr'><strong>non</strong></span> <span class='ocrx_word' id='word_1_667' title='bbox 2537 4276 2656 4315; x_wconf 75' lang='lat' dir='ltr'><strong>esse</strong></span> <span class='ocrx_word' id='word_1_668' title='bbox 2707 4262 2902 4315; x_wconf 86' lang='lat' dir='ltr'><strong>idolum</strong></span> <span class='ocrx_word' id='word_1_669' title='bbox 2931 4302 2944 4324; x_wconf 92' lang='lat'><strong>,</strong></span> <span class='ocrx_word' id='word_1_670' title='bbox 2977 4268 3115 4331; x_wconf 89' lang='lat' dir='ltr'><strong>quod</strong></span> <span class='ocrx_word' id='word_1_671' title='bbox 3157 4265 3315 4316; x_wconf 79' lang='lat' dir='ltr'><strong>homo</strong></span> <span class='ocrx_word' id='word_1_672' title='bbox 3366 4269 3477 4318; x_wconf 75' lang='lat' dir='ltr'><strong>suis</strong></span> <span class='ocrx_word' id='word_1_673' title='bbox 3517 4266 3760 4318; x_wconf 75' lang='lat' dir='ltr'><strong>manibus</strong></span> 
     </span>
    </p>
   </div>
   <div class='ocr_carea' id='block_1_103' title="bbox 2187 4331 3764 4400">
    <p class='ocr_par' dir='ltr' id='par_1_103' title="bbox 2187 4331 3764 4400">
     <span class='ocr_line' id='line_1_104' title="bbox 2187 4331 3764 4400; baseline 0.003 -17"><span class='ocrx_word' id='word_1_674' title='bbox 2187 4332 2409 4400; x_wconf 79' lang='lat' dir='ltr'><strong>cllingit,</strong></span> <span class='ocrx_word' id='word_1_675' title='bbox 2436 4331 2672 4398; x_wconf 71' lang='lat' dir='ltr'><strong>ejusdem</strong></span> <span class='ocrx_word' id='word_1_676' title='bbox 2701 4331 2822 4385; x_wconf 82' lang='lat' dir='ltr'><strong>idoli</strong></span> <span class='ocrx_word' id='word_1_677' title='bbox 2855 4334 3112 4386; x_wconf 81' lang='lat' dir='ltr'><strong>artilienni</strong></span> <span class='ocrx_word' id='word_1_678' title='bbox 3139 4334 3534 4390; x_wconf 87' lang='lat' dir='ltr'><strong>idololatrarnm</strong></span> <span class='ocrx_word' id='word_1_679' title='bbox 3565 4339 3764 4390; x_wconf 56' lang='lat' dir='ltr'><strong>vanita-</strong></span> 
     </span>
    </p>
   </div>
   <div class='ocr_carea' id='block_1_104' title="bbox 2190 4403 3764 4469">
    <p class='ocr_par' dir='ltr' id='par_1_104' title="bbox 2190 4403 3764 4469">
     <span class='ocr_line' id='line_1_105' title="bbox 2190 4403 3764 4469; baseline 0.002 -15"><span class='ocrx_word' id='word_1_680' title='bbox 2190 4411 2324 4463; x_wconf 91' lang='lat' dir='ltr'><strong>tem,</strong></span> <span class='ocrx_word' id='word_1_681' title='bbox 2365 4403 2469 4454; x_wconf 86' lang='lat' dir='ltr'><strong>imo</strong></span> <span class='ocrx_word' id='word_1_682' title='bbox 2503 4411 2774 4469; x_wconf 86' lang='lat' dir='ltr'><strong>stuporem</strong></span> <span class='ocrx_word' id='word_1_683' title='bbox 2826 4413 3008 4469; x_wconf 90' lang='lat' dir='ltr'><strong>aperte</strong></span> <span class='ocrx_word' id='word_1_684' title='bbox 3047 4405 3332 4458; x_wconf 69' lang='lat' dir='ltr'><strong>convincit.</strong></span> <span class='ocrx_word' id='word_1_685' title='bbox 3370 4411 3636 4460; x_wconf 73' lang='lat' dir='ltr'><strong>Sescenta</strong></span> <span class='ocrx_word' id='word_1_686' title='bbox 3670 4409 3764 4458; x_wconf 85' lang='lat' dir='ltr'><strong>alia</strong></span> 
     </span>
    </p>
   </div>
   <div class='ocr_carea' id='block_1_105' title="bbox 510 4470 3762 4544">
    <p class='ocr_par' dir='ltr' id='par_1_105' title="bbox 510 4470 3762 4544">
     <span class='ocr_line' id='line_1_106' title="bbox 510 4470 3762 4544; baseline 0.002 -20"><span class='ocrx_word' id='word_1_687' title='bbox 510 4486 627 4526; x_wconf 89' lang='lat' dir='ltr'><strong>rum</strong></span> <span class='ocrx_word' id='word_1_688' title='bbox 657 4470 707 4525; x_wconf 92' lang='lat' dir='ltr'><strong>in</strong></span> <span class='ocrx_word' id='word_1_689' title='bbox 730 4486 790 4526; x_wconf 88' lang='lat' dir='ltr'><strong>se</strong></span> <span class='ocrx_word' id='word_1_690' title='bbox 813 4472 1043 4526; x_wconf 88' lang='lat' dir='ltr'><strong>invicem</strong></span> <span class='ocrx_word' id='word_1_691' title='bbox 1069 4473 1390 4544; x_wconf 71' lang='lat' dir='ltr'><strong>inexistentia</strong></span> <span class='ocrx_word' id='word_1_692' title='bbox 1409 4513 1425 4536; x_wconf 94' lang='lat'><strong>,</strong></span> <span class='ocrx_word' id='word_1_693' title='bbox 1449 4471 1560 4527; x_wconf 77' lang='lat' dir='ltr'><strong>sive</strong></span> <span class='ocrx_word' id='word_1_694' title='bbox 1587 4473 2083 4544; x_wconf 66' lang='lat' dir='ltr'><strong>circuminsessione,</strong></span> <span class='ocrx_word' id='word_1_695' title='bbox 2114 4481 2168 4544; x_wconf 74' lang='grc' dir='ltr'>ι)</span> <span class='ocrx_word' id='word_1_696' title='bbox 2193 4482 2318 4544; x_wconf 85' lang='lat' dir='ltr'><strong>sunt</strong></span> <span class='ocrx_word' id='word_1_697' title='bbox 2348 4472 2754 4544; x_wconf 83' lang='lat' dir='ltr'><strong>hujuscemodi.</strong></span> <span class='ocrx_word' id='word_1_698' title='bbox 2807 4473 3128 4527; x_wconf 84' lang='lat' dir='ltr'><strong>Prudentius</strong></span> <span class='ocrx_word' id='word_1_699' title='bbox 3160 4491 3262 4528; x_wconf 90' lang='lat' dir='ltr'><strong>non</strong></span> <span class='ocrx_word' id='word_1_700' title='bbox 3290 4480 3462 4530; x_wconf 86' lang='lat' dir='ltr'><strong>solum</strong></span> <span class='ocrx_word' id='word_1_701' title='bbox 3498 4479 3604 4533; x_wconf 85' lang='lat' dir='ltr'><strong>hoc</strong></span> <span class='ocrx_word' id='word_1_702' title='bbox 3633 4482 3762 4539; x_wconf 76' lang='lat' dir='ltr'><strong>loco,</strong></span> 
     </span>
    </p>
   </div>
   <div class='ocr_carea' id='block_1_106' title="bbox 511 4541 2077 4612">
    <p class='ocr_par' dir='ltr' id='par_1_106' title="bbox 511 4541 2077 4612">
     <span class='ocr_line' id='line_1_107' title="bbox 511 4541 2077 4612; baseline 0.001 -17"><span class='ocrx_word' id='word_1_703' title='bbox 511 4553 568 4596; x_wconf 88' lang='lat' dir='ltr'><strong>ut</strong></span> <span class='ocrx_word' id='word_1_704' title='bbox 596 4551 807 4605; x_wconf 89' lang='lat' dir='ltr'><strong>vocant,</strong></span> <span class='ocrx_word' id='word_1_705' title='bbox 837 4558 902 4595; x_wconf 79' lang='lat' dir='ltr'><strong>es</strong></span> <span class='ocrx_word' id='word_1_706' title='bbox 923 4557 1042 4612; x_wconf 89' lang='lat' dir='ltr'><strong>cap.</strong></span> <span class='ocrx_word' id='word_1_707' title='bbox 1073 4557 1157 4595; x_wconf 73' lang='lat' dir='ltr'><strong>xiv</strong></span> <span class='ocrx_word' id='word_1_708' title='bbox 1186 4541 1339 4600; x_wconf 83' lang='lat' dir='ltr'><strong>Joau.</strong></span> <span class='ocrx_word' id='word_1_709' title='bbox 1371 4558 1511 4598; x_wconf 70' lang='lat' dir='ltr'><strong>vers.</strong></span> <span class='ocrx_word' id='word_1_710' title='bbox 1544 4544 1611 4598; x_wconf 71' lang='lat' dir='ltr'><strong>lt)</strong></span> <span class='ocrx_word' id='word_1_711' title='bbox 1640 4561 1650 4596; x_wconf 91' lang='lat'><strong>:</strong></span> <span class='ocrx_word' id='word_1_712' title='bbox 1685 4541 1795 4611; x_wconf 83' lang='lat' dir='ltr'><strong>Ego</strong></span> <span class='ocrx_word' id='word_1_713' title='bbox 1817 4542 1867 4595; x_wconf 88' lang='lat' dir='ltr'><strong>in</strong></span> <span class='ocrx_word' id='word_1_714' title='bbox 1899 4541 2077 4608; x_wconf 86' lang='lat' dir='ltr'><strong>Patre,</strong></span> 
     </span>
    </p>
   </div>
   <div class='ocr_carea' id='block_1_107' title="bbox 511 4612 1029 4669">
    <p class='ocr_par' dir='ltr' id='par_1_107' title="bbox 511 4612 1029 4669">
     <span class='ocr_line' id='line_1_108' title="bbox 511 4612 1029 4669; baseline 0 -3"><span class='ocrx_word' id='word_1_715' title='bbox 511 4623 555 4666; x_wconf 90' lang='lat' dir='ltr'><strong>et</strong></span> <span class='ocrx_word' id='word_1_716' title='bbox 583 4612 738 4666; x_wconf 83' lang='lat' dir='ltr'><strong>Pater</strong></span> <span class='ocrx_word' id='word_1_717' title='bbox 759 4615 809 4666; x_wconf 90' lang='lat' dir='ltr'><strong>in</strong></span> <span class='ocrx_word' id='word_1_718' title='bbox 829 4629 910 4666; x_wconf 86' lang='lat' dir='ltr'><strong>me</strong></span> <span class='ocrx_word' id='word_1_719' title='bbox 937 4623 1029 4669; x_wconf 92' lang='lat' dir='ltr'><strong>est.</strong></span> 
     </span>
    </p>
   </div>
   <div class='ocr_carea' id='block_1_108' title="bbox 579 4683 2080 4754">
    <p class='ocr_par' dir='ltr' id='par_1_108' title="bbox 579 4683 2080 4754">
     <span class='ocr_line' id='line_1_109' title="bbox 579 4683 2080 4754; baseline 0 -17"><span class='ocrx_word' id='word_1_720' title='bbox 579 4684 670 4740; x_wconf 78' lang='lat' dir='ltr'><strong>2t.</strong></span> <span class='ocrx_word' id='word_1_721' title='bbox 709 4684 910 4750; x_wconf 88' lang='lat' dir='ltr'><strong>Sophia</strong></span> <span class='ocrx_word' id='word_1_722' title='bbox 953 4701 1048 4738; x_wconf 80' lang='lat' dir='ltr'><strong>seu</strong></span> <span class='ocrx_word' id='word_1_723' title='bbox 1095 4685 1354 4753; x_wconf 90' lang='lat' dir='ltr'><strong>sapientia</strong></span> <span class='ocrx_word' id='word_1_724' title='bbox 1400 4685 1598 4739; x_wconf 89' lang='lat' dir='ltr'><strong>dicitur</strong></span> <span class='ocrx_word' id='word_1_725' title='bbox 1643 4692 1884 4754; x_wconf 89' lang='lat' dir='ltr'><strong>prompta</strong></span> <span class='ocrx_word' id='word_1_726' title='bbox 1911 4723 1926 4748; x_wconf 91' lang='lat'><strong>,</strong></span> <span class='ocrx_word' id='word_1_727' title='bbox 1959 4683 2080 4751; x_wconf 91' lang='lat' dir='ltr'><strong>quia</strong></span> 
     </span>
    </p>
   </div>
   <div class='ocr_carea' id='block_1_109' title="bbox 513 4755 2078 4821">
    <p class='ocr_par' dir='ltr' id='par_1_109' title="bbox 513 4755 2078 4821">
     <span class='ocr_line' id='line_1_110' title="bbox 513 4755 2078 4821; baseline -0.001 -13"><span class='ocrx_word' id='word_1_728' title='bbox 513 4755 849 4809; x_wconf 80' lang='lat' dir='ltr'><strong>manifestata</strong></span> <span class='ocrx_word' id='word_1_729' title='bbox 881 4762 984 4820; x_wconf 82' lang='lat' dir='ltr'><strong>cst,</strong></span> <span class='ocrx_word' id='word_1_730' title='bbox 1015 4770 1135 4810; x_wconf 93' lang='lat' dir='ltr'><strong>cum</strong></span> <span class='ocrx_word' id='word_1_731' title='bbox 1187 4755 1440 4810; x_wconf 89' lang='lat' dir='ltr'><strong>tnundmn</strong></span> <span class='ocrx_word' id='word_1_732' title='bbox 1479 4757 1752 4818; x_wconf 88' lang='lat' dir='ltr'><strong>condidit,</strong></span> <span class='ocrx_word' id='word_1_733' title='bbox 1805 4769 1833 4807; x_wconf 93' lang='lat' dir='ltr'><strong>a</strong></span> <span class='ocrx_word' id='word_1_734' title='bbox 1881 4770 2078 4821; x_wconf 85' lang='lat' dir='ltr'><strong>promo.</strong></span> 
     </span>
    </p>
   </div>
   <div class='ocr_carea' id='block_1_110' title="bbox 509 4824 2084 4898">
    <p class='ocr_par' dir='ltr' id='par_1_110' title="bbox 509 4824 2084 4898">
     <span class='ocr_line' id='line_1_111' title="bbox 509 4824 2084 4898; baseline 0 -20"><span class='ocrx_word' id='word_1_735' title='bbox 509 4824 868 4880; x_wconf 83' lang='lat' dir='ltr'><strong>&#39;l‘ertitllianus</strong></span> <span class='ocrx_word' id='word_1_736' title='bbox 914 4825 1017 4879; x_wconf 93' lang='lat' dir='ltr'><strong>loc.</strong></span> <span class='ocrx_word' id='word_1_737' title='bbox 1057 4826 1146 4879; x_wconf 92' lang='lat' dir='ltr'><strong>cit.</strong></span> <span class='ocrx_word' id='word_1_738' title='bbox 1185 4841 1305 4896; x_wconf 91' lang='lat' dir='ltr'><strong>cap.</strong></span> <span class='ocrx_word' id='word_1_739' title='bbox 1333 4827 1361 4878; x_wconf 90' lang='lat'><strong>7</strong></span> <span class='ocrx_word' id='word_1_740' title='bbox 1397 4829 1412 4879; x_wconf 80' lang='grc' dir='ltr'><em>Ξ</em></span> <span class='ocrx_word' id='word_1_741' title='bbox 1447 4825 1585 4880; x_wconf 88' lang='lat' dir='ltr'><strong>Tunc</strong></span> <span class='ocrx_word' id='word_1_742' title='bbox 1615 4829 1770 4898; x_wconf 85' lang='lat' dir='ltr'><strong>igitur</strong></span> <span class='ocrx_word' id='word_1_743' title='bbox 1797 4827 1947 4878; x_wconf 80' lang='lat' dir='ltr'><strong>etiam</strong></span> <span class='ocrx_word' id='word_1_744' title='bbox 1977 4827 2084 4895; x_wconf 85' lang='lat' dir='ltr'><strong>ipse</strong></span> 
     </span>
    </p>
   </div>
   <div class='ocr_carea' id='block_1_111' title="bbox 508 4898 2074 4965">
    <p class='ocr_par' dir='ltr' id='par_1_111' title="bbox 508 4898 2074 4965">
     <span class='ocr_line' id='line_1_112' title="bbox 508 4898 2074 4965; baseline 0.001 -17"><span class='ocrx_word' id='word_1_745' title='bbox 508 4913 674 4949; x_wconf 84' lang='lat' dir='ltr'><strong>sermo</strong></span> <span class='ocrx_word' id='word_1_746' title='bbox 695 4898 909 4965; x_wconf 85' lang='lat' dir='ltr'><strong>speciem</strong></span> <span class='ocrx_word' id='word_1_747' title='bbox 931 4906 974 4949; x_wconf 90' lang='lat' dir='ltr'><strong>et</strong></span> <span class='ocrx_word' id='word_1_748' title='bbox 997 4908 1385 4951; x_wconf 87' lang='lat' dir='ltr'><strong>ornatumsuum</strong></span> <span class='ocrx_word' id='word_1_749' title='bbox 1407 4899 1579 4960; x_wconf 83' lang='lat' dir='ltr'><strong>sumit,</strong></span> <span class='ocrx_word' id='word_1_750' title='bbox 1602 4913 1802 4957; x_wconf 87' lang='lat' dir='ltr'><strong>sonum,</strong></span> <span class='ocrx_word' id='word_1_751' title='bbox 1823 4906 1867 4949; x_wconf 88' lang='lat' dir='ltr'><strong>et</strong></span> <span class='ocrx_word' id='word_1_752' title='bbox 1887 4913 2074 4962; x_wconf 78' lang='lat' dir='ltr'><strong>vocem,</strong></span> 
     </span>
    </p>
   </div>
   <div class='ocr_carea' id='block_1_112' title="bbox 507 4964 2081 5037">
    <p class='ocr_par' dir='ltr' id='par_1_112' title="bbox 507 4964 2081 5037">
     <span class='ocr_line' id='line_1_113' title="bbox 507 4964 2081 5037; baseline 0.002 -21"><span class='ocrx_word' id='word_1_753' title='bbox 507 4983 621 5018; x_wconf 85' lang='lat' dir='ltr'><strong>cum</strong></span> <span class='ocrx_word' id='word_1_754' title='bbox 652 4964 774 5019; x_wconf 87' lang='lat' dir='ltr'><strong>dicit</strong></span> <span class='ocrx_word' id='word_1_755' title='bbox 808 4964 942 5020; x_wconf 86' lang='lat' dir='ltr'><strong>Deus</strong></span> <span class='ocrx_word' id='word_1_756' title='bbox 963 5008 977 5030; x_wconf 89' lang='lat'><strong>,</strong></span> <span class='ocrx_word' id='word_1_757' title='bbox 1022 4966 1143 5021; x_wconf 77' lang='lat' dir='ltr'><strong>Fiat</strong></span> <span class='ocrx_word' id='word_1_758' title='bbox 1181 4969 1290 5022; x_wconf 68' lang='lat' dir='ltr'><strong>lux.</strong></span> <span class='ocrx_word' id='word_1_759' title='bbox 1338 4967 1467 5022; x_wconf 68' lang='lat' dir='ltr'><strong>Ha&#39;c</strong></span> <span class='ocrx_word' id='word_1_760' title='bbox 1491 4978 1563 5023; x_wconf 85' lang='lat' dir='ltr'><strong>est</strong></span> <span class='ocrx_word' id='word_1_761' title='bbox 1591 4970 1824 5023; x_wconf 87' lang='lat' dir='ltr'><strong>nativitas</strong></span> <span class='ocrx_word' id='word_1_762' title='bbox 1862 4970 2081 5037; x_wconf 77' lang='lat' dir='ltr'><strong>perfecta</strong></span> 
     </span>
    </p>
   </div>
   <div class='ocr_carea' id='block_1_113' title="bbox 509 5037 2079 5111">
    <p class='ocr_par' dir='ltr' id='par_1_113' title="bbox 509 5037 2079 5111">
     <span class='ocr_line' id='line_1_114' title="bbox 509 5037 2079 5111; baseline 0.001 -24"><span class='ocrx_word' id='word_1_763' title='bbox 509 5037 916 5111; x_wconf 80' lang='lat' dir='ltr'><strong>sermonis,dum</strong></span> <span class='ocrx_word' id='word_1_764' title='bbox 943 5054 1004 5091; x_wconf 73' lang='lat' dir='ltr'><strong>ex</strong></span> <span class='ocrx_word' id='word_1_765' title='bbox 1033 5037 1138 5092; x_wconf 86' lang='lat' dir='ltr'><strong>Deo</strong></span> <span class='ocrx_word' id='word_1_766' title='bbox 1169 5040 1412 5109; x_wconf 86' lang='lat' dir='ltr'><strong>procedit.</strong></span> <span class='ocrx_word' id='word_1_767' title='bbox 1441 5078 1456 5094; x_wconf 94' lang='lat'><strong>.</strong></span> <span class='ocrx_word' id='word_1_768' title='bbox 1493 5080 1505 5092; x_wconf 94' lang='lat'><strong>.</strong></span> <span class='ocrx_word' id='word_1_769' title='bbox 1539 5081 1551 5092; x_wconf 94' lang='lat'><strong>.</strong></span> <span class='ocrx_word' id='word_1_770' title='bbox 1583 5080 1595 5093; x_wconf 94' lang='lat'><strong>.</strong></span> <span class='ocrx_word' id='word_1_771' title='bbox 1629 5049 1862 5111; x_wconf 79' lang='lat' dir='ltr'><strong>apparet,</strong></span> <span class='ocrx_word' id='word_1_772' title='bbox 1895 5055 2079 5111; x_wconf 84' lang='lat' dir='ltr'><strong>unam,</strong></span> 
     </span>
    </p>
   </div>
   <div class='ocr_carea' id='block_1_114' title="bbox 507 5107 2082 5228">
    <p class='ocr_par' dir='ltr' id='par_1_114' title="bbox 507 5107 2082 5228">
     <span class='ocr_line' id='line_1_115' title="bbox 507 5107 2082 5180; baseline 0.001 -22"><span class='ocrx_word' id='word_1_773' title='bbox 507 5107 830 5173; x_wconf 85' lang='lat' dir='ltr'><strong>eamdemque</strong></span> <span class='ocrx_word' id='word_1_774' title='bbox 860 5109 959 5160; x_wconf 84' lang='lat' dir='ltr'><strong>vim</strong></span> <span class='ocrx_word' id='word_1_775' title='bbox 985 5126 1090 5162; x_wconf 90' lang='lat' dir='ltr'><strong>esse</strong></span> <span class='ocrx_word' id='word_1_776' title='bbox 1119 5107 1255 5163; x_wconf 83' lang='lat' dir='ltr'><strong>nunc</strong></span> <span class='ocrx_word' id='word_1_777' title='bbox 1296 5112 1347 5166; x_wconf 90' lang='lat' dir='ltr'><strong>in</strong></span> <span class='ocrx_word' id='word_1_778' title='bbox 1379 5112 1580 5165; x_wconf 87' lang='lat' dir='ltr'><strong>nomine</strong></span> <span class='ocrx_word' id='word_1_779' title='bbox 1604 5107 1828 5180; x_wconf 80' lang='lat' dir='ltr'><strong>sophiw,</strong></span> <span class='ocrx_word' id='word_1_780' title='bbox 1872 5125 2005 5162; x_wconf 84' lang='lat' dir='ltr'><strong>nunc</strong></span> <span class='ocrx_word' id='word_1_781' title='bbox 2032 5108 2082 5159; x_wconf 89' lang='lat' dir='ltr'><strong>in</strong></span> 
     </span>
     <span class='ocr_line' id='line_1_116' title="bbox 507 5177 1144 5228; baseline 0.003 -2"><span class='ocrx_word' id='word_1_782' title='bbox 507 5177 849 5228; x_wconf 72' lang='lat' dir='ltr'><strong>appellatione</strong></span> <span class='ocrx_word' id='word_1_783' title='bbox 871 5179 1144 5228; x_wconf 81' lang='lat' dir='ltr'><strong>sermonis.</strong></span> 
     </span>
    </p>
   </div>
   <div class='ocr_carea' id='block_1_115' title="bbox 507 5179 1144 5246">
    <p class='ocr_par' dir='ltr' id='par_1_115' title="bbox 507 5179 1144 5246">
     <span class='ocr_line' id='line_1_117' title="bbox 507 5179 1144 5246; baseline 0.008 -20"><span class='ocrx_word' id='word_1_784' title='bbox 507 5179 849 5246; x_wconf 86' lang='lat' dir='ltr'><strong>appellatione</strong></span> <span class='ocrx_word' id='word_1_785' title='bbox 871 5179 1144 5232; x_wconf 81' lang='lat' dir='ltr'><strong>sermonis.</strong></span> 
     </span>
    </p>
   </div>
   <div class='ocr_carea' id='block_1_116' title="bbox 578 5247 2084 5316">
    <p class='ocr_par' dir='ltr' id='par_1_116' title="bbox 578 5247 2084 5316">
     <span class='ocr_line' id='line_1_118' title="bbox 578 5247 2084 5316; baseline 0.001 -17"><span class='ocrx_word' id='word_1_786' title='bbox 578 5247 667 5300; x_wconf 65' lang='lat'><strong>2‘2.</strong></span> <span class='ocrx_word' id='word_1_787' title='bbox 714 5247 964 5300; x_wconf 80' lang='lat' dir='ltr'><strong>Erasmus</strong></span> <span class='ocrx_word' id='word_1_788' title='bbox 1008 5257 1061 5301; x_wconf 89' lang='lat' dir='ltr'><strong>et</strong></span> <span class='ocrx_word' id='word_1_789' title='bbox 1090 5250 1493 5305; x_wconf 88' lang='lat' dir='ltr'><strong>Daventriensis</strong></span> <span class='ocrx_word' id='word_1_790' title='bbox 1523 5251 1723 5316; x_wconf 85' lang='lat' dir='ltr'><strong>editio,</strong></span> <span class='ocrx_word' id='word_1_791' title='bbox 1758 5254 1950 5303; x_wconf 85' lang='lat' dir='ltr'><strong>noctem</strong></span> <span class='ocrx_word' id='word_1_792' title='bbox 1991 5262 2084 5316; x_wconf 90' lang='lat' dir='ltr'><strong>pro</strong></span> 
     </span>
    </p>
   </div>
   <div class='ocr_carea' id='block_1_117' title="bbox 507 5317 2082 5389">
    <p class='ocr_par' dir='ltr' id='par_1_117' title="bbox 507 5317 2082 5389">
     <span class='ocr_line' id='line_1_119' title="bbox 507 5317 2082 5389; baseline 0.001 -23"><span class='ocrx_word' id='word_1_793' title='bbox 507 5319 703 5370; x_wconf 72' lang='lat' dir='ltr'><strong>emtum.</strong></span> <span class='ocrx_word' id='word_1_794' title='bbox 739 5317 1054 5389; x_wconf 11' lang='lat' dir='ltr'><strong>Alt_.gcont_ra</strong></span> <span class='ocrx_word' id='word_1_795' title='bbox 1086 5321 1237 5372; x_wconf 86' lang='lat' dir='ltr'><strong>metri</strong></span> <span class='ocrx_word' id='word_1_796' title='bbox 1270 5321 1480 5389; x_wconf 76' lang='lat' dir='ltr'><strong>regulas</strong></span> <span class='ocrx_word' id='word_1_797' title='bbox 1509 5321 1688 5376; x_wconf 73' lang='lat' dir='ltr'><strong>cazlum</strong></span> <span class='ocrx_word' id='word_1_798' title='bbox 1708 5360 1724 5384; x_wconf 92' lang='lat'><strong>,</strong></span> <span class='ocrx_word' id='word_1_799' title='bbox 1755 5331 2082 5386; x_wconf 79' lang='lat' dir='ltr'><strong>noctemque,</strong></span> 
     </span>
    </p>
   </div>
   <div class='ocr_carea' id='block_1_118' title="bbox 509 5387 2081 5459">
    <p class='ocr_par' dir='ltr' id='par_1_118' title="bbox 509 5387 2081 5459">
     <span class='ocr_line' id='line_1_120' title="bbox 509 5387 2081 5459; baseline 0.001 -23"><span class='ocrx_word' id='word_1_800' title='bbox 509 5396 553 5436; x_wconf 90' lang='lat' dir='ltr'><strong>et</strong></span> <span class='ocrx_word' id='word_1_801' title='bbox 585 5398 798 5459; x_wconf 83' lang='lat' dir='ltr'><strong>tartara.</strong></span> <span class='ocrx_word' id='word_1_802' title='bbox 827 5387 1070 5459; x_wconf 85' lang='lat' dir='ltr'><strong>Ilcinsins</strong></span> <span class='ocrx_word' id='word_1_803' title='bbox 1097 5387 1399 5456; x_wconf 78' lang='lat' dir='ltr'><strong>suspicatur</strong></span> <span class='ocrx_word' id='word_1_804' title='bbox 1420 5391 1583 5443; x_wconf 87' lang='lat' dir='ltr'><strong>solum</strong></span> <span class='ocrx_word' id='word_1_805' title='bbox 1615 5391 1846 5459; x_wconf 84' lang='lat' dir='ltr'><strong>diemque</strong></span> <span class='ocrx_word' id='word_1_806' title='bbox 1866 5429 1880 5453; x_wconf 92' lang='lat'><strong>,</strong></span> <span class='ocrx_word' id='word_1_807' title='bbox 1912 5400 1956 5441; x_wconf 89' lang='lat' dir='ltr'><strong>et</strong></span> <span class='ocrx_word' id='word_1_808' title='bbox 1978 5399 2081 5439; x_wconf 80' lang='lat' dir='ltr'><strong>tar-</strong></span> 
     </span>
    </p>
   </div>
   <div class='ocr_carea' id='block_1_119' title="bbox 510 5457 2083 5528">
    <p class='ocr_par' dir='ltr' id='par_1_119' title="bbox 510 5457 2083 5528">
     <span class='ocr_line' id='line_1_121' title="bbox 510 5457 2083 5528; baseline 0.001 -20"><span class='ocrx_word' id='word_1_809' title='bbox 510 5464 642 5516; x_wconf 86' lang='lat' dir='ltr'><strong>tara,</strong></span> <span class='ocrx_word' id='word_1_810' title='bbox 675 5467 731 5510; x_wconf 92' lang='lat' dir='ltr'><strong>ut</strong></span> <span class='ocrx_word' id='word_1_811' title='bbox 762 5457 958 5528; x_wconf 85' lang='lat' dir='ltr'><strong>hymno</strong></span> <span class='ocrx_word' id='word_1_812' title='bbox 983 5458 1230 5523; x_wconf 68' lang='lat' dir='ltr'><strong>litimani,</strong></span> <span class='ocrx_word' id='word_1_813' title='bbox 1258 5476 1400 5515; x_wconf 88' lang='lat' dir='ltr'><strong>vers.</strong></span> <span class='ocrx_word' id='word_1_814' title='bbox 1426 5461 1530 5514; x_wconf 72' lang='grc' dir='ltr'><strong>52Ξὶ</strong></span> <span class='ocrx_word' id='word_1_815' title='bbox 1561 5471 1611 5514; x_wconf 79' lang='lat' dir='ltr'><strong>rt</strong></span> <span class='ocrx_word' id='word_1_816' title='bbox 1641 5457 1771 5528; x_wconf 55' lang='lat'><strong>39.6,</strong></span> <span class='ocrx_word' id='word_1_817' title='bbox 1796 5476 1899 5511; x_wconf 87' lang='lat' dir='ltr'><strong>una</strong></span> <span class='ocrx_word' id='word_1_818' title='bbox 1929 5469 2083 5510; x_wconf 83' lang='lat' dir='ltr'><strong>virtus</strong></span> 
     </span>
    </p>
   </div>
   <div class='ocr_carea' id='block_1_120' title="bbox 507 5526 2083 5601">
    <p class='ocr_par' dir='ltr' id='par_1_120' title="bbox 507 5526 2083 5601">
     <span class='ocr_line' id='line_1_122' title="bbox 507 5526 2083 5601; baseline 0.002 -26"><span class='ocrx_word' id='word_1_819' title='bbox 507 5526 955 5601; x_wconf 69' lang='lat' dir='ltr'><strong>condiditCrelum</strong></span> <span class='ocrx_word' id='word_1_820' title='bbox 984 5570 994 5589; x_wconf 88' lang='lat'><em>.</em></span> <span class='ocrx_word' id='word_1_821' title='bbox 1024 5531 1308 5601; x_wconf 84' lang='lat' dir='ltr'><strong>solumque.</strong></span> <span class='ocrx_word' id='word_1_822' title='bbox 1339 5532 1519 5586; x_wconf 76' lang='lat' dir='ltr'><strong>Lt-ctio</strong></span> <span class='ocrx_word' id='word_1_823' title='bbox 1542 5573 1554 5595; x_wconf 95' lang='lat'><strong>,</strong></span> <span class='ocrx_word' id='word_1_824' title='bbox 1587 5532 1638 5584; x_wconf 95' lang='lat' dir='ltr'><strong>in</strong></span> <span class='ocrx_word' id='word_1_825' title='bbox 1669 5526 1880 5583; x_wconf 62' lang='lat' dir='ltr'><strong>ueteris</strong></span> <span class='ocrx_word' id='word_1_826' title='bbox 1910 5529 2083 5580; x_wconf 90' lang='lat' dir='ltr'><strong>omni-</strong></span> 
     </span>
    </p>
   </div>
   <div class='ocr_carea' id='block_1_121' title="bbox 511 5590 1935 5672">
    <p class='ocr_par' dir='ltr' id='par_1_121' title="bbox 511 5590 1935 5672">
     <span class='ocr_line' id='line_1_123' title="bbox 511 5590 1935 5672; baseline 0.001 -20"><span class='ocrx_word' id='word_1_827' title='bbox 511 5590 608 5672; x_wconf 51' lang='lat' dir='ltr'><strong>bus;</strong></span> <span class='ocrx_word' id='word_1_828' title='bbox 627 5597 912 5672; x_wconf 65' lang='lat' dir='ltr'><strong>codicibus</strong></span> <span class='ocrx_word' id='word_1_829' title='bbox 943 5609 1177 5672; x_wconf 74' lang='lat' dir='ltr'><strong>recepta,</strong></span> <span class='ocrx_word' id='word_1_830' title='bbox 1203 5590 1316 5655; x_wconf 64' lang='lat' dir='ltr'><strong>&#39;non</strong></span> <span class='ocrx_word' id='word_1_831' title='bbox 1353 5590 1552 5672; x_wconf 82' lang='lat' dir='ltr'><strong>indiget</strong></span> <span class='ocrx_word' id='word_1_832' title='bbox 1578 5601 1935 5672; x_wconf 79' lang='lat' dir='ltr'><strong>correctione.</strong></span> 
     </span>
    </p>
   </div>
   <div class='ocr_carea' id='block_1_122' title="bbox 578 5663 2123 5735">
    <p class='ocr_par' dir='ltr' id='par_1_122' title="bbox 578 5663 2123 5735">
     <span class='ocr_line' id='line_1_124' title="bbox 578 5663 2123 5735; baseline -0.013 2"><span class='ocrx_word' id='word_1_833' title='bbox 578 5663 891 5735; x_wconf 49' lang='grc' dir='ltr'><strong>ᾔκξηᾚϐοο</strong></span> <span class='ocrx_word' id='word_1_834' title='bbox 949 5663 1082 5720; x_wconf 63' lang='grc' dir='ltr'><strong>ηαηί</strong></span> <span class='ocrx_word' id='word_1_835' title='bbox 1114 5669 1250 5723; x_wconf 77' lang='lat' dir='ltr'><strong>Deus</strong></span> <span class='ocrx_word' id='word_1_836' title='bbox 1297 5663 1518 5725; x_wconf 51' lang='lat' dir='ltr'><strong>Verbu‘in</strong></span> <span class='ocrx_word' id='word_1_837' title='bbox 1575 5682 1648 5724; x_wconf 88' lang='lat' dir='ltr'><strong>est</strong></span> <span class='ocrx_word' id='word_1_838' title='bbox 1671 5710 1685 5734; x_wconf 90' lang='lat'><strong>,</strong></span> <span class='ocrx_word' id='word_1_839' title='bbox 1721 5670 1841 5724; x_wconf 84' lang='lat' dir='ltr'><strong>Vat.</strong></span> <span class='ocrx_word' id='word_1_840' title='bbox 1870 5671 1942 5735; x_wconf 85' lang='lat' dir='ltr'><strong>Q,</strong></span> <span class='ocrx_word' id='word_1_841' title='bbox 1971 5683 2084 5719; x_wconf 87' lang='lat' dir='ltr'><strong>nam</strong></span> <span class='ocrx_word' id='word_1_842' title='bbox 2120 5672 2123 5673; x_wconf 66' lang='grc'><strong><em>⁷</em></strong></span> 
     </span>
    </p>
   </div>
   <div class='ocr_carea' id='block_1_123' title="bbox 511 5724 1702 5797">
    <p class='ocr_par' dir='ltr' id='par_1_123' title="bbox 511 5724 1702 5797">
     <span class='ocr_line' id='line_1_125' title="bbox 511 5724 1702 5797; baseline 0.018 -20"><span class='ocrx_word' id='word_1_843' title='bbox 511 5724 648 5797; x_wconf 74' lang='lat' dir='ltr'><strong>Deus</strong></span> <span class='ocrx_word' id='word_1_844' title='bbox 685 5724 924 5785; x_wconf 64' lang='lat' dir='ltr'><strong>Verbum.</strong></span> <span class='ocrx_word' id='word_1_845' title='bbox 959 5736 1213 5790; x_wconf 84' lang='lat' dir='ltr'><strong>Neutrum</strong></span> <span class='ocrx_word' id='word_1_846' title='bbox 1244 5724 1478 5796; x_wconf 61' lang='lat' dir='ltr'><strong>Cohaeret</strong></span> <span class='ocrx_word' id='word_1_847' title='bbox 1509 5724 1702 5797; x_wconf 41' lang='lat' dir='ltr'><strong>metro,-</strong></span> 
     </span>
    </p>
   </div>
   <div class='ocr_carea' id='block_1_124' title="bbox 579 5795 1391 5871">
    <p class='ocr_par' dir='ltr' id='par_1_124' title="bbox 579 5795 1391 5871">
     <span class='ocr_line' id='line_1_126' title="bbox 579 5795 1391 5871; baseline 0.014 -21"><span class='ocrx_word' id='word_1_848' title='bbox 579 5795 668 5851; x_wconf 71' lang='grc'><strong>27.</strong></span> <span class='ocrx_word' id='word_1_849' title='bbox 711 5797 900 5865; x_wconf 80' lang='lat' dir='ltr'><strong>Aldus,</strong></span> <span class='ocrx_word' id='word_1_850' title='bbox 933 5802 1202 5871; x_wconf 74' lang='lat' dir='ltr'><strong>fundatur,</strong></span> <span class='ocrx_word' id='word_1_851' title='bbox 1236 5811 1391 5861; x_wconf 85' lang='lat' dir='ltr'><strong>male.</strong></span> 
     </span>
    </p>
   </div>
   <div class='ocr_carea' id='block_1_125' title="bbox 1143 5945 1194 5954">
    <p class='ocr_par' dir='ltr' id='par_1_125' title="bbox 1143 5945 1194 5954">
     <span class='ocr_line' id='line_1_127' title="bbox 1143 5945 1194 5954; baseline 0.02 -1"><span class='ocrx_word' id='word_1_852' title='bbox 1143 5945 1194 5954; x_wconf 65' lang='grc' dir='ltr'><strong>--ο</strong></span> 
     </span>
    </p>
   </div>
   <div class='ocr_carea' id='block_1_126' title="bbox 1011 5952 1073 5968">
    <p class='ocr_par' dir='ltr' id='par_1_126' title="bbox 1011 5952 1073 5968">
     <span class='ocr_line' id='line_1_128' title="bbox 1011 5952 1073 5968; baseline 0.032 -2"><span class='ocrx_word' id='word_1_853' title='bbox 1011 5952 1073 5968; x_wconf 76' lang='grc' dir='ltr'>ιι...</span> 
     </span>
    </p>
   </div>
   <div class='ocr_carea' id='block_1_127' title="bbox 2189 4542 3766 4604">
    <p class='ocr_par' dir='ltr' id='par_1_127' title="bbox 2189 4542 3766 4604">
     <span class='ocr_line' id='line_1_129' title="bbox 2189 4542 3766 4604; baseline 0.001 -7"><span class='ocrx_word' id='word_1_854' title='bbox 2189 4542 2284 4598; x_wconf 88' lang='lat' dir='ltr'><strong>sed</strong></span> <span class='ocrx_word' id='word_1_855' title='bbox 2344 4543 2395 4596; x_wconf 94' lang='lat' dir='ltr'><strong>in</strong></span> <span class='ocrx_word' id='word_1_856' title='bbox 2445 4543 2626 4596; x_wconf 90' lang='lat' dir='ltr'><strong>multis</strong></span> <span class='ocrx_word' id='word_1_857' title='bbox 2673 4543 2790 4596; x_wconf 88' lang='lat' dir='ltr'><strong>aliis</strong></span> <span class='ocrx_word' id='word_1_858' title='bbox 2834 4546 3077 4599; x_wconf 88' lang='lat' dir='ltr'><strong>eamdem</strong></span> <span class='ocrx_word' id='word_1_859' title='bbox 3118 4546 3453 4600; x_wconf 89' lang='lat' dir='ltr'><strong>ethnicorum</strong></span> <span class='ocrx_word' id='word_1_860' title='bbox 3510 4551 3766 4604; x_wconf 75' lang='lat' dir='ltr'><strong>insaniam</strong></span> 
     </span>
    </p>
   </div>
   <div class='ocr_carea' id='block_1_128' title="bbox 2185 4613 3769 4684">
    <p class='ocr_par' dir='ltr' id='par_1_128' title="bbox 2185 4613 3769 4684">
     <span class='ocr_line' id='line_1_130' title="bbox 2185 4613 3769 4684; baseline 0.003 -18"><span class='ocrx_word' id='word_1_861' title='bbox 2185 4615 2441 4684; x_wconf 80' lang='lat' dir='ltr'><strong>coarguit.</strong></span> <span class='ocrx_word' id='word_1_862' title='bbox 2475 4613 2586 4666; x_wconf 81' lang='lat' dir='ltr'><strong>Non</strong></span> <span class='ocrx_word' id='word_1_863' title='bbox 2617 4613 2842 4668; x_wconf 90' lang='lat' dir='ltr'><strong>deerant</strong></span> <span class='ocrx_word' id='word_1_864' title='bbox 2878 4614 3014 4668; x_wconf 87' lang='lat' dir='ltr'><strong>inter</strong></span> <span class='ocrx_word' id='word_1_865' title='bbox 3040 4619 3290 4683; x_wconf 89' lang='lat' dir='ltr'><strong>gentiles,</strong></span> <span class='ocrx_word' id='word_1_866' title='bbox 3313 4621 3401 4684; x_wconf 91' lang='lat' dir='ltr'><strong>qui</strong></span> <span class='ocrx_word' id='word_1_867' title='bbox 3435 4621 3769 4674; x_wconf 84' lang='lat' dir='ltr'><strong>animadver-</strong></span> 
     </span>
    </p>
   </div>
   <div class='ocr_carea' id='block_1_129' title="bbox 2185 4685 3771 4757">
    <p class='ocr_par' dir='ltr' id='par_1_129' title="bbox 2185 4685 3771 4757">
     <span class='ocr_line' id='line_1_131' title="bbox 2185 4685 3771 4757; baseline 0.003 -21"><span class='ocrx_word' id='word_1_868' title='bbox 2185 4693 2382 4757; x_wconf 82' lang='lat' dir='ltr'><strong>terent,</strong></span> <span class='ocrx_word' id='word_1_869' title='bbox 2409 4694 2632 4738; x_wconf 88' lang='lat' dir='ltr'><strong>eatenus</strong></span> <span class='ocrx_word' id='word_1_870' title='bbox 2663 4685 2963 4738; x_wconf 89' lang='lat' dir='ltr'><strong>simulacris</strong></span> <span class='ocrx_word' id='word_1_871' title='bbox 2999 4689 3198 4740; x_wconf 85' lang='lat' dir='ltr'><strong>cultum</strong></span> <span class='ocrx_word' id='word_1_872' title='bbox 3218 4688 3481 4746; x_wconf 77' lang='lat' dir='ltr'><strong>exhiberi.</strong></span> <span class='ocrx_word' id='word_1_873' title='bbox 3509 4702 3771 4757; x_wconf 80' lang='lat' dir='ltr'><strong>quatenus</strong></span> 
     </span>
    </p>
   </div>
   <div class='ocr_carea' id='block_1_130' title="bbox 2187 4754 3771 4822">
    <p class='ocr_par' dir='ltr' id='par_1_130' title="bbox 2187 4754 3771 4822">
     <span class='ocr_line' id='line_1_132' title="bbox 2187 4754 3771 4822; baseline 0 -14"><span class='ocrx_word' id='word_1_874' title='bbox 2187 4754 2409 4808; x_wconf 90' lang='lat' dir='ltr'><strong>deorum</strong></span> <span class='ocrx_word' id='word_1_875' title='bbox 2457 4770 2652 4808; x_wconf 89' lang='lat' dir='ltr'><strong>numen</strong></span> <span class='ocrx_word' id='word_1_876' title='bbox 2681 4765 2734 4808; x_wconf 93' lang='lat' dir='ltr'><strong>et</strong></span> <span class='ocrx_word' id='word_1_877' title='bbox 2775 4757 3066 4822; x_wconf 87' lang='lat' dir='ltr'><strong>potentiam</strong></span> <span class='ocrx_word' id='word_1_878' title='bbox 3110 4758 3438 4812; x_wconf 90' lang='lat' dir='ltr'><strong>rel&#39;erebant.</strong></span> <span class='ocrx_word' id='word_1_879' title='bbox 3498 4754 3611 4814; x_wconf 83' lang='lat' dir='ltr'><strong>llos</strong></span> <span class='ocrx_word' id='word_1_880' title='bbox 3663 4762 3771 4813; x_wconf 75' lang='lat' dir='ltr'><strong>aliis</strong></span> 
     </span>
    </p>
   </div>
   <div class='ocr_carea' id='block_1_131' title="bbox 2188 4825 3771 4899">
    <p class='ocr_par' dir='ltr' id='par_1_131' title="bbox 2188 4825 3771 4899">
     <span class='ocr_line' id='line_1_133' title="bbox 2188 4825 3771 4899; baseline 0.002 -21"><span class='ocrx_word' id='word_1_881' title='bbox 2188 4825 2483 4899; x_wconf 72' lang='lat' dir='ltr'><strong>rationibus</strong></span> <span class='ocrx_word' id='word_1_882' title='bbox 2506 4835 2701 4899; x_wconf 77' lang='lat' dir='ltr'><strong>nostra:</strong></span> <span class='ocrx_word' id='word_1_883' title='bbox 2717 4826 2996 4899; x_wconf 80' lang='lat' dir='ltr'><strong>religionis</strong></span> <span class='ocrx_word' id='word_1_884' title='bbox 3027 4827 3337 4899; x_wconf 81' lang='lat' dir='ltr'><strong>defensores</strong></span> <span class='ocrx_word' id='word_1_885' title='bbox 3368 4835 3771 4899; x_wconf 79' lang='lat' dir='ltr'><strong>Oppugnabant.</strong></span> 
     </span>
    </p>
   </div>
   <div class='ocr_carea' id='block_1_132' title="bbox 2187 4895 3770 4963">
    <p class='ocr_par' dir='ltr' id='par_1_132' title="bbox 2187 4895 3770 4963">
     <span class='ocr_line' id='line_1_134' title="bbox 2187 4895 3770 4963; baseline 0.002 -14"><span class='ocrx_word' id='word_1_886' title='bbox 2187 4895 2294 4950; x_wconf 72' lang='lat' dir='ltr'><strong>Res</strong></span> <span class='ocrx_word' id='word_1_887' title='bbox 2313 4903 2420 4948; x_wconf 89' lang='lat' dir='ltr'><strong>tota</strong></span> <span class='ocrx_word' id='word_1_888' title='bbox 2449 4895 2622 4949; x_wconf 91' lang='lat' dir='ltr'><strong>verbis</strong></span> <span class='ocrx_word' id='word_1_889' title='bbox 2646 4895 2996 4963; x_wconf 72' lang='lat' dir='ltr'><strong>Athenagorae</strong></span> <span class='ocrx_word' id='word_1_890' title='bbox 3026 4898 3301 4951; x_wconf 78' lang='lat' dir='ltr'><strong>manifesta</strong></span> <span class='ocrx_word' id='word_1_891' title='bbox 3337 4895 3581 4954; x_wconf 70' lang='lat' dir='ltr'><strong>redditur</strong></span> <span class='ocrx_word' id='word_1_892' title='bbox 3604 4921 3652 4955; x_wconf 89' lang='lat' dir='ltr'><strong>Ill</strong></span> <span class='ocrx_word' id='word_1_893' title='bbox 3679 4904 3770 4954; x_wconf 83' lang='lat' dir='ltr'><strong>Le-</strong></span> 
     </span>
    </p>
   </div>
   <div class='ocr_carea' id='block_1_133' title="bbox 2187 4965 3773 5041">
    <p class='ocr_par' dir='ltr' id='par_1_133' title="bbox 2187 4965 3773 5041">
     <span class='ocr_line' id='line_1_135' title="bbox 2187 4965 3773 5041; baseline 0.004 -26"><span class='ocrx_word' id='word_1_894' title='bbox 2187 4968 2400 5041; x_wconf 78' lang='lat' dir='ltr'><strong>gatiunc</strong></span> <span class='ocrx_word' id='word_1_895' title='bbox 2445 4980 2541 5033; x_wconf 88' lang='lat' dir='ltr'><strong>pro</strong></span> <span class='ocrx_word' id='word_1_896' title='bbox 2573 4965 2890 5041; x_wconf 79' lang='lat' dir='ltr'><strong>Christianis</strong></span> <span class='ocrx_word' id='word_1_897' title='bbox 2920 4983 3064 5041; x_wconf 71' lang='lat' dir='ltr'><strong>pag.</strong></span> <span class='ocrx_word' id='word_1_898' title='bbox 3086 4969 3238 5041; x_wconf 71' lang='lat' dir='ltr'><strong>mihi</strong></span> <span class='ocrx_word' id='word_1_899' title='bbox 3269 4970 3333 5022; x_wconf 72' lang='lat' dir='ltr'><strong>i7</strong></span> <span class='ocrx_word' id='word_1_900' title='bbox 3367 4989 3379 5022; x_wconf 91' lang='lat'><strong>:</strong></span> <span class='ocrx_word' id='word_1_901' title='bbox 3419 4972 3480 5022; x_wconf 73' lang='lat' dir='ltr'><strong>Et</strong></span> <span class='ocrx_word' id='word_1_902' title='bbox 3513 4985 3569 5023; x_wconf 87' lang='lat' dir='ltr'><strong>ut</strong></span> <span class='ocrx_word' id='word_1_903' title='bbox 3602 4977 3773 5041; x_wconf 82' lang='lat' dir='ltr'><strong>panris</strong></span> 
     </span>
    </p>
   </div>
   <div class='ocr_carea' id='block_1_134' title="bbox 2187 5036 3776 5113">
    <p class='ocr_par' dir='ltr' id='par_1_134' title="bbox 2187 5036 3776 5113">
     <span class='ocr_line' id='line_1_136' title="bbox 2187 5036 3776 5113; baseline 0.002 -24"><span class='ocrx_word' id='word_1_904' title='bbox 2187 5036 2444 5113; x_wconf 75' lang='lat' dir='ltr'><strong>absolvam</strong></span> <span class='ocrx_word' id='word_1_905' title='bbox 2465 5077 2477 5096; x_wconf 84' lang='lat'><strong>.</strong></span> <span class='ocrx_word' id='word_1_906' title='bbox 2495 5036 3158 5113; x_wconf 65' lang='lat' dir='ltr'><strong>omnesubiqueimagines</strong></span> <span class='ocrx_word' id='word_1_907' title='bbox 3188 5038 3248 5092; x_wconf 85' lang='lat' dir='ltr'><strong>ab</strong></span> <span class='ocrx_word' id='word_1_908' title='bbox 3289 5036 3612 5096; x_wconf 48' lang='lat' dir='ltr'><strong>hominibns&#39;</strong></span> <span class='ocrx_word' id='word_1_909' title='bbox 3634 5049 3776 5113; x_wconf 73' lang='grc' dir='ltr'>[ιιι-ια’</span> 
     </span>
    </p>
   </div>
   <div class='ocr_carea' id='block_1_135' title="bbox 2187 5107 3775 5184">
    <p class='ocr_par' dir='ltr' id='par_1_135' title="bbox 2187 5107 3775 5184">
     <span class='ocr_line' id='line_1_137' title="bbox 2187 5107 3775 5184; baseline 0.007 -26"><span class='ocrx_word' id='word_1_910' title='bbox 2187 5117 2325 5184; x_wconf 58' lang='lat' dir='ltr'><strong>sunt.</strong></span> <span class='ocrx_word' id='word_1_911' title='bbox 2355 5110 2504 5184; x_wconf 77' lang='lat' dir='ltr'><strong>Quod</strong></span> <span class='ocrx_word' id='word_1_912' title='bbox 2530 5108 2572 5160; x_wconf 90' lang='lat' dir='ltr'><strong>si</strong></span> <span class='ocrx_word' id='word_1_913' title='bbox 2589 5107 2659 5158; x_wconf 90' lang='lat' dir='ltr'><strong>dii</strong></span> <span class='ocrx_word' id='word_1_914' title='bbox 2687 5108 2782 5184; x_wconf 68' lang='lat' dir='ltr'><strong>isti</strong></span> <span class='ocrx_word' id='word_1_915' title='bbox 2800 5110 2862 5159; x_wconf 89' lang='lat' dir='ltr'><strong>ab</strong></span> <span class='ocrx_word' id='word_1_916' title='bbox 2890 5107 3040 5161; x_wconf 86' lang='lat' dir='ltr'><strong>initio</strong></span> <span class='ocrx_word' id='word_1_917' title='bbox 3063 5119 3346 5184; x_wconf 75' lang='lat' dir='ltr'><strong>uenerant,</strong></span> <span class='ocrx_word' id='word_1_918' title='bbox 3382 5114 3576 5177; x_wconf 83' lang='lat' dir='ltr'><strong>illisue,</strong></span> <span class='ocrx_word' id='word_1_919' title='bbox 3612 5107 3644 5168; x_wconf 74' lang='grc' dir='ltr'><strong><em>(ἰ</em></strong></span> <span class='ocrx_word' id='word_1_920' title='bbox 3670 5115 3775 5184; x_wconf 72' lang='lat' dir='ltr'><strong>qui—</strong></span> 
     </span>
    </p>
   </div>
   <div class='ocr_carea' id='block_1_136' title="bbox 2189 5176 3776 5249">
    <p class='ocr_par' dir='ltr' id='par_1_136' title="bbox 2189 5176 3776 5249">
     <span class='ocr_line' id='line_1_138' title="bbox 2189 5176 3776 5249; baseline 0.003 -21"><span class='ocrx_word' id='word_1_921' title='bbox 2189 5176 2278 5249; x_wconf 84' lang='lat' dir='ltr'><strong>bus</strong></span> <span class='ocrx_word' id='word_1_922' title='bbox 2295 5179 2415 5245; x_wconf 77' lang='lat' dir='ltr'><strong>{acti</strong></span> <span class='ocrx_word' id='word_1_923' title='bbox 2434 5187 2570 5241; x_wconf 85' lang='lat' dir='ltr'><strong>sunt,</strong></span> <span class='ocrx_word' id='word_1_924' title='bbox 2596 5178 2896 5246; x_wconf 84' lang='lat' dir='ltr'><strong>posteriores</strong></span> <span class='ocrx_word' id='word_1_925' title='bbox 2929 5191 3071 5232; x_wconf 82' lang='lat' dir='ltr'><strong>erant</strong></span> <span class='ocrx_word' id='word_1_926' title='bbox 3093 5182 3115 5231; x_wconf 69' lang='lat'><strong>2’</strong></span> <span class='ocrx_word' id='word_1_927' title='bbox 3137 5182 3210 5233; x_wconf 86' lang='lat' dir='ltr'><strong>vel</strong></span> <span class='ocrx_word' id='word_1_928' title='bbox 3237 5196 3348 5244; x_wconf 88' lang='lat' dir='ltr'><strong>cur,</strong></span> <span class='ocrx_word' id='word_1_929' title='bbox 3377 5193 3432 5234; x_wconf 88' lang='lat' dir='ltr'><strong>ut</strong></span> <span class='ocrx_word' id='word_1_930' title='bbox 3462 5197 3658 5249; x_wconf 64' lang='lat' dir='ltr'><strong>essent,</strong></span> <span class='ocrx_word' id='word_1_931' title='bbox 3682 5176 3776 5233; x_wconf 51' lang='lat' dir='ltr'><strong>&#39;ha-</strong></span> 
     </span>
    </p>
   </div>
   <div class='ocr_carea' id='block_1_137' title="bbox 2189 5248 3774 5321">
    <p class='ocr_par' dir='ltr' id='par_1_137' title="bbox 2189 5248 3774 5321">
     <span class='ocr_line' id='line_1_139' title="bbox 2189 5248 3774 5321; baseline 0.005 -25"><span class='ocrx_word' id='word_1_932' title='bbox 2189 5248 2404 5321; x_wconf 84' lang='lat' dir='ltr'><strong>minibus</strong></span> <span class='ocrx_word' id='word_1_933' title='bbox 2425 5292 2438 5314; x_wconf 89' lang='lat'><strong>,</strong></span> <span class='ocrx_word' id='word_1_934' title='bbox 2474 5259 2518 5300; x_wconf 88' lang='lat' dir='ltr'><strong>et</strong></span> <span class='ocrx_word' id='word_1_935' title='bbox 2553 5256 2663 5321; x_wconf 80' lang='lat' dir='ltr'><strong>arte</strong></span> <span class='ocrx_word' id='word_1_936' title='bbox 2693 5249 3056 5318; x_wconf 86' lang='lat' dir='ltr'><strong>indiguerunt?</strong></span> <span class='ocrx_word' id='word_1_937' title='bbox 3078 5249 3240 5302; x_wconf 81' lang='lat' dir='ltr'><strong>Terra</strong></span> <span class='ocrx_word' id='word_1_938' title='bbox 3270 5252 3374 5304; x_wconf 61' lang='lat' dir='ltr'><strong>haec</strong></span> <span class='ocrx_word' id='word_1_939' title='bbox 3399 5266 3541 5312; x_wconf 85' lang='lat' dir='ltr'><strong>sunt,</strong></span> <span class='ocrx_word' id='word_1_940' title='bbox 3579 5267 3626 5308; x_wconf 87' lang='lat' dir='ltr'><strong>et</strong></span> <span class='ocrx_word' id='word_1_941' title='bbox 3653 5258 3774 5321; x_wconf 85' lang='lat' dir='ltr'><strong>lupi-</strong></span> 
     </span>
    </p>
   </div>
   <div class='ocr_carea' id='block_1_138' title="bbox 2190 5319 3773 5392">
    <p class='ocr_par' dir='ltr' id='par_1_138' title="bbox 2190 5319 3773 5392">
     <span class='ocr_line' id='line_1_140' title="bbox 2190 5319 3773 5392; baseline 0.004 -24"><span class='ocrx_word' id='word_1_942' title='bbox 2190 5319 2296 5392; x_wconf 83' lang='lat' dir='ltr'><strong>des,</strong></span> <span class='ocrx_word' id='word_1_943' title='bbox 2332 5331 2375 5370; x_wconf 90' lang='lat' dir='ltr'><strong>et</strong></span> <span class='ocrx_word' id='word_1_944' title='bbox 2406 5319 2615 5392; x_wconf 86' lang='lat' dir='ltr'><strong>materia</strong></span> <span class='ocrx_word' id='word_1_945' title='bbox 2637 5360 2649 5383; x_wconf 96' lang='lat'><strong>,</strong></span> <span class='ocrx_word' id='word_1_946' title='bbox 2676 5328 2718 5370; x_wconf 86' lang='lat' dir='ltr'><strong>et</strong></span> <span class='ocrx_word' id='word_1_947' title='bbox 2745 5321 3080 5392; x_wconf 10' lang='lat' dir='ltr'><strong>arsrcuriosa.</strong></span> <span class='ocrx_word' id='word_1_948' title='bbox 3133 5321 3375 5374; x_wconf 68' lang='lat' dir='ltr'><strong>Ca’lernm</strong></span> <span class='ocrx_word' id='word_1_949' title='bbox 3399 5327 3646 5392; x_wconf 85' lang='lat' dir='ltr'><strong>quoniam</strong></span> <span class='ocrx_word' id='word_1_950' title='bbox 3681 5319 3773 5375; x_wconf 82' lang='lat' dir='ltr'><strong>non</strong></span> 
     </span>
    </p>
   </div>
   <div class='ocr_carea' id='block_1_139' title="bbox 2190 5389 3776 5458">
    <p class='ocr_par' dir='ltr' id='par_1_139' title="bbox 2190 5389 3776 5458">
     <span class='ocr_line' id='line_1_141' title="bbox 2190 5389 3776 5458; baseline 0.004 -20"><span class='ocrx_word' id='word_1_951' title='bbox 2190 5389 2368 5440; x_wconf 83' lang='lat' dir='ltr'><strong>desunt</strong></span> <span class='ocrx_word' id='word_1_952' title='bbox 2402 5428 2414 5448; x_wconf 94' lang='lat'><strong>,</strong></span> <span class='ocrx_word' id='word_1_953' title='bbox 2457 5392 2542 5458; x_wconf 88' lang='lat' dir='ltr'><strong>qui</strong></span> <span class='ocrx_word' id='word_1_954' title='bbox 2587 5391 2691 5443; x_wconf 66' lang='lat' dir='ltr'><strong>ha’c</strong></span> <span class='ocrx_word' id='word_1_955' title='bbox 2722 5391 2887 5454; x_wconf 87' lang='lat' dir='ltr'><strong>nihil,</strong></span> <span class='ocrx_word' id='word_1_956' title='bbox 2931 5408 3081 5456; x_wconf 88' lang='lat' dir='ltr'><strong>quant</strong></span> <span class='ocrx_word' id='word_1_957' title='bbox 3121 5389 3543 5450; x_wconf 35' lang='lat' dir='ltr'><strong>simulacra-esse</strong></span> <span class='ocrx_word' id='word_1_958' title='bbox 3584 5399 3776 5456; x_wconf 77' lang='lat' dir='ltr'><strong>dicunt,</strong></span> 
     </span>
    </p>
   </div>
   <div class='ocr_carea' id='block_1_140' title="bbox 2190 5460 3777 5534">
    <p class='ocr_par' dir='ltr' id='par_1_140' title="bbox 2190 5460 3777 5534">
     <span class='ocr_line' id='line_1_142' title="bbox 2190 5460 3777 5534; baseline 0.003 -25"><span class='ocrx_word' id='word_1_959' title='bbox 2190 5460 2455 5534; x_wconf 79' lang='lat' dir='ltr'><strong>deos_vero</strong></span> <span class='ocrx_word' id='word_1_960' title='bbox 2475 5502 2486 5522; x_wconf 90' lang='lat'><strong>,</strong></span> <span class='ocrx_word' id='word_1_961' title='bbox 2521 5477 2736 5534; x_wconf 73' lang='lat' dir='ltr'><strong>quorum</strong></span> <span class='ocrx_word' id='word_1_962' title='bbox 2759 5460 2938 5514; x_wconf 85' lang='lat' dir='ltr'><strong>honori</strong></span> <span class='ocrx_word' id='word_1_963' title='bbox 2962 5479 3020 5514; x_wconf 88' lang='lat' dir='ltr'><strong>ea</strong></span> <span class='ocrx_word' id='word_1_964' title='bbox 3049 5464 3147 5515; x_wconf 87' lang='lat' dir='ltr'><strong>sint</strong></span> <span class='ocrx_word' id='word_1_965' title='bbox 3180 5463 3436 5528; x_wconf 86' lang='lat' dir='ltr'><strong>dedicata,</strong></span> <span class='ocrx_word' id='word_1_966' title='bbox 3469 5478 3516 5518; x_wconf 71' lang='lat' dir='ltr'><strong>et</strong></span> <span class='ocrx_word' id='word_1_967' title='bbox 3541 5483 3777 5534; x_wconf 59' lang='lat' dir='ltr'><strong>quaman-</strong></span> 
     </span>
    </p>
   </div>
   <div class='ocr_carea' id='block_1_141' title="bbox 2191 5531 3774 5605">
    <p class='ocr_par' dir='ltr' id='par_1_141' title="bbox 2191 5531 3774 5605">
     <span class='ocr_line' id='line_1_143' title="bbox 2191 5531 3774 5605; baseline 0.006 -26"><span class='ocrx_word' id='word_1_968' title='bbox 2191 5544 2286 5595; x_wconf 87' lang='lat' dir='ltr'><strong>que</strong></span> <span class='ocrx_word' id='word_1_969' title='bbox 2310 5531 2360 5605; x_wconf 82' lang='lat' dir='ltr'><strong>in</strong></span> <span class='ocrx_word' id='word_1_970' title='bbox 2407 5531 2542 5605; x_wconf 79' lang='lat' dir='ltr'><strong>ipsos</strong></span> <span class='ocrx_word' id='word_1_971' title='bbox 2571 5531 2902 5598; x_wconf 76' lang='lat' dir='ltr'><strong>conferuntur</strong></span> <span class='ocrx_word' id='word_1_972' title='bbox 2927 5575 2948 5605; x_wconf 13' lang='grc' dir='ltr'><strong>,ν</strong></span> <span class='ocrx_word' id='word_1_973' title='bbox 2973 5534 3166 5586; x_wconf 79' lang='lat' dir='ltr'><strong>reditus</strong></span> <span class='ocrx_word' id='word_1_974' title='bbox 3189 5574 3204 5596; x_wconf 95' lang='lat'><strong>,</strong></span> <span class='ocrx_word' id='word_1_975' title='bbox 3243 5535 3501 5599; x_wconf 74' lang='lat' dir='ltr'><strong>sacriﬁcia</strong></span> <span class='ocrx_word' id='word_1_976' title='bbox 3540 5531 3609 5588; x_wconf 83' lang='lat' dir='ltr'><strong>ad</strong></span> <span class='ocrx_word' id='word_1_977' title='bbox 3643 5539 3774 5605; x_wconf 80' lang='lat' dir='ltr'><strong>ipsos</strong></span> 
     </span>
    </p>
   </div>
   <div class='ocr_carea' id='block_1_142' title="bbox 2192 5601 3777 5670">
    <p class='ocr_par' dir='ltr' id='par_1_142' title="bbox 2192 5601 3777 5670">
     <span class='ocr_line' id='line_1_144' title="bbox 2192 5601 3777 5670; baseline 0.004 -21"><span class='ocrx_word' id='word_1_978' title='bbox 2192 5601 2442 5665; x_wconf 87' lang='lat' dir='ltr'><strong>pertinere</strong></span> <span class='ocrx_word' id='word_1_979' title='bbox 2496 5602 2636 5664; x_wconf 86' lang='lat' dir='ltr'><strong>deos,</strong></span> <span class='ocrx_word' id='word_1_980' title='bbox 2685 5619 2844 5670; x_wconf 78' lang='lat' dir='ltr'><strong>neque</strong></span> <span class='ocrx_word' id='word_1_981' title='bbox 2898 5604 3001 5656; x_wconf 89' lang='lat' dir='ltr'><strong>alio</strong></span> <span class='ocrx_word' id='word_1_982' title='bbox 3043 5605 3190 5655; x_wconf 88' lang='lat' dir='ltr'><strong>modo</strong></span> <span class='ocrx_word' id='word_1_983' title='bbox 3233 5605 3459 5658; x_wconf 86' lang='lat' dir='ltr'><strong>homines</strong></span> <span class='ocrx_word' id='word_1_984' title='bbox 3515 5601 3777 5658; x_wconf 78' lang='lat' dir='ltr'><strong>rouremt&#39;c</strong></span> 
     </span>
    </p>
   </div>
   <div class='ocr_carea' id='block_1_143' title="bbox 2193 5671 3778 5743">
    <p class='ocr_par' dir='ltr' id='par_1_143' title="bbox 2193 5671 3778 5743">
     <span class='ocr_line' id='line_1_145' title="bbox 2193 5671 3778 5743; baseline 0.004 -24"><span class='ocrx_word' id='word_1_985' title='bbox 2193 5686 2335 5734; x_wconf 82' lang='lat' dir='ltr'><strong>posse</strong></span> <span class='ocrx_word' id='word_1_986' title='bbox 2365 5671 2482 5722; x_wconf 86' lang='lat' dir='ltr'><strong>deos</strong></span> <span class='ocrx_word' id='word_1_987' title='bbox 2523 5673 2946 5742; x_wconf 76' lang='lat' dir='ltr'><strong>(emtspertusqne</strong></span> <span class='ocrx_word' id='word_1_988' title='bbox 2985 5675 3133 5725; x_wconf 87' lang='lat' dir='ltr'><strong>deum</strong></span> <span class='ocrx_word' id='word_1_989' title='bbox 3163 5675 3330 5742; x_wconf 79' lang='lat' dir='ltr'><strong>gravis</strong></span> <span class='ocrx_word' id='word_1_990' title='bbox 3369 5688 3442 5728; x_wconf 85' lang='lat' dir='ltr'><strong>est</strong></span> <span class='ocrx_word' id='word_1_991' title='bbox 3469 5719 3483 5740; x_wconf 94' lang='lat'><strong>,</strong></span> <span class='ocrx_word' id='word_1_992' title='bbox 3524 5689 3574 5730; x_wconf 88' lang='lat' dir='ltr'><strong>ut</strong></span> <span class='ocrx_word' id='word_1_993' title='bbox 3621 5681 3778 5743; x_wconf 75' lang='lat' dir='ltr'><strong>inquit</strong></span> 
     </span>
    </p>
   </div>
   <div class='ocr_carea' id='block_1_144' title="bbox 2195 5743 3777 5815">
    <p class='ocr_par' dir='ltr' id='par_1_144' title="bbox 2195 5743 3777 5815">
     <span class='ocr_line' id='line_1_146' title="bbox 2195 5743 3777 5815; baseline 0.006 -27"><span class='ocrx_word' id='word_1_994' title='bbox 2195 5743 2362 5815; x_wconf 81' lang='lat' dir='ltr'><strong>poem)</strong></span> <span class='ocrx_word' id='word_1_995' title='bbox 2393 5751 2437 5815; x_wconf 74' lang='lat' dir='ltr'><strong>et</strong></span> <span class='ocrx_word' id='word_1_996' title='bbox 2469 5745 2534 5815; x_wconf 84' lang='lat' dir='ltr'><strong>ad</strong></span> <span class='ocrx_word' id='word_1_997' title='bbox 2567 5745 2658 5792; x_wconf 86' lang='lat' dir='ltr'><strong>hoc</strong></span> <span class='ocrx_word' id='word_1_998' title='bbox 2699 5744 3134 5811; x_wconf 80' lang='lat' dir='ltr'><strong>cmuprobamlum</strong></span> <span class='ocrx_word' id='word_1_999' title='bbox 3163 5746 3400 5798; x_wconf 82' lang='lat' dir='ltr'><strong>historias</strong></span> <span class='ocrx_word' id='word_1_1000' title='bbox 3427 5750 3677 5815; x_wconf 82' lang='lat' dir='ltr'><strong>quasdam</strong></span> <span class='ocrx_word' id='word_1_1001' title='bbox 3703 5763 3777 5798; x_wconf 83' lang='lat' dir='ltr'><strong>re-</strong></span> 
     </span>
    </p>
   </div>
   <div class='ocr_carea' id='block_1_145' title="bbox 2195 5809 3776 5886">
    <p class='ocr_par' dir='ltr' id='par_1_145' title="bbox 2195 5809 3776 5886">
     <span class='ocr_line' id='line_1_147' title="bbox 2195 5809 3776 5886; baseline 0.006 -28"><span class='ocrx_word' id='word_1_1002' title='bbox 2195 5809 2347 5861; x_wconf 83' lang='lat' dir='ltr'><strong>citant</strong></span> <span class='ocrx_word' id='word_1_1003' title='bbox 2389 5811 2640 5862; x_wconf 82' lang='lat' dir='ltr'><strong>idolorum</strong></span> <span class='ocrx_word' id='word_1_1004' title='bbox 2664 5809 3001 5880; x_wconf 78' lang='lat' dir='ltr'><strong>quorumdam</strong></span> <span class='ocrx_word' id='word_1_1005' title='bbox 3044 5829 3194 5884; x_wconf 83' lang='lat' dir='ltr'><strong>opera</strong></span> <span class='ocrx_word' id='word_1_1006' title='bbox 3222 5832 3237 5868; x_wconf 89' lang='lat'><strong><em>:</em></strong></span> <span class='ocrx_word' id='word_1_1007' title='bbox 3263 5809 3502 5885; x_wconf 75' lang='lat' dir='ltr'><strong>agedum,</strong></span> <span class='ocrx_word' id='word_1_1008' title='bbox 3537 5819 3776 5886; x_wconf 76' lang='lat' dir='ltr'><strong>inquira~</strong></span> 
     </span>
    </p>
   </div>
  </div>
