3950 6326
125 319 236 377 893
279 325 303 354 ‘

387 440 476 493 Vel
511 441 645 510 ligna
671 442 927 499 credebat
955 443 1146 501 Deum.

310 534 437 588 Haec
459 535 584 587 dum
620 543 941 605 sequuntur,
956 535 1146 605 perﬁdi

383 626 657 682 Praedouis
687 627 738 680 in
765 627 852 696 jus
876 639 1151 696 veneram,

379 718 444 773 Et
467 721 823 788 mancipatam
847 718 1047 775 fumido

379 807 553 863 Vitam
582 808 834 864 barathro
861 809 1255 866 immerserant.

307 898 553 970 Stragem
582 900 675 956 sed
705 899 862 955 istam
883 915 999 956 non
1027 901 1147 956 tulit

381 993 540 1063 370
563 991 810 1048 Christus
823 993 1117 1051 cadentum
1133 995 1380 1064 gentium
1398 1013 1409 1062 ;

383 1082 598 1151 Impune
625 1099 692 1138 ne
722 1084 900 1140 iorsau
932 1085 1018 1140 sui

387 1171 558 1228 Patris
587 1175 784 1243 periret
813 1173 1037 1230 fabrica.

148 1263 222 1318 45
307 1268 533 1324 Mortale
559 1282 750 1324 cornus
771 1267 972 1333 induit,

155 805 236 864 40

1177 327 1708 386 CATI‘IEMERINON
1751 330 1837 388 XI.
1883 332 1994 390 VIII
2035 333 2188 392 ΚΑΙ..
2229 334 2376 394 ιλιι.

1741 459 1797 518 Δ

3291 338 3395 395 896

2067 457 2134 512 Ut
2162 458 2393 512 excitato
2414 469 2638 526 corpore

2069 547 2252 604 Mortis
2271 557 2513 604 catenam
2545 548 2810 616 frangeret
2823 585 2839 609 ,

2067 639 2452 710 Hominemque
2476 646 2713 709 portaret
2732 637 2897 692 Patri.

2001 729 2094 783 llic
2123 730 2212 786 ille
2245 733 2437 786 natalis
2466 729 2582 786 dies
2603 771 2617 795 ,

1857 822 1921 875 50
2065 821 2181 887 Quo
2213 832 2264 876 te
2283 822 2508 878 Creator
2531 822 2727 877 arduus

2064 913 2319 980 Spiravit,
2345 923 2399 969 et
2428 915 2556 968 limo
2587 913 2798 979 indidit,

2063 1003 2221 1074 371
2251 1005 2514 1060 Sermone
2541 1019 2758 1060 carnem
2777 1003 3074 1074 glutinans.

1997 1093 2269 1157 Sentisne,
2304 1095 2690 1164 virgo-nobilis,

2069 1186 2274 1240 Matura
2301 1201 2396 1257 per
2427 1187 2638 1244 fastidia
2659 1205 2664 1214 '

1819 1277 1888 1331 55
2069 1277 2293 1332 l’udoris
2319 1279 2576 1334 intactum
2605 1279 2771 1334 decus
2834 1281 2848 1292 '

1443 1387 1733 1444 GLOSS/E
1773 1388 2110 1446 VETERES.

194 1473 290 1531 38.
335 1474 608 1530 Praedonis
641 1476 692 1531 iu
712 1476 818 1546 jus,
845 1478 899 1531 in
929 1476 1122 1531 diaboli
1153 1487 1471 1546 potestatem,
1493 1480 1534 1534 Ι.

197 1547 289 1602 59.
336 1546 684 1617 Mancipatam
703 1587 718 1612 ,
746 1549 892 1616 quasi
924 1550 1270 1617 mancipatum
1298 1551 1557 1615 traditam,
1594 1551 1633 1605 1.

200 1617 290 1687 θῇ.
333 1615 571 1687 impune,
595 1618 702 1671 sine
729 1615 874 1687 pinna
898 1615 1124 1682 diaboli,
1147 1618 1185 1672 I.

199 1684 290 1738 45.
332 1685 527 1752 Induit,
558 1684 764 1754 indidit,
791 1687 830 1742 Ι.

204 1755 293 1809 46.
340 1755 602 1822 Excitato,
631 1774 662 1810 a
692 1767 870 1826 morte,
907 1759 945 1813 I.

1894 1485 1980 1554 50.
2023 1485 2116 1547 Te,
2153 1485 2370 1541 Christe.
2395 1517 2461 1526 —
2486 1487 2730 1554 Greater,
2755 1486 2928 1554 Pater,

1895 1553 1980 1608 Ἦ.
2025 1555 2248 1619 Indidit,
2281 1560 2593 1621 carporaait,
2616 1559 2660 1612 Ι.

1891 1625 1982 1680 52.
2014 1625 2317 1696 Glutinaus,
2353 1625 2541 1696 ligans,
2576 1629 2612 1681 Ι.

1890 1695 1978 1749 54.
2013 1695 2235 1768 Matura,
2268 1696 2439 1763 plena.
2473 1727 2538 1737 —
2582 1699 2681 1768 Per
2711 1697 2939 1760 fastidia,
2975 1697 3271 1768 dignitates,
3309 1713 3394 1766 per
3483 1736 3493 1747 .

1818 1767 2120 1834 temporales
2155 1768 2573 1835 exspectationes,
2597 1767 2641 1822 l.
2671 1831 2675 1842 ι

1469 1874 2023 1938 COMMENTARIUS
2060 1893 2064 1901 ‘

126 2005 243 2041 mus
273 2004 507 2058 quamam
536 1989 741 2044 illorum
778 1991 864 2057 qui
893 1988 966 2042 dii
995 1987 1322 2042 nominantur
1343 1990 1414 2043 vis
1432 1997 1581 2059 atque
1599 1993 1708 2060 επὶ·
1742 1995 1790 2056 Β
1817 2001 2016 2048 tamen.

126 2062 274 2112 cncia
304 2064 389 2112 sit.

201 2131 293 2183 ‘57.
343 2128 565 2198 Diverso
598 2129 758 2182 modo
784 2127 876 2182 alii
909 2129 1005 2181 hos
1027 2142 1211 2184 versus
1237 2129 1589 2198 distinguunt,
1618 2133 1715 2186 sci-

125 2202 294 2253 licet:
337 2197 461 2253 Hcec
495 2200 617 2252 dum
646 2206 938 2272 sequuntur
982 2199 1198 2272 perfidi,
1247 2197 1514 2272 Prw-donis
1541 2197 1594 2255 in
1621 2206 1710 2272 jus

127 2279 396 2334 teneram,
454 2277 508 2322 ul
534 2270 718 2340 perﬁdi
759 2269 869 2340 sint
893 2267 1246 2340 quiadorant
1273 2271 1433 2334 idola,
1461 2273 1601 2340 quod
1621 2267 1716 2327 ἐκ·

127 2342 297 2410 plicat
333 2337 602 2393 Erasmus.
645 2339 779 2393 Cum
811 2337 1060 2393 Fabricio
1085 2381 1098 2406 ,
1134 2337 1358 2394 Weitzio
1384 2352 1437 2396 et
1478 2337 1715 2398 Ciselino

126 2411 394 2479 praedonis
422 2410 606 2478 perﬁdi
645 2410 891 2476 praeiere.

203 2482 298 2534 59.
343 2480 454 2534 Gis.
491 2480 516 2532 1
564 2479 649 2533 cd.
687 2479 910 2533 habebat
939 2489 988 2532 et
1018 2480 1360 2550 mancipatum
1391 2498 1407 2534 :
1434 2491 1488 2536 et
1518 2497 1619 2536 uua
1649 2498 1713 2536 ex

127 2552 330 2617 git-seis
377 2551 546 2604 Isonis
572 2567 622 2617 q.
654 2550 1017 2611 mancipatum.
1052 2550 1264 2615 Nescio,
1297 2566 1363 2604 an
1412 2551 1613 2618 aliquid
1643 2553 1717 2606 la-

130 2632 240 2675 teat
265 2663 278 2680 ,
325 2636 424 2674 nec
453 2620 605 2674 video
635 2662 646 2683 ,
674 2636 768 2692 cur
798 2635 901 2672 non
942 2621 1011 2692 sit
1037 2620 1317 2692 legendum
1351 2621 1712 2692 mancipatam.

131 2692 214 2744 Iso
240 2692 471 2744 fortasse
492 2692 592 2742 hoc
613 2690 796 2752 voluit,
822 2690 970 2760 quasi
991 2691 1058 2742 ad
1079 2692 1421 2760 mancipatum
1449 2690 1711 2757 traditam,

134 2762 214 2816 vel
255 2761 570 2829 mancipatui
595 2760 856 2815 traditam.

203 2829 300 2883 42.
343 2831 457 2883 Non
503 2831 689 2901 eadem
712 2831 1054 2901 distinctione
1088 2830 1141 2884 hi
1167 2845 1348 2886 versus
1371 2833 1508 2901 apud
1530 2847 1717 2888 omnes

130 2904 466 2954 scriI-untur.
495 2900 717 2973 Quidam
737 2901 930 2973 habent
954 2900 1184 2955 Christus
1205 2900 1477 2957 cadentum
1497 2904 1718 2973 gentium

133 2973 349 3052 impune
375 3012 386 3032 ,
415 2987 506 3035 ne,
535 2978 638 3026 etc.
673 2970 858 3026 Melior
885 2981 966 3026 est
1007 2987 1196 3026 sensus
1225 2989 1286 3026 ne
1311 2970 1513 3042 fabrica
1535 2975 1720 3045 periret

131 3058 366 3107 impune.
631 3097 639 3105 ,

349 3111 587 3184 imitatus
608 3119 688 3184 est
709 3111 952 3184 Sedulius
976 3113 1174 3184 hymno
1197 3110 1532 3184 alphabetico
1560 3133 1570 3165 :
1598 3115 1720 3169 Ser-

140 3184 235 3235 vile
263 3199 452 3252 corpus
476 3181 661 3249 induit,
685 3191 787 3236 etc.
817 3181 1102 3248 LutheruS,
1125 3181 1262 3237 tum.
1288 3183 1439 3244 |,l'ol.
1477 3184 1596 3252 H5,
1621 3186 1714 3250 ait,

147 3253 316 3305 nullos
352 3252 517 3307 fuisse
549 3253 730 3306 Patres
761 3260 848 3306 aut
877 3252 1147 3316 doctores,
1176 3253 1266 3322 qui
1295 3270 1398 3308 nou
1433 3255 1721 3322 improprie

145 3323 430 3391 aliquando
451 3323 560 3378 sint
585 3323 742 3378 locuti
772 3366 784 3387 ,
831 3323 875 3376 si
902 3339 1085 3377 eorum
1118 3323 1258 3377 dicta
1283 3323 1518 3378 cavillari
1551 3325 1679 3379 velis
1704 3365 1720 3390 ,

1895 2063 2406 2120 52..Cbamillardus
2446 2066 2843 2132 interpretatur,
2883 2063 3028 2116 Verbi
3058 2063 3136 2113 sui
3174 2062 3390 2130 epicuri—

1827 2144 1928 2188 tate
1956 2151 2140 2206 corpus
2167 2136 2514 2206 compingens.
2551 2137 2653 2190 Alii
2684 2135 2918 2206 melius,
2947 2143 3003 2186 ut
3043 2141 3191 2200 puto,
3231 2134 3396 2206 unio-

1827 2221 1946 2259 nem
1984 2201 2389 2276 hy'postaticam"
2422 2205 2744 2274 intelligunt.
2797 2203 3072 2258 Buchuero
3121 2201 3392 2276 sordidum

1823 2270 2044 2331 verbum
2063 2270 2286 2329 rvidetur
2317 2277 2573 2343 glutinans
2596 2270 2691 2344 pro
2717 2277 2988 2344 copulatis,
3010 2272 3251 2344 quamvis
3281 2270 3398 2324 eili-

1823 2347 2268 2415 caciusimiscendi
2291 2341 2474 2409 verbo,
2501 2341 2610 2415 quo
2637 2341 2874 2414 plerique
2895 2341 2990 2397 SS.
3027 2343 3208 2415 Patres
3243 2350 3401 2415 utun-

1824 2427 1933 2470 tur.
1989 2414 2314 2485 Coagulatidi
2359 2410 2890 2485 vocabulo'subdole
2921 2410 3402 2485 quosdamiiuisse

1825 2499 1970 2549 usos,
2001 2495 2060 2540 ut
2098 2483 2405 2539 naturarum
2456 2486 2509 2538 in
2551 2484 2764 2538 Christo
2805 2484 3172 2549 confusionem
3213 2483 3402 2534 innue-

1823 2564 1964 2622 reut,
1995 2553 2318 2611 thbadius
2343 2557 2565 2609 notavit.
2595 2555 2912 2622 Plerumque
2933 2551 3154 2622 accidit,
3169 2560 3232 2622 ut
3256 2566 3403 2619 qum-

1825 2620 1957 2679 dam‘
2015 2626 2357 2691 antiquorum
2420 2625 2579 2678 verba
2648 2620 2867 2679 humilia
2920 2633 2970 2677 et
3037 2620 3249 2683 sordida
3303 2634 3401 2674 nos

1825 2696 2195 2750 existimemus
2234 2709 2386 2758 esse,
2431 2695 2552 2764 quia
2584 2695 2832 2764 vulgares
2873 2700 3069 2764 nostra:
3097 2705 3400 2764 vocesqua:

1824 2765 1929 2820 illis
1957 2766 2302 2835 respondent,
2335 2760 2577 2833 usu'ipso
2605 2776 2657 2819 et
2678 2760 3070 2835 consuetudine
3087 2760 3316 2816 sordida:
3338 2769 3394 2813 et

1825 2831 2062 2890 humiles
2092 2836 2375 2890 habentur.
2411 2835 2464 2889 lu
2487 2831 2659 2888 sacris
2681 2833 2897 2890 Litteris
2929 2831 3211 2885 adhibetur
3237 2846 3397 2883 voca-

1825 2905 2007 2959 bulum
2041 2906 2428 2974 conglutinandi
2459 2919 2566 2958 non
2595 2906 2760 2958 semel
2791 2902 2855 2956 ad
2883 2916 2967 2956 res
2988 2902 3154 2974 serias
3176 2915 3396 2974 graves-

1825 2991 1929 3045 que
1955 2961 2350 3044 signilicandas,
2403 2985 2458 3029 ut
2487 2975 2502 3028 I
2528 2974 2682 3045 Meg.
2711 2989 2856 3045 x‘vm,
2889 2974 2963 3045 in:
2993 2961 3420 3045 Auima'donatte‘

1826 3039 2170 3116 conglu'tinata
2201 3055 2274 3098 est
2302 3047 2488 3119 anima:
2513 3039 2703 3119 Dauid.
2739 3043 2791 3096 lu
2821 3041 3003 3096 codice
3023 3039 3398 3119 TheodOsiauo

1826 3111 2136 3183 argumenta
2181 3115 2522 3185 conglutinari
2567 3115 2835 3182 dicuntur,
2866 3128 2985 3168 cum
3020 3111 3198 3164 multa:
3229 3111 3400 3176 conje-

1826 3196 1993 3241 ctura:
2020 3197 2400 3255 congerunlur.

1899 3256 1987 3312 53.
2037 3250 2183 3311 lianc
2233 3256 2704 3326 interrogationem
2755 3255 2860 3308 vim
2903 3251 3125 3326 negandi
3177 3250 3393 3314 habere,

1828 3326 2072 3381 Fabricio
2109 3328 2366 3382 asserenti
2400 3322 2503 3381 non
2533 3327 2817 3390 assentior,
2871 3339 2990 3376 nam
3037 3322 3114 3375 sic
3163 3331 3396 3390 negaret,

144 3403 194 3446 et
223 3393 363 3466 nihii
401 3395 566 3466 magis
610 3392 916 3466 hrcreticum
949 3393 1051 3466 dici
1088 3407 1260 3466 posse,
1294 3397 1487 3448 asserit
1513 3439 1526 3462 ,
1561 3411 1718 3460 quam
1751 3400 1797 3464 ί]
1829 3400 2040 3466 pudoris
2074 3399 2226 3451 decus
2255 3413 2492 3452 crescere.
2523 3397 2708 3452 Teolio
2738 3397 2934 3463 placuit
2965 3392 3256 3466 Fabricius.
3287 3391 3399 3466 Ilu—

145 3463 280 3531 quod
303 3461 554 3517 Christus
576 3479 761 3531 corpus
777 3463 1020 3529 induerit,
1052 3479 1155 3519 nou
1179 3465 1322 3518 enim
1347 3461 1585 3519 vcstis’et
1601 3481 1722 3518 cor-

145 3549 240 3601 pus
258 3535 594 3588 constituunt
621 3549 778 3586 unam
815 3549 1120 3602 personam.
1152 3533 1258 3589 Sed
1284 3550 1404 3588 cum
1437 3537 1723 3602 Apestolus

145 3614 197 3657 et
235 3605 481 3672 plerique
529 3603 627 3659 SS.
670 3603 857 3658 Patres
894 3603 1054 3658 simili
1100 3604 1351 3672 loquendi
1387 3605 1609 3657 lormula
1645 3607 1724 3659 usi

144 3676 270 3737 sint,
301 3689 364 3728 ea
397 3673 605 3742 phrasis
639 3689 736 3728 usu
762 3674 877 3741 ipso
898 3675 1258 3728 ecclesiastico
1281 3685 1591 3728 consecrata
1614 3676 1722 3741 jam

144 3756 244 3810 est,
277 3755 333 3800 et
354 3755 556 3808 rectum
578 3759 794 3798 sensum
817 3760 926 3813 prce
947 3759 1007 3798 se
1039 3745 1154 3798 fert.
1191 3745 1278 3798 Sic
1303 3759 1498 3813 corpus
1527 3745 1723 3800 dicitur

145 3829 329 3870 carcer
355 3856 370 3878 ,
398 3830 490 3870 vas
519 3815 713 3869 animae
741 3855 755 3877 ,
785 3825 837 3870 et
876 3814 1090 3869 similia.
1138 3814 1269 3868 Vide
1303 3814 1481 3876 hymni
1515 3817 1543 3867 7
1576 3831 1716 3870 vers.

151 3887 280 3951 l90,
308 3896 367 3940 et
401 3886 462 3938 l0
486 3901 627 3939 vers.
659 3884 747 3937 22.

209 3958 301 4010 46.
341 3954 595 4010 Nebrissa
638 3971 732 4023 pro
768 3956 982 4009 excitato
1014 3955 1240 4022 explicat
1286 3957 1480 4022 ascito,
1529 3955 1610 4010 vel
1641 3973 1723 4010 as-

146 4034 370 4095 sumpto.
405 4025 508 4080 Sed
542 4023 730 4079 melius
759 4026 1192 4095 interpretaberis
1223 4028 1538 4080 resuscitato.

287 4137 301 4149 .
349 4097 527 4166 l‘rag.,
547 4105 845 4166 reportaret,
879 4106 1060 4150 contra
1093 4104 1342 4150 metrum.

212 4167 304 4222 bl.
350 4165 608 4221 Erasmus
645 4175 832 4219 contra
867 4167 1022 4220 iidem
1052 4169 1286 4221 omnium
1335 4181 1464 4220 mss.
1499 4175 1552 4219 ct
1589 4165 1716 4220 edit.

143 4235 422 4306 supposuit
451 4236 708 4290 Animarit
733 4247 827 4306 ,κει
851 4237 970 4290 limo
1004 4237 1190 4306 induit.
1227 4237 1430 4291 l’ulavit
1465 4238 1545 4290 vir
1573 4237 1719 4290 eriti-

141 4304 261 4372 cus,
286 4307 389 4361 (Ιιεί
423 4322 526 4361 non
557 4321 714 4375 posse
740 4305 898 4361 Pater
920 4309 1080 4376 spirat
1104 4304 1323 4372 Filium,
1355 4317 1408 4360 et
1437 4307 1534 4361 hoc
1561 4307 1721 4360 habe—

146 4377 466 4432 hatotnnino
492 4378 601 4447 ille,
629 4386 682 4430 ut
708 4377 962 4447 quidquid
994 4395 1098 4432 nou
1121 4376 1460 4446 intelligeret,
1491 4387 1720 4441 mutare,

143 4459 199 4500 et
227 4448 497 4511 corrigere
527 4446 786 4501 arbitratu
825 4446 922 4501 suo
969 4447 1209 4503 auderet.
1245 4447 1366 4502 llzcc
1409 4462 1532 4501 vera
1561 4461 1718 4500 CﬂllSl

145 4517 612 4573 innumerabilium
660 4516 776 4584 ejus
824 4518 876 4572 in
927 4518 1086 4572 rebus
1115 4517 1281 4572 sacris
1312 4525 1364 4571 ct
1409 4517 1720 4584 theologicis

147 4589 604 4654 emendationum,
647 4603 767 4657 quae
793 4589 842 4640 in
877 4589 994 4644 aliis
1024 4587 1328 4642 auctoribus
1358 4587 1570 4657 loli-rari
1613 4588 1723 4640 ior-

146 4668 280 4714 tasse
332 4667 590 4725 possent,
620 4656 673 4712 in
697 4659 888 4718 ,divina
919 4659 1192 4728 Scriptura
1225 4657 1370 4711 nullo
1402 4656 1560 4710 modo
1598 4667 1721 4712 sunt

145 4729 398 4782 terenda).
432 4728 600 4782 Deum
637 4728 739 4782 dici
775 4743 932 4795 posse
961 4731 1209 4796 spiritum
1233 4743 1393 4782 nemo
1423 4728 1716 4793 negaverit.

143 4798 300 4852 Poeta
331 4807 515 4852 noster
541 4799 732 4865 Apoth.
754 4803 907 4853 “vers.
935 4798 1041 4853 666
1065 4841 1080 4865 ,
1108 4800 1193 4866 qui
1211 4799 1430 4868 spiritus
1462 4797 1582 4849 olim
1617 4798 1722 4852 Ure

145 4874 444 4937 superfusus
472 4873 638 4939 patrio
667 4868 904 4922 volitabat
933 4870 984 4922 in
1016 4870 1164 4922 undis
1197 4867 1438 4922 Nondum
1465 4868 1714 4939 discretis,

147 4942 230 5008 ubi
273 4939 466 4992 Filium
500 4939 762 5008 intelligit.
797 4940 1049 4993 Paulinus
1076 4941 1130 4993 in
1163 4948 1406 5007 poemate
1437 4939 1533 4992 ull.
1570 4955 1582 4991 :
1617 4938 1718 4992 llic

147 5007 282 5078 Deus
311 5019 384 5063 est
411 5027 475 5064 ex
499 5010 653 5062 corde
673 5007 806 5074 ’Dei,
838 5009 918 5062 hic
958 5011 1168 5078 spiritus
1191 5011 1320 5073 oris,
1353 5010 1532 5063 Sancti
1558 5025 1718 5063 sermo

146 5077 341 5135 Patris.
392 5080 492 5134 Ubi
544 5080 864 5132 Muramrius
905 5077 1126 5146 putavit,
1165 5080 1466 5133 claudicare
1501 5094 1716 5132 versum

145 5153 398 5217 primatu,
446 5165 620 5218 neque
649 5150 878 5202 advertit
912 5151 1111 5203 hiatum
1144 5151 1372 5203 similem
1399 5149 1519 5202 huic
1550 5149 1720 5215 Virgi-

147 5221 324 5283 liano,
381 5220 682 5273 Posthabito
721 5221 938 5273 coluisse
985 5220 1184 5283 Samo,
1238 5221 1318 5271 hic
1368 5220 1509 5272 illius
1553 5235 1715 5271 arnta.

148 5290 293 5358 Ilugo
329 5288 548 5345 Grotius
573 5291 638 5344 ad
663 5305 782 5359 cap.
815 5306 851 5343 ιι
883 5290 1036 5344 Marci
1076 5305 1214 5342 vers.
1259 5293 1324 5354 8,
1358 5289 1508 5342 Jesus
1539 5290 1722 5356 spiritu

145 5376 265 5421 suo,
293 5369 397 5414 etc.
421 5402 435 5426 ,
466 5377 529 5414 ex
565 5361 742 5414 verbis
779 5361 1049 5416 Prudentii
1102 5361 1323 5429 aliisque
1361 5361 1457 5415 SS.
1503 5361 1719 5414 Patrum

143 5429 352 5496 probat,
381 5431 613 5486 Verbum
642 5430 742 5485 dici
771 5432 1009 5499 spiritum
1036 5446 1140 5485 non
1167 5440 1367 5484 tantum
1398 5430 1481 5484 διὰ
1508 5431 1562 5482 τὸ
1585 5433 1722 5483 ἀσώ-

142 5522 320 5567 ματον,
349 5501 433 5567 (ob
463 5501 973 5570 incorporalitatem),
999 5501 1265 5559 quomodo
1291 5501 1427 5552 l'atri
1454 5499 1502 5570 id
1529 5515 1719 5552 numen

141 5572 409 5635 convenit,
439 5573 532 5626 scd
555 5569 714 5626 etiam
738 5573 857 5640 quia
882 5572 1066 5627 Iaxiori
1090 5571 1350 5624 vocabulo
1375 5569 1722 5640 qualctncuti-

141 5655 242 5707 quc
255 5643 654 5696 emanatiouem
677 5638 1292 5711 spiritumappellabant:
1308 5641 1444 5709 quod
1467 5638 1717 5706 loquendi

139 5724 304 5773 genus
357 5712 554 5766 mansit
601 5728 706 5765 non
745 5714 914 5766 solum
959 5721 1078 5780 post
1123 5711 1536 5780 controvetsiam
1593 5721 1714 5761 cum

140 5783 355 5840 Arianis
377 5823 392 5848 ,
441 5782 537 5838 sed
569 5786 727 5838 etiam
754 5791 874 5852 post
901 5779 1082 5838 uatum
1111 5796 1230 5836 cum
1261 5779 1567 5838 Macedonio
1595 5779 1740 5834 cer-'

1750 4770 1804 4831 D

1824 3462 1915 3533 jus
1946 3471 2104 3522 verba
2130 3477 2254 3521 sunt
2287 3486 2298 3520 :
2338 3467 2460 3521 lites
2489 3462 2819 3535 interrogatio
2842 3467 2938 3518 vim
2973 3463 3190 3531 negandi
3233 3462 3396 3535 liabet,

1828 3531 1972 3604 quasi
2002 3540 2186 3591 diceret
2214 3553 2230 3590 :
2267 3537 2478 3590 Minime
2500 3540 2653 3590 sentis
2683 3531 2812 3590 illud
2835 3535 3097 3604 fastidium
3121 3533 3256 3602 quod
3283 3531 3400 3604 alia?

1832 3603 2018 3660 matres
2049 3609 2292 3660 sentiunt.
2325 3609 2426 3660 Aio
2457 3608 2636 3674 igitur,
2681 3603 3249 3674 interrogationetu,_§i
3294 3603 3398 3674 vim

1829 3676 2060 3751 haberet
2078 3678 2323 3745 negandi,
2350 3670 2500 3751 hunc
2529 3677 2825 3729 habituram
2873 3670 3090 3727 sensum
3124 3670 3396 3751 :_Miniine

1828 3748 2015 3811 sentis,
2050 3739 2493 3801 intactum'decus
2515 3760 2760 3800 crescere
2789 3753 2990 3798 matura
3025 3757 3118 3809 per
3151 3739 3394 3802 fastidia;

1827 3817 1968 3884 quod
1995 3827 2162 3884 poeti-
2199 3817 2363 3870 menti
2399 3817 2722 3869 contrarium
2747 3823 2848 3878 est,
2891 3822 3042 3884 utex
3067 3817 3316 3865 contextu
3346 3818 3399 3862 et

1828 3882 2048 3955 stropha
2070 3897 2326 3956 sequente
2349 3886 2634 3955 colligitur.
2655 3882 2925 3956 Prudentii
2951 3883 3064 3956 haec
3086 3889 3166 3935 est
3188 3888 3399 3933 sentcn-

1831 3959 1924 4021 tia,
1947 3954 2192 4011 crescere
2222 3957 2386 4010 decus
2421 3954 2642 4025 pudoris
2668 3971 2772 4023 quo
2807 3954 3028 4006 vicinior
3066 3961 3147 4004 est
3197 3959 3396 4025 partus.

1818 4028 2106 4086 .Nonnemo
2135 4021 2533 4096 interpretatur,
2552 4021 2714 4096 decus
2730 4026 3173 4096 inisseiutactum
3205 4036 3297 4096 per
3321 4021 3398 4096 fa-

1778 4111 1802 4126 '
1827 4099 2113 4164 stidia,hoc
2127 4108 2228 4161 est,
2245 4090 2383 4152 nulla
2405 4096 2568 4150 fuisse
2582 4097 2672 4150 faSt
2685 4095 2785 4150 idia
2803 4093 2994 4160 quibus
3009 4094 3170 4146 decus
3187 4090 3400 4164 pudoris

1836 4179 2160 4235 iungeretur.
2188 4168 2357 4222 Simili
2403 4167 2787 4237 signiﬁcatione
2819 4165 2956 4218 Hora
2985 4164 3064 4237 ius
3097 4163 3259 4237 verbo
3286 4171 3401 4237 tan-

1831 4231 1981 4309 gendi
2013 4241 2177 4292 utitur
2222 4239 2311 4294 lib.
2345 4255 2420 4302 ιιι,
2452 4231 2554 4292 ὀύ.
2590 4239 2655 4290 15
2684 4237 2750 4290 de
2779 4237 2920 4309 lente
2951 4233 3248 4309 Blandusiw
3283 4248 3297 4288 :
3333 4231 3402 4284 'I'e

1827 4304 2116 4382 flagrantis
2153 4319 2318 4382 atro:_t:_
2358 4311 2484 4362 liora
2538 4309 2784 4382 canicula:
2835 4304 3010 4382 Q’escit
3065 4310 3403 4382 tangere;_el

1827 4375 2046 4434 Ovidius
2069 4381 2157 4431 lib.
2192 4396 2245 4434 ιιι
2272 4380 2483 4434 Metam.
2528 4379 2593 4433 de
2622 4379 2767 4432 fonte
2799 4395 2810 4430 :
2844 4375 3007 4442 Quem
3049 4391 3206 4444 neque
3235 4379 3403 4442 pasto-

1829 4465 1930 4518 res,
1963 4467 2118 4519 neque
2145 4461 2302 4518 pastte
2348 4460 2514 4506 monte
2559 4449 2768 4519 capellw
2818 4446 3166 4517 Contigerant,
3205 4444 3404 4497 aliudve

1831 4537 2000 4585 pecus.

1901 4592 1988 4644 Pii.
2027 4590 2207 4659 Prag,
2240 4591 2465 4660 fastigia,
2491 4589 2665 4644 minus
2696 4589 2849 4642 bene.
2883 4586 3131 4660 Fortasse
3162 4583 3245 4636 lso
3275 4580 3402 4660 legit

1828 4662 1988 4714 etiam
2023 4653 2379 4730 fastigiorum
2403 4661 2578 4733 gloss‘a
2609 4660 2908 4733 tlignitates._
2931 4655 3242 4709 Buchnerus
3263 4653 3404 4733 arbi-

1830 4721 2466 4798 tr;itttr,'trajeCt:tiii«sse
2501 4721 2736 4797 glossam
2771 4727 2939 4798 lsouis
2987 4740 3051 4798 ex
3100 4736 3256 4776 versu
3311 4721 3401 4784 56,

1831 4803 1918 4854 ubi
1965 4813 2046 4874 est
2095 4795 2334 4874 notione,
2387 4795 2668 4874 dignitate,
2719 4795 2888 4874 quod“
2916 4796 2968 4874 iu
3013 4795 3402 4874 hunc‘versum

1833 4871 2150 4924 translatum
2181 4871 2232 4924 iu
2262 4864 2532 4938 dignittitcs
2557 4864 2806 4938 evaserril.
2857 4867 3004 4938 Satis
3022 4864 3069 4917 id
3110 4871 3188 4916 est
3219 4864 3405 4938 verisi-

1833 4943 1978 4997 mile.
2005 4941 2168 4992 Ncmo
2193 4934 2381 4993 melius
2403 4937 2735 4992 Nt-brisseusi
2757 4937 2968 5006 fastidia
2993 4934 3364 4999 hmcexpusuit
3389 4949 3401 4984 :

1838 5010 1980 5074 Non,
2011 5011 2200 5078 inquit,
2235 5012 2372 5077 quod
2408 5009 2605 5077 Virgini
2635 5007 2959 5077 contigerint,
2986 5020 3109 5078 qua:
3136 5018 3406 5078 prwgtianv

1832 5082 1966 5133 tibus
1998 5074 2273 5136 solent....'.
2308 5081 2412 5132 Sed
2439 5074 2662 5147 loquitur
2693 5093 2754 5130 ea:
2773 5074 2921 5130 'morc
2944 5074 3163 5127 aliarum
3192 5075 3406 5147 femina-

1833 5168 1970 5216 rum,
1995 5153 2122 5204 sicut
2153 5151 2288 5218 quod
2317 5145 2519 5213 dicitur,
2547 5165 2707 5203 ENIXA
2742 5161 2836 5201 EST
2862 5161 3152 5207 ιιυιίιιιιιςιιλ,
3176 5157 3220 5196 et
3247 5145 3404 5218 alibi:

1837 5215 1993 5275 nam
2017 5215 2200 5274 ιιιῖειιιί
2223 5238 2284 5273 uti
2321 5236 2489 5274 unum
2527 5236 2537 5270 :
2582 5235 2683 5272 non
2718 5218 2852 5287 quod
2879 5218 2928 5269 in
2961 5225 3111 5286 partu
3144 5216 3291 5287 fuerit
3319 5215 3406 5287 ille

1836 5306 1988 5344 ωλι-ε
2020 5308 2133 5343 cum
2155 5292 2435 5353 doloribus,
2463 5290 2547 5359 qui
2579 5291 2629 5342 in
2658 5283 3001 5359 aliisifeminis
3031 5284 3296 5359 contingitl
3317 5283 3406 5335 sed

1837 5363 1971 5428 quod
2008 5361 2147 5414 salva
2174 5362 2456 5429 intcgritate
2475 5353 2697 5428 peperit.
2735 5353 2865 5429 Vide
2898 5356 3237 5410 Franciscum
3264 5353 3405 5429 Stiu-

1839 5422 1948 5504 ἦρι,
1983 5436 2077 5504 qui
2105 5441 2232 5484 tom.
2269 5422 2384 5504 l'|_in
2418 5433 2448 5483 5
2481 5422 2681 5504 partem
2708 5429 2775 5504 S._
2799 5428 3038 5504 Thamar,
3074 5422 3402 5504 quassu-‘28,

1835 5493 2037 5570 dispui.
2064 5503 2118 5564 5,
2144 5513 2274 5554 seet.
2306 5501 2356 5564 l,
2389 5516 2451 5554 ex
2476 5493 2532 5554 S.
2561 5495 3177 5570 Augustino,Fulgentio
3199 5502 3251 5570 et
3273 5493 3400 5570 Beu-

1833 5562 2003 5624 uar'do
2035 5562 2144 5623 rem
2179 5572 2314 5625 hanc
2343 5562 2530 5624 mirum
2560 5570 2611 5623 in
2637 5562 2849 5624 modum
2874 5562 3124 5621 illustrat.
3153 5564 3297 5618 Alios
3319 5562 3406 5615 ad-

1827 5642 1907 5694 dit
1938 5641 2185 5696 Petavius
2213 5642 2304 5694 lib.
2341 5657 2444 5706 xrv,
2477 5656 2594 5707 cap.
2622 5641 2676 5708 6,
2700 5642 2788 5712 qui
2817 5652 3132 5695 communem
3158 5633 3294 5689 hanc
3314 5646 3421 5709 vei

1830 5723 2000 5766 terum
2025 5713 2348 5768 sententiam
2383 5712 2634 5782 appellat.

1781 5841 1878 5908 κεῖ.
2854 5874 2893 5888 ον
3244 5882 3280 5893 -
