3950 6326
525 351 630 410 895

772 461 983 515 llonore
1016 467 1201 531 partus
1233 475 1481 517 crescere
1508 463 1528 513 ?

702 558 745 609 υ
774 565 974 625 quanta
1002 571 1183 612 rerum
1214 556 1408 625 gaudia

772 648 941 704 Alvus
971 649 1159 717 pudica
1190 650 1457 706 continet!

774 742 849 796 Ex
880 756 981 810 qua
1010 742 1279 797 novellum
1307 742 1563 807 sazculum

526 837 594 892 60
774 832 1044 901 Procedit,
1074 840 1129 889 et
1158 833 1245 887 lux
1269 848 1433 888 aurea

706 926 924 997 Vagitus
951 926 1043 983 ille
1070 926 1350 982 exordium

770 1020 930 1090 372
960 1019 1254 1076 Vernantis
1283 1019 1434 1074 orbis
1456 1017 1691 1089 prodidit
1717 1034 1730 1071 :

773 1114 905 1168 Nam
938 1122 1063 1168 tunc
1093 1122 1312 1169 renatus
1350 1110 1626 1168 sordidum

775 1206 1002 1262 Mundus
1032 1214 1310 1262 veternum
1338 1206 1563 1276 depulit.

526 1299 597 1351 bit
710 1297 985 1369 Sparsisse
1010 1298 1257 1354 tellurem
1283 1312 1406 1353 reor

777 1389 888 1444 Rus
913 1404 1074 1445 omne
1106 1390 1289 1445 densis
1321 1390 1561 1454 tioribus,

782 1482 1035 1554 lpsasque
1068 1496 1260 1537 arenas
1291 1482 1531 1553 Syrtium

788 1575 1074 1647 Fragrasse
1099 1576 1288 1641 nardo,
1310 1584 1364 1634 et
1380 1584 1614 1633 nectare.

1638 344 1909 405 AUREIJI
1952 346 2318 403 PRUDENTII
2356 347 2658 403 CARMINA
2672 388 2683 400 .
3679 348 3763 405 8°16

2136 477 2190 535 Δ

2391 466 2466 522 Te
2486 475 2673 521 cuncta
2702 470 3036 527 nascentem.
3068 475 3221 530 puer,

2221 559 2286 609 7U
2466 558 2698 612 Sensere
2727 557 2882 622 dura,
2912 564 2967 610 et
2994 554 3219 609 barbara
3251 570 3262 605 :

2465 649 2753 720 Victusque
2780 663 3033 705 saxorum
3065 648 3207 717 rigor

2465 741 2699 797 Obduxit
2721 741 2941 796 herbam
2969 739 3205 797 cotibus.

2396 836 2511 890 Jam
2543 836 2701 890 mella
2732 835 2799 891 de
2827 836 3065 905 seopulis
3087 834 3259 889 ﬂuunt
3284 850 3298 887 :

2468 929 2585 985 Jam
2613 928 2784 984 stillat
2808 929 2912 984 ilex
2941 926 3094 983 arido

2221 1022 2288 1075 75
2469 1022 2686 1077 Sudans
2709 1037 2977 1078 amomum
3009 1020 3191 1091 stipite
3222 1038 3237 1074 :

2471 1113 2589 1169 lam
2621 1124 2747 1170 sunt
2770 1114 2988 1185 myricis
3014 1113 3274 1169 balsama.

2399 1208 2442 1262 Ο
2468 1218 2653 1265 sancta
2682 1208 2936 1279 pmsepis
2959 1207 3056 1275 tui,

2473 1302 2633 1372 373
2663 1300 2887 1355 Eterne
2917 1315 3036 1365 rex,
3060 1300 3344 1364 cunabula,

2478 1394 2802 1465 Populisqne
2832 1407 2927 1463 per
2952 1392 3171 1447 saclum
3204 1404 3356 1445 sacra

2227 1488 2295 1542 80
2476 1487 2634 1542 Mutis
2663 1496 2716 1541 et
2742 1485 2876 1555 ipsis
2905 1484 3129 1540 credita.

2408 1578 2611 1634 Adorat
2642 1579 2757 1633 lucc
2786 1577 3001 1633 brutum
3035 1590 3217 1646 pecus,

1794 1704 1797 1705 ⁷
1849 1694 2135 1753 (11.058Ᾰιῖ
2178 1694 2523 1752 VETERES.

604 1852 693 1923 62.
729 1851 1032 1923 Vernantis,
1056 1854 1307 1923 ﬂorentis,
1344 1853 1384 1909 Ι.

607 1921 696 1975 δι.
733 1921 1347 1995 νθιθτιιιιιιι,’ρεεεαιιιιιι,
1380 1933 1610 1979 veternus
1652 1924 1883 1991 morbus,
1915 1925 2003 1994 qui
2032 1925 2114 1978 in-

537 2003 856 2048 tercutaneus
882 1994 1089 2059 dicitur,
1118 1996 1154 2047 I.

608 2063 695 2135 66.
722 2064 863 2135 Rus,
885 2066 1227 2135 superﬁciem,
1256 2067 1293 2119 Ι.

608 2134 698 2191 68.
728 2134 955 2204 Nardo,
1012 2137 1375 2205 pretiosissima
1424 2147 1707 2209 unguento.
1757 2166 1826 2177 —
1867 2136 2117 2199 Nectare.

2151 1855 2265 1923 Bﬁ

2269 1854 2351 1918 de,
2386 1854 2428 1908 Ι.

2302 1926 2389 1979 72.
2416 1924 2657 1988 Cotibus,
2684 1923 2965 1993 lapidibus,
2992 1923 3031 1978 Ι.

2301 1996 2390 2049 74.
2416 1996 2543 2063 llex,
2575 2011 2806 2063 quercus,
2834 1996 2872 2048 Ι.

2303 2068 2393 2121 75.
2426 2061 2728 2129 Amomum,
2761 2081 2921 2136 genus
2949 2064 3216 2136 pigmenti,
3238 2061 3278 2117 Ι.

2300 2137 2387 2191 76.
2421 2136 2655 2207 Myricis,
2678 2133 2909 2207 genistae,
2938 2133 3227 2190 humillima
3254 2134 3425 2202 arbor,
3457 2133 3499 2189 I.

1887 2314 2450 2371 COMMENTARIUS.

610 2451 699 2508 56.
728 2450 781 2505 Id
832 2450 1027 2519 passim
1072 2449 1168 2507 SS.
1198 2448 1382 2504 Patres
1411 2448 1700 2503 afﬁrmant.
1736 2450 1952 2505 Frustra
1988 2467 2120 2505 non-

541 2523 671 2580 nulli
705 2520 1014 2577 heterodoxi
1038 2520 1200 2575 claris
1238 2529 1293 2575 et
1323 2519 1619 2572 innumeris
1643 2521 1741 2574 SS.
1777 2521 1993 2575 Patrum
2026 2539 2119 2576 au-

540 2593 877 2649 etoritatibus
899 2607 994 2657 pro
1025 2591 1328 2659 integritate
1358 2588 1676 2661 Virginis-in
1719 2601 1872 2658 partu
1924 2607 2119 2661 paucas

541 2664 675 2720 alias
703 2673 759 2719 et
778 2664 1032 2719 obscuras
1061 2670 1357 2733 opponunt.
1380 2660 1511 2715 Vide
1536 2661 1784 2715 lluetium
1808 2660 2120 2732 Origenian.

542 2737 633 2791 lib.
674 2752 732 2800 ιι,
764 2751 819 2803 q.
849 2734 902 2789 4.

614 2806 705 2861 59.
736 2802 886 2860 Isaize
914 2819 989 2869 1x,
1023 2802 1077 2858 6.

615 2879 705 2931 60.
728 2877 1098 2945 Congruenter
1122 2875 1214 2928 tua:
1244 2889 1402 2929 aurea
1438 2874 1724 2944 exponitur
1765 2892 1979 2931 aureum
2026 2893 2121 2932 sat-

541 2949 731 3002 culum.

615 3020 704 3075 6L
738 3018 1081 3081 Fortunatus,
1118 3016 1264 3089 Vagit
1290 3018 1488 3089 infans,
1521 3027 1625 3074 etc.

613 3091 699 3143 6:2.
734 3092 848 3145 Gis.
872 3089 938 3142 ad
963 3102 1155 3156 marg.,
1191 3088 1324 3141 Orbis
1350 3090 1573 3155 protulit.

619 3162 706 3213 65.
738 3162 858 3213 Vat.
883 3162 946 3222 A,
980 3158 1259 3218 mendose,
1292 3161 1500 3213 renatis.

616 3233 705 3286 65.
740 3229 901 3284 Poeta
932 3228 1210 3291 exscribit,
1233 3236 1287 3281 et
1316 3238 1543 3282 exornat
1564 3230 1845 3298 allegorias
1874 3230 2123 3298 prophe-

547 3311 741 3364 tarum,
774 3298 888 3353 Joel
920 3299 1130 3368 111,718;
1157 3298 1320 3368 Amos
1351 3313 1425 3361 1x,
1463 3299 1547 3352 15.
1583 3300 1896 3368 Pervulgata
1921 3310 2123 3355 cteon-

550 3372 673 3423 trita
700 3380 823 3423 sunt
852 3382 971 3436 qum
1001 3366 1253 3435 Virgilius
1289 3382 1353 3421 ex
1396 3368 1613 3436 Sibyllae
1655 3366 1904 3423 vaticinia
1933 3371 2128 3424 cecinit

545 3440 729 3510 ecloga
766 3441 797 3494 b
836 3457 847 3491 :
895 3436 1087 3490 Ultima
1135 3436 1328 3490 σηπιωὲ
1372 3438 1503 3491 venit
1548 3442 1661 3509 jam
1706 3443 1940 3493 carminis
1979 3453 2121 3504 tetas,

545 3520 689 3577 etc.,
730 3524 850 3579 quae
901 3522 1023 3562 cum
1069 3516 1238 3578 poeta:
1283 3510 1450 3563 nostri
1502 3511 1604 3563 hoc
1649 3511 2124 3579 hymnoteonlerri

545 3582 701 3652 digna
731 3590 871 3652 sunt.

616 3650 705 3707 66.
739 3650 909 3707 Wtd..
936 3652 1107 3712 dense,
1141 3664 1301 3719 supra
1330 3651 1522 3705 densis.

616 3728 703 3779 67.
732 3724 877 3790 Quas
900 3722 1043 3776 dicat
1074 3723 1274 3792 Syrtes,
1298 3722 1418 3776 vide
1449 3724 1645 3792 hymno
1670 3724 1721 3786 7,
1744 3740 1888 3779 vers.
1923 3724 2011 3779 50.

616 3797 703 3851 76.
732 3794 889 3849 Notat
917 3794 1253 3858 Buchnerus,
1307 3794 1623 3847 vocabulum
1660 3796 1911 3849 sentiendi
1960 3795 2123 3861 maje~

545 3878 739 3931 statem
771 3867 1053 3934 quamdam
1089 3865 1307 3927 inferre,
1338 3865 1477 3935 quod
1509 3865 1691 3919 multis
1737 3868 1979 3925 versibus
2022 3868 2127 3919 llo-

548 3938 695 4003 ratii,
727 3936 1244 4003 0vidii,Claudiani,
1278 3936 1477 3990 Sedulii
1504 3947 1555 3991 et
1596 3938 1821 3991 aliorum
1873 3952 2128 4006 compro-

547 4009 723 4062 batur.

622 4074 709 4130 72.
730 4075 998 4146 Erasmus
1026 4079 1348 4146 suspicatur,
1382 4087 1592 4145 poetam
1642 4079 1922 4144 scripsisse
1955 4079 2129 4131 canti-

548 4145 661 4199 bus.
698 4145 893 4199 Verum
923 4162 1007 4198 cos
1039 4145 1137 4215 pro
1182 4162 1313 4215 rupe
1349 4149 1507 4201 etiam
1551 4150 1812 4215 accipitur
1847 4150 1968 4211 :sic
2003 4149 2132 4201 Pro-

547 4216 773 4283 pertius,
802 4216 943 4284 eleg.
970 4217 1025 4283 5,
1057 4218 1146 4269 lib.
1185 4233 1199 4269 1
1234 4230 1246 4268 :
1292 4217 1475 4270 Libera
1500 4220 1609 4287 jam
1636 4220 1779 4271 duris
1803 4220 1994 4271 cotibus
2020 4220 2129 4271 An-

548 4287 806 4339 dromede.
867 4289 1177 4357 Quanquam
1239 4298 1344 4338 tam
1398 4289 1447 4340 iu
1516 4288 1806 4356 Prudentia
1867 4304 2024 4357 quam
2080 4291 2128 4342 in

548 4357 826 4424 Propertio
855 4356 1047 4409 colibus
1082 4366 1256 4425 potest
1297 4372 1416 4411 esse
1443 4374 1471 4411 a
1517 4369 1722 4425 cautes;
1756 4356 1975 4411 namau
2008 4361 2057 4412 in
2102 4378 2131 4412 o

549 4436 757 4483 Veteres
783 4440 926 4497 stupe
950 4428 1370 4497 commutabant,
1401 4438 1455 4481 ut
1488 4428 1668 4482 clodus
1703 4445 1797 4497 pro
1836 4430 2069 4482 claudus.

619 4498 705 4551 75.
740 4495 1132 4551 Animadvertit
1164 4497 1435 4565 Erasmus,
1486 4500 1603 4562 plus
1633 4495 1872 4553 nostrum
1906 4511 2115 4567 poetam

549 4571 616 4623 ιιι
637 4584 727 4623 ere
756 4582 915 4637 quam
948 4567 1227 4640 Virgilium
1254 4543 1436 4638 ecloga
1468 4543 1562 4624 cit.
1598 4586 1611 4621 :
1647 4568 1710 4623 Et
1737 4570 1881 4623 dura!
1907 4543 2126 4640 quarens
2160 4543 2205 4601 ί)

548 4641 802 4694 sudabunt
830 4639 1031 4692 roscida
1061 4639 1233 4693 mella.

622 4713 712 4765 75.
749 4710 867 4764 Ald.
902 4718 957 4765 et
990 4709 1172 4772 Fabr.,
1207 4708 1258 4762 in
1286 4710 1477 4779 stipite.

621 4783 709 4835 76.
745 4782 798 4833 In
826 4782 1003 4849 Egm.,
1030 4781 1384 4851 sunttnyrris,
1419 4780 1693 4837 mendum.

621 4852 709 4905 77.
740 4852 855 4907 Gis.
896 4859 912 4905 Ι
941 4851 1094 4915 edit.,
1132 4849 1354 4915 Wettz.,
1383 4862 1470 4905 tua
1502 4868 1597 4921 pro
1628 4855 1722 4906 tui.
1758 4854 1945 4917 Aldus,
1970 4853 2126 4907 codd.

553 4923 761 4988 ΙΙι·ἰ118.,
788 4933 841 4978 et
869 4925 1035 4976 nostri
1068 4937 1277 4983 omnes,
1303 4934 1410 4976 tua.
1438 4924 1615 4977 Monet
1646 4925 1982 4987 Buchuerus,
2010 4942 2129 4991 poe-

551 5004 657 5045 tam
687 5009 748 5046 ex
779 4995 1035 5061 temporis
1063 4994 1145 5048 sui
1183 4993 1391 5048 ratione
1423 4995 1714 5062 praedicere
1750 5000 2124 5061 reverentiam,

550 5080 669 5127 qua:
702 5066 924 5132 priesepi
958 5064 998 5117 υ
1023 5066 1165 5118 imiui
1198 5065 1386 5119 futuris
1429 5066 1640 5119 s:rcu|is
1671 5078 1813 5121 esset
1860 5067 2127 5119 habenda.

553 5134 801 5187 Fortasse
831 5134 1150 5189 Prudentius
1178 5137 1347 5189 solum
1378 5137 1550 5190 innttit
1582 5138 1981 5191 venerationem
2008 5151 2127 5203 qua:

552 5215 676 5257 tunc
704 5206 927 5276 praesepi
965 5204 1172 5259 Domini
1209 5206 1538 5270 habebatur;
1582 5210 1698 5276 ejus
1748 5216 1923 5261 tamen
1969 5208 2130 5259 verba

551 5274 941 5346 accommodari
976 5284 1197 5341 possunt
1226 5278 1289 5331 ad
1321 5287 1502 5331 nostra
1534 5274 1796 5346 tempora.
1847 5278 1995 5330 Nune
2030 5277 2133 5329 llo-

551 5362 651 5398 1n.e
674 5344 973 5399 ostenditur
998 5360 1234 5414 prwsepe
1258 5348 1508 5415 ligneum,
1530 5344 1830 5417 iiiag'noque
1854 5350 1902 5400 in
1931 5348 2133 5400 honore

550 5427 653 5477 est,
686 5419 889 5470 lavcnle
920 5418 1089 5487 prisca
1121 5417 1437 5481 traditione;
1476 5434 1632 5487 quam
1668 5421 1847 5482 inepte
1873 5419 2133 5471 subruere

551 5497 773 5539 conatur
804 5486 1021 5539 Samuel
1057 5486 1347 5553 Basnagius
1376 5532 1387 5550 ,
1434 5490 1630 5543 Annal.
1682 5489 2129 5558 politico-eccles.

550 5570 690 5607 anno
713 5567 833 5628 ante
864 5559 1014 5609 llum.
1060 5558 1112 5617 5,
1149 5574 1297 5609 num.
1326 5558 1415 5623 ‘20,
1447 5561 1564 5628 quia
1604 5560 1967 5614 Tertulliauus
1994 5573 2129 5625 prte-

550 5640 675 5699 s_epe
708 5627 1017 5699 illud_vocat
1049 5628 1256 5699 durum,
1289 5627 1553 5699 adeoque,
1600 5638 1656 5681 ut
1687 5643 1875 5695 argute
1918 5628 2130 5683 conclu-

551 5693 647 5766 dit,
686 5712 789 5747 non
824 5696 1053 5764 ligneum
1088 5698 1261 5765 (quasi
1298 5693 1494 5765 lignum
1533 5700 1603 5751 sit
1633 5693 1839 5765 mollia),
1871 5702 1963 5754 sed
2000 5700 2132 5766 lapi-

551 5762 732 5835 deum,
754 5774 807 5835 e_t
830 5762 950 5835 quia
974 5762 1273 5833 anonymus
1300 5762 1437 5835 apud
1457 5762 1897 5835 Clirysostomum
1926 5773 1974 5825 iu
2004 5762 2131 5823 Luc.

552 5843 587 5885 tt
621 5830 693 5883 ait
728 5848 739 5881 :
770 5830 874 5887 Pro
921 5830 1359 5890 honore'tulimus
1400 5830 1691 5907 (praesepe)
1740 5838 2039 5909 lateritiunt,
2089 5852 2136 5894 et

1231 6024 1235 6029 θ
1252 6027 1293 6036 ‘—

2230 2454 2494 2521 posuimus
2523 2460 2841 2523 argenteum,
2878 2458 2941 2523 et_
2973 2448 3294 2523 Broeardus.
3326 2462 3422 2523 seu
3466 2447 3789 2523 Burcbardus

2227 2519 2358 2578 dicit
2383 2526 2432 2575 in
2465 2519 2601 2585 rupe'
2618 2522 2862 2575 excisum.
2920 2520 3032 2573 l)uo
3077 2519 3193 2574 hee
3229 2519 3537 2574 testimonia
3589 2522 3720 2574 inter
3745 2534 3793 2573 se

2231 2601 2483 2663 pugnant.
2509 2593 2762 2661 Serryus,
2789 2592 3026 2663 exercit.
3060 2592 3150 2654 50,
3182 2600 3331 2663 recte
3372 2589 3555 2663 docet,
3586 2600 3772 2663 structu

2229 2659 2341 2719 ram
2374 2680 2491 2732 qua:
2515 2659 2758 2732 prcesepe
2788 2662 3019 2731 ligneum
3048 2662 3378 2725 continebat,
3424 2659 3588 2716 fuisse
3633 2663 3710 2715 vel
3736 2662 3798 2712 la-

2232 2731 2465 2804 pideam.
2500 2734 2581 2787 vel
2609 2731 2917 2787 lateritiam.
2955 2732 3357 2804 Monumentum
3396 2732 3670 2804 antiquum
3700 2747 3799 2785 n1u~

2232 2802 2309 2859 sei
2336 2805 2583 2873 Borgiani
2615 2818 2855 2869 prmsepe
2900 2804 3135 2871 ligneum
3179 2803 3335 2856 nobis
3373 2802 3614 2857 exhibet.
3662 2805 3799 2856 Anno

2232 2876 2337 2930 642
2362 2878 2578 2929 circiter
2604 2890 2670 2927 ex
2705 2873 3144 2929 Ilethleliemitica
3173 2874 3583 2943 Speluncaeuna
3607 2882 3660 2926 et
3686 2888 3798 2943 prte-

2231 2962 2359 3015 scpe
2391 2946 2615 2999 Romam
2644 2945 2870 2999 advecta
2899 2954 3044 2999 sunt.
3100 2943 3233 3015 Vide
3261 2942 3651 3015 Bianchininm.
3692 2942 3795 3015 dis-

2232 3012 2363 3072 sert.
2395 3017 2461 3070 de
2496 3017 2658 3070 Prms.
2686 3024 2738 3069 et
2768 3030 2892 3069 cun.
2922 3013 3131 3069 Domini
3161 3017 3328 3069 nostri
3358 3012 3487 3068 Jesu
3518 3014 3733 3078 Christi,
3754 3021 3799 3065 et

2235 3088 2478 3152 Gorium,
2528 3084 2677 3156 praef.
2728 3086 2793 3139 ad
2847 3102 2987 3140 vers.
3038 3084 3153 3138 Ital.
3202 3100 3378 3153 poem.
3406 3082 3714 3139 Sannazarii
3741 3083 3799 3137 de

2155 3168 2201 3231 ο
2236 3159 2395 3213 l’artu
2414 3158 2664 3231 Virginis,
2697 3157 2785 3213 ubi
2808 3157 2875 3213 de
2899 3166 3126 3227 quatuor
3152 3156 3383 3212 vetuStis
3413 3157 3666 3226 prtesenis
3688 3157 3802 3209 ima-

2232 3232 2445 3300 ginibus
2471 3230 2707 3283 disserit.

2307 3302 2393 3355 79.
2430 3301 2482 3353 In
2511 3301 2646 3354 Aldo
2669 3314 2822 3355 error
2844 3298 3000 3354 metri
3026 3299 3294 3353 stimulum.

2305 3372 2393 3425 80.
2422 3372 2616 3424 Bovem
2642 3379 2694 3424 et
2718 3370 2928 3423 asinum
2954 3371 3018 3423 ad
3048 3369 3259 3423 Domini
3285 3383 3530 3438 pmsepe
3558 3366 3798 3435 intellige,

2232 3446 2372 3508 quod
2408 3445 2489 3510 pia
2520 3441 2749 3495 credidit
2772 3442 3081 3510 antiquitas.
3112 3440 3167 3492 In
3191 3440 3435 3510 carmine
3458 3439 3527 3492 de
3565 3439 3799 3510 l’assione

2235 3514 2375 3566 inter
2402 3508 2659 3566 Lactantii
2692 3526 2850 3579 opera
2897 3508 2914 3562 ἑ
2950 3509 3052 3562 Hic
3088 3510 3212 3563 mihi
3254 3515 3370 3579 fusa
3404 3509 3544 3562 dedit
3573 3511 3714 3562 bruta
3736 3508 3803 3579 in-

2232 3594 2305 3635 ter
2332 3584 2516 3637 inertia
2544 3578 2761 3649 primum
2792 3582 2949 3634 Arida
2981 3581 3033 3632 in
3075 3578 3302 3650 angustis
3326 3580 3635 3649 pra’sepibus
3660 3578 3798 3630 herba

2233 3655 2415 3709 cubile.
2460 3654 2585 3705 Post
2607 3652 2885 3706 Claudiaui
2928 3666 3088 3720 opera
3132 3661 3345 3705 exstant
3397 3650 3641 3719 quaedam
3694 3663 3799 3703 car-

2236 3725 2379 3778 mina
2414 3723 2745 3786 Christiaua,
2797 3738 2915 3789 quin
2960 3721 3108 3776 multi
3154 3721 3446 3775 Claudiano
3484 3721 3799 3790 adjudieant.

2234 3797 2347 3849 sive
2374 3796 2671 3863 principum
2692 3792 3118 3847 Christianorum
3142 3793 3430 3858 adulatori,
3456 3793 3577 3851 sive.
3594 3792 3806 3863 denique

2233 3860 2590 3919 Christianam
2625 3866 2779 3919 iidem
2813 3864 3075 3935 professo.
3129 3863 3183 3935 In
3235 3864 3316 3917 his
3360 3872 3443 3918 est
3483 3878 3703 3935 carmen
3749 3860 3807 3913 de

2236 3937 2393 3990 laude
2414 3936 2634 3998 Christi,
2671 3934 2989 4003 quodcerte
3008 3934 3359 3987 Claudianum
3394 3950 3500 3987 non
3530 3934 3690 3988 habet
3719 3946 3805 3984 au-

2235 4017 2459 4069 ctorem,
2495 4007 2587 4061 sed
2633 4005 3035 4069 Merobaudem,
3082 4004 3460 4059 scholasticum
3504 4004 3803 4073 llispanum,

2234 4080 2391 4145 cujus
2444 4078 2657 4131 nomine
2706 4077 2908 4131 editum
2950 4088 3031 4130 est
3082 4075 3133 4129 in
3181 4075 3497 4130 colieelione
3546 4082 3810 4145 poetarum

2232 4143 2693 4208 Christianorum,
2744 4159 2795 4201 et
2833 4149 2883 4200 in
2940 4145 3188 4201 Biblioth.
3230 4147 3325 4202 SS.
3369 4147 3599 4201 Patrum.
3636 4143 3802 4197 Mero—

2237 4220 2437 4272 haudes
2482 4220 2639 4287 igitur
2679 4219 2728 4272 iu
2778 4234 2841 4272 eo
2871 4218 3109 4272 carmine
3148 4218 3222 4269 ait
3254 4235 3267 4270 :
3302 4218 3567 4277 Auctorem
3623 4213 3806 4287 scirere

2240 4290 2397 4343 Deum
2428 4284 2727 4354 te,Vconscia
2757 4300 2931 4348 partus
2963 4288 3147 4351 .‘llater,
3200 4300 3268 4352 et,
3310 4289 3513 4341 attoniti
3550 4284 3799 4356 pecudum

2233 4377 2433 4413 sensere
2457 4362 2678 4412 timores.
2713 4360 2982 4420 Sedulius.
3011 4360 3099 4410 lib.
3136 4374 3189 4412 ιιι
3214 4360 3280 4412 de
3305 4358 3485 4411 Asello
3510 4353 3590 4409 cui
3615 4353 3809 4408 insedit

2242 4432 2499 4484 Dominus
2537 4449 2548 4481 :
2583 4430 2701 4483 Non
2740 4431 2873 4483 illius
2916 4431 3104 4499 impar,
3135 4429 3231 4495 Qui
3256 4427 3433 4499 patulo
3464 4423 3810 4499 CitristumAli-

2239 4512 2312 4555 ret
2336 4503 2386 4554 in
2414 4517 2638 4567 prtcsepe
2656 4504 2911 4572 jacentcin
2943 4495 3164 4572 Agnovit
3183 4495 3350 4552 tamen
3382 4515 3491 4551 esse
3518 4498 3702 4549 Deum.
3726 4495 3819 4548 Lo-

2237 4588 2331 4626 cus
2371 4581 2453 4625 est
2480 4572 2626 4625 Isaia:
2651 4570 2688 4635 ι,
2724 4574 2756 4625 3
2800 4588 2811 4623 :
2861 4571 3107 4640 Cognovit
3149 4570 3235 4622 bos
3274 4584 3618 4636 possessorem
3654 4579 3815 4627 suum,

2233 4655 2276 4697 et
2310 4644 2484 4695 asinus
2514 4658 2740 4711 prwsepe
2770 4642 2965 4695 domini
2991 4641 3071 4693 sui
3114 4657 3132 4693 :
3170 4640 3331 4693 Israel
3377 4649 3550 4711 autem
3601 4655 3683 4711 nte
3725 4651 3821 4688 non

2233 4715 2486 4785 cognovit,
2510 4709 2761 4785 etc.,quo
2789 4713 3008 4785 respicit
3039 4711 3381 4785 Prudentius.
3410 4710 3487 4785 Ex
3507 4726 3612 4785 quo
3632 4709 3822 4785 factum

2233 4779 2335 4847 esi,
2367 4793 2423 4836 ut
2453 4784 2565 4835 lme
2605 4779 2849 4847 historia,
2877 4784 2921 4836 si
2952 4798 3075 4837 vera
3106 4782 3287 4846 fuerit,
3315 4782 3365 4834 in
3397 4779 3623 4834 dubium
3658 4779 3824 4833 abhis

2234 4857 2301 4908 sit
2337 4864 2603 4917 revocata,
2626 4855 2712 4925 qui
2746 4856 3103 4925 narrationem
3130 4852 3417 4925 conﬁctam
3447 4851 3826 4925 existimarunt

2235 4928 2304 4978 oh
2340 4926 2484 4977 Isaia:
2518 4926 2674 4977 verba
2695 4921 2711 4984 ί
2734 4925 2984 4978 contra‘si
3018 4923 3145 4976 falsa
3172 4922 3351 4985 fuerit,
3380 4937 3444 4975 ex
3476 4921 3688 4975 eisdem
3717 4934 3827 4972 rer-

2237 4995 2316 5048 bis
2353 5011 2381 5047 a
2438 4995 2709 5048 nonnullis
2759 4996 2919 5047 fuerit
2976 4995 3221 5057 inventa,
3277 4992 3419 5060 quod
3476 4992 3827 5051 crediderint,

2237 5066 2426 5125 Isaiam
2464 5082 2565 5119 nou
2594 5067 2880 5133 allegorice
2904 5066 3164 5128 locutum,
3183 5062 3275 5117 sed
3294 5079 3407 5117 rem
3430 5062 3671 5118 futuram
3700 5077 3829 5133 pron

2236 5137 2463 5197 dixisse;
2497 5152 2613 5205 quin
2646 5131 2879 5203 alioquin
2920 5135 3110 5189 similis
3136 5149 3263 5189 vero
3285 5134 3547 5197 redditur,
3583 5131 3832 5205 enniSal:

2238 5211 2434 5259 vatoris
2466 5201 2613 5259 ortus
2641 5209 2689 5259 in
2737 5201 2948 5259 stabulo
2977 5216 3031 5259 et
3061 5206 3286 5274 prmsepi
3327 5206 3647 5274 contigerit.
3690 5201 3832 5271 Quod

2237 5286 2417 5329 autem
2458 5278 2691 5346 Scrryus
2732 5279 2783 5329 in
2824 5280 2935 5330 suis
2969 5275 3463 5330 Exercitationibus
3509 5275 3611 5338 ait,
3660 5275 3837 5328 Patres

2236 5350 2325 5414 qui
2357 5349 2507 5400 bovis
2538 5356 2593 5401 et
2636 5349 2768 5401 asini
2804 5350 3165 5401 meminerunt
3193 5347 3479 5415 allegorice
3524 5362 3657 5400 esse
3702 5346 3837 5398 loeu-

2240 5426 2344 5479 tos,
2375 5434 2565 5471 eorum
2611 5419 2789 5473 verbis
2831 5429 2882 5472 et
2916 5419 3081 5472 menti
3132 5428 3319 5487 aperte
3351 5426 3640 5487 repugnat.
3676 5416 3839 5470 Locus

2240 5504 2358 5555 cap.
2408 5505 2463 5541 111
2515 5489 2765 5543 llaliacuc
2819 5506 2884 5544 ex
2940 5492 3187 5543 versione
3231 5487 3372 5541 LXX
3424 5491 3838 5555 interpretum:

2241 5560 2423 5611 multis
2448 5559 2548 5613 SS.
2599 5561 2845 5614 Patribus
2896 5562 2944 5612 iu
2996 5560 3240 5614 eamdem
3284 5574 3397 5613 rem
3444 5556 3841 5617 add11cilur.ln

2240 5630 2406 5681 medio
2430 5631 2653 5683 duorum
2682 5633 2985 5683 animalium
3013 5630 3352 5698 coynosccris,
3380 5631 3474 5683 sed
3499 5632 3717 5683 lirmam
3749 5642 3843 5680 non

2240 5715 2359 5753 esse
2389 5716 2507 5753 eam
2544 5702 2872 5766 versionem,
2897 5703 3051 5756 docet
3093 5703 3151 5755 S.
3188 5700 3573 5770 Hieronymus.
3621 5701 3845 5753 Exstant

2240 5770 2417 5841 adhuc
2461 5772 2725 5837 imagines
2763 5774 3175 5839 antiquissimae,
3216 5772 3411 5841 quibus
3449 5785 3702 5839 prmsepe
3733 5785 3849 5823 cuzn

2243 5838 2375 5894 bove
2401 5850 2452 5895 et
2486 5844 2644 5897 asino
2666 5838 2968 5900 exhibetur.
3000 5847 3039 5898 Α
3072 5838 3262 5915 priscis
3297 5856 3464 5911 usque
3492 5843 3719 5897 saeculis
3756 5844 3849 5897 hu-
