3950 6326
588 321 693 377 905

763 432 913 501 Quod
943 440 1000 488 ut
1030 434 1261 499 refulsit,
1292 437 1473 489 centeri

588 525 658 582 50
839 525 1065 581 Cessere
1092 525 1365 594 signorum
1398 525 1537 594 globi
1568 541 1581 578 :

837 621 944 676 Nec
972 620 1195 690 pulcher
1216 629 1299 675 est
1328 635 1493 675 ausus
1520 635 1670 675 suam

832 713 991 783 381
1022 709 1281 766 Conferre
1311 712 1540 766 formam
1572 711 1805 767 Lucifer.

761 804 891 871 Quis
914 806 1013 860 iste
1038 813 1239 869 tantus,
1264 804 1529 874 inquiunt,

834 895 1124 964 Regnator,
1155 894 1316 950 astris
1346 895 1653 965 imperans:

833 984 1001 1052 Quem
1023 986 1101 1039 sic
1132 993 1367 1040 tremunt
1388 984 1629 1039 coelestia
1647 1024 1660 1047 .

839 1077 937 1132 Cui
970 1076 1058 1131 lux
1078 1121 1091 1143 ,
1126 1087 1179 1132 et
1208 1076 1378 1131 :etbra
1409 1076 1743 1132 inserviunt?

766 1170 973 1224 lllustre
995 1169 1243 1239 quiddam
1268 1168 1558 1233 cernimus,

835 1261 987 1330 Quod
1015 1262 1217 1317 nesciat
1237 1261 1397 1316 linem
1420 1260 1561 1329 pati:

837 1351 1095 1418 Sublime,
1125 1351 1352 1416 celsum,
1388 1350 1757 1417 interminum,

589 1446 657 1513 ὀρ
840 1444 1123 1513 Antiquius
1149 1442 1310 1509 coelo,
1337 1453 1394 1499 et
1421 1444 1579 1499 chao.

766 1540 863 1595 llic
889 1539 979 1594 ille
1009 1555 1103 1595 rex
1128 1549 1209 1595 est
1236 1540 1495 1610 gentium,

840 1632 1132 1702 Populique
1159 1647 1251 1687 rex
1276 1631 1507 1697 Judaici,

834 1722 1135 1778 Promissus
1166 1723 1394 1777 Abrabze
1427 1723 1588 1791 patri,

835 1817 1070 1886 Ejusque
1100 1816 1152 1869 in
1183 1830 1352 1871 arvum
1383 1816 1596 1870 semini.

589 1908 658 1962 45
766 1906 1045 1976 Equanda
1075 1921 1197 1961 nam
1227 1904 1397 1961 stellis
1424 1920 1521 1959 sua

834 1998 1095 2069 Cognovit
1129 1997 1255 2053 olim
1284 1999 1525 2068 germina

835 2089 1045 2145 Primus
1065 2100 1212 2144 sator
1230 2089 1585 2155 credentium,

835 2180 956 2236 Nati
984 2181 1288 2236 immolator
1310 2181 1473 2236 unici.

589 986 656 1043 55

1725 323 2001 382 AURELII
2045 322 2408 382 PRUDENTII
2448 320 2773 378 CARMINA.
3182 364 3191 373 .
3718 327 3800 385 θοι

2186 440 2236 496 Α

2438 436 2555 490 Jam
2589 436 2687 489 llos
2717 434 2861 488 subit
2890 436 3193 502 Davidictts,

2270 525 2338 582 50
2519 526 2719 580 Radice
2754 525 2898 580 Iesse
2927 526 3099 581 editus
3126 546 3139 582 :

2515 620 2675 689 382
2694 619 3006 688 Sceptrique
3032 635 3127 688 per
3150 622 3352 691 virgam
3386 626 3585 688 virens,

2517 709 2712 763 Rerum
2743 723 2998 763 cacumen
3027 721 3272 782 occupat.

2455 800 2586 855 Exin
2616 810 2912 869 sequuntur
2935 804 3123 872 perciti

2519 891 2663 946 Fixis
2686 893 2738 945 in
2772 893 2937 947 altum
2968 895 3226 959 vultibus,

2271 980 2339 1035 55
2518 982 2631 1048 Qua
2662 982 2817 1037 stella
2846 984 3058 1038 sulcum
3092 994 3350 1051 traxerat,

2522 1073 2841 1143 Claramque
2868 1074 3113 1144 signabat
3134 1077 3294 1132 viam.

2448 1163 2553 1218 Sed
2587 1164 2842 1218 verticem
2874 1165 3027 1233 pueri
3056 1181 3215 1234 supra

2521 1266 2745 1336 Signum
2769 1265 3022 1335 pependit
3046 1265 3356 1332 imminens,

2516 1366 2798 1437 Pronaque
2823 1367 3150 1423 submissum
3183 1368 3299 1425 lace

2270 1466 2338 1522 60
2516 1468 2687 1537 Caput
2710 1477 2980 1524 sacratum
3003 1469 3256 1538 prodidit.

2450 1568 2640 1624 Videre
2669 1568 2812 1638 quod
2835 1579 3118 1639 postquam
3142 1572 3304 1641 magi,

2520 1667 2628 1722 an
2653 1678 2905 1735 promunt
2938 1682 3180 1734 munera,

2520 1768 2791 1837 Stratique
2818 1768 2957 1822 votis
2980 1767 3214 1823 oll‘erunt

2516 1868 2679 1933 Thus,
2711 1869 3005 1940 myrrham,
3042 1878 3098 1924 et
3118 1884 3308 1926 aurum
3338 1872 3565 1942 regium.

2273 1970 2345 2023 65
2448 1972 2692 2041 Agnosce
2718 1970 2861 2025 clara
2885 1971 3109 2041 insignia

2520 2071 2763 2138 Virtutis,
2795 2086 2858 2126 ac
2887 2071 3039 2142 regni
3068 2074 3165 2137 tui,

2523 2174 2661 2228 Puer
2692 2188 2754 2236 o,
2785 2172 2872 2229 cui
2905 2172 3099 2229 trinam
3131 2171 3289 2229 Pater

1877 2265 2161 2324 GLOSS/E
2202 2263 2543 2323 VETERES.

654 2387 745 2441 29.
770 2382 945 2451 Quod,
974 2381 1243 2445 vexillum,
1277 2380 1439 2443 sidus,
1472 2379 1595 2451 Vrat.
1627 2381 1689 2433 A.

656 2456 745 2511 52.
770 2450 1051 2515 Conferre,
1081 2466 1312 2517 requare.
1346 2451 1461 2505 Vat.
1496 2450 1562 2503 A.

658 2526 747 2581 55.
783 2522 1051 2589 Inquiunt,
1074 2520 1229 2589 magi,
1262 2517 1380 2572 Vat.
1404 2519 1471 2589 Α.

656 2598 747 2653 54.
777 2587 1069 2661 Imperans,
1102 2587 1423 2659 prcecipiens,
1456 2587 1575 2661 Vat.
1608 2588 1675 2661 Α.

656 2665 747 2720 55.
770 2657 1053 2727 Trentunt,
1084 2657 1441 2727 expavescunt,
1470 2657 1593 2710 Vat.
1625 2658 1690 2711 A.

656 2735 746 2791 56.
771 2732 983 2796 Ᾰίὶιὴη,
1014 2747 1102 2801 per
1125 2730 1288 2784 azthra
1316 2730 1489 2781 omnia
1517 2729 1761 2782 elementa
1792 2726 2163 2799 intelliguntur,

587 2806 1081 2936 vaJlSVf‘Cernimus,
1112 2886 1278 2939 regem
1299 2870 1427 2938 pati,
1457 2868 1576 2922 Vat.
1601 2870 1665 2923 Α.

658 2946 746 3001 59.
779 2942 1145 3006 lnterminum,
1170 2936 1307 2993 sine
1332 2940 1581 3004 termino;
1618 2936 1787 2991 multis
1810 2938 1971 2990 utitur
1996 2939 2165 2991 nomi-

586 3017 734 3071 nibus
764 3016 831 3068 ad
852 3012 1214 3068 ostendendam
1236 3009 1425 3064 Christi
1450 3013 1801 3081 majestatem,
1830 3008 1945 3061 Vat.
1973 3010 2036 3062 A.
2072 3009 2170 3074 Qui

587 3088 858 3143 terminum
886 3100 989 3137 non
1015 3082 1249 3143 habebat,
1283 3082 1321 3135 Ι.

654 3160 741 3213 40.
769 3156 936 3219 Chao,
968 3150 1287 3222 primordiali
1317 3150 1617 3222 confusione
1640 3165 1658 3202 :
1683 3149 1934 3222 chaosest
1956 3149 2169 3217 primor-

585 3217 1206 3315 dialis’confusionrerpm,
1238 3231 1509 3315 antequa‘m
1542 3221 1787 3273 elementa
1814 3217 2166 3315 discerneren-
2193 3252 2239 3315 ο

583 3310 687 3364 tur,
719 3290 947 3349 Vath.
980 3291 1224 3359 Confusio
1252 3290 1644 3352 elementorum,
1690 3303 1802 3356 qua:
1840 3290 1940 3358 fuit
1979 3290 2032 3342 in
2058 3290 2165 3358 pri-

588 3366 807 3429 mordio,
837 3364 877 3418 I.

653 3436 746 3489 ιθ.
773 3427 1048 3496 Germina,
1072 3431 1213 3499 filios.
1237 3444 1377 3493 suos,
1405 3428 1526 3482 Vat.
1559 3427 1627 3481 A.

652 3507 743 3561 47.
773 3504 1003 3568 Primus,
1028 3500 1303 3565 Abraham,
1332 3498 1449 3553 V’at.
1476 3500 1541 3553 Α.

653 3576 742 3632 48.
772 3573 921 3638 Nati,
952 3570 1127 3639 Isaac,
1164 3569 1283 3624 Vat.
1316 3570 1381 3624 Α.

584 3808 691 3862 Deo
718 3810 858 3859 tanto
903 3797 1246 3854 convenientia
1274 3810 1623 3866 nuncupasse,
1657 3808 1772 3862 qua!
1822 3792 1910 3846 tibi
1950 3793 2154 3864 (Osium

580 3869 1249 3947 episcopumAallﬁoquituﬁr)
1300 3865 1458 3947 multo
1509 3865 1708 3947 melius.
1740 3874 1856 3947 sunt
1902 3876 2156 3947 comperta

579 3934 729 4015 quam
752 3934 1154 3998 c'azterissﬂe'ctc
1187 3937 1506 4015 Prudentius
1535 3936 1667 4003 ﬁdos
1691 3936 1987 4015 interpretes
2016 3934 2157 4015 dixit

582 4003 726 4068 viros
773 4014 1078 4078 sapientes,
1130 4008 1556 4078 consideratione
1623 4020 1803 4078 rerum
1852 4003 2153 4078 cmlestium

580 4075 921 4137 exercitatos.
964 4078 1227 4135 Barthius.
1260 4077 1354 4131 lib.
1406 4091 1555 4138 LVIII,
1587 4089 1706 4144 cap.
1738 4075 1795 4139 2,
1830 4075 2150 4143 suspiCatur,

580 4154 633 4206 in
660 4148 934 4205 Chalcidio
965 4145 1244 4209 legendum
1274 4160 1394 4205 esse
1432 4155 1676 4198 nocturno
1714 4146 1803 4197 icti
1856 4146 2020 4199 sidere
2062 4158 2157 4214 pro

583 4231 831 4275 nocturno
862 4219 1058 4277 itinere,
1086 4215 1291 4269 scilicet
1314 4215 1463 4283 quasi
1511 4214 1969 4283 obstupescentes.
2000 4213 2155 4282 Quod

582 4300 762 4345 autem
786 4287 934 4340 addit
960 4284 1229 4348 Barthius,
1260 4282 1450 4354 magos
1471 4282 1808 4338 existimasse
1853 4284 2015 4338 Deum
2063 4301 2158 4353 per

581 4363 747 4429 ipsam
766 4358 971 4429 stellam
987 4355 1327 4429 descendisse
1345 4353 1427 4409 :et
1442 4353 1608 4420 ipsam
1630 4353 1841 4429 stellam
1864 4354 2159 4411 credidisse

582 4421 779 4485 numen
809 4427 1068 4488 divinum,
1114 4423 1246 4477 mihi
1276 4440 1378 4477 nun
1415 4421 1696 4493 persuasit.
1729 4421 1944 4493 Allegat
1972 4440 2156 4479 eorum

581 4500 741 4555 verba
774 4496 1009 4552 Vidimus
1036 4493 1233 4547 stellam
1259 4490 1571 4564 ejusr,iquod
1589 4528 1618 4564 ,_
1640 4491 1744 4557 ait,
1772 4490 2159 4564 interpretatur

581 4566 897 4627 Prudentius
922 4564 1115 4633 Apoll].
1154 4560 1294 4618 vers:
1328 4563 1465 4617 218:
1507 4560 1735 4633 Vidimus
1761 4560 1931 4626 hunc,
1978 4565 2153 4633 aiunt,

576 4656 790 4712 puerum
810 4654 907 4712 per
933 4632 1273 4712 sideranfcrri.
1296 4634 1474 4712 Neque
1500 4632 2016 4712 omittit_vcrsusmex_
2042 4635 2158 4712 _hoc

576 4701 764 4766 eodem
810 4701 1034 4779 hymno,
1063 4701 1548 4779 Illustreguiddam
1573 4702 1846 4756 cernimus.
1876 4701 2019 4757 Nihil
2041 4703 2155 4779 lucc

577 4789 817 4836 movent.
850 4772 991 4831 Nam
1020 4775 1168 4829 stella
1193 4772 1324 4845 regis
1349 4772 1680 4845 Iudaeorum,
1704 4783 1759 4827 et
1786 4789 2000 4842 puerum
2030 4775 2155 4845 ferri

575 4871 662 4923 per
678 4848 1043 4923 sidera__sol_um
1069 4842 1271 4913 arguit,
1294 4845 1511 4923 stellam_
1545 4842 1813 4923 indicasse
1838 4852 2019 4923 ortum
2031 4842 2157 4900 Sal-

575 4912 794 4976 vatoris.
839 4918 1011 4972 Verba
1055 4912 1328 4985 magorum
1375 4912 1515 4985 apud
1545 4912 1912 4985 Prudentium,
1946 4914 2156 4985 Illustre

571 4992 817 5061 quiddam
845 4988 1120 5061 cernimus,
1148 4983 1259 5041 non
1299 4985 1365 5039 ad
1397 4983 1603 5038 stellam
1626 5025 1640 5049 ,
1670 4984 1783 5061 _sed
1817 4985 1883 5039 ad
1920 4985 1986 5061 _id
2012 4984 2153 5053 quod

574 5054 725 5115 stella
751 5059 1013 5128 signiﬁcat
1033 5056 1355 5128 referuntur,
1377 5063 1435 5109 ut
1463 5070 1529 5128 ex
1551 5054 1806 5109 orationis
1829 5056 1973 5128 serie
1988 5063 2151 5124 patet.

642 5130 730 5184 3'2.
756 5126 938 5193 sm...
970 5136 1024 5181 et
1046 5127 1159 5182 Gis.
1188 5128 1253 5181 ad
1278 5141 1447 5189 oram,
1477 5126 1771 5193 ﬂammam;
1801 5127 2000 5185 caeteri,
2040 5128 2150 5193 [or-

573 5216 731 5253 mam.
755 5192 963 5251 Lucifer
982 5197 1158 5252 Venus
1180 5207 1283 5262 est,
1320 5192 1525 5265 planeta
1554 5192 2047 5260 splendidissimus,
2064 5194 2151 5264 qui

572 5268 881 5339 aliquandiu
921 5267 1079 5323 etiam
1113 5264 1331 5323 lucente
1365 5266 1478 5320 sole
1511 5264 1860 5334 conspicitur,
1899 5274 1953 5320 et
1993 5275 2150 5319 noctu

572 5338 816 5395 umbram
833 5338 967 5407 jacit
991 5352 1152 5404 super
1177 5349 1395 5391 terram.

641 5412 731 5465 59.
775 5404 1097 5478 Apollinaris
1129 5408 1379 5463 Sidonius
1408 5420 1538 5461 voce
1577 5404 1876 5459 interminus
1911 5417 2038 5460 usus
2066 5413 2150 5461 est

574 5482 666 5533 Η).
701 5496 768 5533 vn
792 5522 806 5541 ,
840 5480 1000 5541 epist.
1029 5479 1085 5532 Δ.

643 5495 1200 5618 λθῖηίνῖξίῗὶιιίεᾶίθςίι
1230 5547 1353 5600 choo
1373 5561 1514 5618 _cum
1547 5545 1662 5618 solo
1690 5544 1917 5618 Widm._,_
1941 5543 1993 5601 in
2042 5560 2147 5613 quo

575 5622 765 5673 latetur
809 5634 965 5687 supra
1010 5615 1148 5672 esse'
1172 5618 1320 5671 chao.
1360 5615 1561 5670 Glossa:
1596 5616 1761 5671 Isonis
1810 5615 1970 5668 nullae
2021 5622 2146 5687 sunt

575 5698 692 5755 post
712 5692 853 5741 hunc
878 5684 1093 5742 versum
1116 5690 1167 5742 in
1200 5690 1299 5740 hoc
1348 5688 1563 5755 hymno.
1596 5687 1883 5755 Propterea
1924 5699 1987 5739 ex
2024 5684 2139 5737 Vat.

576 5761 617 5810 Α
647 5758 822 5823 plures
848 5757 1069 5823 sumpsi.

2185 4659 2237 4720 D

2337 2378 2425 2434 49.
2461 2377 2583 2431 Flos
2608 2375 2771 2443 subit,
2806 2373 3037 2429 Christus
3068 2376 3359 2441 succrescit,
3393 2375 3515 2431 Vat.
3545 2377 3607 2430 Α.

2341 2450 2430 2505 50.
2476 2448 2647 2510 Jesse,
2682 2446 2824 2500 Jesse
2870 2446 3050 2500 insqu
3102 2447 3429 2517 sacri/icium
3463 2448 3820 2517 interpretatur,

2280 2521 2399 2573 Vat.
2425 2521 2490 2573 Α.
3422 2516 3431 2525 ’

2342 2588 2431 2644 51.
2454 2587 2697 2657 Sceptri,
2713 2587 2951 2655 regni.—
2975 2586 3214 2657 Virgam,
3235 2589 3825 2657 potestatum—Vitem,

2270 2661 2308 2728 ﬂ
2320 2675 2489 2721 arens,
2524 2657 2643 2710 Vat.
2675 2656 2739 2711 A.

2343 2731 2433 2784 52.
2458 2729 2748 2792 Cacumen,
2783 2727 3127 2797 principatum
3148 2728 3371 2782 omnium
3395 2744 3590 2796 rerum,
3623 2729 3735 2784 Vat.
3769 2732 3825 2785 Α.

2345 2800 2434 2852 55.
2465 2798 2719 2864 Veloces,
2746 2800 2943 2867 perciti,
2970 2797 3089 2851 Vat.
3126 2799 3187 2852 A.

2347 2871 2437 2925 54.
2471 2869 2669 2934 Altum,
2697 2867 2898 2935 emtum,
2926 2868 3042 2923 Vat.
3071 2868 3136 2923 Α.

2346 2940 2434 2994 55.
2469 2940 2711 3005 Sulcum,
2743 2939 2872 2992 viam
2892 2954 3044 3007 quam
3080 2938 3197 3007 fecit
3218 2939 3387 2992 lumen
3408 2941 3593 3004 stellae,
3630 2939 3739 2993 Vat.
3773 2940 3825 2993 Α.

2345 3010 2435 3065 56.
2470 3010 2743 3077 Signabat,
2772 3009 3109 3074 ministrabat,
3136 3008 3254 3061 Vat.
3289 3012 3353 3063 A.

2348 3082 2434 3135 58.
2488 3080 2732 3148 Signum,
2764 3080 2931 3133 stella.
2982 3108 3051 3120 -
3095 3079 3408 3143 lmminrns,
3459 3081 3721 3134 imminere
3760 3095 3829 3133 res

2283 3150 2473 3204 dicitur
2499 3166 2611 3219 quit
2638 3166 2791 3216 super
2810 3151 3040 3204 verticem
3071 3148 3274 3219 pendet,
3306 3150 3421 3202 Vat.
3454 3153 3521 3205 Α.

2350 3221 2439 3276 59.
2468 3218 2640 3275 Prona
2662 3262 2676 3284 ,
2708 3220 2997 3275 humiliata.
3029 3250 3097 3261 -——
3127 3218 3486 3285 Submissum,
3530 3222 3825 3276 inclinatum.

2272 3322 2341 3333 -
2371 3292 2529 3355 Face,
2560 3292 2770 3359 lumine,
2806 3290 2920 3344 Vat.
2947 3293 3009 3345 A.

2343 3364 2431 3417 60.
2466 3361 2737 3427 Prodidit,
2767 3360 3137 3431 manifestarit,
3167 3359 3285 3413 Vat.
3320 3360 3382 3413 Α.

2344 3432 2430 3486 61.
2460 3431 2644 3497 Quod,
2671 3431 2892 3501 signum,
2923 3430 3139 3501 Vat.,A.

2344 3502 2435 3557 62.
2466 3505 2597 3565 an,
2627 3500 2922 3567 orientalia,
2946 3500 3066 3553 Vat.
3092 3502 3155 3554 A.

2343 3572 2433 3627 64.
2456 3572 2712 3643 Regium,
2743 3572 2862 3639 quia
2884 3570 3085 3641 regibus
3111 3567 3344 3639 ofertur,
3384 3569 3506 3627 Vat.
3530 3572 3595 3627 A.

1949 3683 2506 3745 COMMENTARIUS.

2335 3798 2425 3852 45.
2466 3798 2594 3853 Vide
2615 3798 2810 3853 Cenes.
2844 3812 2960 3865 cap.
2990 3813 3119 3852 xm.

2336 3868 2426 3922 49.
2452 3866 2509 3921 In
2538 3868 2678 3940 AAldo
2714 3868 3005 3940 Davidicus.
3040 3868 3169 3922 Vide
3204 3868 3351 3940 Isaiae
3379 3883 3496 3940 cap.
3532 3885 3606 3924 ιι.
3638 3870 3691 3925 ln
3711 3883 3829 3940 quo-

2250 4002 2253 4005 Α
2277 3938 2397 3992 dam
2433 3938 2643 3993 Wcitzii
2672 3939 2963 4007 exemplari
2993 3953 3059 3992 ex
3081 3948 3187 3993 vet.
3212 3939 3331 3994 cod.
3357 3938 3423 3994 ad
3449 3954 3603 3994 oram
3625 3938 3832 3996 ascribi-

2265 4018 2352 4063 tur
2378 4010 2545 4062 subdit
2570 4019 2753 4063 contra
2781 4018 3028 4063 metrum.

2336 4080 2423 4134 50.
2459 4079 2596 4143 Gis.,
2626 4079 2822 4142 iesstea,
2860 4094 2962 4132 non
2994 4075 3310 4133 adversante
3330 4078 3567 4146 Heinsio,
3605 4081 3693 4147 qui
3731 4094 3832 4134 non

2269 4152 2440 4203 solum
2486 4150 2556 4202 ita
2590 4148 2734 4216 legit,
2762 4149 2854 4203 sed
2899 4148 3095 4203 nullam
3124 4149 3515 4215 discrepantem
3556 4151 3831 4204 lectionem

2265 4221 2558 4275 adnotavit.
2614 4219 2794 4284 Alex.,
2842 4220 3072 4282 Mariet.,
3126 4220 3272 4285 Ald.,
3312 4219 3498 4274 Weitz.
3530 4235 3646 4273 cum
3693 4220 3831 4283 suis,

2268 4292 2461 4359 aliique
2484 4290 2651 4345 nostri
2694 4288 2831 4344 Iesse
2872 4305 2992 4343 cum
3025 4289 3194 4351 hiatu,
3225 4290 3317 4356 qui
3360 4290 3645 4343 concinnus
3671 4292 3830 4345 estin

2267 4361 2569 4414 huiusmodi
2598 4360 2902 4415 nominibus
2932 4359 3162 4428 propriis
3204 4367 3509 4413 exterarum
3530 4402 3543 4425 ,
3576 4374 3697 4428 qua:
3724 4376 3835 4414 om-

2266 4433 2351 4485 nia
2388 4430 2718 4500 pronuntiari
2758 4431 2974 4495 debent,
3007 4440 3064 4500 ut
3085 4428 3637 4500 clareintelligantur.
3668 4430 3835 4499 Virgi-

2262 4500 2368 4554 lius
2392 4499 2537 4571 sazpe
2567 4501 2618 4555 id
2654 4501 2775 4554 facit
2799 4501 2850 4553 in
2878 4499 3081 4571 Crazcis
3105 4499 3396 4571 vocabulis.
3419 4499 3696 4555 Nonnemo
3718 4515 3835 4557 cor-

2264 4570 2674 4635 rigebatlessis.
2705 4571 2835 4625 Cum
2866 4570 3053 4624 lesstra
3077 4570 3289 4623 suavior
3310 4577 3395 4624 est
3420 4585 3626 4624 versus.

2331 4641 2391 4695 5i
2410 4681 2422 4694 .
2453 4643 2629 4710 Prag.,
2657 4651 3023 4709 sceptrumque.

2334 4711 2422 4785 3'12.
2443 4713 2636 4785 _A|ex..
2662 4721 2883 4785 occupet.
2910 4710 3116 4785 Melius,
3151 4720 3384 4780 occupat.
3550 4776 3556 4785 .

2330 4781 2418 4835 56.
2443 4782 2562 4836 Put.
2585 4792 2640 4835 et
2659 4782 2830 4837 Oxon.
2854 4796 2883 4834 a
2899 4781 3131 4835 secunda
3151 4796 3327 4843 mana,
3348 4781 3659 4833 monstrabat
3682 4783 3833 4844 riam;

2257 4853 2435 4905 caeteri
2459 4850 2655 4905 habent
2674 4851 2925 4921 signabat.

2328 4921 2415 4975 59.
2444 4921 2613 4987 Rott.,
2642 4922 2910 4989 subnixum
2932 4922 3060 4989 face.

2332 4990 2418 5044 65.
2450 4992 2746 5045 Adventum
2774 5004 2826 5045 et
2855 4991 3218 5045 adorationem
3265 5003 3542 5045 manorum
3573 4990 3621 5041 in
3652 5005 3839 5045 sarco-

2259 5059 2446 5129 phagis
2473 5070 2709 5116 veterum
2738 5061 3161 5116 Christianorum
3203 5059 3465 5114 interdum
3513 5074 3833 5129 expressam

2260 5132 2547 5200 scriptores
2585 5132 2959 5200 antiquitatum
2999 5129 3481 5185 ecclesiasticarum
3520 5128 3709 5183 Roma:
3753 5148 3836 5186 es-

2255 5203 2507 5254 stantium
2533 5202 2809 5256 exhibent.
3350 5206 3361 5217 '

2327 5272 2417 5326 67.
2464 5273 2712 5326 Erasmus
2738 5271 2928 5326 alicubi
2958 5272 3169 5341 invenit
3196 5272 3452 5341 scriptum
3485 5286 3645 5337 puero
3678 5286 3836 5325 mcu-

2257 5339 2405 5395 dose.
2434 5341 2683 5398 Fortasse
2724 5341 3041 5396 Prudentius
3070 5340 3287 5410 scripsit
3310 5338 3485 5400 Ῥείαν.
3532 5344 3614 5392 cui
3644 5343 3837 5393 trinam

2258 5410 2450 5477 Pater;
2473 5412 2663 5482 aliquis
2693 5412 2924 5481 g‘lossam
2952 5428 3113 5481 supra
3144 5411 3347 5466 addidit
3372 5428 3423 5477 ο,
3457 5419 3516 5482 ut
3544 5410 3833 5482 indicaret,

2255 5494 2375 5536 esse
2398 5484 2447 5537 in
2480 5479 2875 5547 vocandi'casu,
2897 5498 2960 5537 ex
2986 5479 3087 5551 qua
3120 5490 3301 5551 postea
3326 5497 3427 5535 una
3455 5479 3620 5534 dictio
3640 5481 3836 5551 effecta

2253 5561 2334 5604 cst
2381 5567 2556 5621 puero,
2608 5560 2661 5607 et
2707 5548 3023 5619 correctius,
3074 5548 3232 5616 Puer,
3264 5568 3294 5606 ο
3324 5554 3406 5605 cui
3436 5552 3628 5621 trinam
3668 5548 3833 5605 Deus.

2258 5620 2412 5701 Triae
2460 5624 2652 5678 indoles
2707 5638 2949 5692 quaenam
2978 5628 3079 5692 sit,
3112 5622 3331 5692 stropha
3377 5620 3621 5691 sequenti
3665 5636 3840 5692 expo-

2254 5702 2411 5746 nitur.
