3950 6326
121 281 218 337 (ὸῦὓ

357 390 504 459 Quos
532 386 668 443 lucis
696 388 815 457 ipso
845 388 898 443 in
930 389 1114 445 limine

359 482 523 552 388
547 478 747 535 Christi
779 480 1051 543 insecutor
1074 484 1307 552 sustulit,

356 570 465 626 Ceu
494 571 651 625 turbo
676 581 961 628 nascentes
996 587 1148 633 rosas

294 664 399 719 Vos
422 666 592 733 prima
620 661 823 719 Christi
852 664 1089 733 victima,

362 755 505 811 Grex
528 754 745 808 immola
755 764 927 810 torum
958 764 1129 825 tener,

372 850 533 902 Aram
564 856 689 901 ante
721 847 889 917 ipsam
912 848 1180 917 simplices

367 939 573 1005 Palma,
603 948 658 993 et
684 940 901 993 coronis
928 939 1130 995 luditis.

299 1032 431 1099 Quid
456 1032 669 1101 prolicit
700 1041 904 1087 tantum
938 1032 1131 1088 nefas?

381 1126 508 1191 )uid
538 1126 740 1179 crimen
773 1125 1041 1181 Herodem
1068 1127 1263 1196 juvat?

378 1225 523 1278 Unus
554 1232 629 1276 tot
657 1222 796 1276 inter
826 1222 1013 1277 funera

374 1312 591 1383 Impune
616 1312 860 1368 Christus
887 1314 1114 1383 tollitur,

300 1406 446 1461 Inter
472 1406 642 1461 coaevi
672 1406 947 1475 sanguinis

375 1498 606 1553 Fluenta
637 1498 787 1553 solus
818 1497 1029 1566 integer
1056 1514 1069 1549 :

369 1588 536 1659 389
563 1587 811 1655 Ferrum,
844 1587 987 1657 quod
1034 1586 1258 1643 orbabat
1288 1604 1474 1657 nurus,

132 759 225 815 130

138 1223 233 1279 135

1136 275 1673 341 CATHEMERINON
1712 280 1829 340 XII.
1873 283 1962 341 DE
2003 282 2392 341 EPIPHANIA.

1725 403 1779 462 Α
1808 399 1911 455 140

2056 399 2245 454 Partus
2273 396 2462 454 fefellit
2487 396 2731 467 virginis.

1984 492 2072 547 Sic
2102 492 2260 545 stulta
2294 490 2587 545 Pharaonis
2618 488 2745 543 mali

2058 583 2241 637 Edicta
2272 582 2538 651 quondam
2570 582 2797 652 fugerat,

2055 673 2254 728 Christi
2282 673 2504 742 figuram
2530 673 2823 742 praeferens

2057 764 2257 829 Moses,
2286 774 2534 833 receptor
2554 765 2770 820 civium.

1818 852 1918 908 145
1989 853 2239 919 Cautum,
2262 864 2315 909 et
2347 862 2605 910 statutum
2632 856 2721 924 jus
2746 864 2883 921 erat,

2061 944 2179 1011 Quo
2207 959 2310 998 non
2336 945 2525 1000 liceret
2551 947 2830 1012 matribus,

2065 1037 2195 1089 Cum
2227 1036 2437 1104 pondus
2473 1037 2578 1091 alvi
2604 1038 2965 1106 absolverent,

2067 1126 2279 1183 Puerile
2312 1128 2502 1198 pignus
2529 1130 2737 1186 tollere.

1992 1217 2141 1274 Mens
2163 1218 2467 1275 obstetricis
2516 1222 2741 1289 sedulae,

2065 1312 2158 1367 Pie
2187 1313 2239 1366 in
2271 1321 2554 1383 tyrannum
2575 1322 2882 1383 contumax,

2068 1404 2150 1459 Ad
2180 1420 2327 1474 spem
2358 1405 2591 1474 potentis
2613 1406 2799 1475 gloriae

2068 1497 2261 1552 Forata
2289 1507 2467 1553 servat
2487 1499 2790 1567 parvulum.

1995 1588 2164 1653 Quem
2194 1602 2316 1642 mox
2343 1589 2679 1644 sacerdotem
2702 1590 2806 1645 sibi

1818 1310 1921 1365 150

1421 1682 1709 1739 οιοδεΑς
1746 1680 2090 1737 VETERES.

206 1798 318 1852 1‘28.
341 1795 546 1859 Turbo,
577 1794 765 1862 aufert,
793 1792 915 1849 Vat.
940 1796 1003 1847 A.

206 1869 319 1923 151.
353 1870 517 1919 Aram
549 1875 674 1918 ante
701 1867 890 1933 ipsam,
918 1881 1009 1919 ara
1035 1866 1204 1933 passio
1234 1874 1309 1920 est
1332 1865 1560 1922 Christi:
1588 1876 1704 1919 ante

142 1955 270 1990 aram
298 1936 488 1989 Christi
515 1937 720 1998 dicitur,
752 1937 873 2004 quia
904 1946 1019 1989 ante
1082 1937 1332 1989 assionem
1358 1936 1546 1990 Christi
1572 1937 1704 1990 occi-

144 2010 181 2058 si
212 2018 337 2058 sunt.
375 2006 528 2058 Unde
551 2008 615 2058 de
643 2005 761 2058 aliis
789 2007 1010 2058 dicitur:
1044 1953 1161 2058 Vidi
1184 2006 1274 2058 sub
1304 2007 1470 2058 altare
1510 2008 1704 2058 animas

144 2010 181 2061 si
212 2018 337 2061 sunt.
375 2006 528 2061 Unde
551 2008 615 2058 de
643 2005 761 2059 aliis
789 2007 1010 2059 dicitur:
1044 2005 1161 2058 Vidi
1184 2006 1274 2059 sub
1304 2007 1470 2060 altare
1510 2008 1706 2061 animas

146 2080 437 2140 occisorum,
462 2078 513 2128 id
537 2086 608 2129 est
640 2092 729 2140 per
758 2078 1041 2146 passionem
1070 2075 1281 2142 Christi,
1310 2074 1427 2132 Vat.
1456 2077 1521 2132 A.

208 2148 323 2201 158.
353 2148 590 2215 Integer,
620 2147 829 2209 illtesus,
862 2146 974 2200 Vat.
1000 2146 1066 2202 Α.

208 2218 319 2272 159.
343 2217 608 2284 Orbabat,
639 2220 787 2268 orbas
794 2217 1059 2339 Jaciebat,
1094 2217 1215 2285 Vat.
1249 2217 1313 2271 A.

208 2288 318 2339 140.
361 2287 579 2339 Partus.
611 2287 769 2339 ﬁlius.
842 2296 914 2339 at.
942 2290 1005 2339 A.

206 2288 318 2342 140.
361 2287 579 2353 Partus,
608 2287 769 2354 ﬁlius,
794 2287 914 2339 Vat.
942 2290 1005 2341 A.

208 2358 321 2413 141.
364 2346 702 2421 Pharaonis,
753 2346 963 2411 Pharao
1016 2356 1272 2427 dissipans
1326 2346 1753 2427 interpretatum.

148 2426 253 2482 Vat.
289 2429 349 2483 Δ.

1734 1800 1783 1860 Β

1884 1792 2317 1864 144ηβεορριοιδ,
2336 1792 2600 1863 liberator,
2630 1795 2749 1864 quia
2777 1796 2967 1864 recepit
2989 1799 3191 1854 eosdem
3215 1802 3279 1854 de
3300 1818 3397 1857 ser.

1808 1867 1981 1927 vitate,
2006 1862 2130 1917 Vat.
2154 1866 2219 1918 A.

1884 1936 2008 2011 145.
2034 1932 2285 1999 Cautum,
2318 1934 2525 2011 [irinum
2559 1950 2752 2011 :7cavn,
2802 1940 2953 1998 cavis,
3002 1949 3076 1993 est
3118 1942 3402 2011 conﬁrmo;

1811 2006 1931 2079 inde
1959 2013 2163 2079 cautum
2186 2015 2245 2079 _et
2275 2004 2467 2079 cautio,
2504 2015 2550 2056 et
2578 2007 2703 2079 facit
2738 2012 3053 2079 praeteritum
3082 2004 3224 2064 cieri;
3250 2004 3404 2079 Cava,

1814 2077 1937 2199 ξῗυὶ,
1965 2074 2259 2199 indicativo
2290 2074 2442 2127 modo
2469 2082 2543 2129 est
2580 2074 2757 2142 crisso,
2791 2078 2846 2139 id
2874 2089 2949 2134 est
2980 2081 3178 2135 clunem
3205 2074 3403 2151 moveo,

1863 2156 1938 2199 at.
2018 2184 2030 2198 .

1863 2156 1938 2199 at.
1965 2156 2030 2199 A.

1890 2216 2018 2272 148.
2041 2214 2279 2279 Tollere,
2306 2214 2522 2282 nutrire,
2546 2214 2782 2282 educare,
2811 2218 2933 2274 Vat.
2966 2220 3033 2274 A.

2040 2283 2358 2363 Contumax,
2404 2285 2645 2349 superba,
2675 2288 2797 2355 quia
2837 2289 2952 2359 ipsa
2977 2291 3216 2360 superbia
3244 2294 3409 2363 pietas

1818 2355 1939 2424 fuit,
1963 2354 2083 2410 Vat.
2115 2355 2182 2410 Α.

1894 2425 2019 2481 155.
2051 2424 2423 2489 Sacerdotem,
2454 2424 2679 2494 levitam,
2704 2426 2823 2489 Vat.
2857 2430 2921 2483 A.

1498 2536 2059 2595 COMMENTARIUS.

150 2659 261 2713 satis
297 2655 593 2713 verisimile
636 2666 755 2708 esse
792 2652 1044 2708 arbitror.

214 2730 401 2782 1‘16.In
451 2725 607 2779 Horis
624 2724 687 2777 ad
720 2738 870 2776 usum
902 2722 1150 2776 dioecesis
1182 2722 1424 2792 Lugdun.
1461 2723 1591 2778 edit.
1626 2739 1716 2779 an.

155 2870 243 2937 pha
272 2880 343 2921 rfai
368 2867 669 2922 reformata
701 2882 712 2917 :
739 2866 960 2925 Salvete,
992 2864 1141 2931 ﬂores
1180 2876 1467 2937 inqrtyrunt
1496 2863 1561 2916 In
1585 2866 1721 2918 lucis

154 2934 247 3005 ἔρ.ιο
267 2940 444 2991 tiniae
477 2937 615 2999 Quos
638 2951 798 2987 steuus
819 2938 953 2986 ensis
981 2938 1203 2998 messuit,
1226 2934 1325 2987 Ceu
1348 2936 1493 2987 t'urbo
1508 2951 1723 2989 nasccn-

158 3020 215 3062 tes
255 3026 408 3063 rosas.
470 3006 579 3061 Cur
633 3022 736 3059 non
786 3006 961 3072 potius
1007 3020 1194 3057 versus
1226 3006 1722 3072 ιιιειιιενοςὶιὶειιηιῖ

158 3079 352 3143 Salvete,
386 3082 552 3149 [lares
580 3086 885 3149 martyrum,
914 3076 1051 3139 Quos
1078 3091 1241 3128 stevus
1270 3077 1401 3129 ensis
1430 3080 1631 3149 ntessuit
1656 3076 1722 3131 In

160 3152 264 3204 lucis
288 3145 396 3213 ipso
428 3149 631 3211 limine,
652 3145 758 3200 Ceu
787 3146 929 3198 turbo
956 3158 1214 3199 nascentes
1243 3162 1403 3199 rosas.
1438 3148 1573 3200 Alite
1604 3149 1720 3200 itte-

160 3230 246 3289 pts:
276 3224 898 3289 tmjectiones,versuntn
945 3216 1280 3289 reformatori
1313 3218 1429 3286 ejus
1460 3219 1721 3273 Breviztrii

2048 2652 2179 2734 Post
2216 2654 2833 2734 li_attc_stropham_nihil
2859 2660 3002 2734 aliud
3032 2660 3189 2728 hujus
3224 2665 3409 2734 hymni

1824 2725 2615 2800 exstat“in‘codiceblarietti.
2643 2726 2761 2800 Sed
2806 2732 2986 2800 statim
3042 2725 3303 2800 sequitur,
3339 2734 3413 2790 De

154 2800 293 2861 1773,
334 2811 386 2851 ut
412 2809 716 2849 concursus
744 2794 1005 2847 vocalium
1034 2794 1407 2859 vitaretur,ita
1439 2793 1553 2848 hare
1582 2803 1722 2847 stro-
1821 2794 2078 2863 apusculis
2112 2793 2405 2859 Prudentii,
2442 2806 2496 2847 ut
2545 2796 2597 2848 itt
2643 2796 2763 2851 Vat.
2818 2799 2877 2852 Β.
2933 2801 2989 2857 1η
3040 2793 3158 2856 Vai.
3214 2805 3254 2859 Β

1826 2873 1971 2933 teger
2001 2872 2175 2919 exstat
2198 2866 2284 2919 hic
2316 2865 2565 2934 hymnus.

3260 2844 3273 2857 .
3331 2806 3413 2860 in-

1900 2935 2020 2988 157.
2056 2938 2282 3002 Sanguis
2311 2935 2676 2989 innocentium
2709 2937 2925 2993 Christo
2954 2956 3151 2995 cowvus
3183 2953 3315 3001 erat.
3349 2945 3411 3001 S:

1826 3003 2185 3073 Hieronymus
2208 3005 2373 3059 utitur
2402 3005 2501 3059 hoc
2533 3008 2814 3073 vocabulo,
2850 3025 2954 3064 n0n
2984 3010 3194 3075 Cicero.
3226 3024 3281 3068 ut
3313 3018 3412 3069 ali-

1827 3076 2201 3151 quiputarunt
2228 3075 2316 3145 qui
2354 3076 2595 3151 legerunt
2627 3095 2825 3151 cerritus
2858 3096 2953 3147 pro
2978 3097 3191 3151 coquus.

1902 3146 2024 3201 159.
2064 3145 2245 3198 Nurus
2284 3162 2377 3213 pro
2410 3146 2665 3201 uxoribus
2707 3145 2961 3205 Martialis
2994 3145 3087 3207 ltb.
3121 3168 3193 3221 tv,
3242 3158 3326 3221 epi
3368 3174 3412 3213 r.

1920 3236 1929 3269 :
1967 3219 2129 3281 Atque
2175 3218 2307 3269 inter
2339 3217 2489 3270 latias
2519 3220 2684 3281 gloria
2714 3221 2879 3281 prima
2910 3238 3091 3276 nurus.
3124 3224 3304 3280 Poette
3329 3172 3410 3281 Fe-

3354 3244 3410 3282 e-

1830 3216 1929 3271 75:
1967 3219 2129 3284 Atque
2175 3218 2307 3269 inter
2339 3217 2489 3270 latias
2519 3220 2684 3287 gloria
2714 3221 2879 3288 prima
2910 3238 3091 3276 nurus.
3124 3216 3304 3280 Poette

162 3288 459 3365 placuerunt
485 3308 497 3342 :
532 3300 587 3342 ut
615 3289 820 3365 innata
841 3288 926 3365 illa
950 3288 1207 3365 clausula,
1231 3288 1378 3365 Jesu,
1406 3289 1493 3365 tibi
1518 3289 1719 3365 sitglo-
1755 3288 1803 3365 ς
1832 3288 2009 3365 ruinas
2030 3289 2142 3365 sihve
2167 3301 2391 3356 sponsas
2422 3302 2803 3365 nonnunquam
2837 3304 3030 3347 vocant
3055 3311 3237 3349 nurus.

164 3357 250 3425 ria,
280 3362 375 3427 Qui
400 3375 565 3416 natus
588 3377 637 3413 es
660 3360 721 3410 de
764 3357 985 3425 Virgine.
1019 3358 1369 3424 Tran~posuit
1403 3378 1415 3411 :
1450 3361 1551 3422 Qui
1580 3357 1728 3413 natus

166 3447 208 3485 es
226 3434 280 3486 de
311 3432 541 3503 Virgine,
564 3428 712 3503 .lesu,
747 3430 832 3480 tibi
852 3432 915 3503 sit
944 3430 1125 3503 gloria.
1150 3428 1371 3503 Videtur
1394 3430 1588 3503 legisse
1620 3435 1732 3484 Au-

168 3499 805 3569 gustinus'Prudentium.
851 3499 923 3550 Ita
970 3502 1131 3553 habet
1160 3501 1246 3553 ille
1270 3515 1430 3553 serm.
1458 3500 1565 3553 220
1592 3516 1693 3570 app
1718 3516 1730 3553 :

174 3573 294 3634 Quos
323 3572 553 3625 Herodis
597 3571 830 3632 impietas
862 3570 1102 3622 lactentes
1132 3580 1352 3623 matrum
1384 3573 1611 3623 uberibus
1642 3570 1734 3621 ab-

172 3647 348 3707 straxit,
371 3647 452 3713 qui
460 3647 590 3713 jure
604 3643 845 3713 dicuntur
859 3649 1139 3713 martyrum
1168 3642 1339 3709 ﬂores,
1356 3657 1480 3709 quos
1498 3644 1546 3691 in
1570 3641 1736 3693 medio

174 3714 339 3783 frigore
368 3712 695 3781 infidelitatis
741 3722 961 3783 exertos,
1013 3712 1144 3763 velut
1187 3714 1375 3783 primus
1421 3720 1737 3781 erumpentes

176 3781 394 3838 Ecclesia:
410 3798 663 3854 gemmas,
682 3781 914 3854 qutrdani
930 3782 1290 3854 persecutionis
1315 3783 1499 3847 pruina
1516 3783 1737 3854 decoxit.

238 3856 347 3909 11.8.
374 3851 603 3916 Statius,
638 3868 713 3911 ιιι,
740 3852 858 3905 silv.
889 3853 922 3904 5
951 3868 963 3903 :
996 3851 1183 3915 Qualia
1210 3855 1451 3916 pallentes
1483 3852 1742 3905 declinant

177 3924 273 3977 lilia
296 3928 500 3992 culmos,
550 3922 904 3991 Pubentesque
948 3937 1077 3975 reste
1123 3925 1312 3991 primos
1352 3924 1638 3975 moriuntur
1659 3922 1741 3991 ‘ad

177 4004 278 4046 01481
284 4011 378 4048 τοδ.

244 4066 354 4120 131.
398 4065 466 4118 Ita
516 4064 720 4118 habent
762 4063 913 4127 Ald.,
948 4062 1117 4125 Sich.,
1151 4062 1369 4125 Weitz.,
1404 4064 1588 4117 Heins.
1623 4077 1744 4116 cum

186 4137 298 4201 suis,
342 4137 503 4189 nostri
560 4135 743 4196 codd.,
776 4136 934 4187 etiam
971 4135 1151 4197 Alex.,
1184 4133 1325 4187 Vatt.
1356 4134 1398 4199 I,
1430 4134 1493 4200 Q,
1548 4134 1741 4202 Ilymn.

184 4204 351 4259 Thom.
381 4206 613 4266 Wtdtn.,
646 4206 900 4266 Hailslir.,
923 4203 1078 4258 Gold.
1108 4205 1213 4260 Sed
1244 4208 1518 4267 Erasmus,
1544 4215 1597 4257 et
1625 4219 1745 4258 cum

188 4290 240 4328 eo
280 4276 568 4337 Giselinus,
615 4292 761 4327 aram
796 4285 914 4325 ante
942 4276 1107 4344 cujus.
1161 4275 1435 4328 Fabricius
1465 4290 1591 4328 Vero
1623 4275 1749 4343 legit

188 4362 309 4398 aram
330 4358 441 4401 ante
467 4357 517 4400 et
550 4347 757 4409 ipsam;
791 4345 942 4413 Egm.
985 4361 1129 4397 aram
1158 4357 1273 4398 ante
1300 4348 1466 4410 ipsam
1495 4356 1565 4399 ct.
1611 4345 1746 4399 Tor-

187 4419 368 4471 rentius
386 4430 435 4471 et
465 4418 743 4471 Cauchius
770 4431 912 4467 aram
959 4418 1049 4467 sub
1096 4417 1257 4485 ipsam
1288 4432 1353 4469 ex
1402 4416 1750 4485 Apocalypsis

189 4487 323 4539 simili
352 4489 533 4557 phrasi
567 4501 686 4549 cap.
717 4502 789 4548 vt,
819 4490 880 4551 9;
918 4501 1075 4554 quam
1109 4487 1390 4540 lectionem
1417 4485 1746 4555 prmfcrrem,

189 4557 225 4609 si
248 4561 392 4611 codd.
417 4575 552 4613 is.
590 4556 1030 4622 sutl‘ragarentur.
1061 4557 1115 4609 In
1145 4560 1259 4609 solo
1286 4558 1414 4612 Urb.
1441 4558 1641 4610 recenti
1668 4573 1751 4610 co-

192 4626 288 4680 dice
309 4630 405 4697 legi
428 4644 582 4681 aram
609 4628 699 4679 sub
716 4628 901 4694 ipsum.
926 4629 1039 4680 Non
1073 4629 1286 4682 dubium
1310 4637 1390 4681 est
1422 4627 1548 4696 quin
1582 4632 1747 4696 prima

195 4698 248 4747 Sit
274 4705 424 4763 proba
463 4701 654 4761 lectio,
686 4712 790 4749 non
819 4698 952 4750 eliso
993 4712 1021 4749 e
1050 4697 1102 4750 in
1130 4708 1267 4762 ante,
1301 4699 1441 4767 quod
1484 4700 1750 4751 interdum

194 4774 443 4823 consuevit
472 4768 821 4823 Prudentius.
876 4768 1142 4831 Heinsius,
1166 4768 1429 4822 Cellarius
1456 4778 1509 4821 et
1539 4771 1753 4822 Teolius

194 4836 339 4908 aiunt,
388 4856 510 4895 esse
570 4840 945 4907 synalarpham,
996 4853 1094 4901 ego
1124 4855 1250 4892 vero
1302 4840 1609 4908 dialoepham
1641 4842 1755 4892 sive

195 4906 364 4961 hiatum
386 4926 543 4973 voco,
570 4906 691 4962 cum
706 4906 812 4961 non
837 4909 983 4963 abaci
999 4909 1154 4965 betur
1165 4910 1385 4976 vocalis,
1408 4906 1755 4980 synaltrpltam

195 4993 322 5041 vero,
348 4996 464 5036 cum
489 4982 835 5034 absorbetur.

259 5052 366 5103 132.
399 5054 584 5111 Alex.,
617 5065 721 5102 non
753 5050 913 5117 male,
938 5066 1145 5105 corona.

259 5121 363 5176 135.
407 5124 562 5187 Ald.,
599 5120 714 5175 Gis.
739 5128 795 5173 et
825 5123 1015 5185 nostri,
1051 5122 1191 5190 quid.
1229 5120 1407 5191 Egm.,
1442 5121 1547 5190 qui.
1594 5120 1757 5174 licin-

200 5203 292 5259 stus
319 5208 433 5245 cum
464 5196 615 5256 Pnt.,
647 5191 833 5256 Atnb.,
854 5191 1086 5255 'l'ltuan.,
1109 5192 1281 5252 Rott.,
1324 5194 1453 5245 Boh.
1491 5193 1674 5259 priori,
1706 5200 1759 5244 et

201 5255 395 5315 Cauclui
430 5264 607 5323 libris,
638 5278 753 5330 quo.
782 5255 999 5315 Tetilius
1044 5266 1097 5315 in
1141 5262 1283 5329 Vatt.
1314 5255 1520 5316 duobus
1561 5264 1763 5329 reperit

201 5333 325 5402 quid,
354 5349 473 5387 cum
525 5333 650 5402 altis
678 5332 885 5385 duobus
908 5341 962 5386 et
992 5332 1210 5387 Heinsio
1239 5333 1363 5401 legit
1392 5349 1510 5402 quo.
1558 5335 1765 5399 Atlegat

204 5396 459 5457 Erasinum
500 5415 558 5457 et
584 5401 870 5456 Weitzium
908 5415 1003 5470 pro
1025 5405 1152 5472 qui:
1186 5396 1319 5456 alios
1351 5396 1572 5472 fortasse
1598 5396 1767 5455 voluit

204 5475 477 5542 nutatione,
500 5488 623 5526 nam
646 5474 774 5526 mihi
800 5473 921 5540 quid
948 5471 1295 5539 wcttzius,et
1326 5474 1461 5542 apud
1480 5471 1765 5525 Weitzinm

206 5539 455 5613 El‘ajilltts.
510 5546 661 5608 Itan,
710 5539 865 5613 Prag.
913 5558 967 5597 et
1004 5544 1117 5599 Cis.
1154 5547 1219 5597 ad
1249 5539 1419 5609 oram,
1447 5544 1637 5613 profuit
1668 5556 1762 5610 pro

204 5612 405 5677 proﬁcit.
425 5615 708 5669 Sententia
736 5612 928 5668 eadem
954 5623 1057 5680 est,
1081 5614 1211 5669 nihil
1238 5614 1495 5669 adversus
1520 5614 1611 5666 Dei
1639 5628 1767 5665 con-

204 5680 309 5767 silia
339 5683 587 5767 hotttines
617 5685 900 5767 prolicere,
931 5701 1095 5745 unum
1124 5685 1325 5767 Jesutn.
1348 5686 1487 5743 inter
1513 5692 1588 5739 tot
1617 5682 1774 5739 fune-

206 5762 277 5820 ra,
304 5767 336 5808 e
362 5756 616 5813 manibus
639 5754 991 5827 querentium
1019 5771 1165 5824 eum,
1192 5754 1352 5829 eripi.

1778 4662 1830 4723 D

1837 3430 1864 3502 f
1911 3360 2036 3479 113,
2063 3358 2181 3411 Put.
2216 3372 2245 3410 a
2276 3360 2510 3413 secunda
2540 3376 2721 3427 manu,
2767 3364 2989 3432 quadam
3021 3380 3117 3434 pro
3162 3369 3421 3435 quondam

1860 3446 2013 3502 ugcrtt
2044 3467 2095 3502 ._
2450 3501 2455 3502 γ

1860 3446 2058 3500 ugcrttt.

1911 3501 2030 3554 144.
2062 3500 2307 3575 ﬂeceptor
2332 3501 2628 3575 restitutor,
2666 3502 2941 3568 liberator,
2970 3503 3283 3575 Eutropius,
3315 3509 3415 3562 Ta-

1838 3570 2003 3643 citus,
2027 3570 2139 3623 alii.
2169 3570 2474 3643 llistoriatn
2495 3573 2767 3643 lianclege
2794 3576 2955 3629 Exodi
2979 3590 3097 3643 cap.
3130 3570 3184 3632 ti.
3208 3570 3279 3631 Ini
3304 3579 3418 3633 Vat.

1841 3641 1882 3693 B
1913 3652 1969 3712 et
1993 3642 2352 3712 Iristt._s_etnper
2378 3640 2568 3708 legitur
2592 3640 2793 3711 Moyses
2820 3659 2917 3712 pro
2946 3640 3133 3698 Moses.

1914 3711 2034 3763 145.
2072 3710 2219 3783 Ald,
2255 3708 2368 3783 Gis.
2421 3713 2470 3764 in
2504 3708 2871 3777 textufUrbl,
2924 3714 3041 3766 Vat.
3087 3717 3150 3782 Q,
3195 3716 3417 3783 Weitz.,

1833 3786 2082 3856 jusserat.
2130 3779 2371 3833 Gifanius
2425 3797 2485 3835 ex
2517 3785 2690 3856 veteri
2744 3784 2878 3836 libro
2908 3779 3145 3839 restituit
3172 3788 3264 3856 jus
3316 3779 3423 3843 erat

1844 3850 1895 3906 in
1924 3852 2206 3905 collectan.
2232 3855 2386 3903 Lucr.
2422 3850 2743 3923 verbojussa
2780 3868 2797 3904 :
2832 3856 2969 3918 quod
2998 3850 3223 3923 arripuit
3251 3856 3418 3912 Hein-

1846 3925 1955 3977 sius
2006 3936 2125 3975 cutn
2183 3924 2328 3980 Ριιι..
2384 3922 2569 3987 Atnb.,
2620 3923 2920 3977 etliotten.
2952 3922 3419 3981 ldetnnotaverat

1847 3992 2116 4048 Gisclinus
2139 3992 2203 4044 ad
2228 3991 2541 4060 marginem.
2578 3991 2841 4047 Cauchius
2871 3995 3194 4062 conjecerat,
3236 3995 3427 4053 Cautus

1846 4073 2036 4116 statuto
2076 4065 2322 4133 jusserat.
2366 4062 2576 4117 Alicubi
2598 4074 2775 4118 exstat
2804 4063 3081 4135 mendose,
3110 4076 3303 4121 statum
3329 4083 3439 4137 pro

1848 4142 2111 4187 statutum.

2071 4204 2221 4278 Egrn.
2248 4211 2301 4257 et
2323 4202 2434 4257 Pal.
2450 4245 2465 4269 ,
2493 4205 2582 4273 qui
2613 4218 2709 4278 pro
2729 4222 2850 4273 quo,
2869 4216 2927 4261 ut
2952 4214 3075 4261 ante
3097 4210 3185 4277 qui
3206 4209 3429 4278 proficit.

1930 4272 2049 4328 147.
2076 4276 2198 4329 Ald.
2228 4290 2380 4329 error
2402 4284 2482 4328 est
2508 4272 2803 4329 absolveret.

1925 4344 2341 4419 148.__Cauchius
2372 4355 2557 4419 contra
2607 4349 2978 4419 auctoritatem
3028 4348 3185 4403 codd.
3210 4350 3434 4419 corrigit

1852 4418 2015 4471 virile.
2047 4415 2209 4487 llecte
2237 4416 2429 4487 puerile
2448 4432 2486 4487 ra
2514 4433 2694 4486 puero.
2728 4416 2927 4473 Tollere
2957 4429 3039 4475 est
3068 4420 3324 4476 educare.

1928 4487 2049 4541 149.
2078 4485 2245 4556 Ρτξιεζ
2262 4496 2315 4541 et
2338 4485 2567 4553 Widm’.,
2587 4488 2788 4541 sedula.

1928 4556 2047 4613 153.
2076 4557 2283 4627 Moyses
2313 4558 2548 4610 sacerdos
2583 4557 2768 4611 laxiori
2791 4559 3199 4627 signiﬁcatione,
3232 4566 3291 4610 ut
3311 4566 3434 4611 ante

1928 4574 2047 4613 ‘lbo.
2076 4574 2283 4679 διἭεεε
2313 4574 2548 4610 sacerdos
2583 4574 2768 4611 taxtort
2791 4574 3199 4627 Stgntncattone,
3232 4574 3291 4610 ut
3311 4574 3434 4611 ante

1858 4628 2035 4682 Helias
2067 4637 2119 4681 et
2194 4628 2311 4679 avid
2340 4645 2351 4678 :
2376 4642 2679 4695 quanquam
2696 4628 2925 4697 Moysem
2945 4631 3157 4696 proprie
3173 4627 3435 4697 fuissesa-

1856 4699 2153 4759 cerdotctn,
2187 4698 2521 4752 communior
2575 4695 2858 4759 veriora—ue
2899 4695 2981 4752 est
3007 4700 3293 4751 sententia.
3327 4695 3435 4750 Sed

1860 4769 2127 4823 interdum
2159 4766 2448 4820 Prudentio
2478 4768 2730 4823 sacerdos
2757 4765 2971 4833 dicitur,
3004 4769 3199 4836 quires
3229 4765 3435 4819 divinas

1862 4848 2075 4901 traCtat,
2114 4836 2353 4901 disserit,
2384 4839 2737 4958 lpraenuntiat,
2784 4838 3039 4890 concinit.
3076 4838 3184 4890 Hac
3226 4836 3437 4890 ratione

1862 4922 2029 4958 poeta:
2061 4906 2364 4958 sacerdotes
2428 4906 2591 4958 limbi.
2616 4906 2912 4958 nhilosoohi
2938 4916 3138 4958 naturae
3161 4916 3437 4958 voeantur.

1898 4922 2029 4961 oeta:
2061 4906 2364 4960 sacerdotes
2384 4906 2591 4971 Pltmbi,
2616 4906 2912 4973 philosOphi
2938 4916 3138 4960 naturae
3161 4916 3439 4959 vocantur.

1898 4926 2029 4961 οειω
2061 4926 2364 4960 δειωηιυιεδ
2384 4926 2591 4971 ιἰΙωυΙ,
2616 4926 2912 4973 υιιιιοδοριιι
2938 4926 3138 4960 naturae
3161 4926 3439 4959 νυυεηιιυΓ.

1860 4926 2171 5045 gropertius
2202 4993 2256 5029 ιιι
2289 4986 2422 5044 eleg.
2464 4980 2488 5029 1
2520 4994 2531 5027 :
2575 4976 2779 5031 Primus
2815 4992 2907 5044 ego
2938 4977 3197 5046 ingredior
3219 4990 3349 5045 puro
3380 4977 3442 5029 de

1863 5054 2004 5120 fonte
2032 5048 2298 5100 sacerdos.
2330 5047 2632 5120 Lactantius
2654 5047 2987 5120 t:ap.2lib.v
3016 5048 3179 5111 lttstit.
3199 5048 3443 5120 meminit

1864 5116 2163 5188 cujusdam,
2202 5123 2288 5188 qui
2319 5116 2598 5170 antistitem
2630 5136 2682 5173 se
2723 5118 3061 5188 philosOphia:
3086 5119 3439 5188 proﬁtebatur.

1865 5186 2184 5244 Prudentius
2220 5186 2553 5242 vocabulum
2592 5186 2850 5256 prtzsulis,
2897 5188 3037 5253 qttod
3068 5186 3227 5243 etiam
3258 5201 3444 5256 sacer-5

1867 5261 2051 5314 dotum
2080 5259 2352 5327 proprium
2381 5266 2515 5325 crat,
2555 5254 2652 5327 pro
2680 5260 2814 5312 duce
2844 5258 3055 5325 accipit.
3089 5254 3447 5327 Videibymni

1870 5332 1928 5384 11
1961 5325 2104 5383 vers.
2140 5325 2261 5394 115,
2290 5339 2344 5382 et
2367 5325 2604 5397 hymnis
2649 5344 2790 5382 vers.
2819 5328 2911 5394 35,
2954 5328 3041 5383 ubi
3066 5328 3203 5382 idem
3236 5325 3447 5397 Moyses

1870 5399 2060 5468 prwsul
2075 5400 2296 5469 justitite
2326 5395 2643 5468 appellatur.
2673 5401 2847 5469 Atque
2876 5399 2977 5469 hac
3011 5412 3169 5452 sensu
3208 5395 3448 5469 nonnulli

1872 5467 2149 5539 exponunt
2175 5469 2335 5525 verba
2376 5467 2563 5539 psalmi
2588 5484 2768 5534 xcvut,
2799 5468 2860 5522 ϐε
2896 5467 3100 5537 Moyses
3126 5479 3170 5519 et
3201 5470 3370 5519 Aaron
3399 5468 3451 5518 in

1872 5537 2219 5596 sacerdotibus
2248 5544 2379 5610 ejus,
2408 5548 2452 5591 et
2478 5537 2691 5593 Samuel
2711 5539 2837 5591 inter
2865 5554 2947 5591 eos
2972 5540 3065 5610 qui
3102 5539 3335 5610 invocant
3365 5553 3451 5589 no-

1878 5628 1993 5668 men
2022 5614 2150 5677 eius.
2179 5608 2407 5664 Loiiuus
2436 5609 2672 5679 quinque
2707 5610 2949 5663 diversas
2970 5608 3134 5679 hujus
3157 5609 3253 5661 loci
3285 5610 3453 5674 expli-

1878 5685 2122 5738 cationes
2144 5678 2326 5751 allen,
2360 5678 2602 5749 quamvis
2631 5680 2746 5751 ipse
2766 5687 2943 5734 teneat
2961 5678 3197 5748 Moysem
3219 5692 3347 5735 vere
3404 5691 3455 5735 et

1883 5752 2102 5833 proprie
2131 5749 2299 5810 fuisse
2323 5751 2678 5821 sacerdotem.
