3950 6326
185 310 304 366 915
1214 312 1740 371 CATHEMERINON
1780 313 1893 370 XII.
1943 311 2028 370 DE
2068 313 2448 371 EPIPHANIA.

1791 436 1847 493 Α

442 426 651 480 ﬂexere
675 427 765 496 qui
791 425 959 483 Jacob
981 442 1169 497 genus,

442 518 792 589 Dominaaque
820 533 915 574 rex
944 520 1217 587 Ecclesiae,

439 611 647 682 Templi
677 619 732 668 et
754 612 972 679 novelli,
1000 621 1054 668 et
1082 611 1312 682 pristini.

364 703 516 760 Hunc
542 705 741 774 posteri
766 703 1022 773 Ephraim
1050 705 1253 772 colunt,

176 792 294 849 190
440 795 599 866 393
631 794 782 850 Hunc
804 804 985 850 sancta
1010 796 1253 852 Manasse
1280 799 1487 863 domus,

438 885 747 957 Omnesque
772 886 1069 956 suscipiunt
1095 888 1287 955 tribus,

446 977 535 1033 Bis
554 992 683 1034 sena
713 978 936 1032 fratrum
965 978 1189 1033 semina.

367 1069 508 1138 Quin
534 1077 589 1124 et
614 1083 849 1139 propago
873 1069 1132 1139 degener,

441 1162 622 1218 Ritum
640 1171 823 1218 secuta
850 1163 1213 1231 inconditum,

443 1256 785 1324 Quaecunque
812 1254 985 1309 dirum
1021 1254 1240 1311 fervidis

439 1347 566 1403 Baal
595 1348 820 1403 caminis
844 1356 1099 1404 coxerat:

363 1437 601 1495 Fumosa
627 1455 849 1495 avorum
880 1441 1117 1495 numina.

180 1252 296 1313 195

3342 309 3445 366 9H

2115 432 2340 498 Saxum,
2369 429 2666 497 metallum,
2702 431 2961 499 stipitem,

2123 521 2343 587 Rasum,
2374 522 2632 589 dolatum,
2664 523 2875 589 sectile,

2114 614 2181 669 In
2208 615 2405 671 Christi
2434 615 2690 671 honorem
2721 616 2937 670 deserit.

2054 704 2311 770 Gaudete,
2342 706 2598 776 quidquid
2632 707 2868 775 gentium
2890 714 2989 769 est,

2122 796 2324 861 Iudaea,
2359 796 2524 852 Roma
2558 807 2610 852 et
2634 797 2860 861 Graecia,

2122 886 2285 958 394
2308 886 2560 959 Egypte,
2596 889 2794 952 Thrax,
2827 890 3006 958 Persa,
3032 888 3262 961 Scytha:

2130 978 2243 1034 Rex
2274 994 2412 1034 unus
2443 994 2632 1034 omnes
2660 981 2914 1050 possidet.

1881 1069 1987 1126 205
2061 1070 2299 1127 Laudate
2326 1082 2563 1127 vestrum
2586 1074 2905 1144 principem,

2123 1162 2340 1230 Omnes,
2374 1164 2512 1219 beati
2542 1179 2604 1219 ac
2626 1165 2838 1232 perditi,

2123 1253 2266 1320 Vivi,
2294 1254 2543 1310 imbecilli
2569 1270 2633 1310 ac
2664 1257 2893 1310 mortui:

2128 1347 2245 1404 lam
2277 1363 2435 1405 nemo
2464 1348 2685 1419 posthac
2709 1357 2969 1405 mortuus.

1875 612 1979 669 200

1492 1525 1777 1585 GLOSSIE
1817 1525 2156 1585 VETERES.

250 1620 384 1676 188.
411 1620 651 1687 Pristini,
683 1623 879 1691 antiqui
906 1622 1078 1689 templi
1096 1620 1562 1691 JudworunbrVat.
1592 1621 1657 1675 Α.

250 1691 383 1774 189..
415 1689 1121 1774 Posterinfiliit—‘El-Irem,
1151 1692 1205 1745 id
1230 1700 1324 1757 est,
1357 1689 1599 1758 Elfraim,
1623 1701 1669 1745 et
1688 1693 1769 1745 in-

172 1769 494 1827 terpretatur
523 1761 760 1833 frugifer,
792 1760 913 1816 Vat.
947 1764 1011 1815 A.
1109 1760 1115 1761 ⁷

188 1902 212 1911 Δ
246 1830 381 1911 190.
414 1830 955 1911 Μεηθεςθηλιαηαῃς
974 1830 1766 1911 oblivio_int_erpretatur._8igni-

173 1902 302 1970 ﬂeat
330 1911 503 1955 autem
535 1900 781 1970 populum
810 1902 1054 1970 gentium,
1092 1901 1177 1954 cui
1205 1900 1427 1955 dicitur:
1461 1899 1766 1955 Obliviscere

174 1971 437 2092 pagulum
458 1969 623 2037 tuum,
649 1969 766 2025 Vat.
800 1969 865 2025 Α.

412 2041 673 2123 Degener,
716 2042 973 2123 ignobilis,
1008 2042 1470 2123 degenerdicitur,
1498 2042 1619 2123 quia
1662 2056 1763 2095 non

169 2113 411 2179 sequitur
430 2111 743 2165 nobilitatem
771 2120 971 2182 patrum
990 2122 1035 2167 et
1057 2110 1348 2183 parentum,
1380 2110 1497 2166 Vat.
1511 2110 1589 2166 Α.

1798 1628 1847 1690 Β
1948 1620 2071 1676 196.
2098 1620 2348 1691 Coxerat,
2376 1621 2703 1691 formaverat,
2739 1619 2857 1691 vat.
2886 1621 2948 1675 Α.

1947 1691 2067 1745 198.
2099 1690 2362 1757 Stipitem,
2376 1689 2601 1760 lignum,
2639 1689 2761 1743 Vat;
2783 1690 2849 1745 A.

1946 1759 2070 1815 199.
2103 1760 2323 1827 Rasum,
2356 1770 2485 1832 etc.,
2518 1761 2674 1832 tribus
2703 1761 2868 1832 modis
2901 1759 3065 1815 omnis
3093 1761 3267 1832 forma
3287 1762 3445 1832 ligne-

1872 1845 1989 1884 rum
2016 1832 2358 1901 componitur,
2390 1830 2644 1894 radendo,
2678 1830 2918 1894 dolando,
2950 1832 3191 1896 secando,
3230 1829 3347 1885 Vat.
3379 1834 3445 1901 Α.

1942 1900 2067 1955 202.
2090 1900 2295 1972 Iudaea,
2323 1910 2527 1972 propter
2549 1901 2727 1969 legem.
2758 1930 2829 1940 —
2858 1902 3045 1967 Roma,
3073 1910 3280 1972 prapter
3307 1900 3447 1972 prin-

1871 1972 2115 2040 cipatum.
2146 2000 2216 2010 —
2245 1969 2468 2033 Graecia,
2497 1980 2703 2040 prapter
2735 1969 3206 2038 sapientiam,'Vat.
3240 1972 3305 2027 A.

1941 2040 2068 2095 206.
2103 2040 2322 2095 Perditi.
2356 2050 2658 2095 peccatores.
2693 2039 2811 2094 Vat.
2845 2043 2913 2095 A.

2054 2078 2068 2096 .
2103 2056 2322 2108 rerum,
2356 2056 2658 2108 peccatores,
2702 2056 2811 2094 vat.
2845 2056 2913 2095 Α.

1942 2059 2068 2096 auo.
2103 2059 2322 2108 rerum,
2356 2059 2658 2109 peccatores,
2702 2059 2811 2094 vat.
2845 2059 2913 2095 Α.

1942 2110 2065 2165 207.
2101 2110 2238 2174 Vivi,
2264 2112 2396 2165 sani.
2429 2139 2497 2150 —
2527 2109 2801 2177 lmbecilli,
2831 2111 3045 2180 inﬁrmi,
3076 2111 3197 2167 Vat.
3225 2111 3289 2167 A.

1547 2221 2106 2279 COMMENTARIUS.

167 2314 511 2382 epexegesin
537 2313 594 2382 in
627 2312 914 2367 Prudentio
940 2321 1169 2382 tueatur,
1213 2328 1317 2365 non
1350 2321 1456 2379 est,
1489 2327 1588 2367 cur
1627 2312 1765 2367 hanc

168 2381 413 2451 rejiciat,
446 2381 732 2437 stabilitam
772 2385 840 2436 ab
876 2383 1033 2447 Aldo,
1076 2381 1324 2449 Weitzio,
1355 2382 1597 2437 Giselino
1640 2398 1761 2437 cum

168 2452 292 2507 Vat.
327 2454 403 2520 A,
460 2453 520 2517 Β,
554 2453 844 2522 multisque
881 2453 1000 2507 aliis
1026 2452 1342 2510 codicibus:
1385 2452 1587 2507 nullum
1618 2453 1761 2508 enim

169 2523 586 2578 dissentientem
616 2522 861 2578 Heinsius
893 2524 1128 2591 protulit.

235 2593 376 2665 186.
404 2593 524 2665 νρι.
560 2592 623 2665 Β.
649 2595 852 2659 domus,
882 2603 1182 2665 correctum
1206 2610 1385 2665 genus.

239 2664 377 2719 187.
420 2662 692 2718 Cauchius
742 2665 796 2717 in
835 2665 944 2733 suis
978 2662 1254 2719 invenerat
1296 2672 1595 2733 nostraeque,
1636 2663 1764 2733 ipse

166 2735 414 2789 malebat
448 2736 783 2804 gentiumque.
822 2732 999 2789 Nostri
1026 2744 1081 2789 et
1123 2733 1397 2790 Heinsiaui
1436 2732 1558 2788 cum
1584 2732 1760 2801 editis,

165 2806 518 2873 dominaeque.

240 2873 376 2929 188.
405 2875 617 2940 Ambr.,
644 2873 790 2940 Rat.,
809 2874 1002 2939 Hails.,
1033 2873 1229 2937 Palat.,
1253 2874 1423 2942 templi
1444 2873 1629 2926 novelli
1649 2874 1765 2926 sine

166 2953 234 2998 et.
266 2944 499 3008 Ceteri,
534 2944 708 3011 templi
742 2954 791 2998 et
832 2942 1040 2997 novelli.
1082 2942 1195 2997 Gis.
1234 2942 1300 2994 ad
1352 2957 1548 3009 marg.,
1590 2945 1766 3012 templi

165 3016 358 3068 novelli
387 3031 449 3068 ac
472 3015 694 3079 pristini.
725 3015 967 3068 Ecclesia
991 3028 1022 3065 a
1045 3012 1260 3068 Christo
1278 3012 1493 3066 fundata
1523 3014 1764 3081 templum

166 3084 439 3138 novellum
466 3093 570 3151 est,
601 3092 658 3138 ut
685 3098 843 3147 supra
875 3083 1061 3153 hymu.
1102 3082 1191 3147 11,
1222 3095 1364 3153 vers.
1402 3082 1489 3144 59,
1515 3082 1649 3153 dixit
1672 3098 1766 3135 no-

167 3156 365 3207 sellum
415 3155 677 3209 arculum.
724 3151 1003 3221 Templum
1045 3151 1347 3207 Salomonis
1385 3152 1643 3219 templum
1683 3161 1766 3206 est

168 3226 492 3292 pristinum,
518 3223 701 3291 templi
730 3223 927 3277 novelli
951 3224 1135 3292 ﬁgura.
1166 3222 1441 3290 Templum
1466 3222 1623 3275 etiam
1649 3233 1765 3288 post

169 3296 542 3362 captivitatem
586 3295 891 3348 restitutum
935 3294 1150 3348 nomine
1181 3293 1353 3361 templi
1383 3293 1585 3361 pristini
1621 3306 1767 3346 com-

170 3365 551 3433 prehenditur.

168 3430 187 3471 ι’
241 3435 375 3489 189.
415 3434 691 3499 Erasmus,
748 3434 934 3497 Nebr.,
980 3432 1117 3498 Gis.,
1153 3432 1336 3497 Fabr.,
1385 3430 1657 3501 Epliraim,
1710 3440 1768 3486 ttt

178 3502 356 3559 Graeci
385 3504 702 3574 loquuntur:
725 3504 972 3559 Heinsius
999 3518 1117 3557 cum
1146 3504 1524 3574 vetustioribus
1541 3504 1767 3574 suis,“

169 3574 294 3629 Ald.
330 3572 624 3636 cum'aliis,
661 3572 875 3641 Elfrem,
899 3582 957 3627 ut
983 3576 1053 3628 sit
1075 3573 1382 3639 sinalaeplta,
1408 3572 1578 3640 inquit
1607 3572 1766 3625 Hein-

169 3644 321 3765 ségs;
370 3645 549 3715 potius
581 3644 868 3715 dialazplta,
911 3653 970 3698 ut
1017 3644 1141 3697 alibi
1190 3642 1319 3697 dixi.
1371 3642 1522 3710 Egut.
1581 3643 1767 3696 scribit

247 3732 381 3765 rem.

247 3732 381 3769 rem.

406 3785 655 3839 Heinsius
681 3785 881 3838 mavult
903 3784 1162 3838 Manassa:
1189 3798 1346 3852 quam
1380 3782 1641 3836 Manasse.
1676 3781 1766 3837 Sic

172 3855 339 3909 etiam
363 3854 651 3910 Giselinus.
670 3855 816 3920 Ald.,
835 3854 1091 3919 Manasse,
1121 3869 1216 3907 nec
1236 3853 1540 3921 discrepant
1564 3853 1763 3917 nostri;

176 3925 431 3993 idemque
460 3926 660 3991 placuit
690 3924 918 3979 Weitzio
956 3939 1076 3978 cum
1108 3923 1303 3977 Widm.
1336 3933 1389 3977 et
1411 3921 1566 3977 Goltl.

246 3995 374 4049 191.
408 3994 554 4058 Ald.,
579 3995 767 4061 Nehr.,
796 3993 908 4052 Gis.
942 3994 995 4048 in
1024 4003 1191 4057 textu,
1223 3994 1427 4058 lleins.,
1460 3996 1762 4058 suspiciunt.

174 4064 315 4135 Vatt.
365 4067 411 4121 Α
457 4075 510 4119 et
545 4066 606 4130 Β,
653 4066 831 4135 Prag.,
873 4065 1016 4128 Rat.,
1064 4064 1257 4118 Weitz.
1308 4078 1426 4117 cum
1474 4063 1673 4118 Widm.
1714 4075 1768 4121 et

177 4133 359 4191 Gold..
401 4136 708 4206 suscipiunt.
749 4133 902 4201 Quod
940 4136 1161 4206 verbum
1203 4136 1424 4203 petitum
1468 4135 1672 4190 videtur
1700 4150 1765 4190 ex

175 4220 288 4270 cap.
314 4222 333 4260 ι
366 4203 703 4262 δρυίνας.
740 4206 802 4258 11
834 4217 888 4260 et
919 4205 985 4259 l2
1014 4222 1027 4258 :
1058 4203 1127 4257 Et
1171 4206 1252 4257 sui
1282 4221 1396 4276 eum
1435 4221 1534 4258 non
1569 4221 1767 4276 recepe-

174 4286 311 4329 runt.
371 4277 633 4346 Quotquot
660 4284 830 4330 autem
858 4286 1153 4344 receperunt
1182 4290 1321 4343 eum,
1353 4275 1492 4329 dedit
1516 4276 1588 4329 eis
1620 4275 1765 4345 pote-

179 4355 380 4412 statem,
414 4356 520 4400 etc.

247 4416 374 4471 195.
407 4415 527 4471 Vat.
562 4416 623 4479 Β,
651 4419 740 4485 qui
765 4424 845 4482 et;
880 4415 974 4471 sed
1004 4425 1304 4471 correctum
1342 4419 1461 4486 quin
1487 4428 1553 4470 et.
1591 4416 1765 4486 Supra

1943 2315 2067 2369 191.
2096 2313 2277 2383 Prag.,
2300 2313 2467 2383 ritum
2495 2313 2824 2383 incognitum,
2848 2316 3024 2370 minus
3044 2315 3204 2371 bene.

1944 2384 2068 2440 195.
2103 2382 2251 2456 ᾼΙάζ,
2297 2382 2476 2456 Eg_m.,
2530 2382 3062 2456 Pal.,__‘Hails.,_7Vat.
3117 2388 3259 2456 Aet
3304 2386 3448 2456 Rat.,

1871 2457 2079 2576 garum,
2110 2454 2227 2508 Vat.
2258 2456 2315 2518 Β,
2350 2453 2626 2520 Erasmus,
2656 2452 2842 2522 Weit.,
2887 2453 3053 2513 Gisel.
3086 2464 3138 2511 et
3177 2452 3450 2526 Heinsius,

1909 2542 2057 2576 trum.

1909 2542 2057 2580 trum.

1943 2595 2069 2649 196.
2085 2594 2271 2665 Aldus,
2290 2603 2555 2665 coxeranl.
2572 2594 2708 2647 Baal
2728 2610 2824 2663 pro
2838 2596 3023 2665 quovis
3048 2595 3194 2650 idolo
3217 2599 3449 2661 ponitur.
3464 2600 3467 2603 ’

1945 2666 2068 2720 197.
2103 2664 2328 2718 Fumosa
2359 2664 2933 2735 obiantiquitatem,ut
2960 2670 3170 2735 fumosa:
3202 2667 3453 2735 imagines

1870 2735 2010 2803 apud
2039 2735 2373 2789 Ciceronem.
2399 2734 2529 2788 Nam
2554 2738 2621 2788 de
2649 2733 2921 2789 fabrorum
2947 2733 3175 2791 allicinis
3196 2733 3326 2792 nihil
3346 2746 3449 2802 est,

1871 2818 2035 2873 quare
2057 2807 2351 2871 cogitemus
2381 2805 2431 2857 in
2456 2820 2579 2857 saxo
2606 2815 2659 2857 et
2679 2806 2867 2867 stipite.

1940 2872 2062 2927 198.
2096 2874 2340 2928 Mendum
2364 2882 2448 2928 est
2470 2874 2588 2927 Vat.
2622 2874 2686 2936 A,
2716 2875 2914 2943 stipem.

1942 2943 2065 2998 199.
2104 2945 2241 2997 Vatt.
2276 2947 2340 3007 Α,
2374 2944 2391 2997 1
2420 2951 2474 2996 et
2511 2943 2728 3008 Weitz.,
2762 2945 3002 2997 sectilem.
3044 2943 3248 3001 Numen
3280 2950 3451 3001 sectile

1869 3027 1991 3067 cum
2026 3015 2247 3083 reliquis
2273 3013 2748 3083 intelligo;7neque
2776 3014 2945 3066 sectile
2986 3013 3217 3069 refertur
3244 3016 3309 3069 ad
3357 3020 3449 3071 sti-

1872 3085 2049 3152 pitem,
2075 3082 2166 3137 sed
2194 3084 2257 3136 ad
2289 3100 2490 3136 saxum.
2530 3082 2673 3147 Tres,
2705 3083 2873 3149 inquit
2912 3084 3180 3147 Erasmus,
3212 3089 3450 3142 materias

1873 3154 2027 3221 refert
2066 3154 2295 3216 deorum,
2340 3154 2582 3219 lapidem,
2628 3169 2717 3217 aes,
2749 3154 2963 3222 lignum.
3003 3153 3282 3222 Opiﬁcium
3328 3158 3448 3209 item

1872 3225 2055 3344 giplea:
2076 3241 2093 3276 :
2122 3224 2382 3278 metallum
2410 3224 2609 3275 raditur
2632 3224 2775 3287 lima,
2799 3238 2982 3278 saxum
3003 3235 3221 3291 secatur,
3253 3226 3451 3296 lignum

1910 3310 1938 3344 ο
1963 3305 2099 3344 alur.

1910 3296 2099 3347 alatur.

1940 3363 2290 3436 205._Gisel._.
2338 3360 2497 3436 Persa
2533 3372 2578 3416 et
2618 3362 2830 3436 scytha.
2876 3364 2981 3436 Alii
3014 3364 3194 3430 Persa,
3234 3366 3448 3436 Scytha,

1870 3433 1995 3502 quia
2040 3434 2219 3487 ultima
2261 3433 2316 3487 in
2360 3435 2516 3487 Persa
2548 3434 2855 3502 producitur
2893 3435 2963 3487 ob
2985 3453 3057 3488 sc.
3092 3433 3337 3491 dictionis
3369 3454 3452 3491 sc-

1911 3505 2104 3558 uentis.
2154 3505 2210 3556 In
2264 3504 2641 3572 orthographia
2683 3503 2888 3557 variant
2941 3506 3185 3570 codices,
3247 3507 3450 3573 Scitlia,

1870 3517 2104 3627 guentts.
2156 3517 2210 3556 In
2264 3517 2641 3572 orthographia
2683 3517 2888 3557 variant
2941 3517 3185 3570 coatces,
3247 3517 3447 3573 sauia,

1884 3644 1899 3654 ⁸
1917 3573 2070 3654 eluta,
2106 3575 2283 3654 διψία,
2310 3573 2524 3654 S_cytha.
2538 3573 2693 3654 aut,
2728 3574 3000 3654 mendose,
3028 3574 3275 3654 Scythia;
3304 3576 3447 3654 Vatt.

1870 3644 1913 3696 A
1946 3655 1998 3697 et
2030 3644 2091 3708 Β,
2124 3642 2297 3696 minus
2341 3643 2496 3707 bene,
2531 3642 2718 3711 Scytaz.
2754 3642 2881 3695 Urb.
2924 3642 3081 3696 Persa
3102 3642 3169 3697 ἐι
3212 3644 3447 3711 Scythia.

1940 3713 2068 3769 205.
2100 3711 2292 3767 Invitat
2329 3726 2487 3765 omne
2530 3712 2800 3763 hominum
2828 3727 2994 3779 genus
3026 3712 3091 3766 ad
3125 3713 3449 3770 laudandum

1872 3783 2062 3849 Deum,
2095 3782 2300 3837 scilicet
2338 3795 2431 3835 eos
2454 3795 2587 3850 quos
2634 3782 2855 3835 adversa
2898 3782 3092 3848 premit
3130 3783 3359 3847 fortuna,
3393 3795 3449 3839 et

1869 3853 1960 3923 qui
1994 3865 2247 3922 prospera
2281 3860 2517 3923 utuntur,
2549 3852 2639 3919 qui
2671 3852 3031 3923 benevalent,
3065 3852 3155 3921 qui
3190 3852 3450 3909 imbecilli

1870 3920 2013 3988 sunt,
2043 3920 2131 3992 qui
2158 3922 2267 3992 jam
2295 3922 2506 3975 mortui.
2547 3923 2667 3974 llaec
2693 3921 2905 3990 quidem
2937 3923 3237 3976 communis
3262 3933 3345 3977 est
3369 3924 3451 3979 in-

1870 3994 2205 4062 terpretatio.
2231 3991 2371 4046 Nihil
2403 4001 2579 4045 tamen
2619 3992 2892 4060 prohibet,
2930 3994 3215 4062 quominus
3241 3992 3306 4046 ad
3336 4009 3452 4049 mo-

1870 4061 1964 4118 res
1991 4065 2212 4125 releras,
2245 4071 2303 4115 ttt
2330 4077 2515 4116 omnes
2540 4065 2629 4129 qui
2657 4062 2811 4115 bonis
2837 4061 3095 4127 moribus,
3119 4063 3208 4130 qui
3231 4064 3453 4131 perditis

1871 4143 2016 4197 sunt,
2050 4134 2345 4187 invitentur
2374 4137 2439 4186 ad
2481 4132 2665 4186 laudes
2695 4131 2914 4185 Christo
2937 4134 3315 4198 concinendas,
3354 4136 3451 4190 sed

1871 4204 1942 4257 ita
1977 4216 2034 4257 ut
2056 4221 2198 4258 nemo
2225 4204 2437 4270 posthac
2462 4212 2689 4255 mortuus
2720 4202 2809 4267 sit,
2828 4201 2921 4257 sed
2953 4217 3139 4257 omnes
3161 4203 3227 4256 ad
3257 4203 3448 4261 bonam

1870 4275 2076 4342 frugem
2097 4275 2508 4338 conversi,‘vita,
2528 4288 2683 4340 quam
2706 4270 3145 4343 offertCliristus,
3162 4273 3445 4343 gaudeant.

1939 4341 2066 4399 208.
2096 4345 2250 4398 Canit
2278 4344 2542 4407 Ecclesia,
2572 4343 2753 4397 lesum
2776 4341 3044 4397 Christum
3078 4341 3306 4397 mortem
3337 4360 3453 4398 uo-

1871 4415 2065 4469 riendo
2088 4414 2452 4469 destruxisse:
2479 4428 2585 4483 quo
2603 4427 2764 4484 sensu
2795 4429 2941 4465 nemo
2963 4416 3079 4484 jam
3099 4423 3328 4484 mortuus
3354 4422 3450 4484 est.

180 4500 277 4539 nou
307 4486 487 4541 solum
512 4482 707 4540 tribum
730 4486 888 4552 Juda,
922 4487 1013 4540 sed
1044 4488 1206 4541 etiam
1234 4482 1421 4542 omnes
1447 4487 1579 4540 alias
1602 4482 1765 4543 Deum
1794 4486 1849 4548 D
1949 4487 2005 4539 In
2037 4484 2157 4539 cod.
2192 4485 2309 4539 Vat.
2349 4485 2389 4537 Β
2430 4482 2549 4549 past
2580 4484 2719 4552 hunc
2751 4482 3003 4551 hymnum
3043 4483 3317 4552 sequitur:
3356 4482 3452 4535 In-

178 4557 357 4625 colere
384 4558 656 4612 asseruit:
697 4571 839 4611 nunc
882 4556 1019 4611 idem
1070 4558 1135 4612 de
1172 4556 1419 4625 gentibus
1458 4558 1758 4614 conﬁrmat.

183 4623 409 4709 Pegener
433 4643 665 4709 prapago
692 4636 837 4709 sunt,
862 4626 1153 4709 qui_neqtte
1181 4623 1210 4679 ὸ
1243 4627 1566 4709 patriarchis
1584 4636 1761 4684 ortum

180 4693 401 4763 ducunt,
430 4693 485 4752 et
508 4693 574 4752 ad
600 4693 865 4753 idolorum
883 4693 1087 4752 cultum
1110 4712 1169 4754 se
1187 4693 1591 4753 converterunt.

1874 4558 1996 4625 cipit
2027 4556 2090 4609 de
2112 4554 2393 4625 apusculis,
2422 4551 2703 4625 Patrilieo
2737 4552 2986 4625 immolat,
3026 4568 3116 4625 per
3152 4553 3449 4625 traducum,

1874 4619 1934 4681 et"
1966 4619 2251 4678 trimetrum
2290 4621 2753 4692 endecasyllabum.
2781 4620 2850 4692 _ln
2883 4619 3451 4692 cod._'Ratisbonensi,

1873 4696 2019 4750 Finit
2047 4693 2445 4749 Cathemerinon
2475 4688 2741 4746 Frudentii
2766 4688 3056 4744 Clementis.

1410 5200 2203 5632 λξξὲξξ*
