3950 6326
480 305 583 360 91ῗί

1580 314 1858 373 AURELII
1895 313 2261 371 PRUDENTII
2296 315 2620 372 CARMINA.

3639 308 3732 367 916

1290 509 1728 594 INCIPIT
1785 503 2131 596 LIBER
2183 508 2941 596 APOTHEOSIS.

1868 661 2361 767 praefatio.

646 900 804 972 395
838 901 934 956 Est
962 902 1060 957 tria
1082 916 1289 957 summa
1320 903 1482 970 Deus,
1517 904 1716 958 trinum
1746 903 2044 972 specimen,
2077 916 2130 977 Α
2155 907 2188 960 5

1617 995 1794 1066 [vigor
1819 1011 1976 1051 unus.

647 1084 809 1157 396
835 1086 1006 1142 Corde
1035 1085 1208 1141 Patris
1233 1086 1410 1156 genita
1435 1095 1519 1142 est
1551 1084 1846 1156 Sapientia,
1889 1087 2058 1142 Filius

1687 1179 1825 1252 [ipse
1854 1189 1936 1234 est
1969 1197 1981 1232 :

651 1265 880 1322 Sanctus
907 1267 976 1322 ab
1001 1276 1203 1324 interno
1232 1269 1477 1324 subsistit
1501 1269 1732 1339 Spiritus
1754 1285 1868 1325 ore.

652 1359 920 1431 Tempore
969 1377 1069 1418 nec
1112 1364 1294 1419 senior
1339 1363 1497 1418 Pater
1535 1373 1656 1429 est,
1701 1379 1808 1420 .nec
1838 1363 2060 1420 numine

1748 1455 1943 1525 [major
1972 1474 1984 1507 :

2335 903 2466 959 Nam
2492 903 2704 971 sapiens
2733 909 2878 956 retro
2907 912 3124 968 semper
3144 898 3288 954 Deus
3315 899 3487 954 edidit
3509 915 3570 953 ex
3599 914 3673 964 se,

2342 995 2446 1050 Per
2494 994 2636 1065 quod
2679 1008 2892 1064 semper
2939 999 3056 1047 erat
3097 991 3365 1062 gignenda
3414 991 3485 1046 ad
3531 992 3740 1057 saecula,

2419 1145 2427 1154 _
3396 1082 3674 1155 [Verbum.

2343 1177 2519 1233 Edere
2548 1175 2642 1232 sed
2666 1176 2900 1231 Verbum
2927 1174 3100 1230 Patris
3129 1181 3231 1241 est,
3265 1182 3319 1228 at
3345 1183 3543 1228 caetera
3575 1173 3742 1236 Verbi,

2340 1273 2685 1339 Assumptum
2735 1276 2947 1338 gestare
2991 1267 3304 1333 hominem,
3333 1282 3591 1337 reparare
3629 1281 3742 1334 per-
3831 1329 3838 1336 .

3397 1359 3679 1432 [emptum,

2346 1453 2503 1524 397
2521 1453 2821 1509 Conciliare
2838 1451 3005 1521 Patri,
3021 1453 3314 1522 dextraque
3334 1451 3389 1506 in
3409 1451 3543 1506 sede
3557 1451 3747 1505 locare.

1789 1543 2078 1600 GL’OSSE
2123 1543 2465 1599 VETERES.

549 1639 602 1696 1.
642 1638 884 1701 Summa,
936 1635 1270 1706 principalia,
1320 1636 1599 1706 principia.
1640 1662 1711 1676 —
1749 1633 2059 1704 Specimen,

480 1710 659 1765 divisio
687 1703 1036 1778 personarum.
1060 1703 1131 1747 -ὲ
1158 1703 1335 1778 Vigor,
1369 1708 1550 1771 uirtus,
1573 1703 1611 1760 l.

520 1823 524 1826 .
549 1781 601 1836 5.
646 1775 833 1844 Retro,
861 1780 971 1832 sine
996 1778 1166 1844 initio,
1188 1776 1242 1829 id
1270 1784 1342 1831 est
1363 1786 1481 1831 ante
1507 1775 1775 1844 swculum,
1799 1777 1852 1830 in
1877 1791 2057 1846 perpe-

2173 1645 2338 1700 tuum,
2373 1635 2414 1688 Ι.
2879 1690 2892 1699 ,

2244 1707 2301 1762 'l.
2340 1703 2536 1772 Edere,
2570 1702 2799 1775 gignere,
2831 1701 2938 1759 Iso.

1834 1865 2402 1927 COMMENTARIUS.

547 1963 757 2018 Titulus
778 1965 918 2032 apud
942 1963 1133 2020 Aldum
1166 1972 1248 2021 est
1280 1983 1292 2019 :
1320 1967 1516 2021 Aurelii
1542 1964 1812 2020 Prudentii
1833 1963 2064 2032 Clemens

482 2035 541 2088 tis
568 2033 634 2106 γ.
659 2034 718 2088 C.
743 2035 1067 2104 Apotheosis.
1095 2035 1333 2106 Hymnus
1356 2040 1417 2091 de
1441 2035 1690 2090 Trinitate
1720 2051 1878 2106 aquai
1902 2035 2062 2106 etiam

482 2106 544 2186 in.
570 2105 722 2174 Egm.
753 2117 837 2228 cf}
865 2105 1332 2177 inscriptiolmjus
1361 2107 1708 2188 prmfationis.
1730 2105 1802 2188 .ln
1835 2106 1954 2182 Vat.
1989 2105 2060 2158 A:

481 2175 634 2228 Liber
676 2175 740 2228 de
825 2177 1060 2228 rinitate:
1088 2186 1281 2228 caetera
1313 2177 1523 2228 desunt.
1578 2176 1886 2228 Gtselmus:
1927 2175 2060 2228 Ano-

529 2193 634 2227 ιυετ
676 2193 740 2229 ae

483 2243 690 2316 thcosis.
741 2245 1010 2316 Pra’falio,
1059 2254 1114 2298 et
1163 2249 1228 2316 ad
1280 2261 1446 2316 marg.
1482 2245 1745 2316 Trinitatis
1778 2244 2064 2316 _confrssio.

483 2311 742 2384 Heinius
776 2311 1028 2384 {Incipit
1054 2315 1355 2384 Apotheosis
1380 2311 1422 2377 ,⁷
1447 2316 1516 2368 id.
1545 2325 1630 2368 est,
1662 2314 1726 2367 de
1768 2312 2066 2366 Divinitate.

485 2382 610 2454 Vat.
641 2383 764 2454 Biet
786 2383 917 2438 Mar.
940 2380 1188 2454 ':_Incipit
1217 2383 1342 2436 liber
1366 2385 1661 2454 Apotheosis
1689 2397 1809 2436 cum
1837 2384 2071 2451 explica-

485 2453 652 2522 tlonc,
680 2452 733 2504 id
767 2457 837 2506 est
862 2450 1245 2522 depivinitate,
1275 2450 1434 2522 quam
1463 2455 1530 2507 ab
1558 2463 1775 2507 auctore
1817 2450 1921 2507 non
1952 2465 2072 2506 esse

485 2521 687 2591 judico.
717 2522 822 2578 Sed
855 2523 906 2577 in
935 2521 1139 2577 Moriet.
1175 2521 1307 2577 liber
1352 2523 1437 2578 hic
1490 2523 1703 2592 ponitur
1732 2532 1850 2591 post
1901 2521 2072 2575 Ditto—

487 2593 718 2646 chteum.
749 2594 804 2646 ln
838 2594 993 2648 Alex.
1017 2603 1071 2647 et
1101 2593 1237 2647 Aldo
1267 2596 1446 2648 statim
1482 2605 1598 2661 post
1642 2595 1895 2663 hymnum
1946 2593 2072 2659 Epi—

488 2663 699 2734 plianim
722 2664 1299 2734 Succedit.-ipotheosis.
1326 2664 1461 2734 Vide
1489 2663 1538 2734 in
1573 2667 1776 2734 proleg.
1801 2663 2071 2734 diverfum

491 2733 734 2788 ordinem
764 2750 982 2803 operum
1017 2750 1134 2801 cap.
1166 2734 1220 2799 5,
1243 2731 1283 2803 4
1314 2743 1365 2788 et
1405 2733 1460 2791 5.
1493 2733 1565 2788 De
1595 2734 1696 2789 hoc
1729 2731 1898 2789 'titulo‘
1946 2733 2072 2786 Bar-

489 2803 635 2874 thius
666 2803 758 2857 lib.
791 2802 899 2867 m,
932 2819 1050 2871 cap.
1081 2803 1149 2858 2i
1181 2822 1193 2856 :
1229 2802 1500 2858 Prudentii
1529 2806 1572 2858 is
1603 2805 1747 2871 liber,
1777 2805 1865 2874 qui
1894 2803 2073 2857 erco

489 2873 638 2946 titulo
663 2876 962 2946 Apotheosis
991 2875 1304 2936 inscribitur,
1329 2891 1647 2946 nequaquam
1676 2893 1738 2929 nr.
1765 2873 2073 2929 Dtvmrne

490 2951 565 3014 est
589 2944 940 3014 inscribendas
968 2961 986 2999 :
1019 2962 1120 2997 non
1143 2948 1278 2999 enim
1303 2944 1551 3014 disputat,
1583 2963 1647 2997 an
1675 2947 1760 3008 sit,
1784 2947 1860 2999 vel
1879 2962 1990 3013 qua:
2008 2947 2076 2998 sit

494 3011 770 3086 Divinitas.
805 3013 910 3086 sed
949 3013 1133 3082 scapus
1163 3011 1393 3069 auctoris
1415 3017 1602 3086 egregii
1627 3027 1700 3068 est
1729 3011 2076 3070 demonstrare

491 3079 807 3155 divinitatem
828 3079 1048 3155 pliristi,
1077 3089 1212 3155 quod
1241 3087 1283 3139 is
1314 3079 1485 3139 divin'o
1515 3079 1703 3139 lionore
1723 3089 1963 3141 colendus
1986 3087 2074 3150 sit,

491 3168 584 3224 nec
612 3154 789 3222 dispar
818 3151 986 3220 Patri,
1021 3151 1136 3208 licet
1167 3157 1391 3208 humana
1431 3165 1616 3209 natura
1662 3156 1846 3211 deitate
1875 3165 2077 3224 recepta

492 3223 576 3295 sit,
609 3239 722 3292 qua!
742 3240 854 3276 vero
880 3234 954 3295 est
981 3224 1497 3295 apotheosis.Neque
1526 3242 1616 3294 ego
1645 3225 1796 3293 plane
1824 3223 2072 3295 improbo,

492 3292 601 3363 ipso
626 3309 780 3361 prope
799 3305 874 3346 est
900 3293 1070 3363 plane,
1103 3306 1156 3346 ut
1197 3294 1422 3363 probem,
1468 3292 1652 3348 veteris
1686 3298 1844 3347 nostri
1886 3292 2075 3349 codicis

497 3359 747 3414 Helvetici
775 3359 1244 3430 interpretationem
1272 3381 1334 3417 on
1370 3379 1649 3419 DIVATIONE
1675 3382 1688 3417 :
1716 3381 1830 3433 qua:
1853 3365 1967 3416 licet
1989 3381 2076 3418 ea:-

493 3445 670 3502 pressa
701 3433 772 3484 sic
811 3449 910 3486 non
940 3434 1022 3498 sit,
1055 3451 1170 3487 nam
1198 3435 1261 3487 de
1281 3435 1590 3488 divinatione
1616 3437 1892 3502 praeferunt
1921 3450 2077 3487 mem-

494 3500 687 3589 (genae,
716 3507 1184 3589 tamenantiquitus
1223 3506 1292 3556 ita
1321 3500 1622 3589 conceptam
1643 3503 2074 3589 {ﬁnisseaugur‘oiu
2105 3527 2152 3589 ρ

497 3570 784 3645 Respondet
815 3575 946 3626 enim
977 3575 1166 3628 divalio
1197 3570 1483 3643 apotheosi,
1509 3587 1561 3642 ut
1586 3570 1772 3645 referre
1801 3570 1929 3628 inter
1958 3577 2078 3631 deos

494 3641 640 3716 aliud
666 3641 907 3716 Latinum
937 3641 1259 3716 vocabulum,
1311 3663 1463 3698 unum
1505 3641 1729 3716 quidem,
1761 3663 1863 3700 non
1910 3645 2078 3703 habet.

494 3710 695 3785 {oseph
725 3714 1022 3785 liodrigurz
1053 3713 1120 3770 de
1161 3715 1374 3782 Castro,
1405 3718 1492 3784 qui
1516 3710 1587 3772 'in
1619 3717 1755 3770 Bibl.
1805 3716 1953 3785 Hisp.
1983 3718 2077 3784 ait,

497 3775 694 3856 librum
727 3775 1049 3852 Apotheosis
1082 3775 1480 3842 inscribendum
1512 3803 1630 3842 esse
1659 3791 1729 3856 de
1751 3775 2079 3856 divinatione,

494 3855 538 3906 si
569 3853 699 3909 fides
727 3858 944 3911 Barthio
973 3857 1046 3911 sit
1087 3859 1405 3924 adhibenda,
1438 3858 1662 3912 fortasse
1704 3855 1883 3912 dicere
1913 3853 2082 3914 v0luit

496 3924 875 4000 dedicatione:
904 3929 1185 4000 hocenim
1216 3939 1414 4000 pugnat
1443 3929 1712 4000 Barthius.
1765 3925 2079 4000 Emmanuel

498 3989 688 4066 Riscus
718 4006 862 4050 tumo
904 3998 1072 4052 XXXI
1105 3989 1253 4066 llisp.
1292 3989 1437 4053 sacr.
1477 3997 1730 4064 advertit,
1771 3998 2078 4066 apotheosis

499 4064 810 4138 vocabulum
849 4082 980 4138 non,
1004 4083 1122 4132 esse
1154 4064 1339 4123 stricto
1383 4085 1540 4122 sensu
1583 4064 1951 4136 accipiendum
1983 4065 2079 4138 pro

499 4131 760 4212 relatione
790 4135 1127 4212 interhdivos,
1160 4153 1278 4212 cum
1314 4138 1580 4212 Prudentii
1612 4131 1803 4212 scapus
1826 4140 1893 4192 sit
1921 4131 2080 4212 agere

500 4199 570 4253 de
600 4201 874 4275 divinitate
921 4199 1140 4260 Christi.
1174 4206 1291 4260 Vat.
1330 4210 1372 4259 A
1420 4219 1544 4261 ante
1576 4199 2080 4275 prmfationemvpri-

499 4285 640 4323 mam
672 4271 1038 4339 Apotlieoseos
1069 4277 1224 4330 aliter
1255 4277 1460 4330 videtur
1504 4271 1605 4330 hoc
1635 4277 1949 4331 vocabulum
1975 4271 2080 4332 ’ἰη-

499 4337 778 4415 terpr'etari
806 4361 818 4396 :
850 4345 1136 4410 Quomodo,
1172 4347 1366 4415 inquit,
1401 4347 1629 4400 homines
1676 4347 1728 4398 in
1769 4349 2080 4402 divinitatem

499 4407 902 4490 transferuntur.
939 4407 1131 4484 Facile
1157 4407 1448 4490 assentiar,
1481 4415 1828 4469 Prudentium
1862 4434 2082 4490 compo-

497 4481 843 4558 suissehunc
866 4493 917 4539 et
945 4481 1257 4558 sequentem
1285 4486 1572 4558 libr_um,ut
1601 4501 1838 4558 errorem
1871 4481 2082 4543 Prisi'il-

499 4551 853 4631 ljanistarum,
885 4557 975 4624 qui
999 4557 1135 4631 altas
1159 4557 1361 4610 radices
1387 4556 1442 4610 in
1464 4554 1714 4624 Hispania
1739 4570 1936 4631 egerat.
1965 4558 2080 4613 fun-

498 4618 639 4675 ditus
671 4618 957 4690 everteret.
993 4627 1096 4700 sed
1134 4644 1262 4700 [non
1306 4618 1585 4696 propterea
1634 4618 1934 4695 negandum
1974 4641 2075 4700 εει,

498 4699 709 4765 veteres
738 4709 970 4764 errores,
1001 4698 1066 4752 ab
1097 4698 1213 4751 aliis
1245 4697 1352 4765 jam
1381 4703 1703 4765 con'utatos,
1736 4712 1764 4750 a
1794 4697 2080 4756 Prudentia

497 4761 616 4842 data
667 4779 828 4842 0pe_r_a
867 4759 1159 4842 impugnari
1195 4785 1209 4820 :
1245 4759 1349 4842 imo
1379 4768 1446 4842 ab
1501 4784 1564 4822 eo
1590 4759 1907 4842 Sabellium,
1942 4769 2079 4842 Mar-

495 4835 727 4906 cionem,
762 4835 1106 4890 Manichaeum
1161 4838 1470 4892 nominatim
1523 4838 1689 4892 refelli
1723 4837 1940 4906 censeo,
1975 4841 2081 4906 pri-

493 4902 739 4978 scilliano
770 4921 1036 4971 nunquam
1061 4913 1377 4972 .numinato,
1410 4917 1468 4961 ut
1513 4909 1839 4974 ostenderet,
1888 4902 2078 4978 quibus

494 4975 803 5049 auctoribus
861 4978 965 5031 illa;
1014 4980 1246 5033 haereses
1273 4979 1382 5048 jam
1433 4981 1558 5031 olim
1611 4975 1936 5045 erupissent,
1985 4992 2075 5035 aut

493 5038 721 5119 {pissent
753 5059 1073 5119 propagata).
1109 5038 1290 5116 itaque
1321 5065 1424 5102 non
1457 5052 1590 5102 bene
1619 5038 1833 5117 quidam
1869 5038 1963 5103 hac
1994 5067 2077 5105 ra-

494 5117 642 5164 tione
671 5117 905 5180 conjicit.
941 5118 1191 5172 lemmata
1226 5120 1478 5172 librorum
1515 5136 1617 5172 non
1641 5133 1759 5173 esse
1787 5137 1814 5172 a
1844 5120 2079 5175 Pruden-

493 5181 588 5242 tio.
624 5185 1287 5260 qu_ia_is_Priscillianistas
1309 5191 1604 5258 praesertim
1629 5201 1920 5260 oppugnat.
1948 5191 2078 5246 Vide

489 5261 603 5326 not.
636 5255 700 5326 ad
734 5255 942 5326 titulum
976 5255 1369 5326 Apotheoseos.

567 5323 614 5376 ί.
660 5323 716 5398 In
746 5325 1006 5398 Trinitale
1026 5323 1158 5382 sunt
1194 5331 1293 5382 tria
1330 5346 1548 5383 summa.
1584 5331 1641 5385 S.
1668 5329 1996 5398 Augustinus
2021 5331 2076 5386 in

489 5395 720 5466 append.
743 5394 816 5466 Vde
847 5397 1073 5450 diversis
1099 5413 1262 5451 serui.
1295 5400 1365 5453 50
1397 5416 1407 5445 ε
1441 5400 1634 5454 Sancta
1664 5394 1889 5452 Trinitas
1919 5417 2074 5466 unus,

487 5471 530 5542 et
556 5461 786 5542 εις-ίῳρη
813 5467 1104 5542 substantia
1121 5468 1283 5542 solus,
1303 5470 1356 5521 in
1387 5472 1616 5542 personis
1647 5473 1765 5542 tria.
1799 5471 1864 5523 Et
1889 5473 1979 5542 lib_.
2007 5461 2077 5526 vi:

486 5529 553 5582 de
583 5529 759 5596 Trin.,
799 5548 918 5599 cap.
949 5537 1022 5589 ιε
1057 5534 1184 5588 Haec
1212 5529 1313 5590 tria
1353 5529 1507 5591 simul
1535 5557 1666 5594 unus
1698 5541 1904 5594 Deus...
1937 5540 2076 5592 Rur-

485 5613 570 5680 sus
603 5615 708 5680 non
735 5617 841 5654 esse
863 5609 966 5680 tria
987 5608 1242 5680 quaedam,
1271 5623 1383 5680 non?
1405 5617 1602 5674 poterat
1632 5610 1798 5664 dicere
1820 5611 2073 5680 (humana

486 5669 1142 5759 '.':3‘lif‘__'ffi1“?_'ldil.9tﬂd
1177 5669 1466 5759 ,δάι’ςίιὲερ
1496 5681 1617 5759 ιιιιίιι
1644 5681 1793 5746 ἀίων
1827 5669 1878 5759 in
1911 5689 2072 5759 hs"-

488 5741 569 5782 stn
597 5736 781 5798 lapsus
817 5750 912 5792 est.
956 5736 1026 5793 Εἰ
1053 5743 1146 5796 lib.
1175 5757 1225 5796 vi
1273 5745 1340 5798 de
1369 5736 1650 5813 Trinitate,
1679 5736 1800 5816 cap'.
1831 5751 1864 5803 4
1895 5767 1906 5803 :
1940 5751 2072 5805 Sunt

2169 1957 2263 2012 illa
2295 1957 2393 2011 tria'
2438 1939 2577 2011 Deus
2608 1971 2763 2011 unus.
2806 1954 3042 2021 Scilicet,
3071 1963 3129 2010 ut
3160 1955 3453 2025 loquuntur
3502 1956 3756 2027 theologi,

2172 2032 2269 2082 tria
2296 2029 2581 2082 individua.
2614 2028 2846 2082 Trinitas
2875 2027 3038 2082 etiam
3066 2042 3417 2095 personarum
3449 2041 3556 2082 non
3585 2027 3760 2083 incon-

2171 2109 2429 2168 gruenter
2458 2113 2556 2167 per
2585 2100 2775 2151 trinum
2806 2097 3058 2164 specimen
3087 2099 3439 2168 signiﬁcatur,
3485 2113 3552 2152 co
3583 2115 3756 2163 sensu,

825 2166 1060 2241 rinitate';
1088 2166 1281 2230 caeter'a
1313 2166 1523 2230 désunt.
1578 2171 1886 2230 Giselinus:
1927 2175 2064 2240 Apo-
2097 2166 2146 2226 B
2173 2166 2280 2241 duo
2311 2166 2483 2223 Graeci
2517 2179 2625 2224 tres
2655 2169 2998 2241 cha‘racter_es
3025 2168 3227 2222 dicunt.
3261 2167 3319 2223 S.
3354 2170 3684 2222 Athanasius
3708 2170 3756 2223 in

2172 2240 2374 2306 Qumst.
2409 2255 2543 2302 sec.,
2577 2249 2774 2309 qnmst.
2805 2241 2834 2294 7
2865 2256 2876 2291 :
2912 2237 3034 2292 Tres
3074 2254 3320 2306 personas
3366 2241 3637 2305 conﬁteor,
3669 2249 3766 2294 tres

2173 2310 2547 2374 subsistentias,
2587 2311 2686 2362 tria
2717 2310 2945 2378 prapria,
2972 2312 3070 2362 tria
3108 2310 3396 2373 indit-idua,
3447 2319 3547 2361 tres
3589 2310 3767 2362 chara~

2174 2390 2354 2432 cteres.
2386 2378 2480 2432 llis
2502 2382 2744 2447 apprime
2779 2391 3038 2432 consonat.
3067 2379 3356 2432 concilium
3395 2378 3768 2433 Con~tantino~

2175 2449 2467 2516 politannm
2500 2464 2570 2516 tv,
2597 2449 2806 2502 actione
2832 2449 2896 2504 l0
2921 2465 2933 2500 :
2958 2447 3130 2518 Unum
3155 2450 3360 2518 quidem
3384 2460 3432 2502 et
3458 2449 3769 2517 singularem

2176 2519 2341 2572 Deum
2385 2521 2664 2572 secundum
2707 2522 2952 2572 rationem
2982 2517 3297 2584 substantia’,
3341 2522 3530 2572 trinum
3579 2531 3768 2586 attlem,

2176 2590 2252 2642 vel
2272 2590 2394 2653 tria,
2411 2589 2470 2666 ἐξ
2499 2606 2615 2643 eum
2638 2591 2916 2666 secundum
2947 2593 3194 2666 rationem
3227 2605 3558 2666 personarum
3589 2593 3770 2666 untdi-

2177 2676 2373 2712 camus.
2411 2658 2593 2714 Plures
2615 2657 2817 2714 similes
2847 2657 3237 2714 locutiones‘ex
3270 2661 3516 2714 Patribus
3547 2663 3765 2729 exponit

2177 2729 2426 2784 Petavius
2454 2737 2584 2784 tom.
2631 2730 2694 2795 Η,
2726 2730 2823 2783 lib.
2860 2745 2978 2794 vni,
3015 2745 3132 2796 cap.
3173 2735 3227 2796 9,
3273 2746 3496 2798 quarum
3529 2735 3773 2787 omnium

2177 2816 2241 2853 eo
2273 2799 2412 2854 redit
2441 2803 2600 2866 ratio,
2630 2810 2689 2854 ut
2720 2799 2940 2866 pluralis
2971 2815 3225 2855 numerus
3258 2801 3544 2870 signiticet,
3592 2815 3772 2868 perso-

2179 2885 2276 2941 nas
2307 2870 2545 2939 singulas
2576 2871 2924 2940 qualitatibus
2955 2871 3076 2941 illis,
3129 2871 3174 2925 si
3227 2873 3296 2924 ita
3350 2872 3492 2941 loqui
3544 2873 3624 2926 fas
3671 2881 3771 2940 est,

2121 2991 2136 2999 ,
2187 2940 2407 2994 allectas
2436 2956 2576 3006 esse,
2601 2956 2721 3010 qua:
2750 2948 2926 2994 tamen
2958 2940 3143 2994 divisae
3173 2957 3279 2996 non
3313 2940 3434 2994 sunt
3465 2942 3558 3005 ita,
3594 2952 3648 2996 ut
3681 2957 3774 2996 sua

2178 3013 2370 3080 cuique
2397 3014 2612 3096 propria
2645 3019 2916 3092 suppetat,
2939 3025 2976 3096 _a
3004 3027 3104 3075 qua
3136 3012 3570 3096 denominant-tur,
3602 3014 3696 3066 sed
3721 3019 3774 3066 ut

2181 3097 2281 3134 una
2313 3090 2367 3134 et
2396 3080 2666 3136 individua
2691 3081 2758 3134 sit
2785 3081 2852 3151 Ain
2886 3082 3074 3150 tribus,
3110 3080 3568 3151 quemadmodum
3613 3093 3666 3136 et
3693 3098 3774 3137 es-

2179 3152 2372 3204 sentia.
2399 3153 2754 3221 Hincmarus:
2774 3149 2848 3204 De
2876 3167 2974 3204 non
3008 3149 3141 3204 trina
3168 3152 3354 3206 deitate
3376 3167 3482 3205 non
3516 3151 3773 3221 probabat

2181 3223 2369 3274 trinum
2391 3223 2638 3290 specimen
2660 3238 2676 3285 ,°
2698 3219 2884 3274 Arator
2910 3222 3093 3274 trinam
3125 3225 3441 3289 potestatem,
3467 3219 3774 3276 et’Prttden-

2180 3294 2279 3344 tius
2302 3293 2484 3345 trinum
2508 3292 2738 3356 pietatem
2759 3292 2932 3343 dicunt
2954 3295 3100 3344 melri
3124 3295 3486 3346 necessitate...
3503 3293 3634 3346 idem
3648 3293 3773 3344 Pru-

2182 3363 2381 3413 dentius
2412 3363 2632 3428 fortasse
2670 3364 2816 3413 metri
2844 3362 2953 3431 lege
2981 3373 3184 3414 coactus
3229 3363 3294 3414 ad
3321 3361 3772 3416 demonstrandum

2182 3441 2282 3484 tres
2303 3447 2547 3501 personas
2570 3431 2718 3484 unius
2749 3432 3043 3484 substantia
3068 3432 3194 3486 alibi
3220 3433 3414 3497 scribit,
3444 3436 3619 3487 dicens
3647 3450 3663 3485 :
3691 3433 3774 3485 Est

2183 3502 2280 3554 tria
2303 3518 2498 3572 annona
2525 3502 2682 3566 Deus,
2698 3505 2884 3555 trinum
2905 3504 3178 3572 specimen.
3195 3505 3337 3572 vigor
3360 3521 3511 3555 unus.
3529 3505 3635 3556 Sed
3656 3520 3775 3571 quo-

2187 3573 2321 3644 niam
2345 3582 2397 3623 ut
2425 3570 2720 3644 Priscianus
2742 3572 2886 3634 dicit,
2902 3570 3116 3637 a'specie
3136 3570 3404 3626 deducitur
3424 3570 3700 3644 specimen,
3728 3575 3776 3627 in

2188 3637 2294 3694 Deo
2318 3644 2507 3695 trinum
2539 3643 2786 3710 specimen
2811 3644 3055 3712 catholice
3078 3660 3177 3696 non
3204 3653 3365 3712 potest
3384 3637 3506 3707 diri,
3534 3646 3776 3712 utAugu-

2184 3715 2347 3765 stinns
2373 3715 2426 3765 in
2457 3713 2584 3766 libro
2608 3728 2677 3766 vu
2707 3714 2768 3764 de
2819 3711 3066 3765 Trinitate
3092 3714 3236 3775 dicit,
3259 3717 3394 3782 quia.
3412 3731 3509 3765 non
3539 3724 3659 3767 sunt
3684 3711 3777 3766 tres

2184 3785 2374 3867 specief
2401 3787 2551 3836 unius
2573 3787 2802 3867 essentia:
2837 3781 3010 3845 Pater,
3040 3794 3086 3836 et
3113 3782 3165 3867 _F
3169 3781 3311 3847 ilius,
3331 3796 3373 3867 et
3407 3785 3636 3867 Spiritus
3663 3802 3777 3867 san:

2185 3864 2310 3908 ctus.
2344 3855 2410 3907 At
2446 3854 2698 3922 oportuit,
2737 3853 3081 3907 Hincuiarum
3112 3855 3225 3908 lucc
3251 3853 3560 3908 diSIinxisse
3591 3874 3602 3905 :
3636 3855 3777 3908 aliud

2186 3934 2265 3977 est
2296 3927 2437 3976 enim
2472 3927 2652 3977 dicere
2683 3933 2782 3976 tres
2817 3925 3027 3992 species,
3081 3925 3224 3978 aliud
3258 3927 3446 3977 trinum
3493 3923 3776 3992 specimen;

2186 3995 2324 4047 sicut
2353 4010 2454 4047 non
2486 4005 2566 4048 est
2617 3994 2754 4047 idem
2804 3998 2936 4046 trina
2977 3996 3163 4058 deitas,
3200 4009 3263 4048 ac
3310 4006 3409 4047 tres
3441 3996 3531 4046 dii.
3577 3996 3773 4048 Marius

2186 4063 2368 4132 Victor
2400 4064 2491 4134 lib.
2529 4079 2541 4118 ι
2573 4064 2745 4119 dixit:
2785 4061 2958 4117 Virtus
2990 4065 3123 4116 trina
3165 4063 3321 4117 Deus.
3355 4065 3536 4134 Neque
3566 4066 3617 4118 in
3658 4063 3775 4117 Au-

2184 4131 2395 4204 gustino
2428 4131 2713 4203 quidquam
2738 4138 2967 4201 reperio,
2995 4135 3133 4201 quod
3165 4133 3432 4187 Hiucmari
3456 4131 3631 4188 eausa:
3660 4135 3774 4204 ullo

2184 4203 2343 4259 modo
2372 4205 2563 4260 faveat.
2607 4203 2756 4258 Dudo
2802 4206 3043 4259 Decanus
3086 4205 3143 4258 S.
3197 4206 3435 4270 Quiutmi
3477 4205 3564 4257 lib.
3602 4218 3658 4257 ιιι
3705 4203 3777 4258 de

2185 4273 2319 4329 Mor.
2347 4275 2627 4332 Norman..
2664 4291 2782 4343 pag.
2821 4275 2946 4337 102,
2973 4290 3186 4328 versum
3239 4277 3380 4330 hunc
3413 4291 3440 4327 a
3481 4273 3779 4342 Prudentia

2185 4353 2458 4399 mutuatus
2490 4353 2573 4399 est
2603 4363 2615 4398 ε
2657 4347 2757 4412 Qui
2799 4349 2897 4399 tria
2942 4359 3138 4399 summa
3166 4357 3357 4410 manet,
3393 4347 3579 4398 trinum
3609 4346 3780 4413 speci-

2183 4431 2318 4482 men,
2349 4416 2489 4483 vigor
2519 4433 2672 4470 unus.
2704 4444 2706 4447 -

2253 4485 2306 4541 2.
2352 4485 2477 4539 Post
2507 4485 2677 4554 genita
2704 4485 2941 4540 abcslest
2970 4502 2996 4539 a
3028 4483 3248 4555 Pragen.
3269 4483 3618 4540 Gisclinusin
3643 4495 3781 4542 utra-

2183 4571 2285 4624 que
2317 4556 2553 4612 editione
2584 4558 2764 4610 omisit
2793 4568 2866 4610 est
2898 4567 3014 4624 post
3041 4557 3207 4611 Filius
3231 4559 3357 4627 ipse,
3394 4573 3568 4626 neque
3621 4555 3783 4612 llein-

2183 4630 2292 4697 sius
2321 4627 2610 4697 quidquam
2643 4629 2937 4690 annotavit,
2985 4629 3231 4697 quamvis
3266 4629 3496 4680 ediderit
3544 4627 3654 4697 ipse
3683 4641 3779 4683 est.

2184 4693 2350 4763 Same
2381 4693 2534 4767 poeta
2583 4698 2635 4752 id
2675 4699 2944 4766 exprimit,
2979 4696 3172 4750 Filium
3219 4699 3370 4749 corde
3411 4693 3586 4752 Patris
3633 4700 3784 4769 geni-

2187 4776 2319 4820 tum.

2258 4837 2310 4892 5.
2354 4837 2430 4891 De
2459 4839 2804 4905 processione
2836 4837 3068 4907 Spiritus
3094 4837 3265 4892 sancti
3300 4837 3423 4892 vide
3453 4841 3723 4906 hymnum
3752 4838 3785 4893 6

2105 4894 2158 4955 D
2181 4905 2334 4960 Cath.

2252 4978 2306 5031 4.
2349 4979 2469 5033 Vat.
2505 4979 2566 5044 Β,
2594 4979 2746 5042 Urh.,
2781 4978 2940 5039 Mala,
2972 4978 3090 5032 Vat.
3125 4980 3164 5044 Ι,
3188 4976 3308 5031 Rat.
3334 4993 3362 5031 a
3392 4977 3562 5046 prima
3595 4996 3784 5047 manu,

2183 5051 2406 5104 nomine.
2430 5049 2548 5103 Ald.
2575 5059 2629 5102 et
2648 5049 2738 5102 alii
2772 5049 2922 5112 editi,
2941 5050 3144 5102 numine
3173 5065 3290 5102 cum
3323 5050 3477 5102 Alex.
3495 5059 3550 5103 et
3571 5048 3784 5105 \Vidm.

2183 5131 2213 5169 a
2245 5122 2411 5186 prima
2437 5135 2617 5172 manu.

2261 5193 2315 5244 5.
2345 5190 2580 5256 _!Eterna
2606 5189 2764 5244 Verbi
2797 5190 3072 5258 generatio
3096 5189 3392 5244 clarissime
3425 5189 3510 5242 hic
3533 5192 3788 5258 explica-

2185 5261 2293 5330 tur.
2332 5257 2464 5314 Vide
2495 5259 2681 5330 hymn.
2704 5257 2859 5314 Catii.
2893 5261 2979 5314 Η.

2260 5328 2313 5382 6.
2353 5330 2469 5384 Vat.
2490 5328 2608 5384 A‘et
2636 5329 2813 5400 Prag.,
2831 5345 3027 5397 semper
3048 5338 3211 5393 erant,
3231 5330 3504 5384 mendose.
3526 5329 3587 5383 S.
3608 5332 3790 5401 Cyril-

2185 5398 2268 5452 lus
2296 5401 2692 5455 Alexandrinus
2717 5398 2765 5453 in
2787 5401 3357 5468 Thesaur.,assert.5,
3383 5400 3531 5466 plura
3567 5403 3621 5455 in
3648 5398 3791 5456 hanc

2177 5473 2507 5541 sententiam
2540 5471 2801 5541 congerit,
2836 5470 3090 5540 probans,
3121 5471 3333 5524 Patrem
3365 5485 3470 5524 non
3503 5475 3788 5527 exstitisse

2178 5547 2301 5595 ante
2332 5540 2551 5606 Filium,
2585 5540 2792 5597 tametsi
2825 5543 3094 5607 ingenitus
3117 5541 3206 5594 sit.

2251 5615 2300 5664 8.
2348 5612 2634 5681 'l‘heologis
2666 5613 2937 5668 nonnullis
2965 5611 3213 5678 displicet
3259 5611 3371 5665 hmc
3403 5611 3607 5665 locutio
3636 5630 3787 5666 assu-

2179 5697 2330 5736 mere.
2366 5693 2451 5735 aut
2499 5684 2757 5749 suscipere
2789 5684 3043 5736 hominem
3072 5683 3136 5735 de
3170 5681 3327 5735 Verbi
3380 5682 3785 5735 incarnatione.

2177 5752 2305 5806 Eam
2337 5753 2556 5807 adhibet
2600 5755 2886 5808 concilium
2931 5752 3101 5809 Tolet.
3142 5767 3213 5818 tv,
3257 5767 3375 5806 can.
3411 5753 3432 5804 1
3477 5751 3674 5804 :L'iius
3723 5757 3789 5806 ds
