3950 6326
499 327 604 386 919

533 438 604 492 25
678 434 767 491 Vae
794 432 1048 503 captiosis
1072 432 1521 503 sycophantarum
1551 431 1821 501 strophis!
2093 447 2151 509 Α

744 522 838 579 Vae
866 520 1135 595 versipelli
1158 524 1395 579 astutiae!

673 617 852 672 Nodos
882 624 1096 671 tenaces
1118 625 1261 672 recta
1293 616 1491 686 rumpit
1516 614 1720 685 regula,

747 705 944 761 Infesta
974 704 1403 786 dissertantibus.

676 798 878 854 Idcirco
903 796 1086 852 mundi
1112 798 1271 852 stulta
1301 797 1500 867 delegit
1526 795 1690 861 Deus,

536 888 605 944 50
721 887 910 958 ’400
938 886 1008 942 Ut
1036 887 1323 941 concidant
1353 885 1644 955 sophistica
1666 925 1683 950 ,

678 980 861 1046 Deque
888 977 1171 1033 imbecillis
1202 976 1505 1046 subiugavit
1529 974 1690 1029 fortia

748 1069 981 1138 Simplex
1014 1077 1072 1123 ut
1108 1072 1251 1123 esset
1270 1065 1513 1121 credere.

678 1158 836 1227 Lapis
862 1172 988 1212 ecce
1019 1164 1203 1211 nostro
1234 1156 1371 1209 fixus
1397 1152 1727 1210 offensaculo
1753 1160 1866 1216 est.

749 1246 1012 1315 lmpingat
1037 1246 1089 1300 in
1118 1260 1280 1316 quem
1310 1245 1517 1299 vanitas
1546 1261 1560 1296 :

541 1340 610 1393 35
681 1338 900 1407 Signum
925 1339 1160 1406 caventi,
1192 1354 1296 1393 non
1324 1335 1537 1392 caventi
1564 1334 1873 1390 scandalum
1897 1350 1912 1388 :

752 1428 903 1482 Hunc
929 1429 1140 1494 sternit,
1166 1428 1315 1481 illum
1347 1425 1549 1493 dirigit.

682 1517 815 1571 Dum
848 1517 1000 1586 plura
1034 1526 1203 1572 tentat
1227 1529 1402 1572 caecus
1426 1516 1633 1569 incerto
1659 1513 1827 1584 gradu
1852 1552 1869 1578 ,

754 1606 981 1662 lncurrit
1010 1606 1086 1673 id,
1111 1605 1254 1676 quod
1278 1604 1493 1661 obvium
1515 1612 1617 1660 est.

1673 314 1951 373 AURELII
1992 313 2355 373 l’RUDEN’l‘lI
2390 312 2697 372 CARMINA

3042 260 3205 297 iners

3643 297 3741 353 ρει»

2348 430 2458 486 Fax
2480 432 2599 487 sola
2628 429 2752 485 tidei
2779 435 2864 484 est
2894 424 3230 497 praeferenda
3258 422 3565 498 gressibus,

2218 521 2288 576 b0
2431 521 2505 578 Ut
2524 531 2669 576 recta
2686 521 2794 575 sint
2814 519 3057 589 vestigia.

2356 611 2516 678 Queis
2540 612 2592 665 in
2626 610 2862 666 tenebris
2891 608 3063 663 hostis
3104 614 3347 662 errantes
3383 617 3556 664 tamen

2426 700 2583 771 401
2613 701 2813 765 Pulsat,
2849 698 3143 768 trahitque,
3169 706 3225 753 et
3252 700 3513 767 proterit:

2354 791 2458 858 Qui
2480 804 2664 859 sparsa
2688 790 2754 845 ad
2776 791 2953 859 ipsum
2978 797 3376 844 commeantum
3406 788 3681 845 transitum

2426 881 2716 936 Frumenta
2737 895 2910 935 saevus
2930 880 3153 935 devorat
3177 896 3192 933 :

2216 974 2286 1029 45
2354 972 2458 1040 Qui
2482 974 2600 1027 lmta
2630 972 2829 1029 Christi
2849 974 2990 1028 culta
3022 974 3108 1026 fur
3133 970 3452 1042 interpolat,

2427 1062 2646 1118 Addens
2668 1078 2863 1117 avenas
2891 1064 3113 1118 aemulas
3129 1104 3145 1127 ,

2356 1157 2501 1225 Quas
2530 1158 2597 1212 de
2616 1157 2809 1212 veneni
2830 1157 2968 1212 lacte
2998 1156 3054 1212 in
3075 1155 3297 1212 herbam
3320 1154 3550 1211 fertilem

2430 1250 2639 1304 Patitur
2660 1250 2885 1304 colonus
2918 1263 3168 1305 crescere
3185 1289 3201 1313 ,

2359 1339 2435 1397 Ne
2460 1340 2599 1396 forte
2617 1341 2851 1396 culmum
2876 1340 3009 1395 ﬁbra
3037 1340 3212 1395 inanis
3236 1339 3475 1408 spiceum

2226 1430 2297 1485 50
2440 1431 2610 1486 Simul
2631 1430 2843 1485 revulsa
2865 1429 3187 1483 internecet.

2364 1520 2653 1589 Exspectat
2678 1535 2828 1589 ergo,
2855 1518 2983 1573 dum
3012 1518 3219 1584 dolosa,
3252 1524 3309 1573 et
3338 1516 3511 1573 farrea

2437 1610 2674 1669 Fervens
2702 1619 2896 1681 coquat
2922 1610 3200 1665 maturitas
3224 1651 3241 1678 ,

1812 1692 2095 1751 GLOSSA‘Z
2140 1699 2481 1757 VETERES.

573 1791 662 1847 25.
705 1788 964 1857 Captiosis
988 1827 1004 1853 ,
1036 1786 1442 1858 deceptibilibus,
1470 1785 1544 1858 vel
1560 1783 1848 1858 insidiosis.
1878 1815 1958 1858 —_
1978 1785 2081 1855 Sy-
2110 1788 2159 1852 B
2258 1793 2351 1847 54,
2396 1791 2635 1856 vanitas,
2664 1793 2865 1845 cwcitas
2896 1792 3270 1856 luerent-orum,
3300 1788 3322 1842 l

505 1854 912 1928 cophantarum,
934 1854 1478 1920 calumniatorum,’vel
1492 1856 1899 1928 falsiloquorum.
1920 1854 2082 1928 Sycog

506 1924 724 1998 pliantas
752 1938 920 1982 autem
967 1928 1063 1980 hac
1104 1928 1168 1981 de
1195 1942 1355 1998 causa
1394 1925 1679 1998 appellatos
1708 1924 1923 1989 dicunt,
1948 1924 2084 1998 quod

509 1995 764 2067 quondam
780 1997 1153 2068 juvenessoliti
1175 2005 1319 2051 erant
1338 1996 1393 2048 in
1424 1995 1598 2068 hortos
1619 2010 1901 2068 erumpere,
1933 1995 2089 2062 ﬁcos-

507 2064 602 2139 que
622 2070 740 2122 inde
761 2064 943 2139 furari.
980 2067 1235 2139 Quamrob
1262 2080 1469 2118 causam
1494 2064 1601 2133 lege
1621 2072 1695 2117 est
1716 2065 2047 2117 constitutum
2070 2104 2085 2139 ,

506 2136 563 2191 ut
596 2141 681 2207 qui
717 2140 770 2191 id
790 2138 1017 2205 fecisset,
1048 2138 1212 2207 capite
1240 2142 1592 2207 truncaretur;
1615 2149 1765 2201 quam
1785 2149 1983 2207 poenam
2006 2136 2095 2203 qui

508 2202 888 2275 persequeretur
931 2207 992 2275 ob
1029 2202 1242 2275 parvula
1286 2202 1965 2275 detrimenla‘,4sycopltanta
2018 2202 2094 2257 est

509 2270 816 2395 appellfatusl.
844 2303 913 2313 -—
936 2270 1202 2342 Strophis,
1226 2270 1490 2336 versutiis,
1517 2270 1595 2323 vel
1608 2271 1899 2339 fraudibus,
1920 2287 2093 2326 rever-

509 2360 641 2395 stam
678 2361 757 2395 us.
810 2382 823 2395 ο

509 2346 757 2406 sionibus,
784 2346 823 2396 Ι.

582 2414 671 2469 28.
709 2413 903 2467 Infesta
930 2453 945 2477 ,
970 2412 1139 2480 gravis
1156 2449 1173 2475 ,
1203 2410 1279 2462 vel
1301 2410 1609 2480 importuna.
1644 2434 1717 2449 —-
1738 2407 2089 2463 Dlssertanti-

511 2482 631 2545 bus,
657 2477 991 2552 loquentibus,
1024 2479 1448 2552 concertantibus,
1476 2477 1517 2531 1.

483 2606 489 2613 ,
584 2552 670 2605 52.
715 2546 963 2616 Credere,
993 2551 1289 2612 credulitas,
1316 2546 1517 2600 verbum
1545 2562 1640 2617 pro
1666 2547 1891 2613 nomine,
1916 2547 2093 2616 inﬁni-

511 2622 640 2676 tivus
666 2615 1021 2693 interpretatur
1032 2635 1121 2691 per
1146 2618 1517 2673 nominativum
1533 2615 1555 2672 .’
1584 2615 1627 2671 Ι.

2258 1862 2348 1917 41.
2388 1862 2571 1930 Queis,
2594 1862 2977 1931 interrogando,
3000 1861 3118 1916 illos
3133 1860 3255 1916 duos
3268 1875 3439 1927 versus
3455 1862 3766 1932 pronuntiat,

2192 1932 2268 1985 vel
2287 1934 2422 2000 quis,
2454 1948 2545 2001 pro
2569 1932 2769 2000 quibus,
2801 1932 2841 2001 Ι.

2258 2003 2350 2056 45.
2388 2002 2510 2069 Qui,
2544 2003 2641 2055 nisi
2675 2002 2782 2063 ille,
2811 2000 2852 2055 1.

2259 2070 2351 2126 45.
2390 2072 2695 2139 lnterpolat,
2722 2070 3049 2133 intermiscet,
3065 2072 3144 2139 vel
3164 2071 3535 2139 intersemiuat,
3558 2070 3676 2125 Vat.
3701 2074 3766 2136 Δ,

2195 2140 2479 2265 S‘ubripilat,
2510 2137 2586 2195 vel
2614 2140 2914 2206 subnubilet,
2944 2139 3074 2195 Mar.
3107 2137 3445 2205 Intermiscet,
3471 2158 3502 2195 a
3520 2137 3648 2217 polo
3666 2152 3767 2196 tra-

2199 2227 2225 2262 c
2248 2226 2367 2265 um.
2422 2225 2501 2265 se.
2965 2222 2974 2231 ‘

2199 2219 2337 2263 clum
2355 2251 2367 2273 ,
2396 2219 2501 2265 lso.
2965 2222 2974 2231 ’

2270 2280 2359 2334 46.
2399 2280 2661 2347 Ᾱῖιιιιιιιιε,
2692 2281 2945 2342 inimicas,
2975 2278 3207 2345 steriles,
3238 2279 3275 2335 Ι.

2270 2348 2359 2403 48.
2403 2350 2655 2413 Colonus,
2690 2349 2847 2409 Deus.
2878 2348 3066 2413 Pater,
3098 2349 3137 2402 l.

2268 2417 2359 2473 49.
2398 2417 2577 2485 Fibra,
2612 2420 2787 2485 radiat,
2817 2417 2936 2472 Vat.
2966 2420 3049 2471 Δι’
3276 2474 3277 2477 η

2269 2486 2359 2558 5_t_._
2394 2487 2616 2558 Dolosa,
2644 2488 2860 2558 vitiosa,
2876 2488 2951 2540 vel
2973 2488 3114 2540 (alia.
3134 2487 3436 2554 —Farrea,
3460 2492 3663 2547 triticea
3679 2533 3695 2558 ,
3716 2491 3758 2549 Ι.

2197 2582 2272 2600 --
2303 2556 2528 2625 Vitiosa,
2555 2558 2699 2611 lolia.
2732 2587 2801 2597 —
2821 2557 3039 2622 Farrea,
3065 2558 3280 2623 triticea,
3312 2559 3426 2614 Vat.
3462 2561 3529 2628 ρ.

1860 2705 2423 2765 COMMENTARIUS.

511 2812 632 2879 quia
674 2811 873 2865 similes
922 2811 1142 2874 retibus,
1184 2809 1329 2879 quod
1370 2808 1436 2864 ad
1483 2807 1719 2879 ofﬁcium
1744 2806 2099 2879 quidemhca-

510 2876 689 2950 piendi
724 2883 971 2948 pertinet.
1005 2881 1186 2935 Aristo
1202 2876 1382 2935 'Chius
1411 2878 1553 2950 apud
1582 2876 1850 2950 Laertium
1884 2886 1938 2950 et
1969 2876 2096 2950 Sto-

512 2947 681 3003 Μαίη
718 2947 965 3017 affirmat,
993 2951 1424 3005 ratiocinationes
1450 2947 1854 3003 dialecticorum
1888 2947 2095 3017 similes

514 3033 635 3074 esse
663 3021 782 3075 telis
811 3016 1127 3075 aranearum
1155 3065 1168 3089 ,
1201 3035 1320 3089 quae
1342 3028 1507 3074 artem
1537 3034 1646 3087 prta
1675 3032 1734 3073 se
1765 3018 1965 3083 lerunt,
1996 3016 2091 3073 sed

512 3090 642 3161 nihil
670 3092 879 3145 tandem
912 3097 1135 3161 prosunt
1170 3100 1260 3144 aut
1300 3089 1555 3161 efﬁciunt.

580 3159 671 3212 25.
713 3155 1092 3229 ΡιτξιςηῖηιιΙθ,
1125 3168 1179 3212 ut
1207 3176 1301 3225 pro
1331 3174 1423 3212 υω.
1458 3159 1514 3211 1η
1546 3156 1783 3229 editione
1814 3155 2089 3210 Parmensi

2197 2820 2303 2880 quo
2324 2805 2569 2880 respexit
2594 2805 2841 2880 Virgilius
2870 2804 2962 2880 lib.
2989 2819 3066 2873 ts,
3089 2806 3405 2880 vers._448:
3435 2807 3666 2880 Capitoli
3681 2812 3771 2865 im-

2198 2875 2385 2949 mobile
2410 2893 2611 2949 samum.
2636 2875 2828 2930 custos
2867 2875 3049 2931 ﬁnium
3078 2888 3194 2949 erat
3227 2875 3528 2932 Terminus.
3572 2882 3773 2949 Sibylla

2197 2945 2525 3016 offensaculo
2547 2960 2709 3000 saxeo
2748 2960 2962 3002 errores
2990 2946 3228 3016 gentium
3260 2951 3613 3016 comparavit.
3651 2945 3777 3010 Vide

2199 3015 2357 3070 Luca:
2388 3032 2476 3082 xx,
2516 3017 2607 3081 l7;
2644 3016 2797 3071 Rom.
2828 3032 2903 3079 ix,
2925 3015 3027 3080 32';
3065 3018 3082 3069 l
3109 3016 3248 3071 Petri
3278 3034 3336 3081 ll,
3368 3015 3424 3073 8.

2269 3086 2359 3140 54.
2404 3085 2568 3156 Error
2602 3086 2718 3139 Vat.
2750 3086 2816 3150 A,
2847 3084 3140 3156 Impinguat
3167 3089 3221 3139 in
3247 3104 3417 3155 quem.

2266 3156 2356 3230 3_5.
2400 3155 2520 3209 Vat.
2558 3158 2599 3230 ᾼ
2626 3196 2653 3230 ,_
2669 3156 2860 3230 lignum
2884 3196 2899 3220 ,
2932 3155 3090 3230 supra
3138 3156 3361 3230 signum.
3415 3158 3766 3230 Scaudalum,

511 3208 1309 3297 1.031;.géafv’eégi'gépahaa}
1337 3208 2088 3297 nauigantium{quas
2113 3208 2160 3271 C
2194 3208 2903 3297 veisum__¢¢ctes'sasti¢umi
2941 3208 3071 3297 ttihc
3107 3208 3767 3286 εὼὶάάλὲὶαῖίῖἑὲῖιὶῦὶξὶ

511 3299 688 3366 potius
718 3296 1079 3353 admirationis
1101 3296 1219 3352 esse
1244 3298 1421 3352 debet.
1466 3296 1713 3366 Petavius
1754 3296 1805 3366 in
1839 3296 2086 3363 prolego-

512 3361 685 3420 inertis
706 3367 775 3419 ad
798 3369 1141 3436 Theologiam
1172 3361 1733 3436 elegantissimosdicit
1753 3361 1851 3436 hos
1877 3361 2085 3436 versus,

513 3450 619 3504 quo
646 3436 821 3503 elogio
862 3434 1056 3504 saepius
1087 3436 1431 3490 Prudentium
1472 3434 1709 3489 celebrat
1749 3434 1974 3503 insignis
2000 3435 2087 3489 hic

513 3503 813 3573 theologus,
832 3521 929 3559 nec
945 3503 1367 3560 contemnendus
1389 3515 1567 3573 poeta.
1591 3504 2086 3573 Interpretationem

512 3573 682 3629 [sonis
704 3572 772 3629 de
797 3575 1112 3645 sycophanta
1159 3575 1249 3629 alii
1280 3572 1528 3643 rcjiCiunt
1548 3616 1560 3639 ,
1594 3572 1695 3645 qui
1718 3574 2086 3644 schphantam

513 3645 696 3698 dicunt
726 3643 1048 3714 appellatum
1090 3644 1254 3700 fuisse
1281 3660 1494 3700 servum
1520 3684 1535 3710 ,
1566 3643 1659 3714 qui
1687 3644 1801 3711 ipse
1835 3643 1963 3697 ticos
1993 3658 2087 3698 co-

511 3715 782 3779 mederat,
816 3717 868 3769 in
901 3716 1061 3770 alium
1102 3730 1230 3770 vero
1256 3716 1594 3770 innocentem
1629 3728 1842 3768 servum
1871 3715 2083 3783 culpam

514 3784 637 3837 furti
684 3785 975 3841 mendaciis
1014 3794 1069 3841 et
1095 3786 1374 3840 calumniis
1420 3784 1743 3853 coniecerat.
1776 3783 2083 3848 Paschalis,

514 3854 746 3926 loc.gcit.
777 3872 895 3926 pag.
928 3857 997 3910 35
1021 3897 1034 3920 ,
1067 3871 1182 3923 cap.
1219 3858 1278 3910 ll
1307 3895 1322 3922 ,
1352 3855 1638 3926 observat,
1669 3861 1968 3926 tortuosum
1988 3894 2003 3917 ,
2028 3861 2083 3908 et

514 3923 794 3993 subdolum
818 3923 981 3995 genus
1012 3926 1260 3994 loquendi
1290 3926 1395 3979 dici
1438 3923 1673 3995 strOpItas
1699 3964 1712 3988 ,
1739 3924 1864 3993 quia
1893 3925 2085 3992 prima:

515 4005 727 4045 coronae
759 3994 989 4060 atraphia
1017 3995 1358 4051 vocabantur.

586 4060 669 4131 ξε.
722 4061 834 4131 Vat.
860 4064 924 4125 A,
956 4063 1113 4127 male,
1142 4065 1327 4117 astutia
1357 4078 1452 4131 pro
1478 4067 1696 4117 astutiw.

584 4128 674 4180 28.
721 4130 923 4183 Bouon.
949 4169 965 4194 ,
997 4132 1283 4196 mendose,
1315 4128 1734 4186 dissentantibus.
1768 4130 2083 4185 Dissertator

516 4202 571 4269 et
593 4197 808 4249 disserto
826 4201 963 4267 apud
990 4199 1318 4269 antiquiores
1348 4216 1452 4254 non
1485 4204 1637 4257 facile
1666 4202 1949 4269 reperitur.
1976 4202 2085 4255 Pli-

515 4266 637 4320 nius
684 4266 865 4321 tamen
892 4278 945 4323 et
990 4266 1193 4322 Gellius
1242 4278 1460 4323 utuntur
1506 4266 1738 4324 nomine
1768 4268 2082 4334 dissertatio,

516 4338 759 4407 quamvis
788 4338 993 4392 variant
1018 4338 1248 4391 codices.
1279 4337 1409 4392 Cato
1437 4339 1575 4407 apud
1604 4338 1817 4393 Festum
1845 4340 2079 4392 disserto.

584 4405 673 4459 29.
715 4404 867 4477 Egm.
899 4420 948 4461 et
993 4411 1117 4471 0x.,
1151 4408 1345 4477 dilegit.
1374 4404 1509 4473 l‘a‘ll,
1538 4410 1707 4477 male,
1730 4407 1917 4476 diligit.
1952 4408 2083 4462 Vide

514 4473 777 4546 hymnum
791 4475 846 4531 S.
882 4477 1126 4543 Romani,
1158 4473 1299 4531 vers.
1332 4477 1527 4539 609,et
1559 4479 1576 4530 ι
1605 4475 1727 4531 Cor.
1754 4490 1793 4546 ι,
1824 4473 1915 4529 ΞἹ.

2194 3311 2296 3349 nus
2322 3304 2376 3349 et
2409 3294 2762 3363 Hieronymus
2786 3338 2801 3360 ,
2835 3305 2892 3349 ut
2919 3294 3053 3349 alios
3081 3298 3341 3351 omittam.

2265 3366 2353 3419 57.
2394 3364 2542 3429 Ald.,
2570 3365 2623 3416 in
2644 3373 2802 3431 certo,
2824 3366 3031 3431 corrige
3055 3366 3267 3419 incerto.

2263 3434 2352 3504 39.
2395 3433 2512 3486 Vat.
2538 3433 2605 3499 Α,
2638 3434 2727 3500 fax
2749 3474 2764 3500 ,
2793 3449 2895 3504 pro
2936 3433 3103 3489 diver.
3135 3437 3321 3503 script.
3354 3435 3464 3489 lu:c.
3494 3437 3554 3491 ln
3592 3436 3764 3494 Palat.

2198 3503 2447 3558 mendum
2472 3510 2597 3569 puto
2628 3519 2731 3572 pax
2757 3518 2853 3572 pro
2882 3504 2990 3572 fax.

2260 3574 2350 3626 41.
2393 3572 2534 3638 Quos
2566 3572 2825 3643 (gressus)
2860 3573 3095 3643 malebat
3132 3572 3421 3629 Cauchius.
3471 3575 3572 3629 Sed
3615 3579 3770 3637 aliter

2191 3643 2411 3715 scripti,_
2433 3650 2488 3695 ut
2510 3642 2692 3715 monet
2716 3644 2979 3697 Heinsius.
3011 3642 3286 3715 lnBonon.
3317 3649 3494 3715 tamen
3520 3656 3649 3714 quos
3672 3664 3767 3715 pro

2190 3710 2352 3781 queis.
2390 3710 2712 3781 lntelligitur
2746 3721 2921 3766 autem
2968 3712 3151 3781 quibus
3200 3714 3251 3765 in
3292 3710 3770 3771 tenebris.'Teoiius

2190 3780 2333 3856 hunc
2352 3796 2566 3837 sensum
2580 3780 2647 3836 in
2667 3780 2896 3856 cellario
2915 3781 3191 3856 reprobat;
3224 3793 3281 3856 et_
3304 3797 3428 3856 cum
3459 3784 3763 3856 interroga-

2190 3853 2352 3925 tionis
2373 3860 2497 3907 nota
2512 3852 2745 3925 exponit
2770 3852 2881 3925 quis
2908 3852 3067 3906 hostis
3092 3853 3340 3920 proterit?
3369 3852 3453 3907 lso
3482 3852 3767 3925 utramque

2192 3921 2685 3991 interpretationem
2703 3921 2935 3991 indicat.

2257 3989 2351 4046 42.
2392 3992 2448 4045 In
2479 3989 2745 4045 nonnullis
2769 3990 2944 4057 Vulg.,
2976 3990 3131 4054 male,
3161 4000 3207 4043 et
3231 3991 3428 4058 poterit.

2260 4062 2349 4115 45.
2392 4060 2523 4115 Vide
2550 4060 2705 4114 Lucas
2744 4074 2862 4123 vm,
2894 4069 2949 4114 et
2995 4058 3181 4114 Blatth.
3215 4076 3325 4114 xui.
3357 4060 3466 4128 25,
3514 4061 3597 4115 ubi
3647 4062 3763 4117 liter.

2200 4131 2449 4198 parabola
2479 4130 2779 4199 exponitur.

2256 4199 2345 4253 45.
2389 4198 2632 4265 Βοηοιι.,
2682 4198 3057 4268 interpululat,
3101 4200 3261 4253 male.
3294 4200 3407 4254 Cis.
3447 4198 3515 4268 ad
3557 4212 3708 4253 oram
3737 4243 3755 4267 ,

2184 4284 2346 4338 grana
2372 4284 2472 4338 pro
2503 4270 2658 4322 culta.
2695 4266 3071 4335 Barthius,lib.
3106 4283 3256 4336 xxiv,
3284 4283 3404 4336 cap.
3434 4266 3518 4338 M,
3549 4270 3756 4338 elegan-

2189 4337 2381 4391 tissime
2402 4340 2453 4392 id
2485 4338 2685 4409 dictum
2711 4341 2814 4409 ait;
2844 4339 2938 4392 sed
2966 4342 3267 4409 suspicatur
3292 4381 3307 4405 ,
3341 4337 3613 4409 legendum
3630 4337 3784 4407 γαν-λ

2189 4409 2282 4477 tim
2314 4421 2410 4476 pro
2437 4409 2543 4477 fur.
2578 4407 2882 4477 hectionem
2914 4409 3071 4461 codd.
3095 4406 3342 4477 praefero.

2257 4474 2345 4531 47.
2390 4474 2509 4530 Ald.
2532 4517 2546 4539 ,
2578 4474 2762 4546 Weit.,
2793 4477 2905 4534 Gis.
2923 4491 3043 4531 cum
3076 4474 3344 4546 plerisque
3375 4492 3531 4541 mss.,
3559 4478 3613 4530 in
3640 4478 3763 4532 Iter-

586 4546 676 4623 ξι.
704 4544 819 4623 Vat.
844 4548 891 4623 Α
909 4546 1120 4623 et_P_a|.,
1140 4562 1296 4615 neque
1311 4548 1598 4623 prp_deq_ue,
1624 4544 1765 4614 quod
1786 4558 1972 4623 sensus
1993 4560 2087 4614 po-
2110 4562 2165 4623 ι)
2189 4546 2303 4599 bam
2330 4547 2564 4623 fertilem.
2594 4545 2839 4601 Heinsius
2868 4547 2919 4599 in
2946 4544 3366 4623 hfrbamlertiles
3390 4548 3631 4623 (avenas)
3654 4553 3769 4604 ele-

514 4616 697 4686 stulat.
712 4615 1061 4671 Barthiuslib.
1085 4632 1216 4682 xvii,
1232 4614 1350 4685 cap.
1370 4614 1693 4686 i73Advers.,
1710 4614 1888 4668 multis
1908 4629 2089 4671 exem-

514 4684 617 4750 plis
636 4687 932 4755 confirmat,
949 4687 1012 4741 de
1027 4700 1168 4753 saepe
1187 4684 1310 4740 esse
1334 4684 1680 4755 superfluum,
1710 4699 1886 4751 neque
1914 4687 2083 4740 solum

518 4752 656 4826 apud
680 4755 1043 4826 Prudentium,
1064 4752 1449 4811 Tertullianum
1468 4794 1483 4818 ,
1503 4755 1862 4826 Symposium,
1896 4755 2089 4809 Neme-

514 4824 747 4894 siannm,
773 4825 1118 4894 Cyprianum,
1143 4827 1423 4880 Alcuinum
1454 4824 1694 4894 aliosque
1726 4840 1830 4879 non
1852 4826 2085 4893 optimos

515 4892 754 4966 Latinos,
777 4892 871 4966 sed
894 4898 1049 4966 etiam
1079 4896 1216 4966 apud
1239 4896 1567 4960 Lucretium,
1588 4892 1850 4949 Catullum
1880 4892 1933 4949 et
1953 4896 2085 4951 alios

517 4962 634 5036 ejus
658 4963 1070 5036 generisaSa-pe
1093 4962 1251 5020 etiam
1276 4967 1338 5021 de
1360 4968 1624 5036 significat
1644 4966 2079 5033 instrumentum,

475 5039 571 5103 «set
592 5030 1054 5103 hiecsigniﬂcatio
1080 5036 1198 5090 huic
1226 5036 1339 5091 loco
1370 5030 1634 5103 congruit.

588 5100 691 5175 52._
719 5099 930 5175 Notavit
961 5100 1175 5175 Teolius
1199 5145 1214 5175 ,
1262 5099 1571 5175 religionem
1608 5104 1967 5175 Christianam
2015 5104 2084 5175 ab

516 5170 820 5241 Ammiano,
854 5172 1069 5241 etltnico
1106 5170 1398 5241 scriptore',
1425 5178 1480 5230 in
1510 5177 1615 5230 line
1647 5174 1741 5230 lib.
1773 5190 1863 5229 xxi
1901 5174 2082 5229 vocari

515 5238 803 5293 absolutam
830 5248 876 5292 et
904 5240 1200 5309 simplicem.

588 5313 679 5382 375.
722 5309 989 5382 Weitzius
1009 5324 1129 5382 cum
1156 5310 1273 5382 solo
1300 5311 1498 5366 Widm.
1530 5313 1744 5382 scripsit
1772 5311 2081 5380 oﬁ'eusaclo,

518 5380 647 5450 nihil
677 5381 832 5433 metri
871 5377 1152 5450 sollicitus.
1195 5378 1345 5449 Prag.
1374 5420 1389 5444 ,
1424 5397 1530 5436 non
1555 5377 1691 5437 bene
1712 5421 1726 5446 ,
1755 5377 2083 5450 offendicula.

519 5447 675 5509 Lapis
698 5450 835 5517 ﬁxus
860 5449 1029 5513 accipi
1054 5457 1226 5517 potest
1249 5447 1345 5516 pro
1367 5452 1540 5518 signo,
1571 5452 1710 5518 quod
1734 5447 1962 5505 in'hivio
1985 5459 2081 5505 aut

518 5518 674 5569 ιΓὶνιο
701 5520 823 5585 poni
847 5520 1059 5587 solebat
1074 5518 1137 5571 ad
1155 5519 1254 5587 iter
1282 5520 1699 5583 ostendendum;
1732 5531 1912 5587 postea
1935 5523 2077 5575 enim

516 5588 718 5652 signum
743 5588 954 5640 dicitur.
984 5586 1190 5641 Ethnici
1206 5585 1536 5652 Terminum,
1555 5585 1780 5655 lapidein
1800 5591 2078 5643 informem

517 5655 817 5730 acnrudetn,
846 5657 1108 5730 colebant,
1139 5657 1411 5730 qui_solus,
1445 5673 1564 5712 cum
1586 5659 1904 5730 Tarquinius
1931 5659 2081 5730 Capi-

518 5720 709 5777 tolium
734 5721 911 5780 facere
937 5724 1118 5785 vellet.
1150 5720 1461 5782 cedentibus
1482 5729 1689 5784 caeteris
1709 5720 1837 5797 diis,
1864 5720 2077 5784 mansit:

487 5082 514 5126 σέ

2191 4616 2380 4686 ganter
2403 4617 2602 4670 dictum
2633 4623 2780 4684 putat
2807 4631 2931 4670 cum
2963 4618 3081 4670 Put.
3109 4656 3123 4680 ,
3151 4616 3358 4670 Thuan.
3385 4616 3409 4683 ,⁷
3434 4619 3586 4686 Egm.
3615 4633 3647 4671 a
3682 4633 3771 4674 se-

2192 4686 2362 4740 cunda
2393 4700 2585 4752 manu,
2616 4693 2670 4739 et
2700 4686 3022 4739 Cauchiano.
3054 4686 3257 4739 Bonon.
3285 4688 3469 4749 etiam,
3503 4697 3557 4741 et
3580 4687 3766 4755 Alex.,

2189 4756 2243 4807 in
2265 4756 2469 4809 herbam
2496 4755 2706 4823 fertiles.
2738 4755 2863 4809 Mihi
2894 4770 2998 4808 non
3023 4755 3267 4823 displicet
3289 4757 3341 4808 in
3376 4756 3579 4808 herbam
3606 4754 3770 4819 ferti-

2190 4826 2308 4879 lem.
2344 4825 2587 4878 Barthius
2617 4824 2720 4879 loc.
2753 4826 2844 4879 cit.
2871 4834 3151 4878 venustum
3177 4839 3297 4879 esse
3325 4827 3401 4878 ait
3426 4866 3441 4888 ,
3472 4827 3553 4878 lac
3579 4825 3771 4883 dicere

2190 4895 2416 4963 primunt
2472 4896 2854 4961 incrementum
2904 4894 3235 4948 herbarum:
3289 4894 3431 4959 Quas
3480 4894 3545 4947 de
3585 4900 3772 4953 veneni

2190 4965 2341 5019 lacte.
2380 4963 2639 5019 Venenum
2668 4973 2822 5019 vocat
2849 4978 3064 5018 succum
3098 4966 3310 5017 noxium
3336 4978 3650 5019 avenarum.

2258 5036 2348 5089 48.
2392 5033 2446 5087 In
2476 5034 2598 5088 Ald.
2631 5035 2882 5088 mendum
2909 5033 3135 5086 colonos.

2257 5102 2346 5157 49.
2386 5104 2530 5167 Ald.,
2560 5104 2731 5167 inani,
2764 5104 2877 5168 lege
2896 5102 3085 5155 inanis.

2258 5174 2346 5244 51.
2388 5171 3029 5244 Ald.,V_Veitz._,Gis_._cum_
3056 5171 3530 5244 plerisquecoddv
3552 5175 3770 5244 dolosa,

2186 5250 2233 5313 et
2265 5243 2456 5311 farrea.
2477 5240 2745 5313 Heinsiani
2766 5240 2944 5305 codd.,
2971 5241 3149 5313 Alex._,
3174 5254 3225 5295 et
3237 5240 3454 5304 Weitz.,
3488 5242 3690 5313 Bong.,
3718 5240 3770 5303 ei

2188 5310 2333 5383 Wid~
2359 5326 2517 5383 sui)?“
2535 5349 2549 5374 ν
2579 5311 2757 5383 vilia?“
2772 5351 2787 5376 ν
2810 5319 2856 5363 ετ
2879 5313 3048 5380 {mea
3060 5326 3095 5383 ἶ,
3114 5310 3340 5383 Βρηοη..
3362 5312 3544 5367 vitiosa
3565 5310 3770 5383 fama.

2194 5379 2440 5453 Utraque
2470 5379 2585 5434 haec
2610 5381 2769 5453 lectio
2794 5389 3055 5453 repugnat
3082 5380 3285 5449 legibus
3312 5396 3417 5453 non
3450 5379 3772 5453 tam'gram.

2189 5448 2411 5530 matices
2434 5489 2462 5530 ,_
2482 5459 2537 5503 ut
2574 5448 2767 5530 aliquis
2774 5450 2925 5530 'dixit
2940 5448 2961 5513 ⁷,
2990 5448 3155 5530 quam
3187 5450 3449 5530 paelices;
3482 5448 3773 5530 ίιιίέεεξηε

2187 5535 2319 5589 quas
2348 5520 2401 5573 in
2451 5520 2552 5573 hoc
2580 5527 2751 5573 metro
2772 5518 3089 5573 Prudentius
3122 5528 3319 5589 servat.
3351 5518 3600 5573 Heinsius
3629 5526 3771 5581 olim

2190 5585 2480 5655 suspicatus
2506 5597 2587 5643 est
2617 5589 2777 5641 otiosa
2807 5626 2822 5650 ,
2852 5596 2898 5640 et
2918 5592 3111 5657 farrea.
3144 5585 3289 5642 Nihil
3337 5597 3421 5642 est
3455 5602 3631 5643 causa:
3664 5607 3771 5653 cu,

2186 5658 2850 5732 lectionemcommuniter
2889 5664 3158 5725 receptam
3188 5659 3523 5715 deseramus.
3552 5658 3721 5729 Egm.
3751 5702 3769 5732 ,

2186 5727 2400 5790 dolosa;
2425 5728 2489 5782 ad
2519 5740 2690 5790 oram,
2714 5727 2913 5780 vitiosa.
