3950 6326
207 279 351 335 921⁷

390 396 487 451 Det
510 396 811 452 ventilabro
841 396 977 452 lecta
1004 413 1229 469 quasque
1257 408 1314 456 ut
1340 400 1569 468 horreis,

464 490 597 547 Urat
623 498 1018 547 recrementum
1049 492 1199 549 focis.

1612 286 2048 347 APOTHEOSIS.

1816 412 1871 472 Α
1930 408 1999 463 55
2074 407 2260 466 Refert
2292 409 2385 465 sed
2418 409 2531 479 ipsa
2561 423 2740 479 nosse,
2768 425 2887 482 quae
2914 425 3144 469 messem
3167 416 3397 477 necant‘.

3367 297 3474 356 9ὶὲ

2143 504 2484 562 Zizaniorum
2504 508 2733 565 semina.

1493 594 1779 655 GLOSSJE
1818 599 2160 658 VETERES.

274 682 365 738 55.
406 681 608 749 Refert,
634 685 866 754 prodest,
895 687 967 740 vel
992 702 1121 755 opus
1140 694 1248 753 est,
1273 686 1311 740 Ι.

1552 784 2112 843 COMMENTARIUS.

271 871 365 927 53.
405 872 585 941 Prag.,
608 873 700 926 dat
720 887 817 941 pro
844 872 1134 927 det.Vatic.
1167 871 1228 939 Β,
1252 875 1334 939 de,
1361 876 1453 932 sed
1482 888 1782 934 correctum

188 943 300 996 det.
316 941 445 1013 Pro
473 950 527 995 ut
548 942 743 997 horreis
766 943 881 1000 Vat.
899 946 967 1007 Α,
986 958 1015 997 a
1038 945 1269 999 secunda
1286 962 1465 1013 manu,
1498 959 1543 1003 et
1564 949 1781 1005 horreis.

267 1012 364 1069 55.
408 1011 585 1081 Egm.,
620 1014 789 1067 Palat.
819 1023 871 1068 et
899 1012 1018 1068 Vat.
1049 1014 1126 1079 Α,
1158 1025 1359 1087 negant,
1385 1011 1564 1075 minus
1600 1024 1733 1076 bene
1764 1039 1778 1085 ;

1894 879 2016 936 Vat.
2056 880 2125 947 ρ,
2155 878 2317 943 male,
2347 886 2521 932 secant
2542 889 2643 946 pro
2668 882 2949 942 necant,ut
2978 876 3136 947 paulo
3161 884 3285 934 ante
3310 878 3472 933 inter-

1892 961 2053 1007 necet.
2084 946 2210 1010 Vat.
2245 948 2291 1003 A
2310 989 2327 1016 ,
2355 948 2517 1017 defert
2542 962 2637 1017 pro
2659 948 2842 1016 refert,
2873 946 3147 1002 mendose.

195 1106 3443 1135 MM

1452 1188 2204 1276 APOTHEOSIS.

380 1365 538 1437 ωε
571 1365 804 1423 Plurima
828 1376 987 1436 sunt,
1010 1368 1111 1425 sed
1138 1383 1303 1439 pauca
1330 1370 1538 1442 loquar,
1570 1387 1638 1428 ne
1663 1374 1776 1427 dira

386 1478 391 1482 '
1355 1463 1373 1517 Ῐ
1391 1463 1559 1517 relatu

386 1478 391 1482 τ
1391 1463 1559 1517 relatu

377 1553 633 1624 Dogmata
681 1555 1004 1613 catholicam
1052 1558 1321 1614 maculent
1355 1462 1518 1639 [male
1570 1558 1774 1628 prodita

1277 1648 1559 1720 [linguam

375 1734 535 1808 503
557 1736 651 1793 Ille
680 1737 891 1793 Patrem
929 1738 1131 1809 pellens
1160 1740 1296 1795 solio
1334 1741 1572 1795 detrudit
1601 1740 1651 1794 in
1688 1753 1773 1793 ar-

1393 1835 1564 1906 [ctum

1808 1820 1855 1880 Β

2062 1373 2316 1441 Corporis
2346 1371 2562 1425 humani
2592 1377 2886 1439 gestamen,
2916 1381 3014 1422 nec
3036 1373 3192 1436 pavet
3219 1366 3393 1436 ipsum

1954 1467 1985 1520 5
2059 1464 2342 1533 Objeetare
2369 1461 2507 1528 neci,
2540 1461 2780 1530 duroque
2809 1460 3026 1530 afﬁgere
3052 1459 3214 1529 ligno.

2056 1555 2401 1610 Passibilisne
2433 1553 2607 1607 Deus?
2634 1552 2784 1620 cujus
2807 1552 3035 1619 species,
3064 1558 3118 1604 et
3144 1550 3319 1618 imago

2054 1646 2194 1702 Nulli
2222 1647 2331 1699 visa
2364 1659 2593 1713 unquam
2625 1662 2638 1707 ;
2671 1658 2771 1698 nec
2797 1643 2937 1697 enim
2968 1643 3345 1711 eomprendier
3375 1642 3462 1698 illa

2058 1736 2306 1805 Majestas
2330 1733 2501 1789 facilis
2530 1748 2780 1799 sensuve,
2812 1733 3067 1800 oculisve,
3104 1748 3353 1788 manuve.

2055 1830 2277 1885 Joannis
2299 1826 2479 1898 magni
2499 1826 2728 1882 celebris
2755 1827 3019 1881 sententia
3042 1835 3240 1896 praesto
3269 1834 3387 1893 est,

1500 1944 1786 2002 GLOSSE
1829 1942 2157 1999 VETERES.

264 2038 315 2092 1.
362 2037 485 2091 Dira
517 2037 705 2099 relatu,
726 2052 907 2107 aspera
937 2035 1076 2089 dictu
1096 2075 1112 2101 ,
1144 2037 1248 2092 lso.

263 2109 318 2162 Ξ.
368 2107 600 2172 Prodita,
630 2108 863 2175 prolata,
892 2107 996 2162 lso.

260 2179 315 2233 ‘5.
351 2178 462 2245 llle,
509 2177 782 2245 Sabellius,
824 2178 942 2231 inde
973 2176 1262 2234 Sabelliani
1282 2223 1296 2247 ,
1328 2186 1375 2232 et
1403 2178 1649 2232 aberrare
1670 2176 1777 2231 Pa-

1887 2038 2195 2103 tripassiani.
2224 2034 2343 2102 quia
2369 2033 2572 2086 Patrem
2600 2049 2807 2102 passum
2829 2033 3105 2102 aﬂ‘irmant,
3137 2030 3257 2087 Vat.
3290 2032 3358 2088 Α,

1955 2107 2007 2160 8.
2051 2106 2264 2169 Facilis,
2298 2116 2391 2168 est,
2418 2104 2458 2157 1.

1955 2176 2007 2229 9.
2047 2175 2312 2240 Celebris,
2341 2175 2561 2243 gloriosa
2581 2174 2657 2227 vel
2687 2178 2885 2243 famosa
2904 2214 2917 2240 ,
2950 2174 2993 2227 l.

1540 2285 2095 2343 COMMENTARIUS.

268 2400 514 2466 Plerique
567 2399 694 2453 editi
749 2408 803 2454 et
855 2414 983 2453 mss.
1031 2399 1241 2455 titulum
1289 2402 1517 2470 primum
1570 2410 1773 2469 ponunt

186 2470 387 2525 Contra
427 2470 641 2541 heresin
668 2512 681 2535 ,
714 2485 830 2541 qua:
862 2469 1066 2523 Patrem
1109 2469 1312 2537 passum
1339 2473 1576 2541 afﬁrmat.
1626 2470 1771 2534 Put.,

184 2542 313 2595 dicit
336 2555 435 2607 pro
455 2540 691 2608 afﬁrmat.
717 2540 903 2600 Aldus.
930 2542 1189 2605 hwresem,
1214 2552 1267 2594 et
1292 2543 1343 2595 in
1366 2541 1612 2595 secundis
1633 2541 1775 2594 curis

184 2609 383 2664 Contra
419 2610 711 2683 htereticos,
740 2611 840 2683 qui
876 2609 1083 2664 Patrem
1112 2628 1318 2683 passum
1347 2613 1614 2680 afﬁrmant.
1654 2610 1779 2664 Exi-

190 2683 357 2736 stimo
385 2720 402 2744 ,
473 2680 771 2747 hujusmodi
828 2680 1079 2735 lemmata
1112 2680 1240 2743 non
1284 2696 1402 2736 esse
1446 2683 1513 2734 ab
1562 2691 1778 2734 auctore

184 2750 423 2818 ascripta
454 2768 465 2801 :
496 2766 614 2819 qua?
642 2751 832 2804 desunt
857 2753 907 2804 itt
940 2750 1058 2805 Vat.
1091 2751 1154 2817 Ο.
1184 2764 1235 2807 et
1264 2753 1401 2806 aliis.
1435 2751 1548 2806 Gis.
1582 2750 1616 2801 2
1646 2752 1775 2805 edit.

186 2836 253 2875 ea
280 2821 657 2889 praetermisit,
689 2830 741 2874 et
770 2822 869 2873 hoc
895 2822 1010 2875 loco
1036 2821 1101 2875 ad
1126 2837 1273 2874 oram
1306 2822 1583 2876 annotavit
1606 2819 1779 2873 Patri-

187 2891 446 2958 passiani.
482 2891 539 2945 In
564 2890 746 2945 codice
789 2890 1100 2946 Florentino
1134 2893 1337 2961 proleg.
1376 2908 1493 2958 cap.
1522 2892 1555 2945 4
1581 2934 1595 2955 ,
1627 2908 1775 2945 utrm.

187 2962 283 3025 87,
335 2960 483 3014 nulla
528 2970 608 3014 est
646 2964 879 3028 capitum
928 2962 1136 3027 divisio,
1170 2963 1269 3015 nisi
1296 2960 1429 3027 post
1458 2977 1598 3015 vers.
1632 2961 1775 3015 952:

1882 2400 2193 2469 perductam
2220 2439 2234 2463 ,
2281 2399 2431 2468 quasi
2469 2401 2754 2456 crederent
2802 2409 3043 2454 naturam
3081 2400 3247 2468 ipsam
3277 2401 3465 2457 huma-

1880 2486 2002 2524 nam
2032 2470 2086 2524 in
2128 2470 2291 2523 Deum
2325 2484 2443 2523 esse
2463 2485 2800 2537 conversam,
2835 2471 3024 2524 Verum
3050 2472 3297 2527 catholici
3330 2473 3463 2527 nihil

1883 2540 2025 2594 aliud
2060 2541 2159 2594 hoc
2180 2541 2346 2594 verbo
2385 2541 2786 2607 signiﬁcabant,
2821 2542 2919 2594 nisi
2946 2543 3280 2596 evectionem
3314 2552 3467 2598 natu-

1883 2627 1958 2664 ra:
2011 2611 2258 2664 humanae
2302 2611 2365 2662 ad
2406 2613 2836 2678 conjunctionem
2870 2626 2987 2664 cum
3038 2611 3236 2666 Verbo.
3267 2612 3465 2669 Contra

1883 2681 2134 2735 catholici
2163 2680 2425 2751 negabant
2454 2683 2752 2748 apotheosin
2784 2683 2833 2733 in
2857 2696 3015 2735 sensu
3047 2681 3296 2745 Nestorii,
3322 2683 3466 2751 quod

1886 2752 2043 2805 homo
2070 2752 2177 2819 jam
2207 2750 2529 2805 constitutus
2551 2793 2565 2813 ,
2592 2753 2700 2805 suis
2730 2752 2935 2804 meritis
2965 2751 3015 2804 in
3054 2752 3146 2804 Dei
3180 2750 3379 2806 statum
3410 2760 3465 2807 et

1881 2821 2216 2888 majestatem
2263 2830 2481 2873 evectus
2533 2820 2707 2876 fuerit.
2772 2820 3087 2875 Prudentius
3146 2823 3466 2879 catholicum

1883 2906 2096 2944 sensum
2124 2892 2447 2960 apotheoseos
2480 2890 2579 2944 hoc
2608 2891 2844 2944 carmine
2888 2890 3148 2957 explicat,
3178 2902 3231 2944 et
3263 2903 3463 2947 tuetur.

1959 2963 2009 3014 1.
2052 2962 2261 3015 Βοιιοη.
2292 2969 2345 3013 et
2375 2960 2492 3014 Vat.
2517 2960 2562 3026 Q
2585 3006 2598 3025 ,
2631 2976 2660 3013 a
2687 2962 2857 3026 prima
2888 2975 3071 3023 manu,
3098 2961 3273 3016 minus
3303 2964 3462 3026 bene,

189 3030 427 3101 Expliqit
449 3031 747 3101 Apotheosis
778 3040 955 3084 contra
981 3048 1152 3085 omnes
1174 3033 1405 3085 htereses.
1438 3032 1625 3098 Incipit
1658 3049 1778 3084 con-
1807 3030 1854 3093 C
1886 3032 2085 3101 loquor.
2119 3031 2236 3083 Vat.
2273 3031 2331 3095 Β,
2362 3032 2519 3093 male,
2556 3033 2611 3084 ni
2643 3046 2736 3098 pro
2762 3047 2842 3083 ne.

197 3098 285 3154 tra
325 3098 663 3154 Manichaeos.
712 3100 991 3169 Inscriptio
1032 3103 1282 3156 carminis
1311 3112 1393 3155 est
1426 3104 1727 3170 Apotheosis
1758 3142 1773 3166 ,

189 3172 295 3225 hoc
320 3180 433 3232 est,
464 3171 714 3239 deiﬁcatio
756 3172 976 3225 hominis
1010 3188 1028 3226 :
1079 3188 1202 3226 nam
1233 3172 1433 3227 ethnici
1477 3172 1775 3239 apotheosin

190 3244 497 3312 vocabant,
529 3256 647 3294 cum
690 3242 958 3312 hominem
990 3243 1217 3312 aliquem
1250 3244 1388 3296 inter
1414 3243 1544 3295 deos
1575 3242 1774 3295 refere-

189 3313 348 3382 bant.
385 3310 674 3382 impugnat
706 3311 867 3379 igitur
913 3310 1390 3382 poeta'haareticos
1432 3324 1677 3365 errantes
1724 3312 1775 3365 in

190 3381 322 3435 Iesu
372 3378 573 3434 Christi
602 3382 879 3449 apotheosi
913 3378 1252 3447 explicanda.
1299 3382 1478 3436 Primo
1525 3384 1718 3450 capite,
1749 3397 1777 3436 a

191 3452 381 3504 vers.l
410 3451 477 3503 ad
500 3464 640 3521 vers.
662 3451 783 3516 177,
803 3450 1454 3520 refellitPatripassianos,
1483 3453 1592 3521 qui,
1618 3467 1774 3505 unum

191 3522 488 3591 tantumin
521 3520 630 3575 Deo
666 3536 948 3589 personam
990 3532 1369 3591 agnoscentes,
1408 3520 1618 3576 Patrem
1651 3537 1777 3589 pas-

190 3606 314 3645 sum
338 3590 697 3645 afﬁrmabant.
724 3592 970 3647 Secundo
984 3590 1176 3659 capite,
1209 3609 1236 3646 a
1254 3608 1393 3647 vers.
1420 3592 1520 3645 178
1540 3594 1604 3643 ad
1630 3607 1774 3644 vers.

192 3662 305 3716 520
331 3667 519 3715 contra
548 3659 833 3715 Sabellium
863 3672 915 3715 et
933 3662 1210 3716 Unionitas
1236 3664 1489 3728 disputat,
1523 3677 1612 3715 eos
1637 3662 1783 3715 scili-

191 3742 283 3785 cet
316 3730 599 3801 ha'reticos
624 3770 640 3794 ,
669 3731 758 3800 qui
790 3747 909 3785 cum
953 3732 1358 3801 Patripassianis
1405 3732 1616 3799 quidem
1647 3747 1778 3785 con-

190 3800 502 3855 sentiebant
527 3801 579 3853 in
612 3801 851 3869 neganda
886 3800 1232 3870 personarum
1264 3803 1500 3856 trinitate
1528 3842 1541 3865 ,
1589 3801 1683 3855 sed
1708 3802 1776 3855 ab

192 3870 283 3925 eis
313 3870 718 3940 dissentiebant,
749 3873 887 3940 quod
918 3887 1021 3926 non
1045 3871 1422 3932 defenderent,
1448 3871 1655 3925 Patrem
1674 3882 1782 3925 esse

194 3956 427 4011 passum.
474 3939 655 4011 Itaque
683 3939 1003 3995 Prudentius
1035 3943 1136 3995 hoc
1165 3940 1283 3995 loco
1315 3942 1649 4009 potissimum
1681 3942 1779 3996 de-

196 4009 471 4081 monstrat
495 4051 509 4073 ,
536 4009 723 4081 Filium
755 4011 1059 4065 distinctam
1090 4026 1374 4081 personam
1401 4027 1520 4066 esse
1546 4028 1575 4065 a
1602 4011 1779 4076 Patre,

196 4089 259 4134 ut
304 4080 564 4148 colligat,
594 4080 785 4134 Filium
832 4096 951 4135 esse
1001 4083 1352 4144 incarnatum,
1410 4091 1464 4135 et
1509 4082 1780 4136 Christum

192 4165 321 4221 eum
370 4151 527 4203 Patre
573 4163 693 4206 esse
740 4150 930 4205 Deum.
973 4152 1155 4205 Tertio
1186 4153 1359 4221 capite
1402 4152 1649 4213 Judseos,
1688 4152 1775 4217 qui

195 4218 468 4276 Christum
496 4232 602 4273 non
628 4232 940 4290 agnoscunt,
957 4222 1195 4290 coarguit
1214 4218 1397 4276 avers.
1422 4222 1518 4276 ’521
1553 4221 1616 4274 ad
1637 4234 1777 4277 vers.

200 4291 330 4343 551.
355 4292 557 4355 Quarto
585 4288 756 4359 capite
786 4288 1115 4345 Christianos
1140 4292 1498 4355 Judaizantes,
1523 4293 1638 4346 sive
1670 4290 1777 4344 Hu-

200 4361 584 4430 muncionitas,
609 4361 824 4426 refutat,
851 4363 937 4430 qui
972 4362 1238 4415 Christum
1270 4362 1541 4416 hominem
1574 4370 1777 4414 tantum

199 4444 323 4483 esse
352 4428 623 4495 dicebant,
664 4445 693 4483 a
726 4428 1002 4486 vers.'552
1029 4433 1093 4485 ad
1135 4447 1280 4487 vers.
1313 4433 1437 4487 781.
1463 4432 1661 4497 Quinto
1690 4446 1779 4485 ca-

200 4502 311 4565 pite
336 4538 353 4561 ,
383 4514 413 4551 a
443 4513 583 4553 vers.
634 4500 738 4556 782
765 4501 831 4555 ad
861 4516 1003 4557 vers.
1036 4503 1141 4557 952
1163 4542 1180 4568 ,
1223 4503 1493 4557 diversum
1542 4516 1779 4556 errorem

199 4569 419 4640 evertit.
449 4570 588 4637 quod
615 4572 787 4625 anima
814 4573 882 4625 sit
909 4574 1162 4640 particula
1192 4573 1308 4627 Dei.
1335 4573 1499 4627 Sexto
1522 4572 1725 4639 capite,
1750 4587 1781 4625 a

204 4653 354 4693 vers.
384 4638 490 4694 955
527 4640 593 4694 ad
619 4655 761 4695 vers.
793 4638 957 4708 1062,
994 4643 1313 4697 Manichacus
1353 4651 1406 4697 et
1436 4638 1781 4696 Phantasma-

203 4709 351 4781 ticos
366 4719 664 4781 oppugnat,
689 4712 832 4780 quod
865 4724 1116 4781 negarent
1148 4714 1417 4767 Christum
1448 4728 1631 4766 verum
1663 4727 1783 4766 cor-

203 4794 308 4847 pus
340 4778 604 4833 habuisse.
655 4778 722 4834 Et
754 4796 876 4837 cum
912 4778 1070 4850 huius
1113 4783 1489 4852 disputationis
1518 4784 1686 4851 gratia
1717 4783 1781 4835 de

206 4858 387 4903 morte
416 4858 469 4903 et
494 4853 887 4906 resurrectione
914 4853 1110 4908 Christi
1134 4852 1361 4908 disserat
1387 4895 1402 4919 ,
1437 4855 1489 4906 in
1520 4853 1732 4920 epilogo
1752 4866 1778 4904 a

202 4933 355 4991 vers.
380 4920 518 4991 1065
540 4920 602 4975 ad
634 4924 811 4985 tinem,
837 4924 1082 4991 exemplo
1109 4924 1303 4978 Christi
1334 4924 1779 4979 resurrectionem

202 4990 389 5045 carnis
414 4989 655 5045 humana:
684 4992 893 5061 probat.
919 4989 1006 5047 De
1026 4994 1292 5048 haereticis
1316 5032 1332 5057 ,
1360 4995 1448 5061 qui
1478 4992 1778 5058 ltujustnodi

201 5074 425 5131 errores
450 5062 677 5130 amplexi
701 5072 847 5129 sunt,
861 5077 965 5117 non
979 5077 1165 5118 omnes
1179 5079 1284 5118 uno
1296 5064 1457 5117 modo
1473 5064 1777 5131 loquuntur.

200 5130 393 5196 Neque
415 5131 635 5186 mirum:
657 5144 840 5187 notum
857 5133 1000 5187 enim
1024 5143 1106 5188 est
1122 5135 1493 5189 haereticorum
1510 5130 1781 5200 ingenium

199 5210 259 5273 et
282 5204 617 5273 consuetudo
644 5203 881 5258 variandi
910 5205 1176 5273 dogmata.
1197 5204 1331 5259 Hine
1358 5204 1569 5267 accidit,
1598 5213 1653 5256 ut
1681 5204 1780 5258 Sa-

198 5270 374 5325 bellio
414 5272 631 5327 haeresis
662 5270 1170 5343 Patripassianorum
1214 5274 1497 5337 tribuatur,
1525 5290 1638 5339 qua-
1667 5273 1781 5340 ejus

200 5349 390 5397 tamen
430 5359 533 5398 non
574 5343 701 5409 luit,
728 5346 821 5399 sed
863 5345 1318 5409 Sabellianorum;
1364 5346 1452 5412 qui
1495 5345 1780 5397 trinitatem

200 5427 555 5485 personarum
579 5430 699 5470 cum
730 5415 963 5471 Sabellio
985 5417 1269 5485 negabant,
1304 5417 1399 5469 sed
1422 5415 1783 5483 agnoscebant

201 5482 455 5555 unionem
484 5484 897 5553 hypostaticam,
934 5482 1091 5554 quam
1122 5488 1348 5555 negabat
1383 5482 1662 5539 Sabellius.
1694 5485 1782 5555 Vi:

196 5552 274 5624 de
305 5552 596 5617 Patavium,
631 5557 721 5611 lib.
755 5572 769 5608 ι
800 5559 867 5610 de
895 5552 1283 5611 lucarnatioite.
1314 5556 1611 5620 Nestorius,
1638 5553 1779 5624 apud

192 5622 494 5693 Cyrillum,
528 5626 621 5680 lib.
654 5640 691 5679 ιι
732 5637 916 5681 contra
946 5626 1093 5679 Nest.
1123 5666 1136 5689 ,
1169 5627 1445 5681 catholicis
1466 5622 1777 5692 objiciebat,

193 5696 345 5763 quod
376 5696 650 5759 docerent,
675 5706 913 5750 naturam
938 5696 1221 5751 humanam
1243 5699 1311 5749 ad
1334 5697 1633 5762 apotheosin
1662 5710 1781 5749 esse

1806 4399 1859 4460 D

1962 3103 2013 3156 9..
2062 3102 2241 3170 Egm.,
2277 3101 2552 3167 mendose,
2581 3100 2717 3153 male
2744 3101 2962 3171 perdita.

1952 3172 2005 3226 5.
2050 3174 2199 3239 Egm.
2227 3212 2240 3232 ,
2274 3170 2365 3223 illa
2392 3211 2407 3235 ,
2440 3188 2517 3224 sc.
2547 3170 2804 3235 haeresis;
2832 3171 3008 3226 caeteri
3032 3171 3121 3225 ille
3146 3212 3159 3233 ,
3194 3172 3459 3240 Patripas-

1882 3244 2062 3295 sianus
2079 3243 2383 3295 haereticus.
2399 3240 2629 3295 Carmen
2664 3243 2762 3293 hoc
2783 3256 3086 3296 connexum
3109 3251 3189 3296 est
3205 3257 3325 3296 cum
3344 3257 3461 3309 pro-

1881 3313 2003 3378 logo
2033 3330 2045 3365 :
2091 3315 2267 3377 itaque
2296 3313 2520 3381 plurima
2545 3322 2661 3365 sunt
2690 3312 2917 3365 refertur
2942 3314 3006 3366 ad
3036 3314 3347 3365 zizaniorum
3378 3329 3460 3366 se-

1882 3384 2041 3445 mina,
2056 3382 2143 3435 ille
2162 3382 2225 3433 ad
2240 3382 2418 3447 hostis,
2434 3383 2535 3449 fur,
2561 3382 2711 3446 cuius
2732 3384 2929 3436 mentio
2953 3385 3003 3438 in
3024 3386 3241 3451 prologo
3258 3383 3461 3438 incidit.

1952 3456 2003 3505 7.
2050 3455 2103 3505 In
2138 3452 2254 3505 Vat.
2289 3456 2372 3516 Α,
2404 3453 2738 3507 desideratur
2782 3452 2896 3506 illa.
2938 3454 3206 3507 Arnobius
3258 3454 3351 3506 lib.
3403 3470 3465 3518 ι,

1881 3538 2001 3592 pag.
2036 3523 2101 3576 10
2132 3539 2145 3575 :
2178 3522 2222 3573 0
2246 3525 2486 3586 maxime,
2517 3540 2546 3575 ο
2567 3539 2761 3575 summe
2784 3538 2953 3576 rerum
2976 3524 3304 3577 ittvisibilium
3347 3540 3464 3591 pro-

1885 3594 2119 3645 creator!
2143 3592 2186 3643 0
2226 3593 2334 3655 ipse
2365 3594 2555 3656 invise,
2601 3602 2646 3645 et
2679 3594 2834 3644 nullis
2866 3610 3085 3659 unquam
3109 3594 3465 3658 comprehensa

1882 3663 2104 3715 naturis.
2136 3663 2391 3715 Minutius
2424 3662 2567 3715 Felix
2612 3678 2625 3713 :
2670 3660 2772 3713 Hic
2800 3678 2900 3713 non
2930 3664 3087 3715 videri
3132 3670 3328 3729 potest,
3358 3664 3465 3715 vim

1887 3732 2075 3785 clarior
2100 3748 2117 3785 :
2146 3748 2235 3785 nec
2257 3732 2618 3801 comprehendi
2643 3772 2656 3796 ,
2692 3740 2829 3801 tactu
2859 3733 3034 3799 purior
3057 3742 3129 3784 est
3160 3747 3178 3784 :
3209 3748 3298 3784 nec
3328 3734 3466 3784 aesti-

1884 3803 2013 3854 mari
2046 3842 2060 3864 ,
2101 3802 2326 3855 sensibus
2366 3800 2532 3871 major
2560 3812 2662 3864 est,
2686 3800 2914 3867 inﬁnitus
2937 3842 2950 3863 ,
2980 3804 3272 3863 immensus,
3297 3812 3342 3854 et
3368 3802 3465 3856 soli

1881 3874 1978 3926 sibi
2004 3882 2196 3937 tantus,
2223 3882 2441 3939 quantus
2456 3879 2552 3935 est,
2581 3882 2750 3925 notus.
2771 3870 2886 3923 Non
2901 3882 2982 3925 est
3014 3882 3186 3925 tamen
3220 3874 3465 3938 neganda

1883 3943 2296 3997 communicatio
2324 3942 2654 4003 idiomatum,
2686 3956 2843 4010 quam
2876 3942 3091 3994 tradunt
3118 3950 3172 3994 et
3193 3952 3466 4008 exponunt

1885 4013 2139 4080 theologi.
2174 4011 2314 4065 Deus
2342 4022 2414 4066 est
2430 4013 2684 4078 mortalis,
2710 4021 2782 4066 est
2811 4012 3087 4081 passibilis,
3115 4027 3207 4079 per
3229 4026 3466 4065 commu-

1885 4084 2207 4138 nicationem
2227 4082 2535 4136 idiomatum
2564 4083 2667 4136 dici
2692 4091 2889 4150 petest,
2919 4097 3023 4136 non
3046 4082 3187 4149 quod
3212 4082 3467 4137 Divinitas

1884 4154 1990 4221 pati
2014 4161 2104 4206 aut
2132 4156 2263 4211 mori
2294 4154 2587 4221 possit,sed
2612 4155 2729 4223 quia
2744 4152 3008 4219 Christus,
3032 4153 3193 4206 homo
3217 4162 3265 4207 et
3298 4153 3459 4223 Deus,

1885 4224 2152 4291 passibilis
2188 4234 2242 4277 et
2272 4224 2512 4277 mortalis
2550 4221 2683 4277 erat.
2717 4224 2876 4277 Poeta
2915 4224 2999 4277 hic
3027 4224 3259 4293 loquitur
3289 4221 3359 4277 de
3387 4224 3466 4277 di-

1887 4296 2129 4360 vinitate,
2149 4295 2263 4346 sive
2290 4294 2356 4348 de
2375 4295 2607 4349 essentia
2636 4295 2834 4357 divina,
2853 4309 2973 4361 qua:
2990 4294 3041 4346 in
3060 4308 3119 4347 se
3142 4292 3253 4362 ipsa
3281 4304 3464 4360 sen‘su,

1885 4365 2053 4418 oculis
2082 4407 2095 4427 ,
2132 4378 2357 4417 manuve
2386 4365 2769 4432 comprehendi
2817 4380 2921 4417 non
2956 4372 3152 4431 potest.
3190 4363 3276 4416 Vis
3305 4378 3465 4432 argu-

1888 4435 2051 4487 menti
2075 4435 2124 4488 in
2144 4450 2208 4488 eo
2237 4436 2337 4487 sita
2360 4445 2459 4497 est,
2490 4435 2630 4501 quod
2660 4435 2835 4488 Deitas
2862 4449 2965 4487 non
2995 4442 3076 4488 est
3106 4435 3464 4503 passa,adeo-

1885 4520 1990 4573 que
2013 4505 2169 4559 Pater
2192 4520 2382 4569 passus
2405 4522 2509 4557 non
2537 4514 2641 4567 est,
2664 4504 2927 4570 siquidem
2956 4519 3018 4556 ex
3051 4506 3219 4557 sacris
3247 4502 3462 4573 Litteris

1884 4570 2095 4629 constat
2138 4575 2331 4629 Filium
2363 4616 2376 4635 ,
2410 4590 2513 4627 nou
2548 4574 2758 4627 Patrem
2781 4616 2793 4636 ,
2838 4583 3078 4644 naturam
3120 4570 3347 4625 hominis
3377 4587 3462 4624 as-

1884 4648 2194 4712 sumpsisse.
2255 4646 2343 4697 llla
2384 4653 2527 4697 certa
2571 4644 2748 4711 regula
2790 4652 2902 4704 est,
2950 4657 3042 4709 per
3067 4656 3126 4695 se
3164 4656 3232 4712 ae
3271 4648 3459 4712 natura

1883 4710 2019 4777 Sua,
2052 4731 2154 4768 non
2187 4715 2363 4767 minus
2405 4712 2596 4767 Filium
2640 4710 2799 4780 quam
2852 4712 3060 4765 Patrem
3110 4719 3164 4765 et
3202 4710 3459 4780 Spiritum

1888 4795 2128 4839 sanctum
2161 4800 2281 4839 esse
2326 4778 2706 4852 impassibilein
2751 4792 2806 4836 et
2836 4781 3179 4835 invisibilem.
3216 4778 3461 4852 Ruflinus

1886 4856 1937 4908 in
1971 4854 2325 4907 Euarratione
2373 4851 2599 4920 svtuboli
2649 4854 3007 4919 apostolorum
3047 4860 3286 4920 testatur,
3319 4851 3460 4916 apttd

1885 4939 2009 4977 suos
2058 4924 2178 4977 addi
2218 4919 2515 4977 inuisibilem
2561 4932 2607 4975 et
2646 4920 3113 4991 impassibilemiad
3175 4919 3459 4991 articulum

1888 4993 2048 5046 Deum
2074 4993 2283 5047 Patrem
2319 4990 2732 5060 omnipotentem,
2767 5001 2823 5044 ut
2842 4990 3213 5060 excluderetur
3240 4990 3458 5060 haeresis

1888 5065 2300 5131 Patripassiana.
2350 5059 2557 5117 Constat
2588 5062 2719 5115 enim
2738 5102 2753 5125 ,
2777 5062 2872 5124 ait,
2904 5059 3096 5115 Filium
3122 5076 3224 5113 non
3253 5059 3457 5131 Patrem

1884 5129 2229 5188 incarnatum.
2250 5173 2262 5187 .
2283 5172 2298 5188 .
2330 5135 2597 5198 Quantum
2616 5140 2782 5183 autem
2815 5142 3004 5201 spectat
3025 5132 3090 5185 ad
3117 5130 3260 5183 illam
3288 5129 3458 5183 Deita-

1886 5207 1948 5256 tis
1976 5204 2313 5258 immortalem
2331 5204 2685 5264 substantiam,
2702 5218 2815 5271 qua:
2829 5219 2932 5271 una
2961 5203 3023 5263 ei,
3048 5202 3457 5271 eademqueeum

1887 5273 2045 5329 Patre
2066 5286 2136 5329 est
2152 5293 2171 5340 ;
2186 5275 2254 5327 ibi
2283 5291 2444 5343 neque
2467 5268 2827 5343 Pater,_ueque
2841 5270 3032 5338 Filius,
3060 5286 3213 5339 neque
3236 5268 3458 5339 Spiritus

1883 5358 2090 5400 saucius
2116 5346 2323 5398 visibilis
2344 5341 2429 5397 aut
2451 5341 2704 5413 passibilis
2723 5345 2967 5396 creditur.

1956 5418 2008 5470 8.
2051 5417 2365 5470 Christianis
2413 5409 2764 5482 scriptoribus
2807 5418 3145 5484 ntajestateut_
3170 5409 3308 5484 idem
3340 5423 3459 5484 esse

1885 5487 2170 5556 aliquando
2195 5500 2256 5540 ac
2276 5479 2607 5539 divinitatem
2629 5525 2644 5550 ,
2680 5479 3030 5556 notatutiiest
3056 5498 3083 5533 a
3116 5480 3332 5533 Barthio
3364 5479 3456 5533 lib.

1886 5572 1918 5610 ι
1944 5553 2192 5617 Ᾱάνωνε..
2226 5570 2343 5623 cap.
2372 5557 2426 5620 5,
2455 5571 2520 5609 ex
2551 5554 2839 5609 Prudentia
2869 5553 3108 5616 aliisque.

1957 5628 2008 5681 9.
2050 5627 2203 5679 Joan.
2232 5641 2246 5679 ι
2272 5665 2287 5689 ,
2324 5626 2389 5679 18
2423 5643 2435 5679 :
2472 5624 2635 5678 Deum
2662 5641 2806 5677 nemo
2827 5623 2947 5677 vidit
2985 5637 3240 5689 unquam;
3279 5630 3332 5673 et
3364 5634 3415 5672 VI
3441 5660 3458 5685 ,

1884 5695 1952 5750 46
1983 5714 1996 5748 :
2029 5695 2145 5748 Non
2169 5697 2289 5762 quia
2315 5695 2518 5749 Patrem
2548 5696 2671 5749 vidit
2700 5695 2987 5763 quisquam,
3014 5694 3110 5747 nisi
3137 5694 3178 5746 is
3206 5692 3292 5755 qui
3313 5699 3385 5743 est
3427 5706 3462 5744 ο
