3950 6326
167 365 270 424 025

335 475 450 530 [loc
478 469 820 526 eolluctantis
848 476 1146 524 tractarunt
1165 465 1384 521 brachia
1404 463 1588 520 Jacob.

331 569 455 636 Ipse
481 566 636 620 dator
665 562 798 631 legis
823 561 1018 616 divinae
1043 559 1302 614 accedere
1333 572 1516 612 coram

331 659 497 731 406
521 656 734 716 Iussus,
759 651 1010 708 amicitiae
1035 653 1230 706 collato
1249 650 1340 720 qui
1365 649 1513 704 stetit
1541 663 1636 704 ore

332 752 612 812 Cominus,
639 755 696 804 et
723 747 892 802 sacris
913 745 1196 815 conjunxit
1227 743 1388 798 verba
1419 741 1668 811 loquelis,

189 847 256 902 35
331 843 522 901 Carnis
551 843 605 897 in
632 841 810 910 elligie
827 839 1104 894 Christum
1133 851 1192 892 se
1231 851 1452 892 cernere
1481 836 1671 890 sensit.

333 939 439 996 Sed
461 935 668 1003 majora
699 943 888 1003 petens
907 975 920 1000 ,
948 929 1186 986 animum
1221 945 1314 999 per
1330 939 1450 983 vota
1483 927 1708 984 tetendit

333 1034 650 1090 lnconcessa
675 1026 901 1090 homini,
924 1025 1044 1094 plus
1067 1037 1226 1095 quam
1256 1023 1480 1076 mortale
1499 1019 1747 1074 laborans

333 1123 534 1192 ipsum,
555 1127 786 1188 quantus
803 1127 940 1182 erat,
981 1115 1099 1170 sine
1139 1128 1368 1182 corpore
1395 1111 1572 1165 visere
1593 1108 1748 1162 Cltril

1337 1203 1533 1275 [stum.

337 1302 578 1370 Denique
597 1312 716 1370 post
743 1297 894 1354 multi
921 1299 1186 1352 sermonis
1207 1307 1410 1360 mutua,
1447 1301 1674 1364 postque

187 1397 256 1454 40
333 1397 692 1465 Conspectum
718 1393 998 1462 prresentis
1022 1391 1158 1458 heri,
1189 1397 1244 1444 et
1265 1389 1540 1444 consortia
1567 1389 1746 1456 longa,

336 1491 550 1557 Quieso,
567 1489 662 1556 ait,
677 1495 734 1540 nt
747 1485 904 1539 liceat
919 1493 972 1537 te
989 1497 1148 1546 nunc,
1166 1482 1306 1534 Deus
1324 1481 1551 1549 optime,
1567 1493 1748 1532 nosse.

336 1578 635 1650 Respondit
662 1575 1083 1644 Dominuszblea,
1099 1589 1204 1629 non
1225 1589 1333 1640 me,
1350 1573 1751 1640 cernerejustis

335 1673 638 1728 Posteriora
661 1673 834 1736 dabo;
863 1669 990 1740 quid
1012 1669 1248 1734 apertius
1269 1707 1284 1733 ,
1309 1667 1514 1736 absque
1545 1666 1745 1728 aliena,

337 1765 508 1831 Quam
530 1773 722 1828 sumat,
755 1764 909 1828 facie,
947 1761 1177 1815 Verbum
1207 1773 1312 1812 non
1340 1771 1496 1825 posse
1537 1757 1704 1810 videri
1731 1798 1746 1822 ,

193 1862 262 1916 l5
341 1857 506 1912 Posse
535 1865 738 1920 tamen,
763 1865 884 1909 cum
915 1852 1066 1907 malit
1087 1850 1252 1914 idem,
1285 1861 1556 1917 nunquam
1590 1847 1748 1902 Patre
1780 1847 1828 1925 ις

1367 1938 1528 2010 [πήδα.

1571 347 2016 409 APOTHEOSIS.

1767 485 1822 544 Α

3325 337 3429 396 926

2027 453 2282 512 Terrenis
2311 452 2502 520 oculis,
2531 451 2714 508 habitu
2737 465 2796 508 se
2817 448 3105 506 ostendere
3131 457 3316 505 nostro
3333 450 3358 502 ‘t

2028 551 2185 620 Saepe
2205 555 2262 604 et
2287 547 2338 602 in
2365 546 2656 618 angelieas,
2689 545 2774 601 vel
2805 543 3064 602 mortales
3080 551 3432 601 memoratum

3099 636 3222 710 [est

2024 731 2208 788 lnduci
2238 731 2478 801 species,
2509 738 2670 800 queat
2695 737 2756 784 ut
2783 728 2886 785 sub
2908 729 3140 799 imagine
3177 730 3347 786 cerni.

2029 822 2140 878 Hoc
2190 821 2426 878 Verbum
2473 829 2600 889 est,
2649 820 2792 892 quod
2833 821 3096 878 vibratum
3141 821 3316 877 Patris
3343 835 3440 876 ore

2951 911 2972 984 [
2990 912 3221 984 benigno

1853 1008 1922 1063 50
2029 1007 2190 1080 407
2231 1007 2474 1076 Sumpsit
2524 1005 2770 1076 virgineo
2819 1004 3056 1075 fragilem
3105 1006 3172 1060 de
3213 1019 3442 1078 corpore

3095 1098 3366 1170 [fortnam

2039 1189 2166 1246 inde
2203 1190 2370 1258 ﬁgura
2401 1191 2638 1244 hominis
2669 1189 2904 1246 nondum
2939 1191 3038 1247 sub
3066 1207 3250 1258 carne,
3277 1191 3442 1264 Moysi

2035 1283 2280 1351 Obiecta,
2310 1283 2540 1352 efﬁgiem
2575 1283 2748 1338 nostri
2778 1283 3082 1352 signaverat
3108 1287 3238 1352 oris,

2033 1373 2182 1440 Quod
2210 1373 2530 1443 quandoque
2559 1373 2700 1428 Deus
2721 1373 2882 1428 Verbi
2909 1375 3107 1428 virtute
3130 1383 3373 1430 coactum

2031 1463 2354 1530 Sumpturus
2386 1479 2604 1533 corpus,
2634 1465 2822 1518 faciem
2851 1465 3116 1520 referebat
3143 1467 3407 1520 eamdem.

2030 1555 2136 1610 Sed
2179 1564 2358 1610 tamen
2388 1567 2444 1610 et
2469 1565 2678 1610 sentam
2709 1557 2820 1610 visa
2852 1567 2934 1611 est
2965 1556 3136 1610 excita
3167 1571 3409 1613 cremare

2031 1647 2268 1702 Flamma
2290 1649 2504 1703 rubum.
2537 1649 2680 1706 Deus
2701 1651 2754 1704 in
2783 1651 2952 1720 spinis
2972 1650 3232 1705 volitabat
3253 1652 3443 1720 acutis,

2033 1761 2432 1833 Vulniﬂcasque
2459 1777 2642 1818 comas
2673 1765 2925 1818 innoxius
2957 1765 3095 1834 ignis
3123 1763 3340 1834 agebat,

2029 1851 2192 1925 408
2229 1854 2388 1911 Esset
2441 1865 2500 1910 ut
2549 1855 2796 1925 exemplo
2834 1855 2974 1911 Deus
3047 1837 3342 1923 illapsu'rus
3387 1853 3444 1910 in

3139 1944 3308 2016 [artus

1483 2031 1768 2092 GLOSSIE
1811 2021 2151 2098 VETERES.

227 2131 320 2185 5|.
363 2129 679 2184 Trsctarunt
701 2169 714 2192 ,
745 2129 1012 2197 tetigerunt
1039 2165 1053 2188 ,
1083 2124 1160 2178 vel
1187 2123 1546 2197 palpaverunt.
1569 2154 1640 2164 —
1667 2125 1756 2182 Ja-

167 2201 280 2261 cob,
319 2201 404 2253 ubi
435 2201 805 2254 collurtabotur
831 2194 944 2250 cum
975 2197 1190 2264 angelo,
1225 2194 1328 2248 lso.

227 2270 322 2326 53.-
364 2269 806 2336 Cor.tnt,-palam,
834 2267 910 2321 uel
943 2283 1120 2332 prope,
1146 2267 1185 2318 1.

232 2343 336 2395 ⁸55.
377 2331 688 2407 Collatoqui
717 2341 884 2402 stetit,
913 2331 1047 2406 facie
1068 2339 1134 2388 ad
1162 2333 1346 2404 faciem
1365 2331 1563 2388 locutus
1593 2343 1686 2400 est,
1711 2335 1753 2392 Ι.

235 2413 340 2466 54.
381 2410 669 2470 Cominus,
696 2412 872 2479 juxta,
907 2407 945 2460 l.

230 2483 328 2536 57.
373 2481 496 2535 Plus
527 2473 711 2546 quam,
732 2480 922 2532 scilicet
948 2477 1219 2542 debuisset,
1249 2473 1290 2529 Ι.

228 2553 324 2608 59.
369 2551 569 2610 Mutua,
598 2553 824 2603 alternas
845 2549 1228 2610 collocationes,
1261 2546 1298 2600 Ι.

227 2625 330 2677 40.
376 2624 524 2682 Heri,
561 2619 676 2685 Dei,
702 2619 740 2673 Ι.

226 2693 326 2746 45.
371 2693 696 2756 Posteriora,
725 2691 937 2754 Filium,
965 2689 1094 2741 sicut
1113 2689 1272 2754 inquit
1293 2688 1418 2758 ipse,
1446 2687 1567 2756 quia
1591 2689 1758 2758 major

179 2777 252 2817 me
273 2773 377 2826 est,
406 2778 628 2814 carnem.
655 2791 722 2802 —
756 2763 1026 2826 Apertius,
1061 2758 1180 2812 huic
1198 2760 1290 2824 rei,
1317 2757 1358 2810 ι.

231 2835 332 2888 4-4.
377 2831 632 2895 Verbum,
663 2829 880 2893 Filium,
901 2830 938 2882 Ι.

230 2903 333 2956 45.
379 2903 546 2964 Idem,
573 2899 762 2963 Filius,
798 2900 834 2952 Ι.

229 2973 331 3028 46.
377 2971 593 3037 Habitu,
625 2973 676 3023 in
708 2971 904 3034 habitu,
931 2969 970 3022 I.

1938 2135 2028 2188 £9.
2073 2134 2372 2202 Vibratum,
2399 2133 2662 2198 emissum,
2684 2131 2726 2186 l.

1939 2204 2026 2257 50.
2071 2205 2359 2274 Fragilem,
2391 2202 2679 2266 mortalem,
2710 2203 2814 2256 lso.

1939 2275 2026 2327 51.
2074 2272 2222 2336 Iride,
2255 2275 2442 2326 scilicet
2463 2275 2602 2341 quod
2625 2275 2852 2336 emicuit,
2881 2272 2922 2326 1.

1939 2343 2028 2396 5‘2.
2069 2343 2211 2406 Oris,
2247 2345 2415 2413 faciei,
2449 2343 2488 2398 Ι.

1939 2415 2027 2468 55.
2073 2415 2348 2474 Coactum,
2378 2413 2726 2482 coagulatum,
2759 2413 2798 2466 Ι.

1938 2484 2028 2538 54.
2071 2485 2380 2546 lielerebat,
2411 2485 2689 2552 ﬁgurabat,
2719 2483 3016 2549 simulabat,
3045 2483 3082 2538 l.

1939 2553 2042 2678 55.l
2070 2555 2312 2621 Sentam,
2345 2565 2618 2608 sentosam.
2649 2581 2722 2595 -
2747 2554 2930 2610 Excita
2951 2596 2964 2620 ,
3013 2563 3286 2622 commota,
3319 2557 3456 2611 excit

1939 2643 1990 2678 a.
2051 2663 2063 2678 .

1864 2631 1990 2686 tata,
2023 2631 2063 2678 Ι.

1939 2695 2026 2748 57.
2070 2695 2384 2760 Vulnilicas,
2432 2695 2642 2749 vulnera
2690 2695 3048 2764 facientes.——
3077 2695 3304 2764 Agebat,
3356 2697 3458 2749 cir-

1864 2765 2175 2886 cuzndaeat,
2196 2765 2498 2888 Atangebat,
2542 2763 2720 2820 leniter
2767 2767 3032 2836 tangebat,
3077 2763 3214 2820 Ι.“-
3241 2763 3458 2834 Comes,

1865 2849 1928 2884 ru
1967 2851 2004 2888 t_
2094 2847 2165 2888 at.
2249 2875 2259 2888 .

1865 2847 2004 2892 rubr.
2052 2847 2165 2888 Vat.
2196 2847 2259 2888 A.

1937 2903 2024 2959 58.
2067 2905 2343 2974 Exemplo,
2378 2906 2688 2975 exemplum.
2711 2935 2779 2946 —
2805 2905 2967 2970 Deus,
2999 2923 3070 2960 sc.
3094 2907 3234 2976 quod
3255 2917 3383 2975 erat,
3415 2905 3457 2962 1.

1534 3061 2087 3122 COMMENTARIUS.

233 3161 332 3214 51.
375 3157 453 3212 De
484 3145 649 3212 Iacob
683 3171 804 3212 cum
853 3153 1078 3210 Domino
1109 3153 1338 3210 luctante
1371 3152 1491 3207 vide
1519 3151 1704 3223 hyinn.
1735 3143 1770 3209 2

167 3227 333 3285 Cath.
356 3270 371 3296 ,
399 3244 543 3282 vers.
571 3229 655 3283 73.
696 3227 881 3280 Fuisse
913 3225 1134 3296 Filium,
1169 3223 1278 3278 sive
1326 3223 1616 3278 secundam
1648 3225 1768 3279 Tri-

179 3295 370 3358 nitatis
399 3315 684 3366 personam
715 3299 922 3366 plurimi
959 3295 1192 3366 tradunt.

237 3371 332 3425 5'9...
359 3363 590 3441 pbloyses
627 3363 1078 3441 Israelitislegem
1099 3363 1260 3441 dedit
1291 3380 1320 3418 a
1345 3363 1584 3441 Domino
1607 3365 1768 3421 tradi-

171 3451 304 3497 tam.
334 3437 485 3510 Httnc
509 3445 679 3494 locum
707 3438 851 3508 attigi
883 3439 1064 3510 hymn.
1098 3437 1322 3500 7Cath.,
1346 3451 1489 3491 vers.
1525 3437 1616 3493 40.

237 3513 331 3567 55.
375 3507 528 3576 PaL,
559 3513 610 3564 in
636 3507 863 3578 effigiem.
920 3507 932 3510 ⁷
1007 3525 1010 3528 '

237 3583 334 3638 56.
377 3583 559 3651 Prag.,
595 3582 872 3644 mendose,
902 3587 1078 3650 potens
1103 3592 1198 3645 pro
1215 3588 1409 3651 petens.

237 3653 332 3708 58.
375 3655 463 3707 Ait
497 3647 832 3706 "Prudentius
857 3691 871 3715 ,
903 3647 1257 3703 desiderasse
1295 3647 1534 3718 Moysem
1579 3647 1764 3706 videre

171 3725 468 3781 secundam
497 3722 774 3778 Trinitatis
805 3735 1086 3789 personam
1118 3724 1236 3774 sine
1283 3717 1450 3772 forma
1489 3717 1596 3772 ulla
1643 3735 1764 3774 cor-

171 3811 360 3862 porca,
378 3793 520 3864 quod
545 3803 726 3847 votum
749 3793 1118 3864 inconcessum
1147 3789 1347 3843 homini
1374 3799 1520 3864 recte
1545 3792 1758 3864 asserit.

173 3859 410 3921 Consule
460 3863 738 3932 theologos
771 3863 1102 3931 disputantes
1135 3901 1149 3926 ,
1191 3871 1368 3915 utrum
1402 3859 1544 3916 Deus
1589 3863 1760 3917 oculis

173 3939 452 4002 corporeis
483 3935 630 3988 cerni
661 3935 850 4002 possit.

247 4009 337 4060 59.
383 4007 614 4068 Bonon.,
639 4006 846 4066 munia,-
873 4003 1064 4056 melius
1091 4010 1294 4055 mutua.

243 4079 332 4131 45.
375 4075 676 4129 Posteriora
707 4075 1126 4127 incarnationem
1153 4073 1456 4137 intelligunt
1488 4085 1609 4127 esse
1638 4071 1760 4127 Hie-

179 4161 460 4216 ronymus,
501 4147 860 4198 Damascenus
881 4185 894 4208 ,
930 4145 1266 4216 Bernartius,
1296 4143 1408 4216 alii.
1441 4143 1523 4195 lso
1555 4143 1761 4216 videtur

179 4214 482 4284 respexisse
526 4217 590 4269 ad
635 4217 947 4284 prioritatem
980 4223 1034 4266 et
1072 4214 1499 4284 posterioritutem
1526 4215 1756 4281 originis,

181 4283 328 4354 quam
349 4283 899 4355 explicauttheologi,
926 4286 1062 4338 inter
1087 4286 1318 4342 Patrem.
1339 4283 1625 4355 etFilinm.
1655 4285 1758 4339 Alii

183 4354 728 4426 niteruntposteriora
755 4355 820 4408 ad
850 4370 1045 4420 corpus
1078 4355 1335 4426 lucidum,
1371 4369 1477 4422 quo
1499 4354 1639 4408 Deus
1669 4370 1760 4424 ap-

185 4425 603 4494 parueritrAld”
632 4426 790 4496 male.
815 4426 951 4496 quod
981 4427 1226 4496 apertius.
1259 4425 1611 4494 interrogatio
1633 4439 1760 4478 eon-

186 4497 414 4550 timutur
445 4499 509 4548 ad
546 4511 688 4550 vers.
724 4495 836 4550 46.7
899 4511 907 4520 '

245 4570 328 4621 Η.
377 4567 674 4631 Giselinus,
701 4577 748 4619 et
781 4569 1040 4622 mortales.
1073 4565 1222 4631 Ald.,
1245 4565 1390 4628 Put.,
1422 4565 1598 4630 Rott.,
1625 4563 1762 4618 Catt-

185 4639 430 4700 cltianus,
479 4638 595 4689 Vat.
630 4642 672 4692 Α
705 4653 801 4704 pro
826 4639 1034 4694 diversa
1065 4639 1328 4703 scriptura
1355 4677 1369 4700 ,
1397 4639 1712 4690 moderatum
1743 4678 1758 4702 ,

187 4723 294 4760 cum
322 4713 502 4772 glossa
537 4719 880 4776 temperatum
909 4709 1040 4762 illud
1085 4707 1324 4762 Verbum.
1367 4707 1672 4772 Sallustius,
1704 4717 1760 4762 et

193 4781 274 4830 alii
300 4781 556 4832 dixerunt
583 4779 812 4842 mode-ro,
841 4797 933 4844 as;
955 4789 1008 4832 et
1034 4778 1362 4832 Prudentius
1387 4779 1570 4832 eadem
1595 4779 1757 4846 signi-

191 4847 430 4904 ﬁcatione
459 4851 672 4918 passiva
700 4850 1022 4902 moderamen
1045 4864 1148 4902 non
1173 4850 1340 4904 semel
1373 4849 1696 4916 posuit.Vat.
1719 4855 1758 4903 Α

187 4933 212 4968 a
253 4921 416 4987 prima
459 4933 622 4972 manu
647 4959 661 4980 ,
700 4919 815 4972 Vat.
851 4919 891 4972 Β
917 4961 932 4982 ,
960 4920 1134 4974 Oxon.
1159 4957 1174 4982 ,
1203 4931 1567 4982 memoratum;
1599 4919 1716 4974 llat.
1746 4961 1762 4986 ,

191 4989 344 5058 Man,
373 4989 596 5053 Weitz.,
629 4989 813 5058 Prag.,
847 5000 1181 5044 memoratum
1230 5001 1321 5044 est.
1365 4991 1416 5044 [tt
1454 4988 1663 5044 Thuau.
1713 5003 1768 5044 et

189 5057 390 5114 Νοηιέ..
419 5057 852 5114 ηιοάεναῑιιιηίεδι.
880 5061 953 5114 Ita
981 5061 1096 5113 Vat.
1130 5060 1192 5127 Q.

253 5131 338 5184 49.
385 5130 518 5182 Vide
549 5131 802 5201 hymnum
837 5131 896 5184 ll
927 5131 1106 5193 (latin,
1139 5145 1276 5185 vers.
1313 5129 1400 5184 l7.

255 5201 338 5252 55.
373 5201 576 5268 Nempe
601 5201 828 5270 Spiritus
850 5203 1015 5256 sancti
1041 5203 1257 5266 virtute,
1283 5201 1766 5256 aithamillardus

191 5282 454 5335 exponens
503 5271 592 5325 illa
644 5271 808 5325 verba
867 5271 1018 5325 Verbi
1063 5273 1265 5328 virtute.
1317 5273 1432 5326 Non
1477 5275 1761 5328 assentior.

191 5337 362 5393 Solum
391 5341 597 5414 Filium,
617 5341 994 5414 esse‘Verbunt
1021 5343 1302 5414 notionale
1331 5343 1500 5414 Patris
1533 5343 1766 5414 theologi

191 5422 450 5476 :ts§eruut,
485 5422 540 5465 et
565 5411 892 5467 8.Basilium
927 5413 1114 5467 laxiori
1142 5427 1306 5474 sensu
1333 5413 1565 5467 locutu-tn
1597 5411 1766 5478 ainni,

194 5491 310 5554 cum
335 5481 462 5554 dixit
488 5483 588 5554 lib.
617 5491 858 5554 [contra
887 5484 1209 5554 Eunomium
1240 5501 1254 5538 :
1291 5483 1384 5538 Dei
1413 5487 1614 5554 quidem
1645 5481 1772 5538 Ver-

195 5545 308 5598 bum
329 5563 393 5606 est
408 5551 452 5605 F
453 5553 597 5606 ilius.
625 5551 838 5606 Verbum
857 5564 1023 5618 autem
1039 5554 1162 5608 Filii
1188 5545 1436 5622 Spiritus:
1457 5555 1774 5610 Prudentius

195 5630 358 5688 Imque
388 5626 502 5690 ipse
534 5633 690 5678 vocat
719 5625 952 5680 Verbum
989 5627 1253 5694 Spiritum
1301 5635 1566 5691 sanctum,
1599 5639 1772 5694 neque

194 5699 324 5753 Opus
348 5705 450 5760 est,
483 5702 546 5748 ut
575 5695 646 5748 ita
677 5709 704 5765 a
733 5695 888 5751 nobis
917 5697 1237 5765 explicetur.
1280 5698 1368 5750 Ait
1395 5711 1544 5765 ergo,
1577 5711 1772 5764 corpus

193 5769 427 5844 coactum
457 5765 660 5844 virtute
688 5764 870 5832 Verbi,
903 5764 1004 5844 hoc
1029 5778 1144 5844 est,
1181 5767 1333 5844 Filii,
1371 5764 1772 5844 sive‘secundae

193 5839 452 5896 persona.
483 5833 619 5893 Vide
635 5851 752 5903 qua:
773 5839 953 5896 notavi
977 5838 1044 5897 ad
1066 5841 1168 5898 loc.
1189 5837 1580 5908 ciuitytnniil.
1611 5839 1770 5906 Intra,

1878 3173 2020 3214 vers.
2049 3159 2149 3230 114
2176 3177 2187 3211 :
2230 3161 2444 3214 Verbum
2486 3161 2818 3230 conspicuum
2849 3160 3006 3223 misit,
3037 3160 3349 3230 missumque
3375 3176 3461 3214 re-

1871 3231 2025 3300 cepit,
2056 3229 2182 3284 Cum
2206 3231 2388 3294 voluit,
2427 3231 2590 3284 Verbo
2612 3229 2928 3300 prtestriuxit
2959 3233 3146 3284 viscera
3169 3248 3311 3296 parte
3339 3229 3462 3284 Vir-

1870 3303 2024 3368 ginis,
2068 3313 2112 3354 et
2155 3301 2322 3356 Verbo
2371 3303 2561 3356 struxit
2609 3303 2828 3370 puerilia
2862 3305 3104 3355 membra.
3143 3301 3331 3356 Omnia
3369 3317 3464 3368 per

1875 3372 2106 3425 Verbum
2137 3374 2270 3428 facta
2293 3383 2438 3438 sunt,
2466 3383 2518 3427 et
2542 3373 2656 3426 sine
2688 3375 2802 3439 ipso
2827 3373 3019 3426 l'aetunt
3051 3382 3134 3426 est
3167 3373 3295 3425 nihil
3321 3373 3462 3441 quod

1792 3449 1836 3516 (ξ
1871 3441 2067 3496 factum
2098 3453 2201 3497 est.
2239 3445 2440 3516 itaque
2472 3461 2564 3512 per
2601 3444 2828 3498 Verbum
2871 3447 3032 3516 etiam
3071 3445 3262 3516 factum
3297 3453 3378 3497 est
3411 3453 3467 3498 ut

1869 3527 2086 3577 Corpus,
2117 3513 2254 3582 quod
2284 3515 2424 3570 Deus
2449 3523 2558 3569 erat
2587 3525 2982 3582 assumpturtts,
3011 3515 3164 3567 fuerit
3197 3525 3460 3582 coactum.

1941 3583 2030 3636 51.
2064 3579 2237 3650 Siclt.,
2270 3586 2460 3652 Bong.,
2497 3595 2550 3638 et
2577 3585 2721 3640 Witl.
2753 3579 2820 3640 ab
2844 3581 2944 3638 alia
2977 3601 3134 3638 manu
3168 3600 3232 3638 ex
3261 3579 3459 3649 g'lossa,

1869 3653 2139 3708 simulabat
2188 3671 2282 3722 pro
2329 3657 2598 3723 referebat.
2647 3657 2894 3708 Barthius
2925 3657 3018 3707 lib.
3051 3671 3156 3714 xtl,
3207 3669 3323 3720 cap.
3367 3654 3460 3723 24,

1867 3724 2135 3788 observnt,
2175 3735 2360 3792 poetas
2382 3723 2715 3780 Christianos
2759 3727 2902 3778 varie
2928 3735 3226 3788 temporum
3275 3725 3464 3778 modos

1867 3797 2290 3863 transposuisse;
2318 3803 2375 3848 ut
2395 3797 2712 3848 Prudentius
2735 3795 2916 3864 faciem
2933 3795 3184 3860 referebat
3202 3795 3458 3860 eamdem,

1867 3866 1969 3920 hoc
1992 3877 2094 3930 est,
2125 3869 2376 3919 relaturus
2396 3867 2480 3920 sit.
2511 3869 2576 3918 At
2597 3881 2726 3920 vero
2749 3865 2998 3932 referebat
3026 3875 3199 3928 potest
3228 3873 3282 3916 et
3305 3864 3467 3919 debet

1866 3935 2092 4002 intelligi
2117 3939 2185 3990 de
2223 3946 2465 4004 tempore
2491 3953 2595 4005 quo
2623 3937 2761 3989 Deus
2791 3951 2850 3989 se
2877 3935 3042 4005 Moysi
3071 3933 3462 4003 inspiciendum

1851 4007 2134 4074 praestitit,
2163 4023 2266 4062 non
2290 4009 2358 4061 de
2382 4018 2621 4072 tempore
2643 4023 2749 4074 quo
2773 4015 3082 4073 sumpturus
3103 4015 3220 4060 erat
3239 4020 3459 4072 corpus.

1863 4077 2100 4142 Scilicet,
2137 4077 2294 4142 Deus,
2327 4079 2411 4146 qui
2435 4079 2739 4145 quandoque
2780 4088 3078 4140 sumpturus
3109 4086 3219 4129 erat
3250 4091 3458 4146 corpus,

1865 4147 2049 4214 faciem
2097 4144 2346 4202 eamdem
2375 4144 2660 4218 referebat,
2693 4163 2780 4201 seu
2820 4147 3112 4212 simulabat,
3145 4161 3258 4200 cum
3293 4144 3464 4217 Moysi

1865 4221 2128 4288 apparuit.
2795 4265 2820 4286 ,,

1935 4289 2027 4342 55-.
2073 4289 2407 4344 Vetustiores
2428 4289 2699 4344 Heinsiani
2730 4300 2782 4344 et
2807 4289 2998 4353 nostri,
3018 4289 3206 4352 Weit.,
3239 4299 3459 4354 sentam,

1864 4373 1941 4412 sc.
1961 4371 2154 4414 sentam
2175 4362 2378 4413 rubum.
2403 4361 2550 4424 ΑΜ..
2567 4361 2680 4415 (iis.
2707 4369 2760 4414 et
2785 4359 2962 4426 Vulg.,
2989 4369 3206 4413 sentum.
3235 4361 3462 4424 Bonon.,

1863 4438 2072 4494 sentem,
2105 4432 2384 4486 mendose.
2418 4429 2694 4484 Fabricius
2743 4433 2968 4498 putavit,
3015 4446 3136 4485 esse
3183 4445 3464 4500 syncopen

1862 4513 2060 4554 sentum
2091 4518 2184 4571 pro
2211 4505 2450 4556 sentiunt.
2483 4501 2586 4555 Sed
2617 4511 2768 4569 poet-
2801 4502 2956 4569 pattlo
2983 4513 3100 4567 post
3131 4502 3204 4554 ait
3228 4511 3461 4553 contorta

1861 4571 2034 4638 rubus,
2085 4583 2136 4624 et
2183 4583 2378 4626 sentum
2430 4589 2717 4638 peccamen.
2775 4573 2827 4625 In
2887 4573 3088 4641 hymno
3135 4571 3458 4636 S.Eula|im,

1863 4656 2002 4694 vers.
2023 4645 2112 4706 47,
2139 4642 2236 4695 Per
2259 4645 2369 4694 loca
2391 4653 2538 4695 senta
2559 4644 2681 4704 situ,
2702 4651 2756 4696 et
2779 4659 2814 4695 tt
2853 4641 2905 4694 in
2929 4645 3101 4710 Synn,
3128 4655 3263 4693 vers.
3289 4641 3452 4703 1039,

1867 4711 2204 4782 Extirpamus
2251 4714 2382 4764 enim
2425 4723 2589 4766 sentos
2632 4713 2696 4764 de
2734 4725 2937 4778 pectore
2977 4727 3182 4782 vepres,
3217 4711 3305 4782 ubi
3351 4711 3452 4762 alia

1867 4781 2028 4835 addit
2046 4783 2118 4836 rei
2151 4782 2404 4850 praesenti
2431 4787 2799 4850 congruentia.
2824 4781 3181 4834 Cltamillardo
3209 4781 3354 4833 visus
3379 4790 3463 4834 est
3529 4811 3540 4822 υ

1872 4852 2188 4906 Prudentius
2221 4867 2324 4904 non
2351 4853 2481 4905 satis
2509 4854 2615 4904 duo
2641 4853 2988 4913 distinguere,
3021 4851 3160 4920 quod
3196 4852 3245 4902 in
3277 4862 3460 4905 monte

1873 4923 2019 4994 Sinni
2053 4922 2194 4976 Dens
2227 4923 2390 4992 Moysi
2435 4925 2602 4994 legem
2633 4923 2893 4994 dederit,
2920 4931 2974 4974 et
3021 4923 3071 4994 in
3113 4931 3290 4994 monte
3319 4921 3462 4994 Otjeb

1870 4993 1968 5060 ipsi
2018 4991 2326 5061 apparuerit
2377 4993 2427 5046 itt
2470 4993 2623 5046 rubo.
2675 4993 2784 5059 Ego
2815 4993 2897 5045 vel
2937 4991 3314 5046 tttaximo'lttec
3356 4991 3462 5046 duo

1871 5065 2184 5119 distinxisse
2212 5075 2420 5133 poetam
2450 5065 2732 5126 conﬁrmo,
2759 5079 3003 5130 qualIIVtS
3035 5066 3288 5129 temporis
3317 5062 3464 5115 ordi-

1871 5151 1994 5189 nem
2044 5151 2148 5189 non
2199 5137 2516 5190 servaverit.
2569 5133 2846 5187 llaetenns-
2869 5135 2935 5188 de
2967 5135 3168 5187 \‘istone
3201 5135 3252 5184 in
3283 5143 3464 5186 monte

1870 5207 2012 5260 Sittai
2062 5209 2273 5260 locutus
2317 5217 2426 5270 est,
2457 5221 2558 5274 qua
2603 5205 2768 5272 figura
2815 5203 3057 5266 hominis,
3105 5211 3330 5256 nondum
3372 5201 3464 5255 sub

1872 5293 2022 5330 carne
2067 5275 2234 5346 Moysi
2281 5277 2512 5346 objecta,
2557 5275 2768 5346 efﬁgiem
2809 5277 2965 5328 nostri
3013 5277 3298 5346 signauerat
3341 5277 3461 5346 oris.

1879 5347 2026 5401 Nunc
2056 5345 2390 5414 progreditur
2420 5347 2488 5400 ad
2519 5345 2779 5398 visionem
2813 5346 2864 5398 in
2891 5347 3052 5414 ligura
3081 5345 3237 5413 ignis,
3273 5345 3462 5397 rubum

1877 5419 2239 5472 comburentis
2265 5435 2278 5470 :
2308 5418 2412 5472 Sed
2437 5427 2604 5470 tamen
2625 5425 2669 5470 et
2695 5423 2912 5481 sentam,
2931 5431 3098 5485 usque
3119 5417 3184 5467 ad
3212 5427 3352 5467 vers.
3375 5414 3462 5469 70.

1879 5489 2014 5542 Vide
2047 5489 2212 5542 l‘lxod.
2245 5505 2321 5542 Ill.

1951 5560 2039 5614 57.
2085 5559 2312 5624 Bonon.,
2352 5561 2519 5612 alebat
2549 5571 2655 5611 non
2692 5558 2914 5611 omnino
2943 5555 3102 5620 male,
3135 5569 3231 5622 pro
3265 5555 3466 5624 agebat,

1881 5629 2014 5684 Vide
2052 5631 2347 5696 Sedulium,
2382 5629 2475 5682 lib.
2507 5645 2521 5682 t
2553 5645 2564 5680 :
2597 5626 2810 5698 Ignibus
2845 5627 3082 5681 innocuis
3110 5629 3338 5698 flagrans
3375 5643 3468 5698 up-

1883 5702 2053 5772 paruit
2083 5699 2202 5752 olim
2235 5701 2358 5754 Non
2387 5697 2782 5772 ardens_t_1rdere
2807 5699 2982 5760 rubus,
3009 5707 3113 5751 etc.
3151 5697 3469 5772 Prudentius

1881 5769 1937 5896 'lin
1969 5773 2104 5852 rubo
2136 5772 2344 5828 ardenti
2380 5772 2552 5842 ignem
2579 5769 2818 5827 Verbum
2849 5772 3256 5840 interpretatur,
3285 5770 3468 5840 spinas

1899 5852 2288 5896 tutttanttatem.
2407 5889 2414 5896 .

1899 5852 2288 5901 tutttanttatcm.
