3950 6326
527 344 630 400 927

702 461 1022 531 Spiniferos,
1048 465 1268 523 sudibus
1287 481 1423 539 quos
1445 476 1628 524 texunt
1651 468 1873 522 crimina
1894 468 2094 531 densis,
2122 465 2178 527 Δ.

527 554 599 611 60
703 554 769 610 Et
797 564 1013 623 peccata
1050 558 1206 614 malis
1236 559 1438 615 hirsuta
1468 560 1742 615 doloribus
1780 559 2024 628 implent.

701 645 903 700 Inculto
930 661 1053 701 nam
1082 651 1248 719 stirpe
1278 651 1453 706 frutex
1478 653 1703 707 vitiosus
1733 651 1929 721 iniquis

701 736 987 793 Luxuriam
1017 739 1184 810 virgis
1212 742 1497 798 inhonesto
1526 743 1801 797 effundere
1829 755 1991 797 succo

700 829 971 898 Coeperat,
1000 838 1055 885 et
1082 832 1250 887 nodos
1274 849 1368 902 per
1396 834 1639 888 acumina
1663 833 1852 889 crebra
1878 832 2094 903 ligabat.

701 921 934 978 Cernere
954 931 1090 990 erat,
1116 925 1329 981 steriles
1348 925 1526 980 subito
1551 924 1925 995 splendescere
1948 923 2094 979 fron-

1883 1017 2022 1088 [des,

525 1105 594 1162 £5
639 1165 645 1169 _
698 1107 1057 1179 Accensisque
1093 1108 1258 1163 citum
1288 1106 1431 1162 foliis
1460 1121 1653 1177 magno
1680 1108 1879 1175 impete
1907 1107 2013 1161 late

699 1199 978 1255 Collucere
1008 1199 1195 1266 Deum,
1228 1213 1327 1255 nec
1354 1200 1541 1268 spinea
1571 1199 1766 1255 laedere
1796 1207 1967 1263 texta,

697 1290 966 1346 Lambere
996 1291 1314 1359 sanguineos
1340 1290 1560 1357 fructus,
1592 1300 1645 1345 et
1666 1305 1823 1360 poma
1854 1298 2094 1356 cruenta,

704 1379 979 1448 Stringere
1007 1380 1269 1435 mortiferi
1296 1380 1477 1435 vitalia
1506 1382 1745 1450 germina
1774 1381 1925 1451 ligni.

685 1469 1124 1539 Quandoquidem
1139 1472 1321 1527 tristes
1335 1482 1623 1542 purgantur
1634 1474 1889 1541 sanguine
1900 1474 2094 1543 culpa,

522 1563 589 1615 το
697 1561 864 1626 Quem
895 1572 1139 1617 contorta
1170 1563 1332 1617 rubus
1359 1563 1550 1618 densis
1578 1563 1901 1617 cruciatibus
1924 1564 2056 1619 edit.

695 1651 837 1718 Ergo
854 1651 985 1704 nihil
1003 1653 1196 1717 visum,
1217 1654 1317 1707 nisi
1334 1654 1473 1722 quod
1490 1653 1589 1708 sub
1604 1668 1763 1709 carne
1780 1654 2093 1722 videndum,

691 1738 853 1811 509
876 1740 1098 1808 Lumen,
1120 1741 1296 1812 imago
1318 1742 1434 1808 Dei,
1454 1742 1683 1798 Verbum
1706 1744 1868 1807 Deus,
1887 1754 1942 1799 et
1958 1744 2096 1799 Deus

1834 1834 2012 1907 lienis.

1696 347 1973 403 AURELII
2013 345 2379 405 PRUDENTII
2417 348 2741 407 CAMIINA.

3681 362 3771 419 928

2376 466 2478 534 Qui
2504 476 2715 523 sentum
2748 469 2919 523 nostri
2950 482 3234 538 peccamen
3263 473 3513 543 corporis
3541 474 3736 546 implet.

2374 559 2508 614 Nam
2538 559 2675 615 lucis
2702 559 2934 628 genitor,
2956 560 3119 615 Verbi
3149 571 3319 629 sator,
3351 574 3542 621 auctor
3564 575 3621 622 et
3648 570 3767 639 ignis

2197 647 2269 704 75
2375 650 2622 706 Creditur
2631 659 2781 706 extra
2796 652 3355 723 oculos,utapostolus
3365 656 3561 713 edocet
3574 672 3765 728 auctor,

2372 741 2473 810 Qui
2498 750 2674 812 negat,
2708 743 2899 797 intuitu
2926 743 3130 800 fontem
3161 744 3379 801 deitatis
3408 749 3573 807 adiri.

2372 831 2608 898 Credite,
2632 847 2791 888 nemo
2820 834 2985 889 Deum
3009 834 3164 903 vidit,
3189 836 3323 891 mihi
3348 838 3581 905 credite,
3603 856 3763 899 nemo.

2390 922 2628 979 Visibilis
2654 923 2722 979 de
2749 923 2893 980 fonte
2916 924 3080 992 Deus,
3113 940 3219 981 non
3245 928 3362 997 ipse
3389 928 3534 987 Deus
3561 930 3677 987 fons

2380 1013 2635 1080 Visibilis,
2666 1017 2813 1071 cerni
2842 1017 2984 1087 potis
3008 1025 3111 1084 est,
3134 1018 3225 1088 qui
3253 1021 3531 1077 nascitur:
3557 1032 3614 1078 at
3640 1038 3737 1080 non

2201 1106 2271 1163 80
2378 1108 2594 1164 lnnatus
2622 1110 2771 1165 cerni
2798 1111 2935 1179 potis
2955 1119 3067 1175 est;
3096 1110 3227 1168 latet
3249 1126 3313 1168 os
3334 1112 3512 1169 Patris
3538 1115 3686 1182 illud,

2384 1201 2534 1257 Unde
2564 1201 2707 1256 Deus
2736 1219 2748 1253 :
2779 1200 2869 1271 qui
2897 1201 3165 1257 visibilem
3194 1218 3255 1259 se
3278 1206 3533 1275 praestitit
3560 1207 3707 1272 olim,

2375 1293 2509 1348 Tale
2543 1293 2747 1363 aliquid
2776 1293 3013 1349 formans
3043 1294 3095 1349 in
3124 1308 3277 1361 sese,
3308 1297 3465 1365 quale
3492 1306 3671 1353 secuta
3700 1311 3767 1355 est

2381 1384 2544 1455 410
2570 1384 2776 1451 Passio,
2802 1399 2921 1454 quas
2950 1398 3145 1455 corpus
3173 1385 3273 1441 sibi
3305 1387 3546 1443 vindicat
3572 1406 3584 1441 :
3616 1389 3768 1446 ardua

3442 1478 3587 1549 [nam
3623 1484 3707 1537 vis

2375 1567 2471 1621 Est
2498 1567 2883 1636 impassibilis:
2916 1569 3170 1638 quoniam
3201 1577 3391 1624 natura
3422 1571 3643 1641 superni

2199 1659 2267 1715 85
2377 1660 2516 1729 Ignis
2544 1660 2611 1714 ad
2642 1660 2918 1715 horriﬁcas
2956 1661 3125 1716 nescit
3155 1661 3482 1717 descendere
3510 1678 3722 1731 pinnas,

2377 1750 2486 1804 Nec
2529 1750 2672 1818 capit
2700 1750 2947 1806 ltutnanis
2976 1752 3267 1822 angoribus
3298 1755 3596 1809 excruciari
3622 1771 3638 1808 :

2366 1840 2529 1908 Pura,
2554 1856 2769 1909 serena,
2798 1842 3022 1911 micans,
3054 1844 3254 1915 liquido
3284 1845 3574 1915 praelibera
3602 1855 3767 1911 motu,

1824 1971 2107 2030 GLOSSE
2150 1975 2482 2034 VETERES.

582 2063 668 2119 59.
709 2062 938 2129 'l‘e'xunt,
970 2064 1368 2127 insimulatione,
1397 2062 1501 2117 lso.

581 2134 668 2207 Ci.
710 2132 931 2207 lneulto,
963 2134 1599 2207 agresti.+lt|iquis,_non
1620 2134 2011 2207 wquis,nequis,
2040 2138 2079 2193 Ι.

583 2205 672 2258 62.
708 2202 1017 2267 Luxuriam,
1051 2204 1435 2266 abundantiam,
1478 2202 1517 2256 1.

582 2273 667 2327 65.
711 2275 930 2342 lmpete,
964 2290 1055 2343 pro
1086 2274 1297 2343 impetu.
1318 2271 1558 2343 —-Late,
1591 2272 1790 2343 ubique,
1823 2276 1861 2329 l.

580 2344 668 2398 67.
710 2341 970 2410 Cruenta,
996 2341 1297 2397 rubicunda.
1328 2344 1368 2397 Ι.
1402 2342 1576 2407 rubra,
1610 2341 1729 2395 Vat.
1762 2344 1826 2397 A.

579 2414 669 2467 68.
710 2413 1004 2481 Stringere,
1038 2414 1325 2481 decerpere,
1358 2414 1463 2477 lso,
1498 2413 1627 2464 Mar.

510 2554 558 2610 h
580 2484 667 2540 69.
708 2483 1167 2552 Quandoquidem,
1198 2485 1537 2553 quoniam.—
1559 2482 1846 2553 Sanguine,
1874 2484 2082 2553 Christi,

562 2570 613 2608 ο.
888 2586 905 2601 .

562 2570 613 2608 ο.
888 2586 905 2601 θ

578 2626 666 2680 70.
707 2626 963 2679 Contorta
994 2624 1175 2686 rubus,
1213 2623 1399 2689 Maria,
1435 2626 1604 2693 passio
1631 2624 2081 2688 Christi.—Edit.,

504 2696 943 2819 gignitzprotulit,
966 2697 1125 2765 parit,
1159 2695 1197 2748 1.
1216 2724 1287 2735 -
1303 2694 1503 2759 Bubus,
1529 2697 1701 2764 passio
1726 2694 1936 2763 Christi,
1960 2696 2080 2750 Vat.

504 2768 570 2822 Α.
594 2796 667 2806 —
724 2764 869 2817 Imsti
896 2781 1101 2822 corpus.
1131 2765 1259 2819 Mar.

558 2807 570 2819 .
594 2796 667 2806 —
684 2780 869 2819 Lnrtsu
896 2781 1101 2831 corpus,
1131 2780 1259 2819 mar.

594 2796 667 2806 —
684 2783 869 2819 humu
896 2783 1101 2833 corpus,
1131 2783 1259 2819 mar.

577 2837 663 2892 75.
705 2834 946 2903 Sentum,
976 2846 1257 2899 sentosum,
1288 2835 1329 2889 Ι.

2262 2070 2348 2126 75.
2396 2073 2556 2126 Extra
2583 2072 2785 2136 oculos,
2821 2072 3109 2138 invisibilis,
3137 2070 3178 2126 1.

2263 2142 2350 2195 76.
2395 2141 2638 2204 Fontem,
2669 2141 2896 2208 Patrem,
2926 2143 2965 2195 Ι.

2269 2212 2352 2266 77.
2399 2213 2588 2277 Deum,
2622 2212 2811 2266 scilicet
2837 2212 3063 2277 Patrem,
3097 2211 3135 2265 1.

2262 2282 2350 2337 78.
2399 2281 2654 2350 Visibilis,
2684 2283 2874 2336 scilicet
2899 2293 3076 2336 est.—
3098 2281 3287 2348 Fonte,
3317 2280 3495 2337 Patre.
3514 2312 3586 2325 -—
3605 2281 3765 2351 Deus,

2191 2350 2385 2405 Filius.
2407 2382 2478 2392 —
2503 2351 2668 2420 Fons,
2700 2354 2879 2418 quiest
2904 2355 3044 2419 fons,
3079 2352 3120 2407 1.

2263 2423 2351 2494 7Q.
2398 2421 3053 2494 Visibilis,_Pater.—Qui
3086 2421 3561 2494 nascitur,»_Fitius,
3591 2425 3647 2478 in
3678 2443 3767 2494 quo

2192 2499 2264 2544 est
2292 2490 2467 2562 Pater,
2502 2491 2541 2562 l.
2568 2520 2638 2532 --
2663 2491 2807 2546 Potis
2834 2501 2935 2554 est,
2954 2493 3119 2562 Acerni
3147 2491 3422 2562 possibilis,
3452 2493 3573 2547 Vat.
3600 2494 3668 2548 Α.

2261 2561 2349 2616 85.
2392 2561 2657 2623 Vindicat,
2688 2572 2923 2627 usurpat,
2953 2560 2993 2615 1.

2262 2632 2351 2686 86.
2391 2631 2565 2705 Capit,
2589 2640 2767 2705 potest.
2796 2631 2905 2705 Nec
2925 2633 3072 2699 ualet,
3100 2648 3187 2686 nec
3211 2633 3337 2687 uult.
3353 2661 3419 2672 —
3436 2632 3763 2705 Angoribus,

2191 2703 2460 2771 angustiis,
2493 2702 2852 2764 anxietatibus,
2885 2702 2928 2758 Ι.

2265 2773 2355 2827 87.
2397 2772 2641 2827 Liquida.
2669 2788 2820 2827 auro.
2852 2772 2894 2827 Ι.

2340 2811 2355 2827 .
2397 2786 2641 2839 Liqutoo,
2669 2788 2820 2842 puro,
2852 2786 2894 2827 ι.

1849 2944 2407 3003 COMMENTARIUS.

574 3040 664 3095 59.
688 3038 838 3096 Lact.
867 3040 961 3099 lib.
984 3056 1054 3106 vr,
1084 3055 1203 3109 cap.
1230 3041 1297 3094 15
1320 3057 1333 3094 :
1367 3039 1504 3093 Nam
1529 3042 1658 3095 sicut
1678 3041 1733 3093 in
1754 3048 1918 3095 sentes
1936 3057 2079 3110 ager,

502 3112 588 3182 qui
615 3121 691 3165 est
716 3120 899 3165 natura
929 3112 1198 3180 fecundus,
1218 3112 1457 3164 exuberat
1480 3113 1591 3182 :sic
1618 3115 1818 3163 animus
1834 3112 2077 3182 incultus,

499 3181 635 3234 uitiis
662 3198 753 3235 sua
774 3189 952 3251 sponte
979 3181 1409 3251 inualescentibus,
1440 3181 1575 3233 velut
1602 3182 1760 3248 spinis
1790 3181 2076 3251 obducitur.

501 3251 734 3305 Alcimus
763 3249 973 3316 Avitus,
1001 3250 1095 3303 lib.
1117 3267 1149 3303 v
1174 3270 1190 3306 :
1219 3249 1285 3303 Et
1313 3250 1469 3302 rubus
1500 3251 1553 3302 in
1573 3251 1725 3301 rubro
1754 3250 1934 3302 viridis
1960 3266 2079 3316 per-

501 3332 753 3373 manserat
774 3330 921 3384 testu,
945 3320 1059 3387 Quo
1080 3321 1222 3388 signo
1247 3320 1421 3389 spinas
1439 3329 1626 3373 nostra:
1648 3320 1920 3389 fervescere
1940 3336 2079 3373 men-

502 3390 593 3442 tis.
618 3429 630 3441 .
659 3429 670 3441 .
692 3429 704 3443 .
730 3391 815 3458 pia
846 3400 1046 3457 pectora
1074 3398 1297 3443 nossent.

572 3459 659 3513 6L
708 3459 889 3528 Prag.,
920 3459 1133 3513 inculta.
1164 3459 1309 3525 Ald.,
1337 3457 1555 3523 Weitz.,
1586 3458 1728 3524 Gis.,
1756 3462 2072 3519 vetustiores

502 3528 777 3589 Heinsiani
806 3539 861 3583 et
890 3530 1079 3596 nostri,
1110 3530 1301 3583 inculto
1327 3546 1447 3582 nam
1474 3530 1649 3598 stirpe.

571 3599 659 3653 62.
693 3598 1063 3671 Δγεθιιιεῑῑίοιᾚεῖ..
1113 3600 1404 3664 luxuriam,
1454 3614 1560 3671 non
1606 3601 1879 3667 luxuriem,
1935 3603 2075 3671 quod

500 3670 659 3742 habet
679 3669 963 3726 Giselinus.
988 3670 1136 3735 Ald.,
1162 3671 1326 3742 iurgis
1352 3670 1602 3724 mendum
1626 3679 1755 3741 puto
1783 3686 1881 3740 pro
1896 3669 2070 3742 virgis.

499 3742 556 3795 In
594 3740 707 3795 Vat.
738 3745 785 3798 Δ
837 3742 1075 3811 dignosci
1102 3741 1229 3796 satis
1252 3740 1363 3797 non
1406 3744 1576 3811 potuit
1602 3743 1795 3812 jurgis,
1826 3758 1893 3797 an
1922 3740 2075 3814 virgis

497 3822 661 3868 3850'.

567 3882 653 3953 65.
702 3882 816 3936 Vat.
843 3886 910 3947 A,
941 3892 987 3936 et
1015 3884 1201 3946 nudos,
1236 3895 1533 3953 perperam.

570 3951 659 4021 65.
699 3953 843 4021 ᾼΙό.,
879 3954 1067 4007 circum
1098 3954 1258 4021 foliis,
1289 3951 1473 4007 contra
1502 3959 1754 4006 metrum.

569 4020 658 4074 67.
701 4020 981 4092 Lambendi
1007 4020 1170 4077 verbo
1199 4038 1326 4077 usus
1353 4037 1564 4092 quoque
1584 4028 1667 4075 est
1686 4021 1934 4076 Sedulius
1963 4022 2066 4077 loc.

495 4087 612 4149 cit.,
645 4098 698 4143 et
727 4098 881 4143 antea
910 4090 1161 4159 Virgilius
1191 4092 1283 4146 lib.
1320 4109 1353 4145 ιι
1372 4087 1618 4153 ’.Εηέἰόη
1649 4106 1791 4146 vers.
1822 4093 1947 4160 685,
1978 4104 2071 4146 ta-

493 4166 673 4230 ctuque
701 4159 918 4230 innoxia
941 4162 1083 4214 molli
1105 4160 1347 4215 Lambere
1364 4165 1573 4230 ﬂamma
1593 4176 1784 4215 comas.

564 4227 652 4299 68.
700 4227 815 4299 Vat.
842 4230 883 4281 A
914 4231 1167 4291 mendum
1198 4227 1391 4299 ostifefi
1417 4246 1445 4282 a
1477 4232 1644 4297 prima
1672 4246 1854 4286 manu.

566 4297 653 4351 7i.
696 4297 937 4366 Colligit,
969 4300 1128 4354 etiam
1160 4298 1213 4352 in
1245 4297 1380 4353 rubo
1410 4299 1543 4352 nihil
1574 4299 1765 4366 visum,
1800 4302 1900 4356 nisi
1930 4301 2066 4357 Ver-

492 4364 621 4419 bum
652 4367 815 4421 Deum
840 4364 868 4421 P:
904 4383 1023 4421 nam
1057 4369 1283 4423 Verbum
1316 4370 1479 4431 idem,
1511 4371 1650 4436 quod
1681 4364 1874 4424 sentum
1905 4376 2068 4427 nostri

491 4451 763 4562 peccamen
799 4439 1026 4506 corporis
1066 4439 1269 4506 implet,
1316 4440 1797 4507 repraesentabatur
1841 4441 1893 4495 in
1944 4443 2065 4511 igne

514 4508 731 4562 ttnoxio.
759 4509 847 4562 aui
875 4509 928 4561 in
951 4510 1110 4562 spinis
1131 4508 1365 4562 volitabat
1387 4507 1570 4562 acutis.
1599 4508 1827 4562 lmplere
1852 4523 2060 4562 sentum

514 4508 731 4574 nnoxio,
759 4509 847 4577 qui
875 4509 928 4561 in
951 4510 1110 4577 spinis
1131 4508 1365 4562 volitabat
1387 4507 1570 4562 acutis.
1599 4508 1827 4576 lmplere
1852 4507 2060 4568 sentum

490 4592 777 4649 peccamen
808 4579 1050 4646 corporis
1078 4588 1159 4633 est
1186 4580 1351 4634 Deum
1381 4592 1655 4634 assumere
1681 4592 1875 4649 corpus
1905 4582 1959 4636 in
1990 4582 2063 4636 si-

488 4648 839 4704 militudinem
871 4650 1092 4718 peccati.

558 4718 648 4772 72.
697 4719 862 4774 Filius
908 4719 1101 4775 dicitur
1154 4721 1327 4790 imago
1370 4719 1466 4775 Dei
1507 4735 1626 4790 cap.
1658 4737 1689 4790 Vl
1734 4719 1799 4775 ad
1850 4721 2057 4777 Coloss.

2182 3038 2403 3109 intelligi
2453 3036 2647 3091 Paulus
2691 3035 3004 3109 apostolus,
3043 3038 3130 3107 qui
3172 3036 3383 3093 Patrem
3442 3040 3762 3101 invisibilem

2181 3106 2376 3175 vocat,’
2408 3116 2465 3162 ut
2513 3108 2735 3174 exposui
2780 3122 2921 3160 vers.
2949 3106 3034 3161 72.
3064 3106 3181 3161 Est
3226 3119 3403 3163 autem
3447 3110 3606 3166 Pater
3650 3116 3763 3169 fons

2183 3178 2415 3250 deitatis,
2446 3187 2705 3244 quatenus
2721 3179 3093 3250 communicat
3120 3178 3373 3250 deitatem
3413 3198 3425 3231 :
3454 3195 3563 3250 quo
3600 3197 3762 3239 sensu

2182 3246 2433 3319 frequens
2456 3262 2574 3301 esse
2598 3246 2735 3315 apud
2762 3246 2943 3319 Patres
2966 3262 3158 3319 vocare
3181 3247 3390 3319 Patrem
3419 3246 3621 3305 fontem
3649 3255 3760 3309 dei-

2181 3318 2389 3392 tatiset
2417 3318 2732 3392 divinitatis,
2773 3333 2838 3370 ex
2861 3318 2932 3392 _S.
2964 3318 3563 3392 Dionysiialiorumque
3589 3326 3759 3392 operi-

2185 3387 2283 3460 bus
2306 3389 2639 3460 demonstrat
2655 3386 2939 3460 Suarezius
2965 3389 3055 3460 lib.
3076 3404 3166 3460 vni
3189 3390 3255 3441 de
3270 3386 3553 3457 Trinitate,
3573 3386 3691 3460 cap.
3706 3396 3755 3449 5.

2106 3445 2153 3510 C
2183 3459 2397 3533 Minime
2430 3474 2557 3513 vero
2584 3456 2741 3511 Pater
2773 3470 2855 3511 εει
2882 3457 3000 3512 fons
3029 3458 3265 3525 deitatis,
3296 3460 3449 3526 quasi
3478 3445 3620 3517 eam,
3640 3445 3758 3533 in};

2182 3531 2361 3583 ducat.

2254 3600 2339 3654 78.
2371 3599 2517 3663 Ald.,
2543 3599 2731 3668 Bong..
2758 3606 2809 3650 et
2829 3608 3055 3665 quatuor
3077 3598 3347 3654 Heinsiani
3372 3603 3757 3668 praestantioris

2177 3679 2337 3735 notae,
2371 3670 2463 3723 Dei
2484 3672 2617 3737 fons.
2644 3667 2779 3729 Gis.,
2806 3668 3022 3733 Weitz.,
3048 3670 3190 3723 Vatt.
3216 3670 3257 3721 A
3281 3670 3414 3733 etB,
3444 3671 3595 3737 Rat.,
3624 3673 3756 3727 Deus

2201 3742 2309 3794 'ons.
2341 3741 2395 3793 In
2422 3740 2550 3793 Mar.
2579 3739 2785 3792 videtur
2807 3752 2927 3792 esse
2947 3738 3103 3807 Deus,
3129 3740 3256 3792 licet
3277 3740 3344 3793 sit
3366 3740 3543 3809 aliqua
3575 3744 3751 3797 litura.

2227 3820 2412 3881 troque
2442 3810 2601 3881 modo
2631 3822 2817 3881 sensus
2848 3820 3076 3881 constat.
3109 3811 3163 3863 ln
3188 3808 3425 3864 editione
3449 3808 3749 3881 glossarutn

2174 3878 2344 3934 lsonis
2374 3878 2609 3934 Coloniae
2643 3878 2797 3941 i70l,
2832 3878 3067 3947 trajecta:
3110 3886 3235 3932 sunt
3260 3878 3473 3948 glossae,
3519 3891 3576 3936 et
3625 3884 3748 3937 falsa

2172 3952 2436 4005 sententia
2464 3951 2700 4018 irrepsit,
2724 3949 2927 4002 scilicet
2951 3968 2965 4003 :
2995 3966 3059 4002 ne
3082 3965 3275 4012 roum,
3304 3950 3367 4001 de
3394 3949 3586 4013 Patre;
3618 3952 3751 4006 Deus

2175 4036 2324 4085 ross,
2356 4019 2549 4083 Filius,
2582 4020 2670 4087 qui
2701 4028 2770 4070 est
2801 4019 2933 4087 fons.
2977 4020 3032 4072 ln
3064 4020 3199 4073 Aldo
3228 4033 3441 4086 quoque
3476 4022 3615 4075 male
3641 4022 3749 4076 haec

2170 4090 2416 4146 distincta
2439 4098 2561 4143 sunt
2582 4106 2681 4142 non
2701 4089 2808 4158 ipse
2825 4088 2918 4141 Dei
2943 4089 3058 4159 fons
3087 4088 3313 4143 Visibilis
3338 4092 3478 4143 cerni
3499 4092 3633 4159 potis
3653 4103 3745 4155 est,

2171 4162 2257 4228 qui
2285 4163 2528 4214 nascitur.

2240 4232 2325 4285 79.
2368 4232 2420 4284 In
2452 4230 2657 4284 Bonon.
2709 4228 2961 4297 scriptum
3002 4238 3084 4282 est
3118 4232 3299 4297 poterit
3346 4243 3444 4297 pro
3472 4230 3599 4299 potis
3632 4238 3738 4292 est,

2168 4299 2454 4422 alraliquo
2484 4300 2651 4355 sciolo
2678 4299 2965 4363 invectum,
2996 4309 3104 4353 tum
3143 4299 3243 4353 hoc
3284 4299 3338 4353 in
3367 4300 3510 4365 loco,
3546 4309 3654 4354 tum
3683 4300 3741 4354 in

2168 4384 2197 4422 a
2225 4384 2307 4422 ns.

2167 4384 2307 4426 atus.

2236 4440 2322 4494 8t).
2373 4439 2592 4493 Innatus
2629 4453 2725 4507 pro
2759 4454 2858 4492 non
2884 4447 3037 4491 natus
3058 4437 3435 4495 Tertullianus.
3479 4439 3585 4495 Pro
3611 4442 3747 4496 intus

2165 4519 2314 4565 natus
2335 4510 2539 4577 Cicero,
2563 4519 2616 4565 et
2637 4509 2746 4563 alii.
2775 4509 2830 4562 ln
2852 4510 3003 4564 Alex.
3028 4509 3178 4563 deest
3203 4523 3339 4564 unus
3359 4523 3569 4576 versus,
3594 4521 3647 4564 et
3671 4513 3743 4565 ita

2166 4579 2253 4650 alii
2282 4580 2569 4650 leguntur:
2605 4577 2833 4632 Visibilis
2863 4578 2997 4632 cerni
3031 4580 3162 4648 potis
3190 4588 3263 4633 est
3289 4594 3307 4633 :
3338 4578 3460 4634 latet
3487 4595 3543 4633 os
3570 4578 3741 4633 Patris

2164 4648 2317 4713 illud,
2342 4648 2393 4703 'U
2401 4650 2499 4703 nde
2525 4649 2685 4703 Deus.

2234 4719 2322 4774 85.
2354 4722 2417 4790 ln
2447 4721 2688 4786 Tliuan.,
2717 4734 2862 4787 quem
2901 4734 3085 4790 corpus
3125 4718 3220 4773 sibi
3257 4720 3492 4787 vindicat,
3539 4734 3743 4788 nempe

487 4802 629 4865 vers.
787 4790 885 4856 Qui
904 4800 976 4843 est
998 4791 1164 4865 imago
1186 4788 1281 4865 Dei
1300 4788 1587 4865 invisibilis.
1604 4789 1863 4865 T_heolo_gi
1882 4800 2059 4865 osten-
2084 4802 2142 4865 ι)
2162 4804 2310 4865 quem
2342 4789 2521 4865 Deum.

487 4858 618 4912 dunt
658 4859 849 4915 Filium
887 4875 1008 4916 esse
1048 4858 1331 4929 imaginem
1370 4860 1540 4915 Patris
1572 4862 1658 4916 vel
1698 4876 1762 4929 ex
1801 4858 1901 4917 lioc
1942 4862 2058 4918 loco

488 4930 776 5001 gpostoli;
828 4945 947 4985 nam
997 4930 1139 5001 Deus
1164 4928 1447 4986 invisibilis
1500 4931 1696 4986 ibidem
1738 4928 2059 5001 intelligitur

488 4996 664 5063 Pater,
696 5010 753 5053 ut
780 5015 845 5055 ex
875 5001 974 5057 SS.
1000 5000 1247 5056 Patribus
1283 5009 1511 5057 constat.
1558 5001 1667 5056 lmo
1694 5001 1861 5056 Filius
1890 4996 2058 5060 solius

487 5067 659 5122 Patris
683 5078 764 5141 est
794 5071 967 5139 imago
990 5088 1003 5125 :
1024 5086 1129 5126 non
1152 5074 1293 5127 enim
1324 5070 1461 5127 ratio
1493 5071 1733 5141 imaginis
1760 5074 2055 5128 consistere

486 5146 665 5213 potest
694 5139 809 5195 sine
833 5155 959 5196 vera
992 5144 1448 5213 processionepet
1477 5139 1641 5213 Filius
1680 5158 1711 5213 7a
1741 5141 1897 5197 Patre
1930 5159 2055 5213 pro-

486 5207 648 5282 cedit,
680 5224 785 5275 non
826 5224 853 5264 a
884 5207 1080 5282 natura
1109 5212 1307 5268 divina.
1338 5207 1459 5267 Vat.
1491 5215 1556 5268 Α.
1589 5212 1713 5281 legit
1744 5207 2055 5282 numen'pro

486 5278 655 5351 lumen
694 5296 712 5333 :
748 5282 850 5336 hoc
881 5281 1038 5351 longe
1069 5283 1258 5338 melius
1286 5293 1386 5338 est.

556 5349 643 5404 74.
670 5351 785 5406 Νοη
809 5349 1174 5421 μιαραὶ-81086³
1200 5353 1317 5407 Vat.
1340 5356 1386 5408 A
1410 5370 1421 5405 :
1451 5353 1605 5419 IGNIS,
1626 5353 1852 5419 Spiritus
1872 5355 2053 5408 sancti.

483 5418 675 5475 Sermo
688 5421 776 5477 hic
794 5418 993 5478 tantum
1004 5418 1094 5479 est
1109 5423 1175 5478 de
1191 5422 1389 5491 Verbo,
1411 5424 1550 5493 quod
1568 5418 1649 5478 est
1664 5418 1804 5493 Deus
1824 5423 1974 5493 ignis,
2005 5435 2063 5477 ut

485 5493 645 5557 paulo
674 5500 819 5549 ante.
850 5494 1127 5550 Fabricius
1151 5510 1313 5549 unum
1342 5492 1562 5549 verbum
1591 5494 1710 5547 facit
1745 5492 2056 5559 Verbisator,

484 5567 540 5635 et
564 5560 656 5635 ait,
687 5564 957 5632 epitheton
996 5565 1087 5620 Dei
1124 5565 1297 5621 Patris
1329 5578 1471 5635 esse,
1522 5574 1581 5619 ut
1616 5563 1915 5635 Verbigena.
1952 5563 2056 5619 Sed

485 5628 735 5704 ltogloco
759 5635 894 5688 ratio
924 5636 1077 5690 metri
1106 5636 1339 5704 postulat
1370 5628 1523 5689 Verbi
1546 5644 1703 5689 sator.

559 5700 648 5776 75.
689 5704 985 5776 Apostolum
1027 5700 1174 5776 ain-nt
1212 5720 1331 5760 esse
1356 5705 1611 5761 Joannem
1654 5704 2054 5776 evangelistam,

486 5773 639 5831 cuius
662 5775 923 5826 sententia
948 5774 1153 5829 laudata
1176 5784 1255 5829 est
1277 5790 1435 5840 supra
1459 5791 1595 5831 vers.
1618 5778 1669 5828 υ.
1697 5773 1873 5829 Potest
1896 5773 2054 5828 etiam

2232 4859 2319 4913 86.
2352 4858 2461 4913 Nec
2493 4861 2626 4929 capit
2653 4857 2792 4930 idem
2823 4866 2905 4913 est
2931 4871 2992 4914 ac
3014 4875 3116 4912 non
3146 4868 3329 4930 potest,
3362 4859 3494 4925 sive,
3525 4867 3585 4913 ut
3613 4859 3745 4930 alibi

2160 4928 2394 4999 loquitur
2418 4928 2759 4993 Prudentius,
2788 4930 3008 4998 ineapaa:
3027 4938 3118 4983 est.
3147 4928 3506 4999 Hieronymus
3534 4939 3589 4985 et
3611 4929 3727 4985 Pan

2158 4998 2301 5055 linus
2329 5002 2489 5056 etiam
2524 4998 2781 5055 vocabulo
2808 4999 3030 5067 incapas;
3058 5008 3299 5054 utuntur.
3339 4998 3620 5055 Fabricius
3639 5003 3745 5055 ad-

2161 5071 2344 5137 vertit,
2372 5073 2511 5126 hunc
2541 5076 2754 5126 versum
2784 5083 2905 5124 esse
2932 5084 2998 5123 ex
3032 5070 3112 5124 his
3139 5069 3229 5140 qui
3258 5070 3508 5140 dicuntur
3539 5070 3747 5126 ﬁstula-

2158 5155 2279 5208 res,
2313 5143 2454 5210 quod
2486 5140 2808 5212 syllabarum
2840 5154 3095 5195 numerus
3126 5154 3247 5195 cum
3290 5139 3515 5209 singulis
3561 5142 3747 5196 verbis

2159 5224 2361 5266 crescat
2372 5250 2385 5263 .

2233 5281 2319 5334 87.
2352 5282 2547 5336 Natura
2571 5281 2749 5336 divina
2770 5279 2965 5351 dicitur
2992 5280 3259 5351 prtelibera
3288 5279 3481 5348 liquido
3504 5289 3651 5335 mqu
3682 5296 3747 5335 es

2163 5351 2582 5419 significatione,
2631 5365 2731 5420 qua
2776 5350 3042 5405 interdum
3086 5360 3238 5421 poeta
3279 5359 3461 5421 noster
3487 5352 3748 5421 liquidum

2166 5433 2400 5491 usurpat,
2433 5418 2682 5478 videlicet
2709 5437 2836 5491 puro
2874 5418 3132 5491 spirituali
3160 5429 3321 5475 motu.
3353 5418 3486 5473 Vide
3529 5418 3744 5491 proleg.

2164 5490 2310 5546 num.
2340 5494 2462 5547 164.
2493 5490 2885 5547 Chamillardus
2914 5490 3224 5555 arbitratur,
3253 5499 3463 5559 poetam
3491 5490 3749 5546 allusisse

2163 5562 2229 5617 ad
2261 5563 2426 5617 Deum
2455 5563 2767 5617 volitantem
2798 5559 2853 5613 in
2883 5560 3043 5626 rubo,
3069 5569 3124 5615 et
3152 5560 3333 5614 nescio
3357 5574 3478 5628 quae
3509 5561 3616 5615 alia
3643 5561 3717 5615 ad

2162 5632 2261 5701 dit,
2285 5634 2421 5702 quod
2447 5634 2554 5686 Deo
2580 5633 2700 5686 vitia
2724 5631 2892 5685 carnis
2914 5645 3019 5684 non
3042 5638 3238 5695 nocent,
3266 5629 3379 5702 licet
3400 5631 3466 5682 sit
3486 5631 3542 5684 in
3573 5631 3747 5684 medie

2160 5699 2447 5771 sanguinis,
2483 5703 2568 5772 qui
2595 5703 2817 5769 liquidus
2848 5709 2941 5766 est,
2964 5709 3285 5772 relinquetur.
3333 5699 3456 5755 Haec
3498 5716 3527 5755 ι
3558 5710 3746 5756 tuente

2161 5784 2331 5840 poetae
2370 5771 2521 5841 longe
2551 5773 2720 5829 aliens
2760 5785 2877 5827 esse
2912 5771 3039 5824 mihi
3072 5771 3336 5825 videntur.
