3950 6326
166 385 269 442 929

330 583 426 639 Cui
448 597 553 637 non
576 582 896 652 principium
916 580 984 638 de
1004 591 1263 651 tempore,
1279 583 1373 640 sed
1394 598 1555 654 super
1576 600 1736 642 omne

161 678 229 737 so
328 675 583 745 Tempus,
602 681 657 729 et
682 681 808 730 ante
834 672 977 729 diem
1004 674 1256 746 maiestas
1280 690 1399 732 cum
1416 675 1575 732 Patre
1592 692 1739 733 sum-

1535 768 1666 841 [mm

332 861 447 917 lmo
471 860 685 916 animus
700 859 895 927 Patris,
916 867 971 915 et
998 860 1156 928 ratio,
1176 870 1231 917 et
1253 860 1340 916 via
1364 861 1737 916 consiliorum.

331 956 461 1023 Quae
487 969 596 1009 non
617 953 758 1008 facta
787 966 967 1019 manu,
992 966 1091 1008 nec
1114 966 1247 1008 voce
1272 960 1453 1009 creata
1477 950 1736 1023 iubentis,

336 1046 565 1103 Protulit
596 1046 905 1116 imperium,
938 1045 1112 1115 patrio
1142 1052 1349 1101 ructata
1378 1044 1665 1115 profundo.

338 1137 486 1193 Hanc
506 1137 665 1205 igitur
692 1151 798 1191 non
824 1137 987 1205 ﬂagra
1008 1143 1211 1201 secant,
1240 1150 1346 1190 non
1375 1144 1527 1205 sputa
1554 1134 1741 1189 salivis

192 1227 258 1284 95
334 1220 494 1300 ιιι
518 1226 842 1297 Aspergunt,
857 1226 1026 1294 alapis
1043 1241 1149 1281 non
1169 1236 1324 1283 vexat
1341 1226 1516 1296 palma
1536 1226 1740 1291 relisis;

330 1319 444 1376 Nec
468 1317 710 1388 perfossa
732 1318 877 1374 cruci
908 1318 1176 1375 clavorum
1204 1319 1420 1374 vulnera
1447 1318 1633 1389 ﬁgunt.

338 1409 433 1466 llis
480 1408 671 1465 aﬂ'ecta
726 1424 854 1466 caro
896 1419 978 1466 est
1022 1410 1287 1474 hominis,
1340 1424 1496 1479 quem
1550 1409 1743 1466 femina

1354 1499 1673 1571 [praegnans

337 1593 509 1649 Enixa
540 1600 625 1647 est
651 1590 751 1647 sub
778 1590 893 1661 lege
918 1592 1075 1657 uteri,
1098 1592 1216 1648 sine
1242 1591 1359 1661 lege
1388 1591 1587 1646 mariti.

333 1681 430 1738 llle
459 1682 657 1738 famem
686 1683 906 1751 patitur,
932 1683 999 1737 fel
1027 1691 1194 1752 potat,
1227 1692 1279 1737 et
1302 1684 1476 1737 haurit
1501 1690 1744 1747 acetum;

340 1775 433 1829 ille
465 1781 621 1842 pavet
648 1774 836 1828 mortis
873 1774 1084 1839 faciem,
1128 1776 1309 1828 tremit
1352 1774 1446 1829 ille
1482 1774 1746 1828 dolorem.

336 1866 529 1931 Dicite,
560 1868 805 1938 sacrilegi
826 1866 1096 1933 doctores,
1121 1867 1212 1935 qui
1238 1866 1396 1919 Patre
1425 1880 1636 1919 summo

339 1957 617 2011 Desertum
644 1957 878 2026 iacuisse
906 1956 1154 2009 thronum
1183 1954 1507 2009 contenditis
1532 1953 1624 2008 illo

335 2048 619 2118 Tempore,
634 2064 742 2118 quo
760 2049 971 2118 fragiles
984 2048 1123 2103 Deus
1144 2058 1227 2102 est
1244 2047 1329 2101 illa
1337 2062 1461 2116 psus
1484 2047 1538 2101 in
1560 2056 1742 2111 artus;

338 2134 481 2207 Ergo
526 2137 685 2193 Pater
734 2138 969 2207 passus?
1017 2136 1145 2207 quid
1188 2152 1295 2191 non
1344 2136 1515 2190 malus
1553 2136 1747 2190 audeat

1442 2228 1459 2297 [
1478 2241 1631 2281 error
1651 2226 1675 2278 i

160 2315 261 2373 105
342 2316 434 2372 Ille
460 2317 681 2386 puellari
714 2325 1006 2385 conceptus
1037 2316 1297 2385 sanguine
1317 2315 1528 2370 crevit?

340 2406 456 2476 Ipse
478 2407 797 2464 verecunda:
826 2407 1077 2462 distendit
1105 2406 1326 2475 virginis
1354 2405 1566 2460 alvum?

162 1775 261 1833 100

1564 384 1994 444 APOTHEOSIS.

330 488 551 547 Subdita
570 501 670 544 nec
686 489 956 560 cuiquam,
976 491 1297 546 dominatrix
1313 498 1369 546 ut
1386 500 1508 561 pote
1526 508 1735 551 rerum:
1769 507 1823 565 Α

2302 337 2316 367 1

3316 390 3417 447 950

2028 491 2219 561 Etiam
2250 492 2527 562 falsiloqua
2552 501 2636 549 est
2656 502 2824 547 amnt
2850 491 3040 563 pagina
3070 492 3215 559 libri,

2022 585 2151 650 Quae
2172 583 2403 640 Verbum
2422 585 2474 639 in
2491 585 2667 640 carnis
2682 584 2913 654 loquitur
2929 584 3146 641 ﬂuxisse
3169 587 3424 657 ﬁguram?

2016 677 2085 730 At
2105 692 2231 741 non,
2256 678 2345 743 qui
2360 676 2521 731 Verbi
2543 677 2704 732 Pater
2723 685 2827 744 est,
2841 691 2966 732 caro
2989 677 3156 733 factus
3176 678 3421 736 habetur.

1842 763 1945 820 110
2018 764 2147 834 Fige
2175 766 2431 835 gradum,
2464 767 2763 837 Scriptura,
2815 776 2986 835 tuum,
3033 768 3107 823 nil
3146 769 3346 826 mobile
3371 779 3427 828 et

2402 930 2423 941 ἣ
3118 861 3353 932 [anceps

2015 947 2331 1005 Afﬁrmasse
2357 950 2533 1006 decet.
2566 946 2724 1006 Pater
2749 958 2852 1017 est,
2870 966 3029 1022 quem
3050 966 3270 1009 cernere
3292 952 3426 1011 nulli

2016 1039 2111 1097 Est
2139 1039 2343 1096 licitum
2378 1058 2391 1093 :
2424 1042 2581 1098 Pater
2610 1052 2713 1110 est,
2751 1043 2842 1113 qui
2879 1058 3149 1114 nunquam
3185 1046 3329 1101 visus
3369 1045 3425 1101 in

3056 1134 3221 1206 [orbe
3246 1144 3349 1202 est,

2019 1222 2180 1295 412
2201 1222 2311 1280 Nec
2330 1224 3199 1282 mundanainterradiavitlumina
3219 1241 3424 1283 coram.

2020 1314 2254 1371 Verbum
2277 1318 2625 1386 conspicuum
2657 1318 2817 1382 misit,
2844 1316 3170 1387 missumque
3194 1320 3416 1387 recepit,

1846 1405 1947 1461 115
2020 1404 2151 1460 Cum
2180 1406 2383 1461 voluit:
2417 1406 2596 1462 Verbo
2618 1406 2944 1475 praestrinxit
2963 1407 3172 1462 viscera
3208 1424 3353 1478 purae

2025 1495 2276 1564 Virginis,
2304 1506 2359 1551 et
2387 1496 2563 1552 Verbo
2593 1497 2787 1551 struxit
2818 1497 3042 1566 puerilia
3065 1499 3323 1553 membra.

2020 1588 2139 1657 Ipse
2155 1588 2370 1658 quidem
2399 1590 2451 1643 in
2474 1591 2626 1645 terris
2646 1591 2858 1656 virtute,
2886 1601 2940 1646 et
2956 1592 3173 1647 numine
3190 1608 3426 1661 prtesens

2025 1680 2249 1751 Semper
2277 1681 2429 1737 adest
2456 1696 2771 1751 quocunque
2806 1683 2929 1747 loci,
2980 1698 3077 1739 nec
3119 1699 3243 1753 pass
3280 1694 3431 1739 vacat

3233 1771 3357 1842 [ulla

2024 1859 2298 1929 Majestate
2344 1860 2549 1928 Patris,
2595 1875 2854 1931 nusquam
2896 1869 2980 1916 est
3025 1862 3245 1917 Genitor
3290 1862 3431 1919 Dens

3070 1953 3088 2024 [
3111 1954 3303 2009 absens
3338 1973 3349 2005 :

1852 2040 1956 2098 120
2028 2042 2130 2097 Per
2186 2042 2415 2097 Verbum
2470 2040 2566 2098 sed
2613 2057 2829 2112 semper
2877 2042 3055 2110 adest,
3104 2054 3263 2114 atque
3308 2044 3430 2101 inde

3074 2136 3092 2205 l
3118 2135 3361 2203 Philippo

2031 2222 2274 2277 Christus
2295 2223 2369 2277 ait
2395 2239 2407 2276 :
2433 2222 2605 2278 Tanto
2626 2232 2800 2278 tecum
2822 2224 2931 2292 jam
2955 2233 3193 2293 tempore
3219 2241 3427 2290 versor,

2025 2314 2091 2368 Et
2106 2313 2316 2368 Patrem
2339 2322 2391 2369 te
2411 2327 2573 2369 nosse
2589 2329 2774 2385 negas,
2792 2330 2950 2385 quem
2972 2319 3231 2386 perspicis
3246 2317 3299 2373 in
3314 2318 3431 2371 me?

2028 2403 2123 2457 Est
2146 2404 2433 2467 invisibilis
2462 2404 2661 2461 donum
2689 2406 2859 2462 Patris
2884 2407 3045 2465 edere
3074 2418 3256 2465 natum

1458 2492 1749 2552 GLOSSJE
1790 2492 2131 2551 VETERES.

222 2596 321 2651 90.
365 2594 634 2664 Maiestas,
664 2592 937 2664 Filiifuit,
965 2592 1004 2647 l.
1032 2592 1222 2664 Christi
1242 2590 1502 2658 divinitas,
1527 2590 1648 2645 Vat.
1670 2590 1743 2646 A.

219 2668 285 2721 91
301 2703 321 2717 .
362 2661 742 2731 Αιιὶωιιιίὶρδι
766 2661 939 2716 Filius
959 2675 1056 2728 est,
1086 2661 1190 2717 lso.

219 2737 324 2792 9‘5.
369 2734 550 2789 Patrio
591 2733 875 2803 profundo,
917 2749 982 2787 ex
1025 2732 1207 2787 intima
1232 2731 1408 2787 Patris
1436 2732 1739 2801 substantia,

157 2805 290 2862 Har.

216 2877 320 2931 94.
362 2874 576 2944 Flagra,
615 2874 848 2943 ﬂagella,
863 2869 921 2944 fl.

219 2947 323 3001 97.
352 2943 585 3009 Atreum,
617 2946 823 3015 afﬂicta,
859 2943 963 3015 lso.

219 3016 321 3071 98.
354 3015 525 3068 Enixa
556 3012 930 3084 est,"parturit,
960 3012 1002 3066 l.

219 3085 359 3143 106.
395 3083 1032 3151 ῡὶδιεηᾱίιίὶηιαηιεεεενε
1070 3084 1207 3153 fecit,
1242 3083 1281 3137 l.

218 3156 357 3211 107.
393 3153 722 3223 Falsiloqua,
756 3153 1111 3223 falsiloquens,
1135 3155 1176 3208 Ι.

217 3225 357 3282 109.
388 3224 459 3279 At
478 3219 828 3290 nom—scilicet
855 3223 981 3293 ipse.
1009 3254 1079 3265 -
1101 3222 1282 3287 Verbi,
1315 3219 1463 3289 Filii,
1497 3222 1537 3277 ι.

1922 2590 2042 2646 110.
2074 2588 2220 2658 Fige,
2250 2587 2518 2656 conﬁrma,
2548 2587 2587 2642 1.

1923 2662 2042 2714 111.
2073 2657 2331 2729 Cernere,
2359 2660 2551 2712 scilicet
2574 2660 2862 2729 manifeste,
2897 2663 2999 2719 lso.

1922 2731 2044 2805 lib.
2073 2728 2289 2805 Coram,
2320 2728 2731 2805 prasentialiter,
2759 2730 2802 2783 1.
2828 2731 3192 2805 corporaliter,
3221 2737 3341 2794 Vat.
3360 2740 3427 2795 A.

1923 2801 2047 2855 114.
2082 2799 2322 2866 Recepit,
2349 2808 2461 2863 post
2490 2802 2856 2866 ascensionem,
2890 2799 3007 2856 Vat.
3037 2806 3100 2858 A.

2078 2867 2429 2946 Praistrinxit,
2454 2872 2844 2946 prwoccupavit,
2872 2872 2909 2926 l.
2937 2871 3193 2943 Implevit,
3224 2878 3353 2935 Mar.

1923 2939 2047 2994 116.
2078 2938 2305 3002 Struxit,
2336 2938 2552 3006 ornavit,
2589 2938 2626 2991 1.

1854 3082 1867 3107 ⁸
1923 3010 2420 3107 118ὺριιοοιωᾳυθ,
2444 3008 2498 3060 in
2520 3008 2657 3061 omni
2678 3006 2813 3075 loco,
2835 3009 2874 3064 1.
2907 3011 3201 3085 Ubicunque
3218 3019 3271 3071 in
3290 3023 3429 3076 omni

1871 3078 2178 3230 qioggiairér
2208 3147 2463 3230 Verbu_r_n,_
2495 3166 2584 3213 prr
2607 3148 2664 3230 ξ’
2667 3151 2816 3206 ilium
2842 3154 3057 3209 innotuit
3087 3161 3294 3229 mundo,
3330 3161 3369 3215 1.

1919 3222 2042 3277 125.
2073 3221 2302 3284 Donum,
2335 3220 2574 3289 officium,
2606 3220 2645 3275 l.

1596 3311 2055 3368 MMENTARIUS.

1596 3312 1737 3368 MME
1882 3312 1949 3367 Rl
2041 3351 2055 3367 .

221 3410 322 3465 89.
350 3407 668 3473 Etemitas,
714 3406 1001 3470 divinitas,
1034 3414 1089 3460 et
1137 3405 1321 3461 eadem
1362 3312 2190 3474 natugoVerhiNgtoluUmsmodo
2211 3414 2384 3460 exstat
2413 3406 2552 3476 apud
2585 3405 2833 3462 Plinium.
2869 3407 2967 3463 Vel
3004 3408 3056 3463 id
3092 3410 3263 3465 solum
3298 3412 3428 3470 Pru-

158 3495 278 3536 cum
312 3478 473 3533 Patre
501 3476 815 3532 clarioribus
840 3476 1021 3531 verbis
1050 3477 1274 3544 exprimi
1306 3476 1508 3545 nequit.

223 3550 321 3605 91.
372 3550 553 3611 Alex.,
587 3548 732 3612 Put.,
760 3548 969 3601 Thuan.
1009 3556 1064 3601 et
1087 3547 1194 3601 duo
1220 3547 1558 3601 Torrentiani
1595 3552 1745 3613 ratio,

158 3620 234 3674 ria
263 3620 387 3673 sine
416 3628 486 3671 et.
514 3618 703 3671 Filium
732 3616 1095 3672 consiliarium
1126 3627 1276 3673 vocat
1308 3616 1470 3671 Isaias
1509 3633 1627 3684 cap.
1658 3635 1707 3671 rx
1731 3635 1746 3673 :

156 3689 251 3746 SS.
277 3689 502 3751 Patres,
528 3696 583 3743 et
616 3687 847 3757 theologi
893 3696 1157 3755 mentem,
1189 3687 1454 3753 animum,
1486 3687 1747 3743 rationem

158 3758 356 3814 Patris.

227 3829 325 3884 93.
359 3827 626 3882 Cellarius
655 3827 709 3882 in
737 3826 910 3881 indice
938 3827 1221 3881 verborum
1247 3826 1379 3881 duas
1406 3826 1749 3894 metaphoras

159 3900 434 3953 indecoras
456 3907 628 3961 notat,
652 3899 870 3950 alteram
899 3896 1033 3951 hanc
1052 3899 1219 3965 patrio
1243 3904 1443 3949 ructata
1467 3900 1747 3967 profundo,

161 3970 396 4023 alteram
428 3982 570 4023 vers.
606 3968 730 4029 595,
764 3968 1010 4033 evomuit,
1047 3976 1151 4021 etc.
1200 3967 1379 4020 Dicam
1412 3980 1509 4021 suo
1537 3968 1652 4023 loco
1683 3968 1751 4024 de

162 4040 428 4093 secunda.
481 4038 660 4091 Prima
691 4036 999 4103 metaphora
1030 4037 1270 4090 indecora
1298 4037 1403 4089 dici
1433 4053 1537 4090 non
1567 4038 1746 4102 debet,

163 4107 604 4177 quandoquidem
638 4105 953 4160 Prudentius
988 4107 1173 4177 psalmi
1210 4121 1356 4177 μιν,
1403 4108 1457 4172 1,
1493 4107 1654 4161 verba
1696 4108 1749 4162 in

168 4175 323 4232 suam
354 4178 671 4231 sententiam
700 4176 1121 4230 accommodavit
1156 4195 1167 4227 :
1200 4175 1558 4230 Eructavitcor
1587 4194 1751 4230 meum

164 4248 370 4301 uerbum
399 4247 583 4299 bonum
607 4262 625 4299 :
646 4261 764 4315 quae
789 4245 857 4299 de
882 4255 1082 4300 aeterna
1108 4244 1266 4299 Verbi
1293 4248 1637 4314 generatione
1666 4247 1748 4302 in-

172 4326 539 4387 ter-pretantur
575 4315 670 4370 SS.
697 4316 903 4387 Patres.
931 4315 1245 4370 Ambrosius
1273 4316 1366 4371 lib.
1399 4332 1448 4370 IV
1478 4316 1544 4371 de
1579 4317 1747 4387 Virg.,

168 4383 291 4453 cap.
325 4387 351 4439 1
381 4396 395 4440 t
428 4384 547 4456 Ipse
577 4396 648 4440 est
674 4401 819 4456 quem
838 4383 995 4437 Pater
1018 4388 1190 4455 genuit
1214 4397 1328 4440 ante
1348 4383 1753 4456 Luciferumfea:

168 4466 314 4509 utero
342 4453 620 4523 generavit,
649 4453 703 4508 ut
722 4453 938 4519 Filium,
968 4453 1032 4509 cui
1055 4456 1209 4509 corde
1233 4453 1498 4519 cruciavit,
1533 4468 1587 4509 ut
1619 4456 1747 4510 Ver-

172 4524 309 4578 bum.
340 4524 583 4580 Ps'numt
612 4540 924 4579 rnoruunuu
966 4526 1120 4587 dixit,
1166 4533 1223 4579 ut
1250 4525 1393 4580 Zeno
1424 4525 1751 4583 Veronensis

171 4609 425 4651 sermone
467 4600 491 4649 1
542 4596 610 4650 de
639 4605 838 4651 aeterna
882 4596 1223 4663 generatione
1253 4594 1393 4662 Filii,
1437 4598 1751 4664 profundum

170 4679 437 4737 arcanum.
459 4666 594 4737 Vide
616 4674 727 4720 not.
742 4666 943 4737 hymn.
961 4666 1048 4731 11,
1072 4665 1250 4737 Cath.,
1275 4668 1498 4737 verstlS
1519 4676 1573 4721 et
1593 4683 1745 4737 seqq.

176 4750 343 4807 usque
368 4736 434 4789 ad
459 4735 550 4790 20.
581 4737 712 4803 Quae
739 4734 828 4790 hic
856 4734 1015 4807 habet
1039 4736 1380 4807 Prudentius,
1412 4734 1745 4807 Theophilus

174 4805 543 4878 Antiochenus
583 4806 682 4860 lib.
729 4822 764 4858 ιι
816 4805 882 4859 ad
922 4806 1243 4861 Autolvcum
1296 4806 1512 4863 uberius
1558 4805 1745 4878 expla-

174 4877 338 4929 navit.

246 4944 335 5016 97.
368 4946 513 5006 Ald..
538 4944 757 5016 Weity,
792 4944 1080 5016 Gis.,.Vat.
1107 4946 1168 5011 Β,
1191 4962 1365 5015 quam.
1399 4947 1554 5013 Man,
1575 4964 1743 5016 quam,

175 5014 272 5085 sed
302 5029 462 5083 supra
491 5031 660 5084 quem.
688 5014 881 5085 Vat.A
909 5028 958 5070 et
992 5016 1133 5080 PaL,
1157 5032 1325 5085 quem.
1368 5014 1611 5071 Heinsius
1643 5018 1746 5072 edi-

174 5083 254 5136 dit
288 5100 457 5152 quem,
496 5083 552 5155 et
581 5084 927 5155 nihilominus
954 5087 1013 5155 in
1057 5083 1197 5141 notis
1237 5085 1287 5139 id
1320 5086 1665 5155 reprehendit
1694 5088 1745 5142 in

175 5155 445 5224 nonnullis
466 5153 813 5210 editiouibus.
841 5154 963 5209 Mihi
991 5155 1165 5224 placet
1190 5172 1340 5224 quem
1369 5153 1473 5212 hoc
1506 5158 1744 5213 maxime

175 5223 314 5294 loco.
342 5224 472 5279 Vide
501 5224 687 5294 hymn.
719 5226 752 5278 5
772 5224 949 5290 Catb.,
974 5223 1115 5280 vers.
1152 5223 1270 5280 142.

248 5293 335 5347 98.
364 5294 486 5349 Put.
511 5293 698 5349 scribit
720 5296 860 5348 enisa
888 5309 984 5365 pro
1009 5296 1178 5350 enixa.
1214 5296 1417 5351 Bonon.
1448 5298 1607 5365 male,
1649 5299 1744 5352 viri

178 5376 277 5430 pro
298 5366 445 5417 uteri.

254 5432 371 5487 100.
406 5434 542 5489 Hinc
569 5435 966 5504 comprobatur,
1000 5436 1359 5494 narrationem
1400 5437 1660 5493 orationis
1688 5439 1743 5495 in

178 5499 343 5574 horto
359 5518 477 5559 esse
496 5519 628 5560 vere
654 5499 1035 5574 evangelica'm.

256 5570 537 5647 iOl._Ald.
564 5570 817 5647 primum
869 5575 1085 5647 scripsit
1132 5578 1271 5646 quia,
1315 5577 1546 5633 correxit
1582 5579 1669 5647 qui
1711 5594 1743 5632 a

177 5636 352 5727 Patren.
385 5636 787 5727 gmteridegun't‘
809 5646 896 5713 qui
932 5636 1104 5727 Patre:

216 5780 226 5791 .
251 5712 372 5769 102.
400 5714 549 5791 5101).
582 5712 709 5784 legit
740 5712 905 5768 Deum
931 5731 1029 5784 pro
1057 5715 1312 5791 thronum.
1346 5715 1745 5791 Chamillardus

173 5784 254 5837 ait
284 5798 471 5844 vocem
508 5784 719 5840 thronus
758 5799 865 5841 non
905 5798 1027 5845 esse
1053 5787 1297 5845 usitatam
1343 5787 1573 5853 Latinis,
1619 5789 1742 5857 quia

1772 4773 1829 4836 D

1852 3478 2089 3532 dentium
2136 3486 2437 3531 excusaret.
2478 3476 2720 3542 Accedit,
2764 3477 2982 3533 verbum
3029 3480 3081 3533 id
3123 3497 3240 3537 esse
3261 3486 3430 3541 eccle-

1852 3546 2125 3601 siasticum
2159 3560 2225 3599 ex
2252 3547 2420 3600 sacris
2446 3547 2660 3601 Litteris
2689 3549 2931 3614 petitum.

1924 3616 2047 3671 105.
2092 3616 2210 3688 Vat.
2251 3615 2316 3681 A,
2350 3618 2569 3688 fragilis.
2617 3617 2761 3688 Put.,
2810 3619 3110 3688 illapsurus,
3162 3621 3254 3674 sed
3303 3631 3428 3679 tunc

1850 3685 2203 3740 amovendum
2230 3699 2349 3755 esse
2370 3686 2590 3739 verbum
2607 3685 3028 3755 substantivum,
3059 3699 3238 3744 monet
3265 3691 3429 3748 Hein-

1851 3757 1982 3827 sius.
2017 3757 2126 3827 Ego
2152 3752 2401 3827 mendum
2431 3764 2556 3821 puto
2578 3752 2859 3827 illapsurtts
2886 3772 2980 3825 pro
3012 3752 3224 3827 illapsus
3243 3775 3261 3812 :
3291 3771 3345 3816 et
3374 3764 3427 3819 in

1850 3824 1976 3897 Vat.
2001 3825 2063 3893 A,
2100 3824 2305 3897 fragilis
2317 3837 2448 3897 esse
2470 3840 2563 3897 pro
2587 3826 2836 3897 [ragileis,
2866 3824 2957 3880 aut
2979 3824 3210 3897 fragiles.

1923 3896 2045 3950 104.
2078 3893 2262 3949 Avitus
2294 3893 2386 3946 lib.
2420 3910 2473 3958 v,
2503 3894 2638 3957 Quid
2669 3910 2767 3947 non
2788 3899 2933 3963 furor
2958 3893 3144 3950 audeat
3173 3904 3381 3955 amens?

1922 3964 2323 4039 lOSL‘lleinsius
2348 3978 2466 4039 cum
2514 3965 2651 4039 sui_s__
2668 3965 2978 4039 potioribus,
3016 3966 3181 4039 Ald,
3206 3968 3321 4023 Vat.
3361 3974 3427 4039 A,

1852 4036 1988 4109 PaL,
2018 4035 2217 4109 VVidm.
2238 4048 2408 4109 supra
2431 4034 2557 4109 ipse.
2585 4032 2803 4109 Wehl”
2846 4035 2983 4100 Gis.,
3016 4032 3225 4109 γει-(Β,
3267 4032 3426 4109 Man,

1852 4106 2031 4175 Prag.,
2063 4106 2205 4171 Rat.,
2231 4105 2335 4157 ille.
2367 4103 2517 4157 Teol.
2547 4104 2714 4159 edidit
2757 4107 2883 4174 ipse,
2931 4114 2987 4160 et
3017 4106 3069 4160 in
3103 4107 3209 4163 tiue
3236 4103 3427 4166 versus

1852 4176 2220 4230 admirationis
2252 4183 2429 4228 notam
2458 4177 2725 4243 apposuit.

1921 4245 2042 4299 112.
2086 4245 2142 4299 lu
2179 4243 2297 4297 Vat.
2348 4244 2389 4297 Β
2428 4242 2579 4298 deest
2622 4245 2842 4299 verbum
2881 4245 3273 4305 substantivum
3310 4260 3425 4305 est:

1852 4316 1988 4369 visus
2013 4317 2066 4368 in
2087 4318 2221 4367 orbe.
2254 4314 2312 4367 S.
2347 4313 2501 4368 Joan.
2533 4328 2606 4385 vi.
2634 4315 2706 4369 46
2734 4329 2745 4363 :
2780 4315 2897 4385 Non
2924 4318 3042 4385 quia
3067 4318 3272 4375 Patrem
3298 4323 3427 4376 vidit

1849 4388 2134 4455 quisquam,
2160 4385 2256 4437 nisi
2277 4384 2361 4452 qui
2392 4394 2462 4455 est
2493 4400 2524 4436 a
2549 4382 2676 4448 Deo,
2702 4384 2783 4438 hic
2815 4382 2945 4440 uidit
2968 4386 3200 4448 Patrem.

1924 4456 2045 4509 115.
2076 4455 2283 4509 Tltuan.
2308 4454 2497 4508 scribit
2524 4455 2841 4522 perstrinxit.

1923 4526 2048 4580 117.
2084 4525 2252 4580 Gisel.
2280 4526 2305 4578 1
2341 4525 2471 4577 edit.
2502 4523 2568 4577 ad
2591 4526 2904 4595 marginem,
2946 4526 3097 4582 Sich.
3134 4538 3187 4583 et
3220 4528 3425 4583 Mariet.

1849 4609 1947 4665 pro
1977 4595 2187 4650 diversa
2218 4595 2480 4665 scriptura
2510 4595 2949 4665 muneresﬁeteri
2984 4598 3211 4650 numine.

1922 4666 2043 4721 118.
2074 4666 2225 4733 Apud
2255 4664 2526 4733 Heinsium
2554 4663 2817 4719 Cauchius
2839 4666 3174 4731 coniectabat
3197 4666 3409 4722 ubicun-

1849 4752 1943 4806 que
1966 4752 1983 4789 :
2006 4751 2068 4790 ac
2093 4732 2275 4790 revera
2309 4733 2396 4806 ita
2436 4732 2636 4806 habent
2673 4734 2810 4806 apud
2852 4734 3139 4806 Weiitzium
3184 4737 3335 4804 Egm.
3373 4746 3428 4792 et

1851 4801 2043 4870 Palat.,
2074 4818 2279 4859 necnon
2308 4801 2422 4856 Vat.
2456 4803 2520 4869 Α,
2552 4802 2639 4856 ubi
2664 4805 2730 4856 ad
2756 4818 2901 4857 oram
2927 4801 3426 4870 discrepans'lectio

1850 4890 2170 4945 quocunque.
2199 4875 2253 4928 ln
2280 4873 2403 4927 Rot.
2440 4888 2534 4945 pro
2563 4874 2770 4945 diversa
2800 4874 3061 4945 scriptura
3088 4873 3300 4945 Semper
3327 4877 3425 4930 ad-

1849 4941 1942 5008 est,
1974 4955 2022 5015 et
2042 4941 2223 5011 ubique
2238 4944 2362 5015 foci,
2396 4941 2533 5011 quod
2560 4943 2775 5015 lleinsio
2806 4943 3067 5015 placebat,
3098 4941 3269 5015 neque
3293 4948 3426 5002 mihi

1850 5014 2117 5083 displicet.
2146 5014 2581 5085 Sediquoctmqtte
2620 5013 2815 5067 habent
2850 5013 3108 5084 plerique.
3157 5013 3209 5071 et
3238 5019 3427 5085 optimi

1849 5099 1979 5140 mss.
2005 5096 2056 5141 et
2082 5085 2225 5155 vulg.
2260 5084 2674 5155 Prudent‘ianum
2702 5092 2783 5138 est
2814 5084 3152 5155 quodcunque
3176 5084 3428 5142 terrarum

1850 5157 1903 5210 in
1937 5156 2134 5226 hymno
2159 5152 2214 5209 S.
2258 5152 2548 5220 Laurentii,
2580 5152 2883 5226 νοτε-451.
2905 5154 2961 5209 In
2991 5152 3121 5210 Mar.
3151 5157 3327 5226 gloSsa
3343 5165 3429 5213 est

1851 5224 2155 5294 ubicunque,
2194 5240 2311 5291 quae
2354 5229 2405 5296 in
2437 5232 2635 5278 textum
2660 5224 2871 5296 videtur
2902 5224 3201 5296 irrepsisse.
3235 5226 3293 5283 In
3327 5228 3430 5283 Bo-

1851 5312 1983 5352 non.
2021 5312 2144 5359 una,
2177 5296 2354 5349 minus
2382 5295 2538 5360 bene,
2570 5309 2668 5363 pro
2698 5294 2824 5349 ulla.

1924 5366 2047 5420 119.
2068 5366 2369 5439 _Ald.__male
2398 5362 2672 5439 distinguit
2699 5381 2949 5439 nusquam
2970 5376 3046 5423 est
3070 5368 3266 5439 genitor
3290 5366 3428 5424 Deus

1851 5437 2027 5491 absens
2058 5434 2162 5508 I’_er
2192 5435 2429 5508 Verbum,
2446 5437 2533 5489 sed
2560 5434 2756 5508 semper
2783 5434 2947 5493 adest.

1925 5508 2046 5562 121.
2080 5506 2234 5561 Joan.
2266 5522 2371 5571 xxv,
2405 5505 2452 5561 9.

1926 5577 2046 5631 125.
2096 5576 2375 5632 lnnisibilis
2422 5578 2670 5633 mendum
2709 5592 2807 5649 pro
2848 5579 3112 5634 invisibilis
3164 5580 3217 5635 in
3267 5578 3425 5634 Fahr.

1856 5645 2004 5720 Hanc
2052 5662 2259 5711 vocem,
2289 5662 2467 5720 _quam_
2507 5645 2726 5720 Vossius
2773 5650 2979 5720 reiecit,
3027 5651 3118 5706 alii
3165 5659 3310 5706 recte
3339 5650 3429 5703 de-

1854 5718 2413 5790 fenduntauctoritate
2431 5717 2664 5774 Cornelii
2680 5717 2844 5790 Celsi,
2875 5717 3151 5786 Macrobii,
3181 5720 3427 5788 Aruobii,

1852 5785 2133 5856 Lactantii,
2164 5795 2220 5843 et
2248 5790 2415 5847 nostri
2444 5799 2634 5859 poetis.
