3950 6326
537 378 645 437 935

1616 365 1893 423 AURELII
1930 361 2300 420 PRUDENTII
2336 355 2669 416 CABMINA.
3706 351 3790 409 956

787 484 953 552 Cede,
983 485 1291 555 profanator
1310 480 1530 549 Christi,
1560 481 1672 549 jam
1703 480 1855 544 cede,
1885 477 2104 543 Sabelli,
2133 481 2191 542 Α
2210 475 2316 533 185
2388 470 2541 541 Quod
2571 470 2713 526 Deus
2741 473 2845 533 est,
2870 464 3183 537 adimasque
3202 464 3373 521 decus
3404 461 3600 533 patris,
3638 472 3693 520 et
3718 481 3793 535 ge-

713 577 1100 647 Depositorque
1124 574 1316 639 Patris,
1345 574 1563 642 natique
1584 572 1770 627 insane
1801 576 2041 639 negator.

536 670 640 728 180
712 668 901 724 Nonne
923 675 1127 737 patrem
1149 665 1343 732 violas,
1365 664 1491 718 dum
1514 672 1698 718 natum
1712 662 1851 717 scire
1868 657 2119 715 recusas?

710 755 1154 828 Quandoquidem
1215 770 1321 810 non
1380 763 1463 811 est
1514 753 1759 824 genitor,
1822 751 1921 805 nisi
1977 749 2119 803 ﬁlius

1783 844 2002 915 [exstet
2025 858 2040 894 :

713 942 824 999 Nec
863 940 1103 998 vocitare
1143 946 1352 1011 patrem
1395 935 1535 1007 potis
1575 948 1653 1000 es,
1686 947 1845 1003 quem
1876 930 2117 1001 germine

1758 1020 2003 1094 [fraudas
2029 1039 2041 1074 :

717 1126 826 1183 Sed
849 1126 1077 1183 fortasse
1094 1124 1228 1180 velis
1250 1121 1436 1193 patria
1465 1118 1677 1189 pietatis
1709 1117 1913 1173 honore

718 1217 1029 1290 Despoliare
1060 1218 1247 1284 Deum,
1278 1223 1560 1271 contentus
1581 1209 1797 1267 nomine
1827 1207 1993 1273 nudo,

3387 554 3580 628 [neris
3609 555 3734 610 vim.

2394 656 2558 727 5.18
2573 651 2834 724 Eequisin
2857 648 3021 706 idolio
3032 648 3298 705 recubans
3309 647 3790 716 intersacramille,

2398 745 2784 814 Ridiculosque
2803 743 2935 799 deos
2945 754 3205 797 venerans
3216 739 3355 807 sale,
3371 736 3599 807 cespite,
3628 739 3787 806 thure,

2398 837 2517 895 Non
2542 844 2695 907 putat
2722 847 2844 892 esse
2854 833 3025 890 Deum
3046 845 3339 899 summum,
3368 836 3425 885 et
3448 844 3618 900 super
3637 831 3789 883 omnia

3066 928 3071 931 ’
3496 920 3741 994 {solumi

2400 1020 2658 1088 Quamvis
2682 1017 2952 1085 Saturnis,
2980 1015 3304 1083 Junenibus,
3337 1025 3395 1071 et
3415 1013 3739 1084 Cythereis.

2225 1110 2329 1169 190
2400 1109 2781 1180 Portentisque
2807 1108 2929 1164 aliis
2958 1108 3228 1164 fumantes
3253 1116 3544 1163 consecret
3578 1121 3729 1173 aras;

2395 1202 2651 1258 Attamen
2678 1200 2733 1257 in
2752 1199 2949 1258 omium
2977 1199 3190 1258 quoties
3214 1199 3487 1269 suspexit,
3514 1198 3580 1255 in
3603 1213 3710 1255 uno

1840 1341 2125 1401 CLOSSIE
2163 1339 2503 1398 VETERES.

545 1492 741 1549 Filium
788 1501 835 1546 et
878 1489 1155 1561 SpiritumA
1187 1488 1462 1559 negabant,
1505 1486 1599 1561 sed
1638 1483 1919 1561 dicebantur
1972 1478 2119 1561 Idem

546 1563 705 1625 Deus,
732 1551 935 1633 quando
965 1562 1090 1633 vult,
1122 1551 1275 1612 Pater
1304 1568 1403 1633 est,
1428 1555 1631 1633 quando
1659 1553 1780 1633 vult,
1804 1551 1861 1633 AF
1864 1551 1981 1633 ilius
2011 1559 2119 1633 est;

544 1623 755 1702 quandd
779 1642 823 1685 et
854 1623 1084 1702 Spiritus:
1114 1637 1352 1702 sanc_tus._
1372 1627 1552 1702 Ariani
1578 1623 1834 1702 dicebant,
1866 1630 1976 1702 tres.
2007 1632 2120 1700 esse

544 1690 784 1773 personas
809 1711 865 1755 et
886 1690 985 1753 t'res
1003 1699 1307 1752 substantias
1336 1698 1388 1749 in
1424 1696 1704 1773 Divinitate
1727 1711 1745 1759 ;
1783 1690 2064 1773 Sabelli'qni
2090 1706 2117 1742 e

548 1758 725 1827 contra
750 1786 1229 1851 unam_personam,
1272 1777 1319 1820 et
1368 1783 1522 1851 unam
1569 1764 1923 1819 substantiam.
1958 1758 2119 1812 Fides

544 1851 717 1896 autem
761 1837 1010 1894 catholica
1063 1841 1324 1908 utriusque
1374 1837 1598 1891 devitans
1646 1850 1864 1908 errorem
1891 1873 1905 1897 ,
1932 1845 2121 1908 _unam

546 1911 765 1995 Qeitatis
786 1911 1141 1995 substantiam,
1163 1918 1206 1961 et
1226 1901 1329 1962 tres
1348 1924 1588 1995 personas
1611 1907 1871 1995 veraciterL
2155 1935 2200 1995 Β

547 1982 685 2036 Nam
708 1982 887 2035 Ariani
909 1971 1160 2037 benetres
1187 1971 1449 2046 personas,
1483 1977 1616 2030 male
1644 1987 1743 2029 tres
1780 1971 2123 2034 substantias;

548 2051 828 2107 Sabelliani
859 2052 979 2104 bene
1007 2067 1159 2103 unam
1201 2048 1556 2113 substantiam,
1597 2046 1729 2099 male
1763 2059 1917 2098 unam
1953 2056 2127 2111 perso-

552 2138 671 2175 nam
702 2122 953 2185 dicebant,
982 2120 1021 2173 Ι.

616 2193 740 2246 178.
770 2182 1103 2251 Profanator,
1129 2189 1525 2256 blasphematur,
1549 2194 1859 2256 contemptor
1872 2182 2120 2256 profanus

549 2261 755 2328 dicitur,
780 2262 915 2328 quod
945 2274 1149 2328 porroa
1189 2253 1418 2328 fa'no,id
1448 2266 1520 2328 est
1554 2273 1600 2328 _a
1627 2254 1815 2325 templo
1864 2254 1982 2322 Dei,
2027 2253 2124 2305 hoc

549 2340 621 2384 est
650 2326 985 2399 irreligiosus.
1015 2357 1084 2366 —
1106 2327 1269 2391 Cede,
1300 2326 1521 2399 discede,
1553 2326 1593 2381 1.

620 2398 743 2453 179.
772 2396 1077 2465 Depositor,
1110 2405 1341 2465 negator,
1372 2396 1411 2447 l.

618 2468 743 2525 180.
771 2463 968 2537 Vielas,
991 2463 1265 2536 negas.‘——
1290 2466 1505 2532 Natum,
1543 2463 1753 2530 Filium,
1781 2465 1883 2518 lso.

2300 1477 2423 1601 18'1.
2451 1474 2916 1547 Quandoquidem,
2941 1477 3184 1545 quoniam
3212 1476 3320 1531 ille.
3343 1506 3417 1515 —
3444 1474 3695 1546 Genitor,
3722 1492 3795 1546 pc-

2229 1559 2323 1610 ter,
2366 1559 2404 1602 I.

2300 1619 2421 1673 185.
2446 1617 2661 1682 Patriae,
2693 1626 2934 1687 paternae,
2965 1619 3101 1687 quod
3124 1618 3287 1687 patris
3314 1628 3412 1687 est,
3445 1616 3487 1672 1.

2307 1690 2430 1744 184.
2463 1688 2705 1754 Nomine,
2726 1688 2915 1741 scilicet
2944 1689 3330 1757 procreationis,
3358 1687 3466 1743 lso.

2300 1759 2424 1814 185.
2456 1760 2679 1813 Generis
2704 1759 2833 1823 vim,
2866 1758 2962 1825 ﬁlii
2989 1760 3232 1827 vigorem,
3264 1757 3302 1811 Ι.

2300 1830 2423 1883 186.
2465 1828 2659 1892 ldolio,
2685 1830 3001 1896 paganitate,
3040 1829 3094 1880 in
3126 1830 3237 1882 loco
3268 1829 3556 1894 idolorum,
3592 1828 3719 1883 Mar.
3746 1857 3796 1873 -ς

2232 1898 2416 1964 ldolio,
2446 1900 2499 1951 in
2521 1898 2809 1970 sacrilegio,
2828 1899 2881 1970 in
2906 1898 3015 1951 loco
3037 1899 3311 1970 idolorum,
3341 1916 3434 1970 pro
3456 1916 3520 1954 eo
3542 1900 3659 1970 quis
3676 1900 3800 1951 homo

2230 1969 2558 2023 idolothitum
2588 1978 2661 2020 est
2688 1968 3027 2021 immolatum.
3056 1968 3289 2022 Idalium
3317 1968 3435 2023 vero
3462 1968 3801 2037 est‘templuut

2229 2042 2375 2093 idoli.
2414 2069 2483 2079 —-
2506 2038 2808 2101 Recubans,
2838 2039 3048 2105 scilicet,
3077 2040 3275 2107 quavis,
3303 2040 3345 2093 Ι.

2306 2110 2428 2163 187.
2479 2110 2713 2177 Cespite,
2764 2125 2932 2178 cespes
2984 2120 3056 2162 est
3106 2119 3239 2163 terra
3286 2110 3466 2165 avulsa
3502 2127 3624 2164 cum
3648 2109 3801 2171 herba,

2233 2183 2369 2234 unde
2394 2180 2643 2247 faciebant
2674 2180 2882 2247 altaria,
2909 2178 2947 2230 Ι.

2307 2184 2369 2234 de
2377 2184 2643 2304 Εζαεῑειηιηι
2674 2184 2882 2247 altaria,
2910 2184 2947 2230 Ι.

2305 2252 2373 2321 18
2418 2291 2430 2304 .
2458 2250 2721 2321 Saturnis,
2744 2265 2836 2321 pro
2861 2249 3092 2302 omnibus
3112 2249 3212 2305 diis
3236 2247 3801 2321 posuit.—-Citberteis.

2236 2320 2506 2383 Citheraza,
2554 2320 2749 2385 Venus,
2771 2320 2811 2375 Ι.

2310 2390 2431 2446 190.
2467 2392 2861 2461 Portentisque,
2883 2390 3056 2462 idolis,
3081 2391 3122 2447 1.

1884 2570 2418 2630 COMMENTARIUS

621 2708 743 2776 1‘78.
776 2718 931 2774 Alex.
965 2717 1149 2771 titulus
1191 2723 1275 2769 est
1321 2724 1445 2769 ante
1494 2714 1634 2769 hunc
1684 2727 1897 2766 versum
1930 2710 2125 2766 Contra

554 2791 841 2847 Unionitas.
888 2788 962 2841 lta
987 2785 1179 2841 Weitz.
1210 2796 1264 2839 et
1285 2784 1406 2839 Vat.
1436 2785 1503 2840 A.
1534 2786 1588 2839 In
1638 2783 1759 2837 Vat.
1803 2783 1842 2836 Β
1893 2792 1945 2835 et
1973 2782 2130 2846 Man,

552 2862 743 2916 Contra
769 2859 1036 2915 Unionitas
1082 2856 1424 2911 Sabellianos.
1454 2856 1508 2909 lu
1556 2855 1704 2916 Rat.,
1737 2853 1921 2905 Contra
1955 2852 2129 2906 Sabel-

552 2933 739 2987 lianos.
781 2930 837 2983 In
870 2928 990 2982 Ald.
1037 2937 1091 2981 et
1117 2927 1232 2982 Gis.
1277 2927 1301 2979 1
1345 2926 1497 2991 edit.,
1531 2925 1717 2978 Contra
1755 2924 2042 2983 Cnionitas,
2077 2924 2131 2976 id

551 3010 626 3057 est
653 2999 996 3058 Sabellianos.
1031 2998 1143 3052 Gis.
1168 2997 1205 3049 2
1234 2996 1318 3052 ed.
1351 2998 1416 3050 ad
1439 3011 1586 3050 oram
1625 2993 1899 3048 Unionitw.
1935 2992 2128 3047 Confer

551 3074 864 3128 Brovverum
890 3085 1009 3139 pag.
1042 3069 1149 3122 225
1175 3068 1240 3122 ad
1266 3066 1635 3139 Fortunatum,
1672 3065 1762 3139 ubi
1804 3074 2126 3139 argumenta

552 3143 829 3198 Prudentii
849 3133 1036 3196 contra
1057 3139 1337 3193 Unionitas
1361 3152 1481 3190 cum
1505 3136 1657 3190 laude
1679 3135 1959 3187 doctissimi
1981 3133 2129 3186 Chri-

553 3214 837 3267 stianorum
866 3218 1131 3277 poetarum
1151 3208 1509 3262 commendat.
1536 3204 1847 3277 llujusmodi
1882 3205 2126 3257 lemmata

555 3282 746 3336 Contra
780 3276 1072 3343 Unionitas,
1103 3287 1158 3330 et
1180 3277 1373 3331 similia
1400 3292 1505 3329 non
1537 3276 1603 3328 ab
1640 3282 1858 3327 auctore
1888 3288 2008 3326 esse
2034 3290 2128 3343 ap-

556 3352 752 3420 posita,
794 3344 890 3420 sed
935 3348 1003 3401 ab
1030 3342 1163 3420 _aliis
1188 3344 1781 3420 addita,_dica_m_‘etiam
1810 3345 1861 3395 in
1891 3342 2127 3420 Psycho-

554 3413 782 3474 inachia.
813 3418 1004 3472 Petrus
1017 3416 1275 3471 Constant
1303 3416 1353 3473 in
1387 3414 1643 3468 Vindiciis
1673 3428 1804 3466 mss.
1845 3413 2001 3466 codd.
2020 3427 2125 3465 non

555 3488 692 3545 bene
718 3486 953 3559 affirmat
975 3501 1097 3559 pag.
1126 3485 1254 3559 271,
1286 3484 1675 3559 δίψειμθηρςρ
1707 3482 2001 3559 Prudentia
2024 3483 2126 3536 hoc

566 3573 665 3615 oco
697 3561 875 3613 vocari
904 3552 1199 3610 Uiiionitas.
1218 3554 1538 3609 Prudentius
1566 3552 1818 3621 deinceps
1835 3553 2005 3621 pergit
2024 3566 2127 3606 ex-

556 3643 777 3700 ponere,
807 3628 1018 3700 Patrem
1048 3636 1103 3700 et
1133 3625 1345 3693 Filium,
1365 3627 1415 3678 in
1444 3624 1705 3700 Trinitate
1746 3638 1848 3676 non
1880 3637 1999 3677 esse
2025 3622 2130 3700 duo

556 3693 698 3756 nuda
721 3693 959 3763 nemina,
989 3697 1083 3751 sed
1112 3711 1367 3764 personas
1388 3709 1518 3749 vere
1545 3693 1855 3748 distinctas:
1882 3708 2003 3746 nam
2034 3693 2131 3746 Pa-

558 3770 861 3841 tripassiani
888 3784 951 3823 ea
980 3763 1200 3841 ratiune
1239 3767 1712 3841 Patrem__passum
1769 3763 2127 3841 afﬁrmabant,

559 3833 702 3909 quod
730 3841 888 3894 Pater
917 3853 946 3891 a
980 3836 1111 3891 Filio
1139 3852 1244 3891 non
1266 3847 1409 3909 esset
1436 3836 1740 3889 distinctus.
1787 3834 2044 3888 Unionitaz
2076 3833 2132 3909 bi

557 3904 794 3966 haeretici
814 3918 1207 3977 nuncupantur,
1228 3907 1350 3976 quia
1375 3922 1533 3960 unam
1558 3915 1762 3977 tantum
1777 3919 2057 3977 personam
2077 3904 2131 3977 _in

570 3981 748 4045 Patre,
796 3979 929 4032 Filio
966 3973 1021 4032 et
1063 3973 1265 4046 Spiritu
1313 3985 1497 4030 sancto
1528 3976 1855 4029 aStruebant.
1897 3975 1951 4028 ln
1996 3973 2130 4046 Urb.

562 4049 701 4102 Nam
722 4042 840 4101 cede
870 4048 1082 4115 legitur.
1103 4042 1489 4116 'Exscriptores
1523 4055 1732 4099 veteres
1762 4060 1903 4113 saepe
1934 4047 2049 4116 jam
2077 4042 2133 4097 in

561 4134 678 4171 nam
704 4118 1120 4172 commutabant.

631 4187 754 4243 179.
800 4187 916 4239 Vat.
950 4184 1011 4250 Β,
1042 4187 1317 4256 depositos,
1347 4187 1622 4253 mendose,
1650 4187 1735 4241 vel
1756 4200 1823 4239 ex
1846 4191 2136 4240 consuetu-

563 4257 689 4313 dine
722 4256 1011 4320 scribendi,
1042 4272 1146 4322 qua
1178 4266 1389 4311 veteres
1414 4275 1437 4309 s
1460 4272 1557 4326 pro
1584 4274 1610 4309 r
1654 4256 1919 4311 interdum
1964 4270 2133 4326 pone—

562 4329 708 4393 bant,
746 4338 801 4381 ut
829 4327 1008 4393 honos,
1039 4326 1202 4395 labos,
1239 4342 1333 4393 pro
1368 4324 1547 4393 honor,
1587 4326 1753 4383 labor.
1781 4326 1939 4379 Poeta
1967 4324 2137 4393 depo-

560 4398 782 4453 sitorem
813 4396 984 4451 Patris
1034 4405 1193 4450 vocat
1240 4397 1553 4461 Sabellium,
1594 4397 1715 4465 quia
1759 4397 1969 4450 Patrem
2009 4409 2137 4450 vere

563 4482 683 4523 esse
726 4467 976 4536 negabat,
1002 4476 1058 4523 et
1103 4466 1296 4521 Filium
1341 4482 1447 4521 non
1488 4482 1613 4521 vere
1650 4466 1887 4534 genitum
1929 4479 2136 4536 assere-

516 4544 531 4564 '
561 4538 671 4594 bat.
707 4534 976 4593 Vocabulo
1004 4539 1261 4608 depositor
1299 4539 1464 4593 utitur
1511 4537 1865 4603 Quintilianus
1902 4536 1959 4590 in
1997 4534 2133 4589 lem-

562 4619 691 4665 mat.
712 4608 1005 4665 Declamat.

634 4682 756 4735 184.
788 4680 918 4734 Mar.
943 4677 1129 4734 scribit
1158 4679 1453 4749 dispoliure.

637 4750 758 4805 186.
796 4750 855 4804 ln
892 4750 1011 4804 Rat.
1050 4745 1263 4818 ineptus
1302 4757 1598 4814 corrector,
1647 4747 1858 4803 caeteris
1903 4745 2128 4809 abrasis,

564 4821 839 4876 substituit
859 4821 1096 4889 quisnam
1115 4820 1395 4884 idolorum,
1427 4830 1483 4872 ut
1510 4820 1717 4873 scilicet
1739 4827 1910 4872 metro
1934 4832 2131 4871 consu-

564 4890 721 4946 leret.
755 4890 875 4945 Vat.
907 4892 974 4957 A,
1005 4900 1058 4945 et
1085 4889 1337 4959 Egmon.,
1361 4906 1422 4942 ne
1442 4890 1555 4959 quis
1588 4905 1683 4957 pro
1710 4889 1898 4958 ecquis,
1947 4898 2035 4943 aut
2086 4896 2133 4941 et

566 4964 699 5027 quis.
729 4960 785 5014 Si
809 4961 1013 5029 legatur
1056 4975 1116 5013 ne
1162 4962 1295 5029 quis,
1334 4959 1624 5015 auferenda
1664 4969 1747 5013 est
1788 4960 2133 5029 interrogatio

564 5041 723 5100 versu
750 5030 869 5095 188,
902 5039 956 5085 et
981 5042 1173 5085 sensus
1202 5030 1325 5097 erit,
1365 5045 1430 5083 ne
1455 5031 1574 5100 quis
1611 5044 1715 5084 non
1743 5039 1916 5097 putat,
1942 5041 2046 5084 etc.
2076 5030 2134 5082 In

566 5098 795 5170 Widm.,
812 5109 865 5152 ut
886 5100 1023 5168 quis,
1047 5114 1208 5170 supra
1235 5110 1279 5153 et
1303 5102 1436 5170 quis.
1461 5098 1701 5155 Gifanius
1727 5101 1885 5154 Lucr.
1918 5100 2133 5155 collect.

566 5169 731 5224 verbo
761 5169 835 5222 ΕΤ
857 5169 1193 5235 ouantis,“
1236 5185 1350 5232 oms
1396 5171 1667 5236 obﬁervat,
1699 5173 1937 5238 quaedam
1972 5172 2135 5225 verba

568 5241 635 5295 ab
655 5239 886 5310 antiquis
935 5238 1144 5294 duobus
1192 5241 1364 5296 modis
1415 5241 1587 5305 dicta,
1630 5255 1748 5310 qua:
1800 5242 2136 5296 recentiores

569 5311 728 5366 unico
752 5307 1377 5381 proferrecontendunt:
1409 5307 1660 5367 dicebani
1678 5310 1821 5366 enim
1843 5311 2034 5381 ecquis,
2084 5320 2138 5366 et

571 5391 618 5432 et
644 5383 775 5449 quis,
804 5387 858 5435 et
888 5380 960 5435 ita
1002 5380 1129 5449 legit
1170 5381 1408 5436 Gifanius
1439 5383 1492 5435 in
1532 5382 1819 5437 Prudentio
1873 5380 1941 5435 ex
1970 5381 2140 5436 veteri

572 5448 708 5504 libro
735 5461 780 5504 et
800 5452 911 5518 quis
938 5450 992 5503 in
1018 5448 1201 5516 idolio,
1229 5461 1284 5506 et
1317 5453 1559 5508 similiter
1590 5454 1705 5507 aliis
1732 5452 1783 5506 in
1813 5452 1965 5506 locis.
1993 5448 2139 5505 ldolii

572 5533 707 5599 voce
732 5530 949 5599 utuntur
986 5520 1368 5599 Tertullianus,
1407 5522 1882 5599 [lieronymustet
1926 5520 2037 5573 alii.
2075 5521 2141 5576 Ut

576 5588 886 5643 Minervium
918 5599 970 5643 et
988 5590 1233 5647 Dianium
1254 5588 1408 5650 erant
1430 5588 1683 5649 Minervae
1710 5605 1764 5648 et
1795 5594 1970 5649 Dianae
2001 5601 2138 5644 tem-

575 5658 741 5735 νιμω.
770 5659 885 5735 _sic
913 5660 1151 5735 _idolium
1222 5666 1477 5734 templum
1522 5665 1809 5721 idolorum.
1834 5660 2138 5735 _Reperitur

575 5726 735 5807 etiam
750 5726 1111 5807 [Esculapium
1141 5746 1237 5798 pro
1258 5726 1550 5807 Esculapii
1574 5738 1800 5807 templo:
1824 5726 2137 5807 Corrigeudi

576 5801 700 5847 sunt
723 5796 960 5852 nonnulli
982 5796 1323 5863 interpretes.
1361 5806 1451 5866 qui
1480 5796 1841 5863 ladCoriuth.
1886 5796 2003 5868 vni,
2035 5802 2123 5869 10,

2153 3311 2203 3373 C

2236 2714 2287 2764 in
2310 2710 2471 2785 idolio
2496 2712 2865 2785 recumbentem
2902 2713 3170 2784 accipiunt
3197 2714 3416 2769 idolium
3462 2730 3567 2785 pro
3616 2732 3800 2783 mensa,

2236 2782 2531 2850 autepulo.
2574 2783 2784 2838 Ethnici
2816 2786 2868 2838 in
2901 2782 3113 2853 templis
3150 2787 3261 2839 suis
3306 2782 3698 2842 recumbebant
3745 2790 3800 2842 ad

2241 2868 2637 2925 mensam,_nou
2667 2854 2718 2907 in
2746 2869 2954 2920 mensa,
2984 2856 3153 2910 multo
3180 2870 3308 2911 vero
3347 2860 3529 2911 minus
3564 2863 3615 2911 iu
3644 2860 3801 2925 epulo.

2239 2924 2407 2977 Erant
2440 2922 2582 2996 enim
2618 2924 2761 2996 lecti,
2787 2926 2839 2996 in
2872 2927 3068 2994 quibus
3104 2928 3510 2991 recumbebant,
3566 2938 3625 2982 ut
3666 2922 3803 2996 pran~

2239 2994 2736 3067 derentrBartliius
2764 2995 2857 3049 lib.
2894 3012 3072 3062 xxxnv,
3113 3012 3229 3064 cap.
3262 2998 3316 3060 4,
3341 3000 3585 3067 exponit,
3616 2994 3679 3051 ἐπ’
3705 3000 3803 3051 ido-

2241 3066 2309 3117 lio
2338 3064 2605 3127 recubans,
2638 3064 2689 3117 id
2735 3074 2817 3118 est
2847 3068 3146 3133 paganismo
3176 3064 3494 3133 deditum-ut
3514 3069 3708 3122 dicitur
3727 3083 3803 3121 cu.

2237 3135 2299 3188 ba
2310 3151 2365 3189 re
2378 3135 2443 3209 in,
2457 3134 2668 3209 morbo.
2692 3133 3073 3204 Cudworthus,
3090 3152 3209 3206 cap.
3228 3137 3513 3209 ASystem.
3536 3139 3804 3203 intellect.,

2238 3221 2391 3278 num.
2415 3204 2539 3278 512.
2576 3205 2673 3278 hos
2695 3220 2883 3278 versus
2926 3222 3119 3276 magna
3140 3204 3260 3261 cum
3294 3204 3450 3262 laude
3480 3210 3741 3278 producit.

2309 3274 2430 3329 187.
2464 3275 2579 3328 Vat.
2611 3274 2677 3337 A,
2701 3276 2984 3342 rudiculos,
3018 3274 3177 3343 male,
3205 3294 3301 3345 pro
3329 3274 3593 3333 ridiculos.
3621 3280 3694 3332 De
3723 3292 3805 3333 ara

2234 3345 2497 3425 cespititia
2527 3345 2702 3399 dicam
2745 3346 2812 3400 ad
2857 3346 3115 3417 hymnum
3162 3350 3219 3404 S.
3264 3349 3481 3403 Eulalim
3507 3359 3563 3403 et
3591 3350 3649 3404 S.
3686 3348 3806 3402 Vin-

2233 3426 2416 3471 centu.
2527 3430 2537 3439 '

2305 3485 2428 3560 188.
2458 3484 2666 3560 βοηοη.
2694 3492 2880 3560 contra
2892 3496 3130 3560 metrum
3168 3490 3467 3560 eceterisdis
3494 3505 3592 3557 pro
3619 3488 3802 3560 σψμμε-

2233 3556 2353 3609 reis.
2390 3555 2517 3627 Urb.
2569 3556 2849 3627 mendose,
2877 3556 3163 3627 Cythareis.
3207 3559 3398 3613 Plu‘rali
3443 3555 3678 3614 numero
3705 3559 3794 3613 Sa-

2237 3636 2433 3690 turnos,
2464 3625 2719 3692 Iunones,
2755 3624 3069 3698 Cytheram,
3100 3643 3192 3682 seu
3228 3628 3448 3681 Veneres
3486 3632 3690 3697 profert
3717 3636 3799 3698 per

2235 3705 2617 3764 contemptum,
2651 3707 2709 3750 ut
2754 3696 2914 3761 infra,
2957 3712 3094 3753 vers.
3147 3700 3275 3763 292,
3301 3695 3696 3766 Deucalionum,
3719 3695 3798 3750 vel

2236 3768 2396 3821 etiam
2434 3774 2491 3818 ut
2522 3767 2722 3837 indicet
2747 3766 2989 3821 diversos
3016 3768 3214 3831 titulos,
3249 3769 3441 3837 quibus
3482 3770 3627 3823 idem
3674 3770 3793 3837 deus

2235 3839 2302 3891 ab
2328 3836 2554 3890 ethnicis
2592 3836 2833 3905 insigniri
2872 3847 2926 3890 et
2953 3838 3054 3891 coli
3100 3836 3327 3893 solebat.
3382 3838 3460 3892 De
3506 3836 3795 3906 huiusmodi

2237 3922 2363 3961 vero
2394 3906 2540 3959 falsis
2560 3906 2863 3959 numinibus
2894 3923 3187 3975 eorumque
3216 3909 3360 3962 cultu
3386 3907 3559 3962 fusius
3577 3909 3796 3962 dicemus

2236 3980 2302 4031 ad
2322 3977 2575 4046 byn’tn.S.
2600 3975 2820 4030 Eulalia:
2839 3992 2981 4030 vers.
3007 3978 3128 4043 122,
3159 3979 3215 4033 S.
3250 3978 3519 4032 Vincentii
3543 3993 3683 4046 vers.
3710 3975 3790 4038 50,

2237 4050 2295 4104 S.
2325 4044 2618 4109 Laurentii,
2673 4056 2726 4117 et
2777 4048 3041 4117 praecipue
3076 4048 3136 4103 S.
3178 4048 3427 4114 Romani,
3456 4057 3513 4103 et
3535 4050 3606 4103 ad
3645 4044 3792 4104 libros

2238 4126 2422 4173 contra
2452 4116 2851 4187 Symmachum.

2309 4188 2435 4260 191.
2464 4189 2646 4260 Prag.,
2677 4187 2835 4260 male,
2866 4189 2968 4241 imo
3012 4204 3110 4258 pro
3148 4204 3270 4243 uno.
3311 4188 3625 4260 Radulphus
3661 4188 3790 4243 Cud-

2240 4258 2503 4321 worthus,
2534 4256 2679 4329 syst.
2710 4256 2968 4312 intellect.
3012 4256 3129 4328 cap.
3158 4260 3213 4322 4,
3244 4256 3514 4329 intelligit,
3560 4263 3793 4315 virtutum

2238 4330 2485 4381 rationem
2507 4329 2607 4400 hoc
2636 4328 2753 4381 loco
2774 4342 2893 4382 esse
2919 4331 3168 4384 amictum
3194 4338 3246 4382 et
3275 4328 3517 4384 habitum
3554 4343 3797 4400 persona-

2239 4415 2377 4470 rum,
2408 4398 2663 4470 ministros
2688 4412 2814 4470 vero
2835 4413 2954 4470 esse
2973 4399 3267 4468 daemones,
3296 4401 3389 4470 qui
3428 4409 3483 4455 et
3502 4398 3573 4454 dii
3612 4398 3792 4470 audie-

2240 4469 2388 4535 bant,
2412 4478 2467 4523 et
2510 4468 2701 4537 quibus
2728 4469 2867 4523 Deus
2888 4469 2953 4523 ad
2986 4471 3230 4524 mandata
3281 4468 3521 4525 uteretur
3555 4485 3626 4525 ex
3652 4468 3797 4523 theo-

2241 4540 2375 4608 logia
2404 4539 2609 4593 scilicet
2654 4538 2947 4611 gentilium,
2977 4540 3042 4611 de
3067 4540 3257 4611 quibus
3306 4540 3539 4611 loquitur
3570 4539 3798 4611 Pruden-

2240 4613 2365 4664 tius.
2389 4611 2545 4663 Putat
2583 4613 2726 4663 enitn
2757 4609 3116 4663 Cudworthus
3160 4610 3339 4678 plures
3379 4608 3608 4680 gentiles
3634 4608 3798 4680 credi:

2158 4683 2211 4744 D
2236 4682 2378 4735 disse
2416 4696 2507 4733 sua
2546 4680 2769 4751 numina
2796 4680 2926 4733 nihil
2957 4680 3101 4734 aliud
3129 4676 3251 4736 esse
3282 4676 3440 4751 quain
3493 4684 3655 4736 unius
3703 4676 3796 4733 Dei

2238 4752 2609 4819 perfectiones,
2644 4765 2705 4803 ac
2724 4750 2929 4802 virtutes
2958 4750 3533 4818 personarum’nomine
3557 4754 3791 4805 indutas:

2235 4836 2390 4891 quam
2412 4821 2713 4888 opinionem
2732 4819 2811 4891 _ad
2830 4834 3054 4891 examen
3081 4822 3345 4876 revocabo
3370 4821 3463 4875 lib.
3490 4835 3524 4875 ll
3549 4822 3796 4891 adversus

2235 4889 2566 4961 Sym.,vers.
2586 4892 2687 4946 58:
2720 4889 2817 4942 Res
2847 4890 3311 4960 incorporeas,etc.
3339 4891 3603 4946 Minucius
3624 4890 3793 4945 Felix:

2241 4962 2377 5028 Quid
2431 4962 2563 5015 enim
2601 4968 2762 5027 potest
2811 4975 2918 5013 esse
2946 4971 3048 5014 tam
3074 4970 3328 5032 apertum,
3361 4971 3465 5014 tam
3494 4963 3795 5032 confessum.

2240 5042 2438 5102 tamque
2466 5033 2812 5100 perspicuum,
2846 5047 2959 5083 cum
2998 5030 3173 5084 oculos
3218 5034 3271 5083 in
3307 5032 3486 5085 caelum
3513 5030 3793 5089 sustuleris.

2240 5112 2286 5155 et
2337 5118 2448 5171 qua:
2503 5112 2619 5155 sunt
2657 5104 2814 5170 infra,
2848 5102 3080 5171 circaque
3122 5102 3438 5165 lustraveris,
3489 5118 3647 5171 quam
3700 5111 3796 5153 esse

2239 5174 2447 5240 aliquod
2471 5188 2655 5225 numen
2696 5173 3124 5240 praestantissima:
3142 5174 3347 5236 mentis,
3394 5187 3496 5241 quo
3523 5172 3797 5241 omnisna-

2240 5238 2352 5297 tura
2400 5238 3026 5312 inspireturﬂmoveatur,
3062 5243 3254 5309 alatur,
3282 5238 3631 5312 gubernetur?
3679 5238 3797 5312 \fide

2242 5329 2360 5381 quae
2390 5313 2462 5367 ibi
2492 5322 2676 5366 notant
2706 5310 3005 5375 Wowerus,
3042 5310 3472 5367 Elmenhorstius
3496 5352 3514 5379 ,
3559 5310 3796 5367 Ouzelius

2244 5400 2306 5438 ex
2334 5394 2517 5438 nostro
2543 5393 2719 5450 poeta,
2748 5396 2815 5436 ex
2861 5384 3177 5453 Augustino,
3224 5383 3577 5452 Hieronymo,
3609 5381 3795 5437 Isidoro

2244 5455 2530 5519 Pelusiota,
2566 5453 2863 5518 Lactantio,
2895 5453 3185 5508 Cicerone:
3213 5462 3296 5507 est
3332 5453 3477 5507 enim
3528 5462 3795 5521 argumen-

2244 5534 2354 5579 tum
2377 5542 2403 5576 a
2428 5527 2606 5578 multis
2633 5533 3033 5593 pertractatum.
3063 5523 3176 5593 Hoc
3203 5523 3409 5578 scilicet
3438 5531 3523 5593 est
3568 5521 3794 5577 testimo-

2245 5598 2389 5648 nium
2414 5597 2540 5649 illud
2571 5592 2753 5647 anima:
2781 5596 3085 5648 naturaliter
3106 5592 3413 5647 Christiana:
3447 5592 3515 5647 de
3547 5593 3658 5648 Deo
3681 5601 3795 5647 uno.

2245 5667 2386 5734 quod
2408 5665 2658 5735 singulari
2698 5666 2835 5718 libro
2874 5665 3136 5720 adversus
3154 5664 3665 5735 gentesingeniose
3684 5671 3795 5735 ρι’οῖ

2248 5731 2895 5805 ῥυεηθνίι”1’θι·ιιιιιὶαιιυε.
2932 5736 3062 5791 Vide
3086 5731 3203 5805 ejus
3230 5731 3455 5805 Apologl
3486 5748 3603 5804 cap.
3649 5731 3732 5792 17,
3752 5732 3795 5778 cl

2243 5804 2435 5861 librum
2457 5804 2523 5861 de
2552 5805 2884 5862 Testimonio
2906 5804 3121 5863 animae.
