3950 6326
479 358 582 415 959

1540 365 1817 420 AURELII
1855 365 2217 421 PRUDENTII
2258 367 2580 424 CARMINA.

3629 378 3726 434 940

644 471 802 544 42],
834 471 990 527 Texit
1015 475 1329 531 Aristoteles
1358 485 1496 531 torta
1536 478 1795 547 vertigine
1824 493 2037 533 nervos.
2068 482 2123 544 Α
2145 480 2249 535 210
2320 480 2485 549 Cujus
2502 482 2568 535 ad
2590 480 2871 535 arbitrium
2891 479 3084 550 sphera
3098 482 3312 538 mobilis
3327 490 3723 556 atquerotunda

647 565 753 619 Hos
766 580 954 620 omnes
965 569 1203 634 quamvis
1218 583 1415 638 anceps
1443 569 1799 639 labyrinthus,
1820 579 1873 624 et
1888 586 2044 625 error

643 654 1028 710 Circumllcxus
1056 668 1199 726 agat,
1227 660 1468 728 quamvis
1498 662 1809 728 promittere
1856 668 1911 714 et
1939 661 2041 729 ipsi

646 744 905 800 Gallinam
943 747 1173 813 soleant,
1197 758 1291 802 aut
1316 750 1537 817 gallum,
1572 752 1797 806 clinicus
1825 760 1885 805 ut
1913 766 1972 805 se

644 837 900 905 Dignetur
930 847 1184 907 prinstare
1207 840 1347 893 Deus
1378 841 1725 896 morientibus
1749 858 1962 910 aequum
1988 858 2002 895 ε

645 926 809 999 m
834 926 967 983 Cum
988 937 1204 984 ventum
1230 940 1404 984 tamen
1432 930 1497 985 ad
1526 946 1769 985 normam
1795 932 2037 999 rationis,

1702 1023 1776 1093 [et
1816 1025 1963 1089 artis,

644 1111 965 1166 Turbidulos
993 1126 1212 1176 sensus,
1243 1119 1297 1166 et
1326 1111 1551 1181 litigiosa
1592 1111 1821 1183 fragosis

638 1204 967 1273 Argumenta
993 1202 1164 1257 modis
1179 1202 1503 1258 concludunt
1533 1220 1731 1259 numen
1761 1204 1814 1258 in
1835 1220 2027 1258 unum:

2323 580 2597 647 Volvatur,
2626 591 2947 649 serventque
2975 595 3101 637 suos
3130 595 3263 652 vaga
3292 583 3468 640 sidera
3500 600 3712 644 cursus.

2322 680 2433 736 Non
2447 682 2634 751 recipit
2651 690 2837 736 natura
2857 683 3107 750 hominis,
3125 683 3284 741 modo
3296 680 3719 757 quadrum-{ille

2325 782 2438 837 Non
2470 783 2560 848 sit,
2590 792 2644 837 et
2670 790 2849 838 erecto
2886 792 3095 853 spectet
3118 783 3364 840 ccelestia
3394 786 3578 855 vultu,

2321 882 2438 937 Non
2449 882 2657 952 recipit,
2674 892 2832 952 neget
2846 892 2901 936 ut
2913 884 3148 952 regimen
3170 884 3377 953 pollere
3390 900 3694 956 supremum
3705 925 3718 939 .

2143 983 2248 1039 215
2318 981 2652 1055 mistud
2684 990 2737 1038 et
2761 982 2873 1059 ipse
2919 982 3104 1055 Numa
3151 985 3341 1061 tacitus
3549 989 3715 1043 sensit

3326 1094 3619 1168 [haruspex
3642 1138 3657 1162 ,
3719 1167 3727 1175 ⁸

2315 1203 2545 1258 Semifer
2573 1212 2629 1258 et
2652 1203 2839 1258 Cottus
2864 1203 3031 1258 sentit
3055 1216 3190 1279 cane
3217 1202 3388 1267 milite
3416 1207 3594 1275 pejor.

1765 1297 2047 1355 GLOSSE
2085 1295 2425 1354 VETERES.

533 1389 657 1445 209.
696 1389 881 1456 Torta,
913 1390 1161 1443 Tortuosa
1199 1390 1670 1444 circumlocutione.
1696 1420 1763 1430 ——
1791 1390 1994 1445 Nervos
2018 1435 2032 1457 ,

464 1460 631 1527 ludos,
655 1461 1001 1514 inenodabiles
1029 1461 1306 1526 dictiones,
1346 1460 1689 1530 syllogismos,
1733 1461 1773 1516 l-.
1809 1488 1878 1500 ——-
1903 1461 2035 1516 Ver-

464 1530 648 1598 tigine,
678 1532 924 1593 versione,
956 1531 1074 1583 Vat.
1104 1530 1167 1583 A.

532 1600 655 1653 ‘205.
705 1601 1093 1669 Labyrinthus,
1125 1602 1400 1669 ﬂexuosus.
1436 1600 1583 1653 Idem
1635 1611 1777 1653 vocat
1808 1600 2036 1653 laborin-

463 1672 625 1735 thum,
655 1672 790 1739 quod
820 1681 867 1724 et
904 1686 1164 1758 errorem:
1194 1670 1512 1752 laborinthus
1549 1680 1667 1758 rerat
1696 1671 1876 1758 domus
1911 1672 2038 1758 sub:
2068 1698 2115 1758 B

461 1752 711 1805 terrattea,
744 1753 939 1794 centum
958 1740 1143 1793 habens
1170 1743 1324 1807 ostia,
1358 1757 1509 1808 quam
1540 1740 1783 1794 Dtedalus
1823 1744 1940 1810 fecit
1971 1742 2038 1793 ad

461 1810 831 1874 Minotaurum,
863 1827 1015 1877 quam
1037 1812 1080 1863 si
1102 1813 1214 1880 quis
1241 1813 1393 1879 semel
1428 1811 1773 1881 ingrederetur
1793 1851 1807 1874 ,
1835 1820 2039 1880 propter

459 1881 838 1932 multitudinem
881 1882 1127 1932 ostiorum
1169 1897 1267 1934 non
1308 1880 1500 1951 poterat
1542 1890 1821 1946 revertere;
1850 1880 2039 1935 dicitur

458 1960 623 2005 autem
645 1950 981 2014 laborintltus,
1013 1952 1133 2015 quia
1157 1950 1313 2004 labor
1337 1953 1494 2006 intus.
1528 1952 1569 2006 Ι.

528 2021 653 2075 204.
696 2022 850 2087 Agat,
881 2031 1055 2084 vexet;
1087 2022 1258 2084 ducat,
1286 2024 1321 2075 Ι.

526 2090 649 2145 205.
685 2089 984 2155 Gallinam,
1028 2090 1335 2160 Afsculapio
1365 2092 1558 2160 gallina
1603 2092 1924 2153 immolatur,
1951 2092 2039 2158 qui

459 2162 607 2217 elinis
636 2170 833 2227 prwest.
867 2189 935 2199 --
958 2160 1211 2225 Clinicus,
1238 2178 1435 2215 curvus.
1472 2164 1637 2215 CLINE
1668 2160 1843 2215 Graece
1880 2162 2039 2214 lectus

457 2232 679 2283 dicitur:
705 2231 822 2282 inde
843 2230 1052 2283 clinicus
1074 2234 1338 2298 praprium
1368 2247 1550 2285 nomen
1576 2232 1676 2294 dei,
1715 2233 1801 2300 qui
1824 2240 2038 2299 pra'erat

458 2300 864 2421 Secuntqentibuls
888 2301 941 2350 in
974 2300 1154 2350 lectum
1171 2314 1189 2363 ;
1213 2303 1286 2351 vel
1316 2300 1423 2367 ipse
1454 2302 1709 2367 inﬁrmus,
1740 2318 1771 2353 a
1802 2300 2037 2352 cumben—

497 2385 525 2421 ο
556 2370 609 2421 in
660 2377 800 2421 ecto.
855 2407 867 2420 .

458 2370 525 2421 do
556 2370 609 2421 in
639 2370 768 2421 lecto
788 2408 800 2427 ,
826 2370 867 2421 l.

526 2439 651 2492 ΞΜ).
683 2438 937 2505 Equum,
964 2435 1240 2504 placatum,
1268 2437 1370 2490 lso.
1406 2436 1720 2507 Propitium,
1749 2440 1865 2492 Vat.
1898 2440 1960 2492 Α.

525 2508 651 2561 208.
685 2507 950 2575 Fragosis,
988 2507 1297 2574 di/ﬁcilibus,
1330 2508 1367 2561 I.

456 2646 498 2704 V
676 2577 875 2645 Modts,
916 2576 1263 2647 syllogismis,
1308 2577 1346 2632 1.
1381 2607 1450 2619 -
1499 2578 1553 2632 1η
1598 2594 1793 2646 υηυηι,
1830 2577 2030 2645 Deum,

503 2662 535 2701 a
564 2689 576 2701 .
646 2687 660 2702 .

503 2660 660 2702 al.A.

523 2718 647 2772 2H.
684 2718 861 2783 Suos,
887 2718 1143 2787 proprios.
1183 2747 1254 2758 —
1308 2720 1447 2788 Vaga
1497 2719 1697 2786 sidera,
1731 2729 1919 2787 septem
1950 2737 2031 2774 er-

453 2790 627 2841 rantia
671 2790 860 2855 sidera,
892 2788 1012 2840 dicit
1057 2799 1245 2858 septem
1276 2788 1528 2857 planetas,
1555 2806 1668 2859 qua:
1697 2792 2035 2860 interpretan-

454 2868 536 2911 tur
573 2860 839 2931 errativaz:
867 2874 968 2931 non
996 2864 1129 2931 quod
1153 2860 1277 2927 ipsa:
1302 2869 1488 2925 errent,
1517 2862 1605 2913 sed
1633 2863 1768 2931 quod
1802 2862 2031 2914 homines

452 2944 622 2983 errare
642 2929 859 2998 faciunt.
895 2927 1043 2982 Unde
1067 2929 1354 2998 plano/icit:
1385 2932 1624 2984 dicuntur
1646 2927 1856 2995 melius,
1880 2932 1934 2983 id
1963 2940 2035 2984 est

2144 1404 2365 1443 errorem
2398 1388 2636 1457 facientes
2655 1431 2670 1452 ,
2700 1386 2738 1440 Ι.

2211 1458 2340 1513 Ἦὲ.
2378 1452 2489 1511 Non
2520 1458 2731 1522 recipit,
2778 1473 2882 1509 non
2910 1452 3164 1523 intelligit.
3191 1482 3259 1493 —
3285 1452 3507 1519 Natura,
3534 1453 3594 1506 id
3612 1464 3684 1507 est
3704 1496 3717 1517 ,

2141 1529 2494 1581 tantummodo
2521 1528 2809 1596 quadrupes
2859 1528 3007 1578 homo
3036 1524 3243 1589 dicitur,
3273 1525 3359 1596 qui
3390 1524 3723 1596 irrationabi-

2139 1599 2257 1651 liter
2288 1615 2426 1651 more
2446 1594 2745 1651 animalium
2772 1597 2908 1659 vivit,
2933 1602 2979 1648 et
3008 1595 3206 1647 deditus
3236 1594 3303 1646 ad
3324 1595 3513 1647 ventris
3534 1594 3719 1661 inglu-

2141 1671 2271 1723 viem
2317 1669 2445 1721 nihil
2486 1669 2549 1721 de
2588 1667 2871 1722 calestibus
2901 1674 3087 1719 curat:
3123 1677 3241 1716 nam
3277 1664 3455 1716 omnia
3484 1665 3725 1716 mortalia

2143 1739 2393 1792 animalia
2424 1748 2606 1809 praeter
2632 1737 2885 1809 hominem
2914 1737 2967 1788 in
2995 1743 3180 1788 terram
3210 1749 3369 1800 prona
3390 1743 3550 1809 sunt._
3570 1732 3723 1809 Unde

2144 1819 2189 1863 et
2210 1804 2688 1878 quidamveridicus
2713 1822 2728 1858 :
2754 1806 3037 1878 Pronaque
3052 1820 3170 1859 cum
3203 1812 3449 1878 statuent
3470 1804 3721 1878 animalia

2144 1872 2340 1933 caetera
2374 1889 2570 1932 terram
2595 1896 2605 1931 ε
2637 1881 2710 1930 Us
2734 1876 2931 1931 homini
2960 1875 3187 1929 sublime
3212 1872 3381 1935 dedit,
3412 1874 3723 1941 caelumque

2142 1952 2280 2004 tueri
2313 1948 2503 2012 Jussit,
2536 1960 2587 2002 et
2613 1957 2821 2001 erectos
2850 1946 3121 2000 adsidera
3172 1944 3363 1999 tollere
3412 1943 3618 1997 vultus.
3653 1972 3721 1985 -

2142 2019 2323 2085 Modo,
2355 2018 2695 2081 solummodo,
2721 2018 3092 2070 tantummodo.
3124 2044 3193 2056 —-
3226 2014 3575 2083 Quadrupes,
3609 2017 3725 2068 ani-

2147 2092 2321 2143 malis.
2372 2120 2443 2129 —
2466 2089 2579 2152 Ille,
2608 2089 2760 2140 homo
2776 2128 2788 2149 ,
2808 2087 2848 2140 l.

2214 2159 2342 2214 2M.
2374 2160 2601 2223 Pollere,
2626 2159 2810 2222 valere,
2831 2157 2871 2208 l.

2212 2231 2336 2285 215.
2374 2230 2579 2291 Numae,
2608 2228 2786 2280 Numa
2816 2227 3065 2280 Romanis
3086 2241 3233 2279 sacra
3262 2225 3503 2279 instituit.
3539 2223 3723 2279 Numa

2141 2316 2321 2370 genere
2351 2301 2569 2353 Sabinus
2590 2340 2602 2360 ,
2634 2313 2783 2367 quem
2830 2305 2942 2370 post
2983 2306 3193 2370 mortem
3227 2295 3450 2370 Romuli
3500 2296 3724 2370 papirius

2144 2365 2406 2423 Romanus
2438 2365 2789 2435 imperatorem
2821 2367 2975 2435 fecit:
3003 2368 3118 2434 qui,
3154 2367 3322 2419 volens
3366 2365 3630 2417 Romanos
3666 2366 3723 2417 ab

2140 2454 2401 2493 armorum
2424 2454 2596 2492 amore
2633 2451 2896 2502 revocare,
2926 2436 3177 2487 culturam
3202 2437 3415 2488 deorum
3441 2437 3723 2505 per_magi-

2140 2526 2248 2562 eam
2288 2510 2475 2562 invenit
2516 2518 2708 2569 artem,
2738 2507 2939 2567 dicens,
2969 2521 3021 2557 se
3050 2507 3189 2557 onmi
3220 2515 3362 2557 nocte
3403 2506 3465 2556 ab
3499 2502 3725 2573 Egeria

2143 2580 2371 2647 nympha
2400 2578 2590 2632 doceri.
2616 2576 2908 2646 Posthujus
2934 2584 3143 2647 mortem
3168 2575 3539 2647 Romanitejus
3565 2575 3723 2627 libros

2145 2644 2367 2716 magicos
2396 2650 2697 2718 reperientes
2719 2687 2732 2711 ,
2760 2644 2860 2715 igni
2892 2646 3233 2718 tradiderunt.
3268 2644 3372 2699 Sed
3401 2645 3521 2697 licet
3548 2661 3612 2697 se
3641 2662 3723 2697 er-

2146 2736 2286 2771 rasse
2332 2716 2591 2781 viderent,
2624 2720 2676 2770 in
2717 2718 2927 2771 deorum
2966 2716 3169 2769 cultura
3214 2725 3625 2786 permanserunt.
3659 2745 3724 2755 —

2146 2790 2447 2857 Haruspex,
2479 2787 2737 2854 sacerdos,
2771 2786 2811 2839 Ι.

2214 2853 2341 2913 ειδζ
2372 2853 2583 2922 Gottus,
2610 2859 2743 2927 unde
2781 2857 2935 2927 Alpes
2981 2853 3186 2924 Cottite,
3216 2856 3272 2923 1,
3316 2854 3443 2910 Mar.
3476 2885 3549 2896 —
3574 2854 3727 2911 Cane

2146 2930 2337 2996 milite,
2371 2931 2612 2993 molosso,
2650 2926 2689 2981 Ι.

614 3076 617 3079 ,
1803 3022 2366 3079 COMMENTARIUS.

614 3076 617 3079 η
1803 3026 2366 3080 COMMENTARIUS.

519 3118 647 3174 202.
678 3116 904 3182 Widm.,
935 3117 1239 3184 Aristotelis,
1266 3118 1403 3171 male
1432 3133 1528 3186 pro
1554 3118 1867 3169 Aristoteles.
1896 3119 2030 3171 Teo-
2059 3117 2106 3180 Ο
2207 3115 2334 3170 208.
2361 3115 2567 3186 Bonon.
2602 3123 2659 3168 et
2686 3115 2861 3181 Egm.,
2887 3112 3173 3186 turpidulos
3217 3125 3324 3186 pro
3341 3112 3653 3165 turbidulos.
3678 3115 3719 3167 Α

450 3188 553 3243 lius
582 3191 633 3242 in
665 3191 936 3251 carmine,
966 3199 1017 3240 et
1054 3190 1105 3240 in
1132 3200 1258 3241 nota
1290 3188 1448 3241 habet
1495 3197 1599 3239 tota
1642 3189 1887 3256 vertigine
1934 3203 2029 3253 pro

450 3267 603 3312 torta.
627 3257 955 3311 Crediderim
1003 3272 1123 3309 esse
1165 3256 1414 3309 mendum
1449 3258 1793 3325 typographi:
1826 3258 2029 3309 nullum

453 3328 595 3383 enim
630 3342 729 3379 ms.
757 3329 940 3395 allegat
972 3340 1067 3392 pro
1098 3340 1158 3379 ea
1192 3327 1435 3379 lectione.
1474 3329 1639 3379 ﬂecte
1676 3335 1829 3389 poeta
1856 3334 2027 3395 artem

453 3397 665 3451 texendi
688 3393 882 3449 nervos
908 3396 1181 3447 Arismteli
1228 3395 1514 3458 adjudicat,
1551 3395 1811 3461 siquidem
1842 3393 2031 3448 Cicero

449 3474 507 3520 et
535 3464 622 3517 alii
665 3464 1004 3517 Aristotelem
1036 3480 1300 3517 nervosum
1324 3465 1376 3516 in
1409 3465 1646 3527 dicendo,
1677 3475 1727 3517 et
1759 3466 2027 3518 neminem

448 3534 785 3588 nervosiorem
813 3549 876 3586 eo
922 3533 1126 3586 dicunt.
1166 3534 1411 3587 Celebris
1457 3540 1539 3587 est
1569 3533 1685 3600 ejus
1726 3534 2023 3588 dialectica.

447 3604 583 3672 Quid
606 3603 676 3657 sit
704 3614 833 3657 torta
864 3604 1073 3671 vertigo,
1102 3604 1190 3657 alii
1217 3605 1419 3656 soritem
1448 3604 1740 3671 explicant,
1770 3605 1856 3657 alii
1885 3622 2029 3673 pseu-

446 3679 722 3738 domenon,
745 3689 849 3740 quo
871 3673 1202 3743 disserentes
1234 3674 1591 3742 implicantur.
1628 3674 1737 3743 Ego
1769 3690 1894 3730 vero
1924 3676 2024 3729 mi-

446 3746 591 3798 nime
618 3745 939 3810 intplicarer.
976 3742 1085 3813 Ego
1112 3747 1347 3809 mentior,
1378 3746 1519 3799 dicat
1542 3745 1756 3813 aliquis,
1795 3760 2021 3813 verane,

445 3828 512 3868 an
546 3814 674 3867 falsa
713 3823 794 3868 est
822 3814 935 3868 haec
965 3815 1299 3884 pr0positio?
1330 3815 1474 3885 Nego
1516 3830 1834 3884 quemquam
1884 3818 2027 3871 serio

444 3895 499 3939 et
527 3900 588 3939 ex
623 3885 783 3938 animi
811 3888 1073 3939 sententia
1112 3886 1253 3940 hanc
1280 3886 1697 3954 propositionem
1742 3902 1898 3953 posse
1938 3887 2023 3940 di-

444 3971 597 4010 cere:
625 3970 760 4022 nugo
789 3956 855 4007 ab
884 3956 1062 4022 aliquo
1099 3971 1254 4021 posse
1292 3958 1579 4024 quidquam
1608 3956 1827 4023 intelligi
1851 3996 1866 4021 ,
1894 3958 1937 4010 si
1963 3972 2025 4011 ea

442 4025 512 4095 ab
535 4028 639 4078 alio
659 4024 975 4091 proferatur.
1002 4028 1291 4093 Intelligam
1315 4028 1548 4095 quidem,
1570 4026 1614 4079 si
1633 4026 1751 4092 quis
1771 4030 1839 4079 ita
1860 4026 2023 4092 dicat,

443 4094 556 4164 Ego
584 4097 818 4166 mentitus
842 4095 938 4161 fui,
959 4111 1048 4163 ego
1074 4094 1403 4148 mentiarsat
1427 4098 1609 4150 nescio
1650 4112 1865 4162 prorsus
1896 4098 2023 4166 quid

441 4167 542 4218 sibi
577 4167 729 4230 velit,
766 4165 875 4231 Ego
924 4166 1155 4217 utentior.
1204 4165 1388 4220 Simile
1433 4168 1682 4233 quiddam
1714 4178 1831 4233 est,
1882 4165 2021 4234 quod

441 4235 683 4288 nonnulli
722 4238 908 4287 volunt
937 4236 1337 4287 fundamentum
1378 4236 1577 4289 sciendi
1610 4238 1661 4289 in
1688 4251 1748 4289 ea
1782 4239 2025 4303 proposi-

442 4305 589 4375 tione
621 4306 713 4371 niti
746 4306 963 4368 debere,
1000 4304 1108 4373 Ego
1139 4306 1325 4375 cogito,
1351 4317 1407 4358 ut
1431 4306 1652 4359 inferam
1680 4306 1817 4375 Ergo
1838 4310 2019 4360 existo.

440 4374 569 4441 Qua:
601 4376 644 4428 si
679 4376 746 4427 ita
777 4384 919 4439 sunt,
968 4378 1123 4442 plane
1163 4374 1339 4427 fateor
1387 4391 1471 4429 me
1522 4377 1654 4429 nihil
1686 4380 1863 4430 scire:
1896 4393 2018 4431 nam

439 4447 617 4542 vperbis
662 4446 917 4542 inaniter,
945 4456 998 4499 et
1022 4448 1161 4497 nulla
1193 4445 1432 4526 subjecta
1466 4446 1728 4499 sententia
1752 4485 1768 4510 ,
1811 4448 2099 4542 dicem,.D

498 4534 551 4542 η,-
580 4526 738 4542 ηηηηη
810 4532 924 4542 ιιι-ιη
953 4530 1076 4542 ..η-νη
1108 4524 1479 4542 ΛΛηιίηΙι-ιιιηιιὶ
1510 4530 1776 4542 ...ιιιηηηηη
1860 4532 1882 4542 ι.
1930 4518 1979 4542 ..2

440 4513 552 4588 Ego
574 4517 760 4587 coyito,
793 4516 927 4588 hanc
953 4530 1077 4588 vero
1106 4516 1481 4584 cogitationem
1510 4530 1778 4583 nunquam
1820 4517 2014 4583 habui,

438 4586 616 4655 neque
640 4586 856 4653 assequi
888 4586 1053 4653 potui.
1461 4610 1467 4616 ·

509 4658 633 4711 205.
666 4656 878 4710 Notavit
900 4655 1167 4709 Giselinus
1220 4656 1515 4723 sapientem
1540 4656 1689 4710 illum
1710 4655 2012 4723 Socratem,

439 4742 558 4781 cum
590 4743 654 4781 ex
687 4744 888 4797 veneno
932 4728 1119 4779 hausto
1159 4726 1268 4797 toto
1318 4742 1451 4797 pene
1505 4741 1728 4793 corpore
1758 4727 2012 4797 frigeret,

436 4798 677 4852 dixisse:
713 4796 1042 4865 Αὲεειιίαρὶυ,
1075 4813 1103 4848 o
1144 4794 1306 4864 Crito,
1340 4796 1533 4866 gallum
1570 4794 1845 4864 debemus,
1872 4794 2013 4867 quod

436 4870 508 4921 ita
534 4883 595 4921 ex
628 4869 725 4920 hac
752 4869 854 4921 vita
894 4872 1166 4935 migraret,
1197 4870 1347 4935 quasi
1380 4884 1407 4919 a
1450 4868 1637 4921 morbo
1663 4869 2011 4925 convalesce-

436 4947 539 4991 ret.
580 4938 809 4991 Clinicus
840 4939 970 4993 deus
997 4949 1078 4991 est
1111 4938 1447 5005 Aisculapius
1474 4956 1487 4989 :
1529 4955 1648 4991 nam
1698 4939 1887 4992 medici
1917 4942 2013 4993 cli-

435 5006 541 5060 nici
572 5007 817 5060 dicuntur
854 5010 990 5076 apud
1020 5009 1312 5061 Martialem
1334 5047 1349 5073 ,
1403 5016 1454 5062 et
1483 5009 1614 5062 alios
1634 5050 1646 5067 .
1684 5010 1824 5077 quod
1872 5010 2011 5063 lecto

431 5076 800 5145 aegrotandum
825 5080 1061 5141 a;sidere
1090 5082 1284 5143 Solent,
1306 5079 1384 5131 vel
1414 5080 1550 5131 lecto
1565 5079 1739 5133 allixis
1765 5082 1839 5144 (hi
1865 5086 2006 5133 enim

433 5147 649 5218 proprie
671 5156 793 5218 sunt
818 5150 993 5200 clinici
1022 5164 1049 5199 a
1074 5146 1261 5202 Graeco
1292 5150 1553 5202 vocabulo
1590 5150 1815 5218 κλινικὸς)
1848 5164 2001 5216 Opem

433 5215 649 5279 lerunt;
682 5216 802 5269 hinc
834 5218 1091 5270 medicina
1122 5220 1319 5281 ctinice,
1351 5228 1407 5271 et
1432 5218 1571 5283 apud
1616 5215 2005 5272 ecclesiasticos

430 5299 674 5343 aucmres
704 5286 892 5350 clinici,
918 5287 1003 5353 qui
1029 5290 1078 5338 in
1108 5287 1246 5340 lecto
1268 5290 1336 5342 ob
1358 5290 1603 5343 morbum
1626 5289 1882 5342 cubantes
1915 5290 2006 5342 ba-

432 5360 857 5427 ptismatisaqua
883 5357 1256 5421 abluebantur,
1287 5362 1425 5425 quod
1451 5358 1623 5421 multi,
1649 5359 1882 5427 quandin
1912 5373 2005 5425 po-

431 5433 610 5479 terant
635 5425 969 5495 differebant.
989 5442 1129 5494 saepe
1152 5430 1216 5479 ad
1242 5430 1412 5495 ipsum
1439 5429 1625 5482 mortis
1644 5425 1999 5493 momentum,

432 5496 520 5562 qui
554 5496 725 5564 iurea
752 5494 849 5551 SS.
894 5496 1132 5549 Patribus
1159 5494 1711 5564 repreliendebantur.

493 5564 625 5621 201.
656 5563 775 5621 Vat.
816 5568 853 5618 Β
877 5607 892 5632 ,
925 5570 1085 5633 Man,
1121 5563 1274 5636 Prag.
1296 5608 1311 5632 ,
1352 5567 1506 5632 liat.,
1540 5567 1651 5622 Gis.
1688 5569 1753 5623 ad
1793 5583 1997 5636 marg.,

429 5632 650 5709 \Yeitst,
669 5645 964 5691 convertunt
980 5632 1089 5709 pro
1106 5632 1247 5709 cum'
1262 5647 1481 5692 ventum.
1512 5637 1797 5709 Distinguit
1810 5708 1813 5709 ν
1826 5632 1997 5693 Ἧθῖιὲ

430 5704 862 5787 ιίυξιεορυςτιιιηι
889 5706 1171 5782 turbidulos
1194 5723 1405 5771 sensus;
1425 5708 1566 5787 quod
1590 5704 1856 5764 non'male
1879 5724 2003 5778 pro-

431 5773 594 5830 cedit.
624 5768 778 5835 Prag.
802 5807 816 5832 ,
846 5773 1011 5833 arcis;
1046 5775 1097 5826 in
1129 5790 1320 5841 marg.,
1355 5768 1496 5829 artis.

2138 3188 2299 3253 turpis
2329 3185 2663 3241 formandum
2715 3192 2857 3240 esset
2882 3181 3160 3253 turpiculos
3202 3181 3395 3237 melius
3423 3197 3580 3252 quam
3610 3194 3719 3237 tur-

2135 3258 2366 3323 pidulos.

2205 3328 2329 3380 ‘209.
2360 3325 2477 3379 Vat.
2514 3328 2575 3390 A,
2601 3325 2772 3378 minus
2796 3324 2931 3378 bene
2959 3366 2970 3389 ,
3004 3323 3323 3377 concludent.

2205 3396 2265 3448 2|
2288 3398 2330 3448 l.
2368 3395 2602 3449 Planeta:
2625 3405 2747 3449 sunt
2775 3409 2903 3463 vaga
2948 3392 3147 3457 sidera,
3179 3393 3300 3446 ideo
3324 3393 3566 3461 planetae,
3594 3392 3717 3447 sive

2134 3466 2304 3519 stella:
2351 3475 2594 3519 errantes
2620 3476 2910 3519 vocantur:
2939 3465 3057 3532 quia
3109 3463 3315 3517 scilicet
3358 3478 3462 3517 non
3493 3463 3721 3531 perinde

2136 3536 2261 3587 lixae
2289 3546 2410 3588 sunt
2443 3550 2504 3589 ac
2533 3546 2740 3589 mulera:
2772 3535 2961 3592 stellae.
2986 3533 3230 3587 Glossam
3254 3534 3411 3587 aliter
3441 3533 3719 3589 disseren-

2134 3616 2241 3659 tem
2266 3606 2417 3658 nauci
2451 3606 2670 3670 habeas,
2697 3605 2771 3658 uti
2803 3619 2921 3659 cum
2953 3618 3113 3671 supra
3150 3618 3288 3658 vers.
3325 3604 3450 3667 203,
3483 3605 3718 3671 labyrin-

2133 3674 2247 3728 thus
2277 3692 2304 3728 a
2333 3676 2475 3728 labor
2523 3678 2659 3727 intus
2693 3675 3019 3739 deducebat,
3052 3690 3169 3741 qua:
3210 3684 3290 3728 est
3318 3675 3500 3743 inepta
3542 3674 3719 3731 libido

2133 3746 2472 3812 contingendi
2519 3746 2899 3815 etymologias,
2952 3744 3019 3797 ab
3061 3745 3312 3813 antiquis,
3346 3746 3506 3815 etiam
3538 3744 3716 3801 doctis

2132 3817 2454 3869 hominibus.
2488 3826 2545 3869 ut
2567 3816 2805 3869 Varrone
2845 3816 3067 3882 aliisque
3096 3816 3305 3868 usitata.
3340 3814 3473 3869 Vide
3502 3830 3627 3883 qua:
3660 3818 3716 3871 in

2134 3885 2271 3941 hanc
2294 3902 2404 3940 rem
2427 3886 2662 3955 disputat
2693 3886 3005 3951 Becmanus,
3034 3885 3098 3939 de
3127 3886 3271 3953 Orig.
3302 3885 3429 3953 ling.
3464 3885 3615 3950 Lat.,
3648 3887 3715 3940 de

2133 3957 2344 4023 propria
2374 3958 2763 4021 signiﬁcatione
2792 3970 2979 4008 vocum
3013 3966 3195 4009 contra
3225 3971 3318 4009 eos
3334 3957 3421 4023 qui
3445 3956 3715 4010 diabolum

2130 4041 2159 4078 a
2203 4028 2402 4081 duobus
2451 4027 2613 4088 bolis,
2659 4027 2903 4078 locustam
2955 4026 3075 4086 quia
3116 4028 3269 4095 longa
3311 4026 3525 4094 pedibus
3576 4029 3715 4079 sicut

2129 4095 2277 4150 hasta
2309 4096 2470 4167 (quod
2495 4097 2633 4163 apud
2677 4097 2933 4149 lsidorum
2967 4095 3212 4163 legitur),
3263 4098 3517 4167 colonum
3556 4098 3714 4161 quasi

2129 4168 2298 4220 colens
2320 4165 2456 4229 assa,
2484 4176 2537 4219 et
2563 4168 2836 4219 innumera
2865 4167 3018 4230 hujus
3041 4167 3252 4233 generis
3272 4165 3542 4221 eﬂ'utiunt.
3574 4167 3710 4222 Nam

2128 4235 2336 4291 Zacttmi
2372 4236 2527 4289 Fabri
2562 4236 2910 4290 intolerabilis
2940 4236 3036 4289 fuit
3066 4236 3421 4302 impudentia,
3462 4238 3553 4303 qui
3584 4252 3715 4292 cum

2128 4322 2159 4356 a
2188 4306 2238 4358 in
2270 4323 2478 4359 exainen
2507 4307 2873 4373 corripuisset,
2900 4306 3223 4360 contendere
3251 4322 3409 4359 ausus
3455 4316 3538 4360 est
3578 4322 3713 4361 exa-

2102 4389 2247 4430 'mcn
2286 4376 2387 4430 dici
2417 4377 2485 4429 ab
2510 4375 2583 4440 ἐξ,
2617 4386 2671 4429 et
2700 4380 2861 4446 ἀμήν,
2896 4384 2953 4429 ut.
2989 4376 3294 4443 colligeret,
3330 4394 3359 4429 a
3390 4377 3443 4430 in
3492 4393 3713 4432 examen

2127 4460 2284 4513 posse
2314 4448 2531 4515 corripi.
2557 4448 2727 4513 Opera
2758 4448 2996 4515 quaedam
3036 4451 3317 4514 pusthuma
3356 4447 3705 4502 celeberrimi

2128 4518 2223 4569 viri
2255 4516 2475 4570 Thomas
2505 4518 2736 4570 Serrano
2782 4531 2900 4570 cum
2931 4518 3047 4582 ejus
3086 4518 3215 4580 vita,
3246 4517 3511 4585 elegantia
3536 4524 3590 4571 et
3614 4522 3706 4581 iu-

2124 4586 2261 4640 dicio
2300 4588 2550 4655 singulari
2580 4602 2605 4638 a
2633 4587 2702 4640 cl.
2753 4586 3005 4640 Michaele
3052 4586 3237 4641 Garoia
3266 4590 3499 4655 scripta,
3535 4603 3710 4656 nuper

2124 4658 2437 4724 prodierunt
2462 4658 2516 4711 in
2548 4657 2769 4726 lucem,
2815 4658 2902 4710 ubi
2948 4666 3163 4711 acutum
3193 4658 3523 4726 epigramma
3555 4658 3607 4712 in
3643 4673 3709 4713 re

2123 4727 2285 4781 simili
2310 4738 2492 4780 contra
2527 4725 2766 4780 Ferrium
2793 4742 3045 4780 exettsum
3073 4736 3174 4781 est.

2193 4794 2318 4849 212.
2351 4798 2405 4849 In
2440 4797 2559 4849 Rat.
2598 4800 2806 4862 ineptus
2838 4807 3133 4866 correptor,
3174 4797 3437 4865 prioribus
3460 4798 3712 4863 abrasis,

2121 4868 2429 4933 subrogavit
2453 4882 2467 4920 :
2491 4867 2781 4936 quadrupes
2810 4868 2958 4919 modo
2996 4884 3097 4920 non
3120 4870 3184 4920 sit
3222 4867 3310 4920 ille
3336 4869 3443 4921 sed.
3487 4869 3716 4925 Putavit

2121 4936 2370 5007 lierinon
2393 4952 2545 5000 posse
2576 4954 2603 5007 e
2621 4940 2669 4989 in
2693 4939 2981 5006 quadrupes
3013 4938 3171 4992 breve
3196 4954 3208 4989 :
3235 4939 3385 4991 modo
3405 4940 3717 5007 quadrupes

2116 5003 2204 5057 ille
2230 5005 2348 5059 Non
2381 5007 2465 5073 sit,
2499 5018 2564 5059 et.
2592 5003 2721 5059 vnn;
2744 5003 2965 5075 prol.'ln
2990 5010 3227 5062 editione
3252 5003 3531 5063 Parmensi
3553 5003 3714 5065 clau-

2118 5075 2263 5129 dicat
2296 5079 2380 5150 hic
2410 5092 2635 5150 Versus:
2666 5078 2743 5150 ita
2779 5080 2918 5131 enim
2938 5080 3285 5150 concluditur.
3305 5118 3321 5142 ,
3364 5078 3485 5131 Non
3516 5081 3716 5150 recipit

2114 5158 2303 5217 natura
2349 5147 2586 5208 hominis,
2630 5149 2779 5199 modo
2808 5149 3119 5217 quadrupes.
3153 5151 3586 5204 l’rastermissum
3618 5147 3715 5207 test

2109 5214 2205 5286 ille
2228 5218 2539 5284 typographi
2568 5214 2909 5286 negligentia.

2334 5283 2510 5360 Prata.
2541 5283 2755 5360 regnum
2778 5304 2873 5360 pro
2904 5290 3145 5360 regimen.

2180 5356 2304 5409 915.
2356 5358 2525 5432 Error
2566 5356 2649 5410 est
2692 5358 2905 5432 iuvat.
2949 5356 3041 5432 i'A,
3076 5360 3244 5415 studet
3293 5361 3423 5432 ipse.
3476 5360 3595 5416 Gis.
3634 5366 3711 5420 ad

2109 5440 2296 5496 oram,
2322 5427 2546 5493 suspexit
2579 5443 2671 5496 pro
2701 5428 2797 5481 sibi
2824 5431 2997 5485 sensit.

2180 5495 2303 5571 alii.
2339 5496 2453 5571 V_at.
2494 5496 2553 5564 Β,
2583 5495 2743 5551 Mar.
2777 5515 2810 5571 a
2838 5498 3005 5566 prima
3044 5516 3234 5567 manu,
3285 5501 3428 5559 Rat..
3465 5500 3710 5571 Weitz.,

2109 5564 2332 5640 Fidon,
2368 5567 2532 5640 Bong.
2574 5581 2730 5640 supra
2770 5564 2977 5634 Cottas,
3016 5586 3131 5639 quo.
3169 5564 3387 5640 respicit
3434 5564 3719 5631 mendum.

2107 5635 2265 5710 Frag.
2294 5635 2588 5710 (Eoitttsto
2620 5635 2757 5710 idem
2788 5635 3181 5710 ostrampl'exus
3209 5635 3329 5695 cum
3354 5643 3532 5710 glossa
3558 5647 3713 5699 unde

2108 5707 2259 5786 Alpes
2287 5706 2483 5786 Cottiis.
2522 5707 2697 5786 Quare
2729 5708 2844 5786 haec
2884 5706 3045 5786 lectio
3063 5726 3199 5786 _non_
3253 5706 3446 5786 debuit
3472 5713 3711 5768 Heinsio

2108 5782 2388 5845 tantopere
2433 5777 2739 5845 displicere.
2782 5777 3021 5836 ﬂeminit
3059 5781 3383 5837 Prudentius
3408 5784 3710 5840 Cottorum
