3950 6326
490 510 734 567 Vidimus
761 555 776 581 ,
823 521 949 568 ante
990 512 1096 569 ﬁde
1120 556 1136 582 ,
1172 529 1296 570 mox
1323 529 1513 583 carne,
1547 527 1601 574 et
1638 521 1899 590 sanguine

1601 611 1827 683 [coram,

489 696 696 768 Quique
708 697 1075 754 voluminibus
1086 708 1286 767 vatum,
1299 715 1458 757 cruce
1469 709 1625 765 teste,
1640 704 1900 772 probatis,

489 790 769 845 Rimantes
794 790 992 862 digitos
1021 802 1294 848 costarum
1329 793 1382 848 in
1409 795 1629 850 vulnera
1661 796 1827 851 cruda

486 881 793 948 Mersi‘mus,
825 890 880 938 et
908 898 1163 938 manuum
1191 883 1307 940 visu
1332 885 1610 940 dubitante
1642 887 1864 942 lacunas

489 974 653 1048 424
696 975 962 1046 Scrutati,
1002 981 1274 1034 teternum‘
1313 992 1496 1048 regem
1551 980 1899 1048 cognovimus

1607 1068 1824 1140 [lesum,

488 1161 752 1232 Abjurare
777 1161 888 1217 Deo
916 1161 1150 1229 titulum,
1187 1175 1492 1232 nomenque
1511 1170 1814 1231 paternum,

489 1255 772 1312 Credimus
795 1271 916 1312 esse
936 1257 1106 1321 nefas,
1138 1257 1229 1326 qui
1265 1271 1443 1326 regem
1476 1257 1780 1326 protulitex
1811 1272 1895 1324 se,

490 1345 608 1403 Non
635 1363 815 1419 regem
847 1349 1030 1419 populi
1060 1347 1381 1403 Parthorum
1403 1387 1418 1412 ,
1449 1358 1542 1402 aut
1586 1349 1899 1404 Romulida-

907 1447 914 1450 “
1644 1441 1782 1514 [rum
1808 1458 1823 1504 ;

487 1531 595 1590 Sed
617 1547 800 1603 regem
831 1548 1079 1599 summat,
1104 1543 1160 1589 et
1183 1533 1376 1590 mediae
1399 1534 1646 1599 rationis,
1677 1544 1730 1589 et
1753 1537 1894 1598 imae,

294 791 415 846 220

293 1347 415 1404 225

487 1626 664 1696 Atque
705 1624 828 1680 ideo
875 1639 1058 1680 rerum
1084 1624 1394 1691 dominum,
1426 1634 1475 1682 el
1515 1639 1677 1695 super
1724 1626 1900 1679 omnia

1596 1714 1804 1785 [regem
1818 1756 1827 1766 .

1716 311 2161 371 APOTHEOSIS.

486 413 597 472 Sed
625 417 854 487 nos,qui
869 417 1146 474 dominum
1173 420 1342 486 libris,
1365 430 1656 494 etcorpore
1672 426 1782 495 jam
1810 429 1891 483 bis
1919 436 1969 491 Α

3493 325 3600 381 912

2175 428 2366 486 Carnis
2385 429 2816 500 liabetmedium,
2832 446 3101 489 summum
3125 434 3322 501 Patris,
3336 444 3392 491 et
3414 437 3596 510 Stygis

3311 529 3520 599 limum.

2189 617 2384 674 Delluit
2406 618 2488 673 his
2511 617 2788 688 gradibus,
2809 633 3106 690 rursusque
3126 620 3426 677 revolvitur
3440 623 3492 675 in
3516 636 3596 677 se.

2008 709 2118 765 230
2189 711 2287 767 Est
2317 711 2484 778 Deus,
2511 720 2597 768 est
2623 720 2688 768 et-
2707 711 2889 780 homo,
2913 722 2978 769 et-
2997 714 3062 770 ιιι·
3080 724 3346 781 mortuus,
3377 725 3432 772 et
3454 717 3596 772 Deus

3224 808 3390 880 [idem
3419 818 3522 865 est.

2191 895 2383 951 Omnia
2415 898 2682 966 percurrit
2729 907 2934 955 natura:
2961 900 3142 956 munia
3174 915 3380 970 pronai,
3643 918 3657 982 ς

2183 985 2346 1060 ΕΖΒ
2378 987 2447 1044 Ut
2485 1004 2697 1044 sursum
2734 990 2918 1046 Patris
2936 992 2990 1046 in
3037 993 3304 1062 gremium
3336 992 3594 1061 replicata

3235 1083 3522 1157 [reportet,

2190 1171 2394 1228 Mortua
2439 1189 2560 1244 qius
2599 1175 2809 1232 fuerant
2837 1192 2852 1230 :
2877 1176 3029 1247 ipsos
3069 1189 3283 1247 quoque
3329 1176 3596 1234 subvehat

2356 1328 2370 1334 -
3333 1267 3520 1340 [artus

2195 1353 2321 1412 litae
2350 1355 2466 1412 fere
2491 1371 2614 1414 cum
2639 1367 2882 1416 veterum
2913 1359 3248 1417 cecinissent
3270 1372 3468 1431 organa
3501 1375 3596 1416 va-

3365 1451 3522 1524 llum.

2005 1536 2112 1594 235
2186 1538 2294 1593 Nos
2324 1542 2518 1610 oculis,
2544 1543 2814 1609 manibus,
2843 1558 3162 1614 congressu,
3193 1557 3348 1607 voce,
3382 1545 3596 1615 loquela

2191 1631 2434 1702 Experti,
2472 1635 2694 1690 heroum
2723 1636 2937 1692 tandem
2970 1636 3336 1691 intelleximus
3364 1651 3484 1691 orsa

2185 1723 2518 1788 Priscorum,
2565 1736 2620 1781 et
2649 1727 2766 1782 viso
2801 1728 3066 1798 patefacta
3097 1727 3314 1782 oracula
3359 1727 3590 1786 Christo.

1613 1803 1902 1862 ΕΙ,οὸδῶ
1948 1808 2280 1870 VETERES.

375 1903 500 1959 2l8.
531 1904 744 1967 Coram,
776 1906 1185 1969 prasentialiter,
1219 1905 1258 1958 Ι.

375 1975 504 2031 221.
539 1976 803 2037 Lacunas,
832 1973 1148 2040 Foramina,
1179 1990 1451 2039 cavernas,
1481 1974 1676 2043 ﬁruras
1699 2017 1710 2036 ,
1754 1975 1893 2026 cica-

294 2047 481 2110 trices,
505 2051 702 2114 fossas;
723 2047 945 2111 seipsum
967 2046 1212 2113 apostolis
1235 2046 1516 2097 immiscet:
1536 2047 1587 2096 in
1623 2044 1895 2114 Evangelia

288 2119 441 2169 enim
478 2116 691 2170 Themis
720 2119 905 2184 legitur
951 2119 1118 2170 adhuc
1149 2117 1352 2168 minime
1397 2116 1625 2168 credenti
1669 2116 1896 2168 dixisse:

289 2185 456 2258 Infer
477 2188 694 2256 digitum
715 2197 876 2255 tuum,
901 2195 1000 2241 etc.
1021 2205 1045 2258 ;¹
1064 2188 1150 2240 sed
1182 2187 1267 2239 ille
1297 2188 1555 2258 clarorum

290 2255 474 2322 tuens,
508 2255 712 2323 tangere
743 2273 856 2310 eum
889 2275 990 2310 non
1020 2255 1176 2312 ausus
1198 2267 1290 2319 est,
1318 2258 1404 2308 sed
1435 2257 1608 2309 dixit:
1638 2255 1894 2308 Dominus

290 2344 480 2393 meus,
511 2337 556 2384 et
587 2327 727 2381 Deus
781 2343 942 2381 meus.
988 2327 1116 2381 Ideo
1158 2337 1326 2379 autem
1371 2327 1598 2390 dicitur,
1643 2326 1894 2379 Thomam

293 2415 514 2452 manum
547 2400 599 2452 in
625 2399 761 2451 latus
801 2399 910 2468 ejus
933 2400 1149 2468 misisse,
1180 2413 1296 2450 cum
1328 2407 1491 2450 tamen
1529 2413 1629 2449 non
1665 2397 1892 2468 miserit,

295 2471 570 2540 quoniam,
604 2467 828 2522 Domina
846 2471 1077 2540 jubente,
1107 2467 1202 2522 hoc
1226 2471 1393 2540 facere
1418 2476 1637 2540 poterat,
1671 2467 1710 2520 l.

374 2540 504 2596 225.
532 2541 815 2609 abiurare,
845 2537 1117 2611 denegare,
1156 2538 1352 2593 tollere.
1385 2568 1454 2577 —-
1479 2538 1738 2605 'l‘itulum,
1775 2537 1892 2592 lau-

289 2611 444 2673 dem,
468 2612 544 2666 vel
574 2620 889 2682 potestatem,
919 2612 957 2663 l.

370 2682 501 2736 224.
535 2683 754 2751 Regem,
777 2682 1038 2735 Christum
1055 2721 1071 2747 ,
1097 2683 1137 2735 l.

370 2753 499 2808 226.
530 2750 786 2818 Summa,
817 2753 1123 2816 cmisstium;
1156 2750 1357 2814 medim,
1383 2753 1725 2814 terrestrium;
1748 2752 1887 2814 imae,

288 2826 642 2895 infernarum,
677 2824 716 2878 Ι.
744 2823 956 2878 Summa
974 2824 1188 2895 scilicet,
1213 2827 1314 2875 ima
1329 2832 1377 2876 et
1401 2823 1570 2875 media
1599 2823 1730 2895 ratio
1753 2837 1770 2874 :
1794 2837 1892 2875 me-

287 2893 392 2950 dia
410 2895 662 2965 siquidem
681 2895 818 2947 ratio
850 2905 922 2947 est
949 2896 1001 2947 in
1028 2893 1303 2965 homine...
1335 2909 1534 2965 summa
1563 2893 1698 2965 ratio
1723 2900 1808 2965 est
1835 2895 1888 2944 in

285 2963 517 3040 angelis,
539 2967 652 3020 ima-
673 2967 726 3020 in
749 2965 970 3019 minimis
1012 2963 1338 3018 animalibus.
1369 2963 1516 3018 Unde
1539 2972 1585 3015 et
1633 2963 1884 3017 Salomon

1594 2186 1789 2254 ﬁxurus
1818 2187 1894 2236 in-
1959 2235 1978 2242 _

1926 1907 1973 1967 Β
2003 1907 2066 1985 de
2092 1907 2294 1963 Christo
2319 1911 2412 1985 sub
2439 1914 2608 1985 specie
2644 1914 2911 1984 sapientia:
2930 1914 3154 1985 loquitur
3180 1955 3194 1974 ,
3233 1911 3536 1982 Pertingens
3563 1931 3596 1968 a

2000 1980 2128 2055 ﬁne
2150 1997 2307 2049 usque
2341 1984 2408 2034 ad
2446 1984 2619 2055 ﬁnem,
2651 1980 2801 2037 idest
2821 2001 2851 2036 a
2882 1980 3081 2038 summa
3110 1987 3296 2055 angelo
3343 1980 3503 2055 usque
3526 1985 3596 2040 ad

2003 2050 2271 2123 minimum
2297 2054 2629 2106 iternticulum
2651 2055 2996 2123 gubernando,
3031 2055 3150 2110 Vat.
3170 2050 3237 2110 Α.
3264 2085 3271 2094 -

2073 2121 2202 2192 228.
2238 2124 2438 2190 Stygis,
2466 2125 2675 2192 inferni,
2713 2125 2750 2177 Ι.

2071 2187 2199 2245 229.
2237 2187 2448 2258 De'llttit,
2483 2187 2763 2250 descendit.
2803 2226 2873 2236 —
2922 2197 2978 2249 In
3009 2211 3098 2261 se,
3145 2213 3260 2251 cum
3299 2198 3367 2250 ad
3415 2197 3594 2252 ctutum

2003 2263 2231 2315 ascendit
2257 2285 2276 2327 ,ν
2304 2266 2357 2316 in
2389 2280 2567 2326 unum,
2604 2265 2643 2316 l.

2068 2331 2195 2403 231.
2231 2335 2426 2397 Munia,
2463 2336 2646 2403 ofﬁcia.
2669 2366 2737 2374 —
2760 2336 2951 2390 Prona:
2970 2378 2984 2397 .
3010 2337 3275 2403 humanae,
3301 2339 3342 2393 Ι.

2069 2401 2198 2476 2ζκὶ.
2228 2401 2526 2476 Βείριίίξθιιῖ,
2549 2407 2784 2470 reducta,
2820 2417 3083 2473 reparata,
3118 2410 3198 2462 vel
3221 2401 3387 2476 artus,
3418 2409 3457 2467 l.

2068 2473 2196 2547 233.
2227 2474 2521 2547 Subvehat,
2553 2477 2708 2547 elevet
2731 2478 2804 2529 ad
2824 2479 3068 2544 cwlestia,
3092 2481 3160 2532 ad
3180 2473 3384 2547 salum,
3413 2480 3450 2534 Ι.

2067 2543 2195 2598 254.
2223 2545 2456 2609 Organa,
2488 2561 2655 2608 voces,
2688 2546 2727 2599 lt

2070 2613 2216 2686 236'.
2257 2615 2490 2670 Heroum
2517 2658 2532 2680 ,
2585 2616 2972 2686 prophetarum;
3014 2619 3260 2686 —0rsa-,
3310 2622 3468 2685 dicta,
3515 2622 3590 2677 vel

2002 2685 2434 2810 :yerlbaAheroum,
2463 2691 2538 2741 uel
2580 2685 2974 2757 prophetarum,
2998 2689 3038 2744 lt
3083 2685 3254 2758 Dicta,
3283 2692 3584 2762 locutiones,

2045 2771 2072 2808 a
2105 2795 2116 2807 .
2204 2798 2216 2810 .

2029 2755 2116 2808 t’at.
2152 2759 2216 2810 A.

2069 2825 2522 2905 257..Patefncta,
2554 2829 2904 2898 manifestata.
2936 2859 3007 2872 --
3026 2830 3279 2903 Oracula,
3317 2850 3581 2905 responsa,

1996 2896 2268 2965 miracula,
2302 2897 2344 2952 lt

1647 3055 2206 3114 COMMENTARIUS.

284 3151 574 3224 hymn.gS.
620 3151 892 3207 Laurentii
946 3166 1088 3206 vers.
1131 3151 1280 3224 ᾖδε),
1331 3149 1506 3224 Trans
1536 3147 1885 3224 Cottianorum

283 3220 446 3296 iuga.
495 3223 568 3276 Ita
603 3224 872 3296 appellata
902 3235 1031 3296 sunt
1058 3238 1088 3296 a
1119 3222 1301 3296 Gottio
1317 3235 1440 3296 rege
1470 3220 1885 3296 Gztllorutnsub

285 3283 561 3362 'Aiigusto.
592 3283 862 3348 Giselinus
901 3293 950 3348 in
986 3293 1212 3362 vulgatis
1240 3283 1613 3358 edit-reperit
1647 3288 1885 3356 Gothus;

331 3365 443 3417 uod
487 3365 699 3432 reiecit,
743 3367 863 3433 quia
893 3379 1082 3417 omnes
1111 3378 1217 3416 uno
1255 3376 1523 3416 consensu
1573 3363 1794 3428 primaut
1831 3364 1881 3416 in

287 3381 504 3489 gamus
521 3434 840 3489 corripiunt.
862 3434 1018 3489 iduue
1037 3435 1191 3489 nlaue
1217 3433 1472 3489 persuasit
1499 3432 1878 3486 Citatnillartlo.

1994 3147 2196 3224 Christi
2223 3154 2419 3224 passim
2453 3149 2776 3224 SS.7Patres
2799 3223 2806 3224 ί
2828 3161 2883 3224 et
2932 3151 3195 3224 latissime
3225 3151 3580 3224 Hieronymus

1993 3221 2046 3276 in
2069 3219 2322 3293 Comfad
2352 3238 2470 3292 cap.
2499 3239 2512 3277 l
2544 3223 2710 3293 Epist.
2746 3223 2812 3278 ad
2845 3223 3043 3293 Epltes.

2063 3293 2191 3350 223.
2224 3291 2345 3348 Vat.
2377 3291 2443 3359 A,
2475 3291 2614 3359 Palf,
2656 3294 2844 3360 Deunt,
2869 3291 2974 3349 non
3002 3295 3160 3349 bene.

2062 3365 2188 3420 226.
2219 3364 2460 3421 Gil‘anius
2504 3364 2668 3420 lndic.
2701 3365 2859 3420 Lucr.
2894 3365 3060 3420 verbo
3099 3365 3404 3420 Pnovenun
3445 3384 3579 3424 Αιιυι)

349 3437 504 3488 othus
521 3432 840 3503 corripiunt,
862 3434 1018 3502 idque
1037 3435 1191 3528 plane
1217 3433 1474 3528 persuasit
1499 3432 1878 3486 Citatnillartlo.
1909 3465 1956 3528 ο
1991 3434 2308 3517 Lucas-nutu
2336 3436 2557 3517 corrigit
2581 3437 2809 3518 regionis
2839 3452 2935 3516 pro
2965 3438 3201 3519 rationis,
3225 3439 3370 3528 quia,
3401 3449 3459 3520 ut
3481 3439 3572 3508 ait,

288 3504 501 3561 Verum
534 3520 694 3574 posse
723 3520 932 3574 quoque
964 3506 1205 3573 produci,
1240 3513 1572 3570 compertum
1605 3515 1684 3557 est
1712 3521 1723 3554 :
1759 3520 1880 3558 nam

286 3576 472 3632 Latini
502 3577 768 3632 interdum
797 3574 1045 3628 Guttones
1067 3585 1118 3628 et
1144 3574 1322 3627 Gottos
1347 3589 1462 3627 eam
1489 3575 1757 3626 nationem
1791 3591 1884 3640 ap-

283 3647 522 3718 pellant,
553 3657 613 3702 ut
642 3647 772 3718 nihil
803 3649 973 3699 dicam
1002 3646 1069 3699 de
1099 3645 1321 3718 Graecis,
1351 3646 1442 3718 qui
1473 3659 1578 3697 non
1620 3645 1807 3718 minus
1829 3647 1881 3698 in

283 3713 403 3774 hoc
439 3717 723 3772 scribendo
773 3718 1031 3770 vocabulo
1085 3717 1307 3770 variant.
1349 3713 1442 3769 Est
1468 3724 1644 3768 autem
1683 3713 1882 3768 Cat/ms

283 3791 354 3844 in
390 3789 520 3846 Mar.
552 3804 580 3841 a
610 3789 844 3841 secunda
869 3804 1047 3849 manu,
1077 3789 1125 3840 in
1152 3789 1403 3852 Bongars.
1436 3800 1467 3838 a
1499 3789 1666 3853 prima
1697 3802 1878 3850 manu,

284 3862 348 3916 in
385 3859 538 3914 Fabr.
566 3860 669 3914 Sed
690 3860 936 3912 Heinsius
964 3874 1083 3912 cum
1103 3859 1233 3922 suis,
1257 3872 1377 3910 cum
1409 3854 1546 3920 Gis.,
1567 3859 1713 3919 ΑΜ..
1744 3856 1877 3921 PaL,

285 3932 480 3995 Alcm,
514 3931 631 3984 Vat.
665 3929 732 3994 Ο.
765 3931 995 3994 Bonum,
1028 3933 1210 3982 Stratus
1235 3939 1323 3979 aut
1355 3925 1880 3981 Scottus.'Giselinus

285 4002 564 4057 feritatem
597 4004 882 4056 Scotorum
924 4002 1237 4052 auctoritate
1268 3998 1324 4052 S.
1371 3997 1678 4065 llierouytni
1711 3997 1805 4052 lib.
1843 4013 1878 4052 ll

285 4085 480 4127 contra
533 4073 744 4125 .lovian.
787 4071 1098 4139 comprobat
1127 4087 1138 4120 :
1171 4086 1233 4123 es
1279 4085 1378 4137 qua
1435 4079 1581 4121 certe
1613 4078 1756 4134 patet
1784 4083 1878 4123 eos

283 4145 459 4197 fuisse
488 4144 697 4208 pejores
723 4158 848 4194 cane
892 4140 1083 4206 milite,
1119 4143 1217 4194 hoc
1256 4148 1338 4191 est
1367 4141 1631 4200 molosso,
1664 4149 1754 4191 aut
1785 4155 1875 4192 ca-

285 4214 491 4268 strensi
518 4255 530 4274 ,
585 4224 643 4267 ut.
692 4214 911 4278 exponit
939 4211 1334 4264 Chamillarilus
1369 4227 1382 4263 :
1419 4225 1538 4263 nam
1577 4219 1878 4264 castrenses

284 4300 477 4346 canes,
495 4301 619 4337 cum
640 4285 782 4338 vesci
806 4285 1013 4337 soli-ant
1038 4282 1287 4336 carnibus
1311 4284 1609 4334 occisorum
1630 4280 1876 4347 inbellis,

283 4357 536 4410 crudeles
569 4369 692 4408 essi:
740 4359 914 4406 solent
943 4366 995 4407 et
1041 4356 1266 4408 ferat-es.
1303 4355 1425 4405 llaec
1466 4363 1644 4405 autem
1696 4351 1878 4407 feritas

284 4426 512 4481 attribui
542 4428 703 4480 etiam
731 4435 902 4493 potest
931 4426 1164 4489 antiquis
1191 4423 1378 4476 incolis
1397 4422 1759 4476 Cottianarum
1790 4425 1877 4475 Al-

281 4499 464 4567 pium,
514 4514 633 4565 qua:
685 4498 902 4549 famosa!
929 4505 1083 4549 erant
1129 4495 1453 4567 latrociniis:
1481 4493 1668 4567 (lottite
1713 4495 1876 4558 Alpes

279 4563 667 4634 Delpliiuatutn
693 4587 721 4618 a
750 4568 1100 4620 Pedetuontio
1127 4565 1387 4618 dividunt.
1417 4564 1545 4616 Erat
1568 4563 1729 4617 etiam
1757 4579 1877 4632 pro-

277 4642 615 4694 montorium
647 4640 696 4691 iu
731 4639 1042 4690 illaut-itania
1074 4638 1357 4705 Tingitana
1405 4635 1572 4689 Cottes
1599 4649 1694 4688 seu
1728 4635 1874 4689 Cales

275 4711 508 4773 dicmtu,
542 4709 790 4776 Hispanis
813 4708 950 4761 tabo
976 4717 1197 4776 esparto.

358 4780 484 4834 218.
518 4781 748 4846 Bonum,
781 4782 982 4848 inepte,
1006 4779 1178 4832 cordis
1205 4792 1300 4847 pro
1325 4792 1510 4830 coram.
1540 4776 1650 4832 Nec
1681 4777 1875 4832 melius

273 4851 426 4913 PaL,
459 4852 612 4916 ﬁdem
643 4866 738 4920 pro
759 4852 880 4918 ﬁde.

357 4922 481 4976 219.
507 4925 655 4985 Ald.,
689 4923 841 4991 Egm.
867 4931 920 4977 et
942 4921 1060 4975 Vat.
1093 4921 1137 4976 A
1166 4937 1194 4974 a
1225 4920 1392 4988 prima
1435 4935 1617 4987 manu,
1646 4921 1869 4989 quinque

273 5008 386 5064 pro
410 4997 617 5064 quique;
645 4997 743 5047 hoc
774 5005 1098 5061 postremum
1128 4991 1548 5064 tenettdttmest.

358 5063 484 5116 220.
540 5063 785 5117 Fortasse
836 5065 1005 5116 iuuutt
1043 5063 1364 5115 sententiam
1395 5062 1592 5115 clarius
1618 5076 1645 5113 a
1684 5075 1742 5116 se
1771 5075 1867 5116 es-

274 5150 522 5205 pressam
557 5136 672 5187 aliis
698 5135 748 5188 in
774 5137 925 5197 locis,
946 5135 1014 5188 de
1037 5135 1233 5202 duplici
1263 5135 1482 5185 vulnere
1515 5133 1716 5186 lateris.

357 5204 480 5260 22L
515 5207 694 5275 Prag.,
727 5215 875 5271 atque
899 5220 1123 5272 manum,
1151 5205 1377 5256 fortasse
1395 5214 1545 5268 atque
1563 5219 1743 5275 manu,
1772 5212 1867 5258 aut

275 5278 530 5345 intelligit
561 5273 830 5330 mersimus
860 5277 1078 5345 digitos,
1115 5285 1263 5343 atque
1289 5290 1514 5326 manum.
1549 5273 1862 5329 Communis

275 5361 516 5416 veraque
547 5347 727 5412 lectio,
756 5358 802 5401 et
845 5363 1109 5411 manuum,
1139 5360 1214 5399 sc.
1249 5345 1459 5398 lacunas
1485 5385 1501 5410 ,
1538 5358 1632 5398 seu
1665 5346 1864 5401 lixuras

276 5433 550 5472 nranuum.

361 5487 481 5540 222.
513 5490 726 5544 Sciolus
746 5489 936 5558 aliquis
966 5489 1018 5542 in
1049 5488 1171 5541 R-tt.
1198 5503 1295 5558 pro
1312 5487 1637 5558 cognovimus
1665 5500 1862 5555 suppo-

276 5561 394 5614 suit
439 5575 750 5624 reneramur,
781 5576 846 5614 ne
878 5559 1048 5612 Iesum
1075 5572 1216 5612 esset
1249 5559 1597 5627 dissyllabuui
1629 5572 1657 5609 a
1692 5561 1860 5613 vocali

274 5632 563 5697 incipiens.
594 5632 668 5685 De
696 5645 800 5700 quo
827 5634 957 5685 satis
985 5631 1037 5685 in
1069 5631 1271 5698 proleg.
1315 5631 1536 5700 dictum.
1582 5628 1860 5700 Ennatlius

274 5704 528 5756 similiter
558 5718 682 5756 usus
712 5698 793 5755 est
819 5703 909 5756 lib.
943 5716 999 5762 ll,
1025 5701 1282 5770 epigram.
1316 5699 1413 5762 54.
1443 5699 1670 5766 Suscipit
1713 5698 1859 5752 obla-

277 5786 420 5838 tum,
455 5777 650 5828 veniant
692 5777 772 5827 cui
819 5775 1030 5829 contulit
1081 5772 1244 5827 Iesus.
1295 5770 1371 5826 De
1420 5787 1572 5839 regno
1617 5779 1859 5838 perpetuo

1986 3519 2133 3579 saepe
2160 3508 2380 3579 regiom's
2409 3517 2461 3562 et
2492 3508 2704 3579 rationis
2735 3508 2948 3562 nomina
2978 3508 3118 3562 inter
3150 3522 3208 3561 se
3233 3508 3571 3579 librariorum

1989 3577 2121 3629 vitio
2156 3575 2281 3631 sunt
2320 3579 2628 3645 depravata.
2667 3578 2919 3632 Heinsius
2953 3581 3254 3646 suspicatus
3283 3592 3361 3632 est
3394 3575 3574 3632 silitio-

1985 3647 2088 3708 nis,
2120 3663 2225 3716 quo
2249 3648 2466 3701 nomine
2494 3647 2775 3715 imperium
2807 3663 2947 3714 saepe
2974 3648 3321 3716 signiﬁcatur.
3347 3648 3574 3702 Chamil-

1988 3717 2170 3771 lardus
2202 3718 2475 3772 lleinsium
2523 3731 2631 3771 non
2663 3718 2962 3773 intellexit:
3007 3717 3093 3771 hic
3133 3719 3362 3772 asseruit
3403 3734 3572 3773 mem-

1985 3786 2181 3842 hranas
2212 3798 2355 3842 stare
2379 3797 2691 3842 constanter
2714 3803 2810 3858 pro
2833 3789 2930 3842 hac
2956 3788 3221 3856 scriptura
3246 3789 3479 3852 rationis,
3512 3801 3564 3844 et

1932 3884 1949 3900 -
1985 3859 2378 3913 Cliatnillardus
2405 3860 2609 3927 putavit
2657 3858 2998 3913 membranas
3043 3868 3184 3912 stare
3207 3873 3304 3925 pro
3330 3859 3434 3912 alia
3461 3870 3568 3912 sta-

1981 3929 2154 3988 tionis.
2179 3932 2421 3999 adeoque
2437 3931 2718 3996 amplexus
2739 3941 2822 3984 est
2842 3929 3093 3984 stationis.
3119 3927 3380 3984 Cellarius
3406 3944 3570 3998 agno-

1983 4000 2060 4052 vit
2081 4039 2094 4060 .
2123 4002 2359 4054 stationis
2403 4015 2524 4054 esse
2555 4015 2621 4055 ex
2675 4001 2890 4070 ingenio
2941 3999 3141 4070 lleinsii
3171 4017 3186 4064 ;
3217 4000 3567 4054 nihilominus

1929 4075 1935 4080 '
1980 4073 2214 4124 stationis
2239 4083 2453 4126 secutus
2484 4082 2566 4125 est
2591 4069 2778 4126 contra
2808 4072 2994 4126 libros.
3025 4069 3164 4123 Nihil
3203 4079 3375 4138 muto,
3401 4086 3564 4140 repu-

1981 4142 2267 4209 gnantibus
2297 4143 2547 4197 omnibus
2575 4142 2734 4196 codd.
2769 4158 2901 4198 mss.
2946 4150 3000 4195 et
3041 4140 3198 4205 edd.;
3249 4150 3304 4196 et
3352 4142 3564 4195 rationis

1983 4224 2129 4266 recte
2159 4214 2370 4268 dicitur.
2403 4212 2519 4266 Non
2547 4214 2688 4266 enim
2733 4225 2889 4280 poeta
2921 4211 3064 4266 aliud
3112 4213 3256 4276 vult,
3292 4212 3392 4266 nisi
3423 4213 3565 4278 quod

1981 4283 2228 4338 versibus
2255 4283 2600 4353 sequentibus
2626 4286 2911 4350 explanat:
2938 4283 3120 4336 Carnis
3147 4283 3292 4336 habet
3319 4285 3564 4349 medium,

1979 4369 2232 4425 summum
2263 4355 2458 4418 Patris,
2483 4365 2528 4408 et
2554 4355 2732 4425 Stygis
2763 4357 2940 4425 imum.
2968 4355 3105 4408 Ecce
3135 4369 3420 4411 summam.
3454 4371 3566 4408 tite-

1978 4424 2121 4479 diam
2145 4435 2198 4480 et
2230 4427 2390 4482 imam
2421 4424 2704 4481 rationem.
2739 4424 2903 4480 Visne
2931 4426 3090 4479 aliam
3115 4425 3302 4478 audire
3332 4425 3566 4490 explica-

1980 4496 2213 4551 tionem?
2231 4497 2372 4552 ldem
2402 4507 2551 4566 poeta
2575 4497 2732 4562 paulo
2755 4506 2880 4560 post
2903 4515 2913 4548 :
2937 4495 3028 4548 Est
3055 4495 3213 4560 Deus,
3232 4505 3303 4548 est
3326 4505 3370 4546 et
3388 4495 3560 4566 Itonia,

1977 4576 2027 4620 et
2049 4568 2105 4633 ﬁt
2137 4565 2476 4631 ntortuus,et
2511 4567 2646 4620 Deus
2671 4566 2808 4619 idem
2840 4577 2935 4631 est,
2982 4566 3165 4617 Omnia
3197 4565 3443 4629 percurrit
3471 4581 3561 4618 na-

1979 4646 2104 4691 tura:
2129 4641 2303 4694 munia
2328 4653 2520 4708 promv.
2548 4636 2668 4691 Jatn
2687 4638 2753 4690 ad
2779 4638 2892 4691 haec
2916 4637 3012 4690 tria
3046 4634 3222 4706 munia
3245 4633 3560 4708 explicanda

1977 4711 2153 4773 aptius
2183 4706 2498 4764 vocabulum
2529 4718 2611 4762 est
2637 4708 2874 4774 rationis,
2906 4720 3067 4776 quam
3097 4713 3188 4758 aut
3215 4706 3435 4774 regionis
3467 4715 3560 4758 aut

1979 4779 2230 4833 stationis.
2255 4780 2451 4833 Confer
2471 4778 2699 4846 glossas.

1899 4839 1958 4901 D
2051 4851 2177 4903 228.
2228 4853 2282 4903 In
2314 4850 2429 4902 Vat.
2464 4839 2529 4904 Ᾰ.
2555 4848 2756 4916 aliquid
2787 4856 2872 4904 est
2899 4847 3144 4902 abrasum
3167 4889 3182 4911 ,
3208 4859 3304 4914 pro
3326 4860 3430 4914 quo
3463 4860 3547 4902 rc-

1974 4922 2118 4975 centi
2146 4935 2303 4974 manu
2347 4924 2540 4974 factum
2565 4920 2742 4974 imum.

2039 4990 2165 5045 230.
2201 4992 2390 5062 Bong.,
2423 4989 2543 5045 Vat.
2579 4990 2638 5053 Β,
2677 4988 2832 5052 Man,
2877 4987 3024 5054 Rat.,
3065 4997 3116 5042 et
3151 4986 3228 5057 ﬁt.
3263 4987 3364 5042 Alii
3395 4988 3553 5044 omit-

1970 5071 2084 5118 tunt
2115 5071 2181 5117 et.

2039 5133 2165 5189 232.
2197 5134 2319 5188 Ald.
2349 5141 2402 5186 et
2434 5133 2612 5200 Egm.,
2649 5139 2716 5185 et.
2766 5129 2870 5184 Alii
2916 5139 2990 5183 ut.
3025 5130 3276 5185 Heinsius
3313 5145 3378 5185 ett
3410 5130 3552 5189 Put.,

1969 5203 2204 5268 Tutiam,
2254 5205 2464 5268 Noms.,
2509 5213 2566 5258 et
2605 5219 2632 5255 a
2666 5217 2823 5257 manu
2865 5201 3095 5257 SBCIlnd-I
3143 5203 3288 5256 ltott.
3319 5201 3554 5253 restituit

1970 5289 2170 5328 sursum
2211 5291 2306 5341 pro
2333 5290 2538 5328 rursum
2580 5274 2632 5328 in
2679 5273 2820 5336 aliis,
2854 5271 2995 5341 quod
3037 5273 3214 5340 aliqua
3256 5283 3431 5323 tamen
3457 5286 3552 5341 ra-
3645 5290 3647 5292 ·

1975 5348 2118 5399 tione
2141 5340 2322 5411 posset
2348 5343 2561 5399 defendi
2587 5360 2602 5398 :
2630 5360 2750 5398 nam
2777 5340 2938 5411 supra
2971 5358 3251 5409 rursusque
3277 5340 3553 5394 revolvitur

1970 5417 2023 5468 in
2044 5431 2114 5468 se.
2137 5415 2293 5484 Urb.,
2314 5431 2517 5470 rursum
2534 5434 2552 5482 ;
2568 5417 2745 5479 Alcm,
2773 5414 2889 5469 Vat.
2907 5415 2972 5479 ρ,
2989 5427 3322 5466 sursumcutn
3343 5412 3552 5484 Bono".

2039 5487 2166 5542 233.
2213 5482 2423 5542 Perstat
2459 5488 2512 5541 in
2555 5485 2745 5540 eadem
2786 5485 3074 5538 sententia.
3113 5486 3249 5536 Deus
3295 5482 3550 5549 replicata

1971 5559 2150 5613 munia
2179 5568 2419 5626 reportat
2459 5558 2511 5610 in
2555 5557 2775 5620 omium,
2819 5567 3020 5608 mortua
3047 5569 3162 5623 quas
3196 5557 3422 5626 fuerant,
3469 5555 3555 5604 vel

1968 5643 2164 5696 corpus
2192 5624 2346 5683 suum
2373 5643 2439 5684 ex
2473 5627 2698 5680 mortuis
2721 5627 3032 5686 excitatum,
3064 5625 3146 5678 vel
3177 5624 3400 5676 aliorum
3431 5639 3556 5676 sau-

1967 5695 2174 5755 ctorum
2203 5714 2424 5768 corpora
2457 5716 2470 5750 :
2495 5697 2632 5768 ipsos
2662 5712 2876 5768 quoque
2906 5706 3074 5759 artus,
3103 5695 3554 5768 scilicet‘carnent

1968 5786 2140 5837 suam;
2170 5771 2239 5828 de
2265 5762 2369 5841 qua
2391 5762 2573 5839 supra,
2600 5762 2940 5826 carnis'habet
2955 5768 3200 5832 medium,
3223 5763 3355 5832 et-ﬁt
3375 5762 3554 5819 horno.
