3950 6326
413 444 518 503 945

589 557 715 614 Haec
744 564 829 613 est
863 564 1044 612 nostra
1073 556 1237 624 salus,
1270 556 1394 611 hinc
1424 554 1681 619 vivimus,
1712 554 1837 608 hinc
1867 553 1984 608 ani-
2013 562 2069 620 Α

1254 705 1262 715 ,
1664 662 1912 715 |mamur,

1254 705 1262 715 .
1663 650 1912 720 lmamur,

588 746 699 802 Hoc
720 745 994 816 sequimur
1018 762 1031 798 :
1064 758 1333 814 nunquam
1356 742 1603 797 detracto
1632 740 1851 795 nomine
1875 738 1983 792 nati

409 840 515 899 240
584 839 869 911 Appellare
898 847 1101 899 patrem
1126 855 1139 893 :
1168 838 1336 908 patris
1363 845 1418 891 et
1450 835 1566 890 sine
1591 833 1808 889 nomine
1840 846 1982 885 nun-

1737 927 1915 999 [quam

587 1027 777 1085 Natum
801 1039 961 1084 nosse
981 1026 1183 1090 Deum;
1208 1036 1501 1093 nunquam,
1536 1020 1636 1076 nisi
1663 1028 1905 1084 sanctus,
1934 1025 1983 1073 et

1756 1112 1915 1183 [unus

591 1212 821 1283 Spiritus
841 1209 1071 1276 intersit,
1084 1216 1400 1277 natumque,
1427 1204 1750 1274 Patremque
1766 1216 1980 1257 vocare.

585 1302 676 1358 Sic
697 1312 876 1358 tamen
898 1303 1011 1357 haec
1032 1308 1280 1355 constare
1303 1297 1421 1363 tria,
1446 1304 1505 1352 ut
1526 1311 1592 1351 ne
1612 1308 1803 1363 separe
1824 1293 1984 1348 ductu

588 1392 721 1448 Tres
742 1393 932 1448 iaciam
951 1391 1152 1445 :tribus
1173 1390 1257 1444 bis
1278 1389 1534 1444 subsistat
1559 1385 1653 1440 sed
1671 1385 1811 1439 Deus
1824 1400 1979 1438 unus.

410 1486 517 1545 245
585 1485 694 1542 Nec
720 1494 868 1554 pater
896 1484 1012 1553 ipse
1032 1492 1209 1538 autem
1226 1522 1242 1549 ,
1258 1482 1351 1551 qui
1374 1480 1541 1534 ﬁlius:
1560 1485 1638 1544 ut,
1659 1478 1783 1547 quia
1800 1483 1985 1531 natum

586 1578 796 1635 Scimus
822 1576 889 1631 ab
917 1575 1122 1640 innato,
1149 1589 1276 1631 vere
1297 1581 1470 1643 pater,
1504 1578 1557 1625 et
1583 1581 1698 1625 sata
1720 1584 1848 1624 vere

586 1670 669 1726 Sit
698 1668 913 1725 soboles
939 1683 956 1726 ;
979 1682 1080 1722 nec
1111 1667 1182 1721 sit
1212 1665 1423 1735 genitor
1451 1660 1552 1717 sibi
1584 1660 1726 1715 ﬁlius
1758 1660 1891 1728 ipse.

1466 436 1740 495 AURELll
1781 436 2151 493 PRUDENTII
2191 422 2511 499 caninas.

3574 434 3677 488 944

2267 550 2433 623 426
2459 548 2722 617 Perquam
2750 545 3034 602 ridiculum
3063 554 3168 617 est,
3200 554 3256 602 et
3298 546 3480 615 futile,
3519 558 3676 606 natus

3321 640 3404 711 [ut
3429 656 3499 695 ex
3523 656 3604 708 se,

2274 735 2398 792 Sive
2418 742 2569 804 pater
2598 741 2752 789 natus
2780 731 2964 800 fuerit,
2993 730 3109 787 sive
3139 731 3256 801 ipse
3284 742 3532 801 repente,

2097 825 2202 883 250
2275 825 2537 882 Nascendi
2566 839 2705 879 nova
2735 824 3010 890 materies,
3036 837 3100 878 ac
3128 836 3189 879 se
3217 822 3361 881 Deus
3389 823 3534 880 ultro

2275 916 2541 984 Edidcrit,
2577 924 2868 985 natumque
2891 914 2995 970 sibi
3025 928 3085 970 se
3115 913 3305 971 fecerit
3332 914 3533 986 ipsum.

2278 1011 2361 1067 Nil
2382 1011 2595 1076 falsum,
2613 1020 2704 1066 aut
2718 1010 2950 1066 mendax
2971 1010 3149 1065 divina
3167 1010 3427 1069 vocabula
3449 1010 3668 1080 ﬁngunt.

2275 1104 2375 1171 Qui
2389 1114 2547 1174 pater
2569 1114 2671 1171 est,
2694 1104 2962 1175 gignendo
2982 1113 3164 1174 pater:
3182 1112 3290 1159 tum
3318 1104 3465 1159 ﬁlius
3487 1119 3555 1160 ex
3576 1103 3673 1160 hoc

2272 1196 2459 1266 Filius,
2475 1210 2692 1253 auctore
2711 1208 2766 1253 ut
2782 1198 2994 1269 genitus
3008 1196 3148 1268 quod
3162 1196 3233 1251 sit
3252 1198 3411 1261 Patre
3425 1213 3675 1254 summo:

2100 1289 2207 1346 255
2281 1288 2533 1346 Summus
2563 1301 2616 1348 et
2644 1292 2757 1361 ipse
2797 1300 2974 1347 tamen
3005 1309 3019 1345 :
3048 1306 3149 1347 nec
3182 1290 3325 1346 enim
3356 1292 3557 1358 minor,
3588 1299 3675 1347 aut

3193 1383 3374 1453 [Patre
3400 1384 3605 1453 dispar.

2276 1475 2429 1531 Unde
2474 1476 2526 1531 in
2555 1483 2787 1546 utroque
2816 1475 2997 1547 operis
3028 1477 3199 1531 forma
3230 1475 3543 1542 indiscreta,
3575 1474 3678 1531 nisi

3385 1585 3605 1626 omnem

3385 1585 3505 1625 omn

2278 1657 2397 1714 Vim
2422 1660 2718 1730 majestatis
2746 1660 2936 1730 patria:
2963 1671 3256 1730 generosus
3277 1570 3505 1715 haberet

1696 1750 1987 1809 GLOSSIE
2030 1749 2369 1809 VETERES.

479 1877 604 1931 245.
635 1876 723 1932 Sic
749 1884 944 1938 tamen,
987 1872 1268 1942 sequimur.
1293 1897 1361 1942 e—
1384 1868 1506 1923 Tria
1549 1867 1781 1921 nomina.
1804 1872 1875 1942 τι
1896 1864 1992 1921 Se—
2022 1870 2071 1932 B
2097 1866 2289 1942 scilicet
2317 1868 2402 1942 sit,
2426 1866 2479 1919 id
2500 1865 2795 1942 est_Fi_l_ius,
2823 1866 2865 1920 l.

412 1965 561 2021 pare,
584 1956 815 2017 separato
839 1962 862 2021 ξ
887 1937 1033 2015 separ
1056 1937 1265 2021 dicitur,
1296 1941 1423 2021 sicut
1455 1955 1683 2009 compar,
1712 1945 1757 1992 et
1781 1937 1980 2007 dispar.

412 2009 480 2062 ῖ-
511 2009 702 2084 Ductu,
726 2009 979 2082 auctione,
1010 2014 1087 2066 vel
1111 2012 1376 2084 ductione,
1400 2009 1443 2063 Ι.

480 2089 606 2144 244.
638 2078 791 2155 Tres,
822 2078 1149 2155 substantias.
1179 2111 1249 2155 τ-
1269 2080 1485 2149 Tribus,
1518 2079 1769 2155 personis,
1798 2078 1837 2131 l.

481 2160 606 2213 246.
637 2152 843 2223 Innato,
878 2154 1059 2208 Patre.
1084 2182 1151 2192 —
1183 2154 1330 2215 Sata,
1360 2162 1503 2215 nata,
1528 2152 1568 2204 Ι.

482 2229 608 2282 248.
661 2229 764 2280 Per
793 2218 973 2293 quam,
1005 2225 1058 2276 in
1088 2231 1356 2289 quantum,
1393 2237 1545 2290 quant
1582 2221 1749 2293 valde.
1780 2250 1847 2260 ——
1881 2218 1986 2273 Ρη·-

416 2300 529 2364 tile,
558 2298 727 2352 inane.
761 2291 829 2335 ——'
852 2294 1039 2361 Natus,
1068 2299 1127 2346 ut
1164 2305 1231 2345 ex
1260 2303 1341 2357 se,
1376 2299 1524 2344 natus
1552 2291 1698 2359 quasi
1726 2300 1780 2345 ut
1816 2306 1878 2343 ea:
1912 2306 1985 2355 se,

2168 1936 2295 2008 249.
2329 1937 2515 2008 Natus,
2544 1937 2607 1989 ab
2628 1938 2751 1991 alio.
2784 1967 2856 1977 —
2878 1936 3020 2008 Ipse,
3052 1935 3243 2005 Filius,
3276 1937 3379 1995 lso.

2162 2007 2290 2062 250.
2324 2006 2490 2072 Nova,
2516 2008 2785 2072 mirabilis,
2810 2010 2852 2064 1.

2164 2078 2291 2149 25L
2329 2077 2585 2149 Ediderit,
2619 2080 2867 2149 genuerit,
2895 2079 2932 2133 Ι.

2162 2148 2289 2201 252.
2318 2148 2880 2214 νοοθὺιιιθίεατηιίηα,
2914 2150 2953 2203 Ι.

2166 2218 2292 2272 256.
2326 2218 2637 2282 lndiscreta,
2670 2220 2910 2285 indivisa,
2944 2219 2985 2274 l.

2166 2289 2291 2343 257.
2331 2289 2474 2355 Vim,
2517 2290 2773 2345 virtutem.
2794 2320 2866 2331 ——
2893 2289 3221 2359 Generosus,
3251 2292 3458 2360 nobilis,
3491 2294 3533 2347 l.

1757 2397 2315 2456 COMMENTARIUS.

488 2528 612 2582 241.
666 2524 799 2579 Nota
859 2520 1323 2589 consuetudinem,
1357 2518 1779 2589 antiquissimam
1839 2519 1989 2572 invo-

419 2598 573 2654 candi
602 2598 834 2663 Patrem,
865 2592 1164 2663 Filium,et
1178 2588 1448 2663 Spiritum
1479 2588 1720 2663 sanctum
1748 2589 1807 2663 in
1823 2588 1993 2663 dgoxo-A

421 2671 557 2739 logia
603 2659 905 2739 Trinitatis,
952 2661 1133 2739 Gloria
1162 2661 1355 2739 _Pa_tri,_
1378 2670 1424 2715 et
1453 2659 1633 2739 __Filio,
1681 2670 1727 2739 et
1771 2659 1991 2739 Spiritui

420 2729 614 2793 sancto.
648 2736 745 2805 Egi
770 2734 837 2790 de
883 2729 983 2805 hac
1019 2732 1298 2804 doxologia
1343 2732 1399 2787 in
1435 2732 1650 2787 dissert.
1682 2731 1749 2786 de
1793 2729 1989 2800 Hymn.

422 2810 643 2873 eccles.,
674 2804 821 2860 num.
853 2804 960 2860 229
984 2812 1039 2860 et
1066 2818 1217 2874 seqq.
1558 2847 1589 2874 -ε

487 2879 611 2933 245.
633 2871 779 2931 ’νίἀθ
804 2871 1411 2946 praefationcm'lﬂerS.
1440 2875 1463 2928 1
1498 2890 1510 2925 :
1548 2871 1640 2946 Est
1670 2873 1770 2926 tria
1794 2889 1994 2926 summa

421 2947 579 3003 Deus.
611 2949 668 3003 In
691 2944 846 3017 Prag.
878 2953 933 3001 et
960 2944 1091 3017 Mar.
1117 2960 1213 3015 pro
1242 2944 1454 3017 diversa
1496 2944 1780 3017 scriptura,
1812 2953 1865 3017 ut
1895 2960 1996 2997 non

460 3036 518 3075 ro
558 3028 613 3073 ut
639 3034 721 3074 ne.
753 3013 938 3088 Prag.,
975 3013 1237 3087 dictu'pro
1267 3014 1444 3082 ductu,
1471 3013 1613 3084 quod
1651 3024 1731 3070 est
1763 3014 1996 3069 retinen-

462 3107 569 3144 nm.
726 3112 730 3123 '

490 3161 616 3215 244.
648 3158 833 3227 Prag.,
865 3157 1026 3223 male,
1070 3156 1225 3224 faciat
1268 3171 1364 3225 pro
1400 3158 1601 3225 faciam.
1639 3155 1998 3225 Hieronymus

421 3234 576 3301 epist.
639 3230 702 3283 57
736 3226 849 3301 :iltt
896 3228 1055 3301 tribus
1103 3230 1329 3301 personis
1376 3228 1554 3301 Deitas
1602 3243 1704 3279 una
1747 3226 1993 3301 subsistit.

422 3295 674 3365 Quartam
703 3295 1110 3351 subsistentiam'
1145 3297 1194 3348 in
1244 3296 1353 3350 Deo
1375 3300 1493 3366 jure
1534 3305 1729 3365 negant
1757 3295 1995 3364 plerique

430 3369 683 3437 theologi.
715 3368 771 3420 ln
801 3366 987 3437 eadem
1009 3366 1274 3437 sententia
1299 3375 1381 3419 est
1406 3366 1799 3437 Petavius,_qui
1822 3366 1914 3420 lib.
1945 3381 1995 3420 tv

425 3441 491 3494 de
510 3434 722 3501 Trinit.,
748 3449 867 3503 cap.
904 3436 989 3498 l2,
1012 3434 1127 3489 fuse
1146 3436 1398 3503 disputat,
1422 3438 1501 3489 An
1520 3438 1581 3490 sit
1604 3438 1656 3489 in
1682 3435 1789 3489 Deo
1810 3446 1995 3504 quarta

425 3509 656 3579 quaedam
699 3506 1044 3579 subsistentia,
1095 3514 1147 3557 et
1178 3520 1275 3573 pro
1310 3508 1569 3579 opinione
1606 3515 1834 3579 negante
1867 3507 1995 3579 thaac

426 3521 656 3579 quamam
699 3521 1044 3567 subsistentia,
1095 3521 1147 3557 et
1178 3521 1275 3573 pro
1318 3521 1569 3574 opnnone
1606 3521 1834 3629 negante
1867 3521 1995 3568 tuaac

426 3581 542 3649 ipsa
587 3576 858 3649 Prudentii
903 3577 1065 3649 verba
1102 3591 1254 3649 num.
1310 3576 1365 3641 5,
1406 3577 1607 3649 laudat.
1640 3646 1679 3649 _
1706 3574 1995 3649 ournelyus

426 3646 585 3707 etiam
612 3648 665 3703 in
705 3647 945 3703 Przelect.
974 3646 1231 3716 theolog..
1265 3658 1452 3716 quaest.
1479 3649 1511 3704 5
1546 3648 1613 3702 de
1638 3646 1858 3709 Trinit.,
1890 3656 1992 3701 art.

428 3724 481 3786 1,
511 3719 721 3791 quaerit,
762 3718 839 3770 An
866 3718 965 3770 sint
994 3718 1051 3791 in
1077 3715 1185 3791 Deo
1225 3717 1553 3791 admittendis
1596 3727 1691 3791 tres
1721 3717 1993 3791 subsisten-

428 3793 510 3845 tia:
529 3786 774 3855 relativw,
808 3797 851 3842 et
882 3804 983 3840 uua
1002 3786 1236 3859 absoluta
1257 3789 1413 3843 tribus
1436 3788 1663 3859 personis
1685 3789 1990 3859 communis,

428 3871 481 3917 et
522 3860 832 3931 quaestionis
874 3858 1179 3931 statum‘ita
1228 3855 1512 3931 proponit:
1545 3858 1803 3931 Alii_cum
1845 3855 1994 3931 Caje—

430 3927 555 3985 tand
580 3932 605 3983 1
642 3937 798 3998 part.,
828 3937 1008 3991 quwst.
1036 3927 1127 3992 29,
1160 3937 1261 3982 art.
1284 3927 1337 3993 4,
1369 3938 1414 3983 et
1441 3938 1620 3998 quiest.
1656 3928 1743 3992 59,
1773 3936 1872 3980 art.
1899 3930 1990 3994 45,

431 4002 626 4054 Suarez
658 4000 745 4051 lib.
788 4013 858 4059 tv,
890 4015 1014 4066 παρ.
1045 4001 1097 4060 4,
1133 4008 1354 4066 quatuor
1398 3998 1675 4053 admittunt
1720 3998 1995 4051 subsisten-

431 4070 544 4131 tias,
574 4082 729 4118 unam
765 4065 994 4135 videlicet
1020 4066 1320 4135 absolutam,
1344 4079 1392 4122 et
1415 4080 1511 4123 tres
1542 4070 1797 4123 relativus.
1824 4069 1990 4120 Alii...

431 4137 907 4208 communiter__tres
950 4134 1199 4208 duntaxat
1237 4134 1511 4208 agnoscunt
1551 4140 1785 4192 relativus
1827 4138 1994 4190 subsi-

431 4206 657 4267 stentias,
680 4204 889 4276 nullam
908 4218 1023 4276 vero
1045 4204 1354 4276 absolutam,
1389 4210 1470 4262 cui
1501 4209 1727 4276 opinioni
1754 4218 1994 4274 tanquam

433 4274 790 4345 communiorig
811 4274 1189 4345 subscribimus.
1238 4276 1444 4331 Bertius
1474 4274 1654 4342 etiam,
1688 4276 1787 4330 etsi
1818 4278 1992 4345 reipsa

432 4349 484 4401 in
517 4342 1044 4416 Deoisuhsistentiam
1075 4342 1368 4398 absolutam
1408 4355 1679 4416 agnoscat,
1718 4342 1994 4401 tamenm-

432 4415 693 4487 eonomine
730 4412 999 4487 cujusdam
1034 4426 1193 4487 causa
1239 4412 1508 4487 concludit
1546 4417 1635 4471 lib.
1666 4432 1739 4479 Ix,
1770 4430 1886 4487 cap.
1920 4418 1988 4475 6:

432 4483 622 4539 Melius
660 4483 843 4555 sentire
872 4497 1127 4555 censemus
1153 4485 1428 4555 theologos,
1459 4487 1544 4555 qui
1567 4488 1630 4539 de
1658 4487 1752 4538 hoc
1785 4483 1991 4554 quaesito

2102 2519 2230 2585 tius,
2283 2521 2328 2574 si
2372 2520 2699 2590 theologicas
2745 2520 3104 2577 institutiones
3150 2523 3461 2579 scriberem.
3505 2521 3683 2585 Pauca

2101 2590 2217 2664 haec
2261 2591 2508 2647 omittere
2540 2607 2644 2664 non
2678 2591 2860 2657 debui,
2893 2599 2953 2645 ut
2976 2601 3181 2661 gratum
3217 2594 3282 2649 iis
3321 2596 3557 2650 facerem
3588 2599 3681 2664 qui

2100 2660 2272 2733 amico
2298 2677 2421 2731 erga
2446 2678 2530 2733 me
2553 2662 2731 2716 animo
2760 2660 3069 2717 nonnullam
3099 2664 3512 2733 explicationem
3534 2660 3684 2721 desi-

2101 2730 2381 2786 derabant.
2414 2732 2545 2787 Nam
2577 2748 2760 2801 parum
2793 2749 2879 2788 me
2910 2735 3135 2788 aliorum
3167 2730 3327 2791 voces
3350 2737 3680 2792 commovis-

2102 2810 2240 2868 sent,
2273 2804 2359 2869 qui
2401 2804 2453 2857 in
2491 2802 2934 2859 circumforaneis
2965 2804 3456 2862 indoctissimorum
3503 2807 3685 2863 homi-

2103 2875 2471 2950 num_circ_uli_s
2512 2875 2580 2929 de
2624 2874 2977 2950 sanctissimis
3002 2875 3515 2950 religionisunostrzc
3558 2894 3686 2950 my-

2101 2943 2278 2998 steriis
2309 2944 2519 2999 eﬁ‘utire
2555 2943 2769 3009 audent,
2803 2960 2921 3014 quae
2962 2943 3231 3014 nunquam
3274 2947 3580 3002 didicerunt
3611 2943 3634 3001 ἶ
3652 2966 3683 3003 e

2100 3013 2280 3085 quibus
2298 3016 2370 3067 ita
2398 3024 2517 3069 sunt
2538 3015 2690 3068 rudes
2720 3014 2975 3085 nonnulli,
3010 3013 3149 3085 quad
3176 3016 3244 3071 de
3274 3017 3541 3073 similibus
3568 3020 3679 3074 aie-

2102 3083 2192 3155 bat
2220 3086 2532 3139 Ammianus
2574 3086 2667 3141 lib.
2694 3102 2822 3149 xxx,
2856 3095 2911 3139 ut
2953 3083 3217 3155 nunquam
3266 3106 3317 3142 se
3347 3089 3542 3141 codices
3585 3090 3682 3142 ha-

2101 3154 2264 3210 buisse
2304 3157 2637 3222 meminerint,
2689 3165 2734 3210 et
2780 3158 2824 3209 si
2850 3158 2902 3209 in
2932 3154 3120 3209 circulo
3154 3158 3423 3211 doctorum
3451 3162 3681 3214 auctoris

2025 3210 2072 3274 C
2100 3228 2277 3281 veteris
2321 3226 2555 3299 inciderit
2599 3210 2799 3299 nomen,
2844 3226 2993 3293 piscis
3028 3236 3118 3281 aut
3161 3210 3325 3282 edulii
3354 3210 3682 3299 peregrinum

2099 3311 2205 3353 esse
2233 3296 2535 3351 vocabulum
2562 3297 2895 3351 arbitrantur.

2178 3369 2302 3423 248.
2340 3367 2476 3421 Editi
2504 3375 2628 3421 ante
2667 3367 2942 3421 Heinsium
2973 3369 3041 3421 ita
3070 3368 3167 3422 bos
3204 3384 3394 3424 versus
3434 3370 3675 3438 trajicie-

2101 3444 2263 3497 bant:
2291 3438 2408 3493 Sive
2456 3438 2607 3490 Pater
2640 3447 2787 3491 natus
2816 3438 2990 3508 fuerit,
3031 3441 3131 3492 sive
3160 3440 3268 3508 ipse
3291 3453 3517 3507 repente,
3551 3438 3683 3493 Per-

2098 3528 2249 3581 quam
2279 3510 2554 3581 ridiculum
2584 3517 2657 3561 est
2699 3507 3147 3581 et‘futile,rnatus‘
3168 3507 3314 3581 utea:
3338 3526 3391 3563 se
3414 3510 3685 3564 Nascendi

2099 3578 2227 3636 nova
2270 3579 2524 3644 materies,
2568 3594 2626 3630 ac
2665 3578 2882 3651 sepeus
2922 3580 3055 3631 ultro
3092 3578 3360 3651 _l_€_diderit,
3404 3591 3687 3651 natumque

2098 3655 2193 3707 sibi
2222 3668 2276 3705 se
2301 3651 2473 3722 fecerit
2496 3651 2680 3718 ipsum.
2711 3648 3063 3722 N_ibil_con_tra
3091 3647 3371 3722 Weitzius,
3404 3650 3539 3704 nihil
3570 3647 3684 3705 lla-

2103 3718 2383 3778 ricttus'ex
2413 3735 2541 3773 mss.
2577 3719 2807 3790 notavit.
2840 3718 3055 3773 Teolius
3085 3721 3158 3773 ait
3190 3730 3297 3775 tres
3339 3721 3422 3776 vel
3451 3731 3685 3790 quatuor

2100 3793 2383 3847 Vaticanos
2416 3790 2634 3845 Heinsio
2664 3789 2858 3855 lavere,
2893 3799 3121 3845 caeteros
3142 3790 3388 3845 Weitzio.
3423 3789 3682 3847 Heinsius

2101 3865 2152 3917 in
2177 3865 2287 3917 suis
2310 3861 2558 3932 omnibus
2585 3861 2969 3932 msslreperit
3010 3873 3222 3932 versum
3255 3858 3514 3932 Perquam
3543 3863 3682 3916 ridi-

2099 3934 2271 3987 culum
2314 3931 2549 4000 praeponi
2583 3930 2656 3982 illi
2700 3930 2817 3983 Sive
2847 3928 3021 3983 Pater.
3063 3930 3118 3983 In
3150 3931 3270 3985 Put.
3317 3928 3448 3986 vero
3490 3932 3576 3987 hic
3608 3935 3685 3988 ita

2099 4013 2213 4057 erat
2246 4003 2365 4056 Sive
2393 4010 2695 4071 super_natus
2719 4000 2870 4071 fuerit
2892 4000 2985 4071 sibi
3015 4001 3121 4069 ipse
3146 4010 3367 4071 repente.
3402 4002 3563 4057 Putat
3584 4019 3685 4057 au-

2100 4082 2205 4127 tem
2242 4071 2485 4126 Heinsius
2522 4068 2779 4138 Perquam
2819 4068 3091 4141 ridiculum
3120 4068 3274 4125 est'et
3312 4072 3479 4141 futile,
3521 4084 3681 4127 natas

2098 4150 2238 4197 utea:
2272 4158 2323 4195 se
2356 4140 2475 4195 Sive
2516 4148 2815 4212 supernatus
2842 4139 3013 4207 fuerit,
3047 4141 3144 4194 sibi
3178 4143 3284 4211 ipse
3313 4139 3520 4212 repente
3550 4143 3680 4195 Na-

2097 4213 2270 4265 sceudi
2318 4227 2445 4264 nova
2496 4211 2914 4263 materiesmam
2962 4213 3258 4280 supernasci
3311 4211 3523 4266 verbum
3582 4222 3673 4266 est

2097 4282 2333 4352 elegans,
2364 4290 2426 4352 et
2472 4295 2500 4333 a
2545 4280 2714 4352 Plinio
2760 4290 3100 4352 usurpatum,
3128 4291 3180 4335 et
3224 4282 3394 4336 hiatus
3429 4281 3519 4335 ille
3568 4282 3676 4336 sibi

2097 4350 2204 4421 ipse
2235 4350 2523 4404 Prudentio
2548 4359 2629 4405 est
2659 4350 2952 4421 familiaris.
2979 4351 3032 4405 ln
3064 4351 3185 4407 Vat.
3210 4355 3252 4407 Δ
3286 4355 3442 4408 etiam
3466 4358 3549 4407 est
3571 4353 3679 4407 sibi

2097 4420 2225 4488 ipse.
2259 4421 2505 4475 Heinsius
2534 4436 2599 4476 ex
2633 4420 2938 4489 conjectura
2975 4421 3122 4475 addit
3160 4437 3317 4490 posse
3360 4424 3520 4478 etiam
3570 4424 3677 4477 sibi

2097 4501 2143 4545 et
2193 4494 2319 4561 ipse.
2370 4492 2628 4546 Cellarius
2675 4501 2890 4545 secutus
2947 4501 3029 4547 est
3076 4492 3355 4548 Heinsium
3410 4509 3531 4547 cum
3578 4494 3680 4549 illo

431 4553 729 4646 interrogati
754 4553 1078 4646 relspongent,
1103 4553 1445 4646 .dari-in'Deo
1469 4553 1569 4609 tres
1591 4565 1786 4610 tantum
1818 4557 1992 4646 relati-
2022 4585 2075 4646 Β
2099 4553 2266 4646 hiatu,
2302 4578 2482 4646 quem.
2512 4562 2610 4645 hoc
2650 4561 2767 4646 loco
2819 4564 3157 4646 nonnprobto.
3212 4563 3679 4646 Aletnconsonat

432 4643 519 4681 vas
547 4621 910 4695 subsistentias.
943 4621 998 4695 Si
1028 4624 1143 4695 quis
1167 4634 1341 4680 autem
1367 4641 1396 4679 a
1423 4642 1507 4681 me
1536 4641 1674 4681 nunc
1702 4636 1905 4695 qumrat
1924 4642 1990 4682 an

432 4697 540 4752 sint
568 4695 725 4764 aliqui
753 4693 982 4763 theologi
1022 4693 1111 4763 qui
1142 4704 1334 4763 praeter
1365 4705 1471 4752 tres
1515 4693 1882 4751 subsistentias
1910 4712 1994 4753 re-

432 4768 623 4821 lativas
650 4765 930 4836 quamdam
966 4779 1300 4820 communem
1347 4767 1403 4821 in
1443 4768 1553 4822 Deo
1594 4768 1992 4824 subsistentiam

432 4845 699 4904 tueantur,
732 4835 957 4905 primum
979 4836 1333 4903 respondebo,
1358 4839 1439 4893 vel
1471 4854 1534 4893 ex
1561 4838 1642 4891 bis
1663 4839 1791 4893 solis
1818 4839 1993 4895 verbis

432 4924 550 4977 qua:
593 4920 689 4975 pro
737 4920 854 4978 mea
905 4907 1155 4978 opinione
1196 4908 1413 4978 adduxi,
1464 4909 1592 4963 satis
1638 4909 1839 4978 liquere
1888 4926 1993 4965 non

432 4991 631 5046 paucos
656 4990 775 5031 esse
800 4977 1076 5049 theologos
1097 4979 1184 5045 qui
1208 4977 1291 5049 ita
1307 4980 1561 5033 sentiant.
1590 4977 1788 5035 Deinde
1819 4981 1993 5049 profe-

434 5062 547 5118 ram
570 5049 921 5118 assertionem
964 5047 1369 5118 eminentissimi
1401 5049 1685 5105 cardinalis
1727 5047 1891 5118 Gotti,
1925 5050 1992 5103 de

432 5116 624 5171 Trinit.
667 5126 855 5183 quaest.
896 5115 951 5183 4,
998 5117 1123 5171 dub.
1165 5116 1458 5174 2:Pra:ter
1500 5132 1598 5173 tres
1641 5115 1991 5173 subsistentias

432 5187 666 5241 relativus
688 5184 838 5237 datur
867 5186 920 5258 in
948 5185 1054 5240 Deo
1084 5188 1404 5242 subsistentia
1439 5190 1689 5253 absoluta,
1723 5206 1823 5258 qua
1854 5189 1990 5242 Deus

432 5264 805 5327 prteconceptus
836 5255 995 5308 tribus
1024 5259 1253 5325 personis
1280 5262 1333 5312 in
1366 5276 1417 5315 se
1444 5260 1689 5314 subsistit.
1722 5255 1835 5313 Hoc
1863 5259 1991 5311 indi-

433 5324 563 5381 cavit
608 5325 673 5396 δ.
716 5324 1090 5396 Augustinus...
1124 5344 1355 5396 expresse
1405 5345 1519 5383 vero
1550 5330 1720 5384 docuit
1761 5330 1822 5384 S.
1856 5327 1990 5381 Tho-

432 5412 577 5469 mas._
594 5395 817 5469 Centum
853 5394 983 5469 alios
1016 5394 1289 5469 theologos
1315 5398 1510 5454 addere
1535 5414 1763 5469 possem,
1795 5398 1840 5451 si
1871 5400 1988 5469 pul-

432 5466 723 5539 verulentis
744 5464 1080 5539 excutiendis
1100 5464 1458 5539 voluminibus
1488 5464 1855 5539 sesquihoram
1872 5464 1990 5539 vel-

434 5535 537 5610 lem
567 5537 947 5610 insum_ere,_ut
973 5534 1228 5610 dubitare
1251 5537 1362 5608 jam
1404 5534 1606 5594 merito"
1643 5542 1763 5610 quis
1795 5537 1985 5605 possit,

433 5604 817 5679 pluresnesint
847 5604 1100 5679 theologi,
1131 5609 1221 5677 qui
1254 5604 1473 5677 negant,
1505 5604 1749 5679 quartam
1774 5604 1893 5660 esse
1934 5609 1989 5662 in

437 5674 546 5730 Deo
570 5673 985 5746 subsistentiam,
1013 5673 1079 5746 an
1109 5673 1199 5744 qui
1229 5673 1681 5746 afﬁrmanthuid
1704 5686 1879 5746 autem
1907 5678 1988 5730 in-

434 5747 517 5794 ter
563 5742 836 5815 notionem
883 5742 1235 5815 subsistentia:
1276 5758 1331 5801 et
1382 5742 1622 5815 personae
1661 5745 1887 5815 diﬁ‘erat,
1936 5756 1991 5802 et

434 5810 840 5889 cun-admissis
882 5811 1052 5889 solum
1104 5815 1271 5889 tribus
1296 5810 1551 5889 personis
1600 5820 1651 5868 in
1705 5814 1987 5889 Trinitate,

436 5879 602 5953 possit
630 5884 815 5945 quarta
844 5878 1182 5934 subsistentia
1222 5878 1451 5945 defendi,
1485 5884 1715 5973 dicerem
1750 5878 1988 5944 (δινηθειὲ

2101 4634 2258 4688 codd.
2301 4632 2635 4697 licinsianis;
2663 4630 2789 4687 Urb.
2840 4641 2893 4686 et
2931 4632 3050 4687 Vat.
3097 4632 3142 4700 ρ
3168 4635 3495 4689 editionibus
3533 4637 3683 4689 anti-

2100 4706 2237 4773 quis.
2274 4704 2392 4757 Vat.
2424 4703 2470 4769 ρ
2496 4703 2677 4776 etiam,
2706 4704 2800 4755 sibi
2828 4703 2967 4768 ipse;
2996 4702 3087 4757 sed
3122 4705 3380 4776 mendose
3405 4722 3496 4775 per
3519 4722 3680 4776 quem

2100 4772 2194 4843 pro
2222 4788 2483 4843 perquam.
2518 4772 2747 4837 Bonon.,
2783 4787 3080 4841 perperam,
3113 4774 3216 4827 sive
3239 4784 3287 4827 et
3318 4772 3447 4843 ipse.

2165 4842 2288 4895 252.
2326 4843 2438 4911 Vat.
2471 4842 2511 4895 Β
2542 4857 2636 4911 pro
2663 4844 2735 4894 nil
2765 4845 2939 4898 minus
2970 4844 3107 4898 bene
3126 4846 3201 4897 ni.

2164 4912 2287 4964 254.
2323 4910 2553 4966 Τεοιίυε
2583 4921 2911 4983 repugnante
2959 4924 3131 4968 metro
3168 4915 3298 4983 legit
3336 4912 3529 4979 Filius,
3575 4933 3685 4970 art-

2096 4991 2229 5054 ctare
2256 4983 2389 5048 quod
2429 4983 2625 5054 genitus
2649 4983 2712 5035 sit
2748 4982 2913 5054 Patre
2941 5000 3163 5049 summo,
3202 4984 3540 5054 afﬁrmatque
3590 4989 3681 5042 sic

2095 5052 2292 5105 habere
2322 5052 2717 5120 praistantiores
2748 5052 2910 5116 Vatt.,
2956 5054 3231 5109 Heinsium
3261 5070 3390 5109 vero
3423 5052 3475 5109 in
3520 5057 3679 5111 notis

2095 5123 2252 5189 paulo
2295 5121 2467 5191 aliter.
2514 5121 2678 5184 Puto.
2731 5123 2939 5191 lapsum
2989 5124 3229 5179 Teolium
3257 5165 3271 5189 ,
3324 5135 3378 5179 et
3424 5126 3681 5183 scribere

2092 5192 2340 5265 voluisse,
2388 5190 2580 5265 Filius,
2624 5190 2827 5265 auctore
2874 5204 2928 5245 ut
2979 5196 3175 5264 genitus
3213 5197 3368 5265 quod.
3411 5196 3681 5252 Heinsius

2092 5276 2211 5334 cum
2254 5262 2376 5317 Put.
2423 5262 2588 5334 edidit
2614 5261 2812 5334 AFilius,
2862 5261 3068 5318 auctore
3104 5261 3323 5334 genitus,
3365 5266 3505 5333 qnod
3558 5281 3679 5321 non

2092 5332 2232 5387 male
2277 5332 2533 5399 procedit.
2607 5332 2913 5403 suspicatur
2960 5332 3244 5403 Heinsius,
3300 5350 3329 5389 a
3384 5332 3683 5392 Prudentii

2094 5416 2254 5478 manu
2286 5403 2447 5478 fuisse
2472 5422 2504 5478 :_
2518 5413 2621 5455 tum
2653 5401 2823 5457 Filius
2845 5420 2908 5478 e:_c
2939 5406 3033 5478 hoc
3069 5401 3239 5478 Filius
3269 5405 3477 5478 auctiire
3503 5414 3558 5458 ut
3580 5424 3685 5478 ge-

2092 5473 2225 5524 nitus
2250 5474 2337 5540 qui
2358 5478 2421 5526 sit
2464 5472 2619 5526 Patre
2639 5489 2855 5527 summa.
2884 5474 2941 5527 In
2974 5475 3089 5528 Vat.
3125 5476 3191 5537 A,
3223 5478 3286 5542 si,
3314 5476 3459 5530 nullo
3478 5472 3681 5543 sensu,

2094 5557 2189 5614 pro
2211 5544 2293 5596 sit.
2319 5543 2485 5597 Aldus
2514 5544 2654 5598 male
2678 5544 3006 5614 interpungit
3026 5556 3132 5598 tum
3154 5544 3324 5600 Filius
3351 5562 3412 5599 ea:
3431 5547 3548 5599 hoc.
3572 5544 3684 5600 Fi-

2096 5612 2199 5664 lius
2220 5622 2426 5684 auctor_e
2452 5624 2506 5684 ut
2537 5615 2732 5682 genitus
2756 5612 2894 5684 quod
2924 5612 2988 5667 sit
3020 5614 3178 5670 Patre
3197 5632 3412 5670 summa.
3450 5616 3680 5672 Patrem

2099 5692 2354 5756 auctorem
2377 5682 2497 5737 Filii
2522 5684 2580 5740 S.
2613 5682 2845 5738 Hilarius
2871 5685 3169 5756 saepissime
3195 5696 3373 5741 vocat.
3396 5687 3553 5756 Apud
3577 5688 3683 5755 jn-

2094 5754 2431 5825 reconsultos
2467 5764 2651 5825 auctor
2694 5755 2993 5823 appellatur
3036 5755 3081 5809 is
3118 5771 3148 5810 a
3172 5772 3279 5825 quo
3322 5757 3411 5825 jus
3448 5754 3508 5813 in
3569 5754 3687 5815 nos

2094 5823 2303 5895 transit.
2328 5822 2670 5895 AVidePetav.
2708 5822 2838 5895 tom.
2872 5826 2936 5891 ll,
2970 5825 3061 5879 lib.
3095 5841 3148 5891 v,
3176 5822 3293 5895 cap.
3324 5822 3377 5882 Β.

2164 5892 2290 5946 257.
2326 5893 2378 5945 In
2410 5892 2574 5948 Weit.
2608 5893 2859 5949 tncndum
2884 5912 3162 5961 generosus
3182 5892 3384 5959 patriw.
