3950 6326
421 292 455 350 9
472 295 524 348 i7
1520 305 1795 360 AURELII
1835 304 2201 362 PRUDENTII
2239 308 2566 366 CARMINA.
3586 315 3696 373 ωδ

596 410 760 488 639
795 411 976 486 Ignem
991 411 1294 491 |(liminum?
1315 416 1528 490 quando
1545 417 1728 488 Pater,
1751 429 1807 478 et
1837 421 2000 486 Deus,
2035 425 2083 484 Δ

1717 512 1793 583 [et
1814 513 1924 578 lux,

585 595 707 654 Non
743 595 889 664 locis
921 596 1096 678 Deus,
1141 608 1196 658 et
1242 609 1395 670 pater
1439 603 1564 660 est?
1611 605 1723 674 qui,
1767 604 1813 658 si
1849 613 1999 674 pater

1773 696 1924 768 [olim

573 781 711 837 'Non
741 780 864 848 fuit,
887 789 944 840 et
963 797 1146 842 serum
1171 786 1356 855 genuit
1382 795 1502 855 post
1520 795 1759 855 tempore
1788 798 1992 853 natum,

593 871 679 928 Fit
708 886 902 938 novus,
932 874 1093 943 inque
1123 889 1318 930 novum
1353 879 1442 945 jus
1473 879 1698 946 prolicit.
1731 879 1913 946 Absit,
1941 889 1998 933 ut

1670 968 1926 1040 [unquam

415 1051 519 1112 285
593 1053 792 1112 Plenus
814 1055 1080 1126 proﬁciat,
1115 1058 1203 1127 qui
1235 1074 1339 1114 non
1369 1070 1488 1132 eget
1509 1060 1861 1116 incremento.

594 1147 663 1204 Et
685 1149 846 1212 Deus,
871 1160 920 1203 et
945 1151 1176 1218 genitor,
1197 1151 1506 1220 lumenque,
1531 1153 1765 1221 etgloria
1786 1167 1999 1222 semper

600 1239 695 1294 llle
726 1239 862 1294 luit:
894 1256 993 1296 nec
1018 1250 1133 1310 post
1160 1241 1260 1295 sibi
1287 1243 1534 1306 Contulit,
1570 1252 1620 1296 ut
1659 1253 1806 1311 pater
1833 1252 1992 1296 esset.

511 1334 528 1344 '
597 1331 687 1388 Sic
712 1331 804 1400 ﬁt,
836 1341 893 1388 ut
919 1343 1177 1388 aeternum
1201 1334 1482 1388 credamus
1509 1349 1626 1388 cum
1665 1345 1815 1404 patre
1835 1335 1992 1388 Chri-

1736 1428 1894 1498 [Stum
1913 1469 1926 1492 ,

597 1517 693 1572 lllo
723 1525 946 1574 auctore
971 1528 1147 1574 satum
1167 1560 1181 1584 ,
1216 1518 1299 1574 cui
1327 1519 1503 1573 nullus
1544 1519 1757 1588 przeluit
1790 1529 1997 1575 auctor.

418 1608 522 1676 290
597 1609 721 1666 Haac
749 1619 802 1665 tu
829 1612 875 1665 si
900 1610 1115 1666 dubitas
1143 1613 1250 1680 nati
1275 1612 1526 1683 mysteria
1560 1611 1778 1675 Christi,

595 1701 845 1767 Perdite,
877 1703 1142 1758 catholica
1175 1718 1280 1757 non
1312 1718 1370 1758 es
1400 1703 1468 1757 de
1503 1703 1658 1772 plebe
1688 1723 1700 1755 :
1731 1703 1826 1758 sed
1857 1719 1996 1759 unus

2290 422 2364 476 De
2387 437 2550 492 grege
2577 421 2840 478 thurilero
2865 433 3175 489 venerator,
3201 425 3591 484 Deucalionum

2287 516 2521 572 Devotus
2545 517 2722 587 cippo,
2745 517 2930 580 ﬁculni
2959 529 3016 573 et
3039 519 3236 588 stipitis
3257 529 3468 592 unctor.

2279 607 2418 672 Quin
2451 607 2629 677 potius
2659 617 2909 672 scrutare
2938 610 3032 664 Dei
3063 611 3334 679 signacula
3366 613 3418 666 in
3451 612 3571 682 ipso

2101 696 2207 758 295
2282 695 2452 753 Fonte
2472 699 2775 764 vetustatis,
2806 714 3057 769 percurre
3082 701 3278 755 scrinia
3303 703 3464 772 primi

2284 786 2454 864 430
2495 789 2808 860 Scriptoris,
2839 806 2997 862 quem
3029 806 3136 848 non
3165 792 3365 848 bardus
3384 803 3577 863 pater,
3607 804 3694 850 aut

3242 883 3396 952 [avus
3426 901 3618 953 augur,

2290 975 2490 1030 Fabula
2522 990 2623 1030 nec
2656 975 2856 1030 veteris
2901 973 3077 1039 lamas,
3119 989 3217 1032 nec
3245 976 3467 1044 garrula
3489 978 3694 1043 nutrix,

2280 1067 2388 1124 Nec
2423 1082 2551 1134 sago
2594 1066 2844 1134 clangore
2885 1064 3114 1132 loquax,
3159 1077 3212 1121 et
3251 1067 3478 1122 stridula
3511 1068 3694 1124 cornix

2280 1161 2410 1214 Rem
2459 1159 2695 1212 docuere
2727 1157 2856 1211 Dei:
2892 1156 2984 1210 scd
3024 1171 3204 1211 coram
3253 1159 3497 1226 proditus
3544 1159 3694 1229 ipse,

2101 1247 2205 1304 500
2263 1249 2398 1317 ipse
2429 1249 2568 1303 Deus
2595 1247 2858 1317 trepidum
2883 1248 3170 1306 mortalem
3202 1249 3346 1304 mitis
3373 1251 3552 1308 amico

2294 1341 2487 1396 imbuit
2515 1340 2730 1409 eloquio
2752 1380 2766 1404 ,
2799 1354 2996 1408 seque,
3030 1355 3092 1393 ac
3121 1357 3214 1402 sua
3242 1356 3449 1410 summa
3481 1343 3694 1416 retexit.

2291 1431 2551 1488 Nimirum
2578 1432 2820 1484 meminit
2841 1430 3070 1498 scriptor
3099 1431 3462 1494 doctissimus,
3491 1433 3583 1487 illo
3677 1419 3683 1423 ’

2289 1525 2444 1582 Orbis
2463 1524 2732 1594 .principio
2755 1538 2861 1580 non
2890 1524 3084 1586 solum,
3110 1538 3207 1575 nec
3239 1524 3355 1577 sine
3376 1523 3592 1579 Christo

2281 1618 2602 1674 lnlormasse
2655 1617 2864 1671 Patrem
2913 1615 3129 1678 factura:
3177 1614 3379 1683 plasma
3423 1617 3672 1670 novellae.

2101 1709 2205 1766 305
2270 1709 2451 1778 Fecit,
2484 1710 2577 1774 ait,
2621 1707 2856 1766 condens
2881 1707 3152 1762 hominem
3173 1706 3334 1773 Deus,
3362 1716 3416 1760 et
3435 1706 3589 1761 dedit
3610 1707 3696 1761 olli

1718 1798 2004 1858 GLOSSE
2047 1785 2382 1860 VETERES.

485 1892 609 1946 282.
642 1893 808 1956 Olim,
842 1893 1173 1957 telemaliter,
1209 1893 1316 1946 sine
1343 1891 1509 1958 initio,
1540 1891 1645 1945 lso.

484 1962 609 2016 2330.
644 1963 721 2016 Tu
747 2006 760 2026 ,
796 1964 1114 2025 Sabelliane,
1149 1964 1188 2016 1.

485 2033 611 2086 292.
641 2034 952 2095 Τὴιιτίῐιιτο,
983 2034 1323 2101 thuriﬁcante.
1344 2061 1414 2073 --
1443 2030 1848 2094 Deucalionum,
1875 2033 2001 2092 deo-

414 2120 551 2167 rum,
586 2105 863 2165 idolorum.
902 2105 1186 2157 Deucalion
1219 2113 1267 2156 et
1299 2117 1434 2154 uxor
1449 2117 1542 2154 sua
1571 2101 1766 2169 lapides
1788 2103 2005 2166 semina.

415 2184 587 2229 verum
619 2191 637 2228 :
661 2175 777 2227 inde
807 2177 899 2227 viri
926 2188 972 2228 et
1004 2174 1260 2236 mulieres,
1293 2173 1330 2225 I.

482 2243 608 2298 205.
639 2243 873 2316 Devotus
895 2285 909 2307 ,
939 2245 1232 2297 inclinatus.
1262 2273 1335 2316 :—
1361 2238 1562 2310 Cippo,
1595 2252 1772 2296 trunco
1801 2245 1876 2297 vel
1901 2244 2004 2316 ipsi

413 2313 544 2368 Deo.
576 2343 645 2353 —
678 2313 896 2374 Unctor,
928 2323 1223 2378 venerator,
1261 2312 1298 2364 Ι.

481 2384 609 2438 296.
642 2384 930 2450 Scriptoris
949 2425 963 2448 ,
1000 2383 1214 2452 Moysis.
1238 2412 1307 2422 —
1329 2382 1554 2445 Bardus,
1578 2383 1784 2452 stu'tus.
1809 2383 1870 2434 ab
1901 2383 2000 2435 elc-

413 2452 627 2520 phanto,
658 2448 926 2516 baburrus,
956 2448 1162 2506 stultus.
1194 2483 1263 2492 —
1292 2455 1497 2522 Augur,
1524 2455 1609 2518 qui
1637 2448 1805 2504 avium
1831 2453 1998 2521 garri-

413 2532 518 2596 tum
558 2526 632 2576 vel
662 2524 942 2596 augurium
964 2524 1227 2591 observat,
1267 2523 1306 2579 I.
1337 2553 1407 2564 —
1445 2523 1670 2588 Bardus,
1703 2527 1907 2587 stultus,
1940 2523 2001 2574 ab

411 2595 680 2663 elephanto
697 2637 712 2662 ,
735 2593 866 2649 ’ναι
900 2593 964 2648 Τ.

2031 1893 2075 1954 Β
2173 1896 2298 1949 207.
2333 1895 2547 1960 Nutrix,
2579 1910 2729 1962 unus,
2761 1893 2804 1946 1.

2177 1968 2302 2021 298.
2338 1968 2507 2034 Sago,
2542 1967 2737 2034 magico
2763 1964 2840 2017 rel
2878 1964 3127 2032 praescia;
3163 1963 3472 2034 pra’scienti,
3503 1964 3698 2033 magico

2107 2036 2186 2089 vel
2206 2039 2439 2104 sapienti,
2477 2037 2514 2090 Ι.

2181 2108 2304 2160 299.
2339 2108 2466 2161 llem
2489 2148 2501 2170 ,
2539 2114 2726 2158 statum
2767 2106 3012 2158 divinum.
3042 2104 3325 2158 —Corani
3352 2144 3366 2167 ,
3403 2104 3604 2174 palam.
3630 2132 3701 2151 -.

2117 2177 2380 2239 Proditus,
2413 2178 2784 2242 manifestatus,
2820 2175 2857 2229 Ι.

2186 2247 2308 2301 500.
2341 2248 2661 2315 Trepidum,
2697 2248 2954 2318 pavidum.
2995 2277 3064 2289 ——
3095 2246 3402 2311 Mortalem,
3437 2243 3697 2318 Moysem.

2110 2349 2177 2357 —
2208 2318 2415 2377 Amico,
2447 2318 2721 2382 amicabili,
2755 2317 2791 2368 Ι.

2181 2389 2304 2442 501.
2343 2389 2573 2454 lletexil,
2605 2389 2785 2456 aperit,
2807 2388 3047 2456 aperuit,
3075 2387 3124 2442 1.

2179 2457 2301 2512 502.
2333 2459 2589 2520 Meminit,
2622 2453 2780 2521 docet,
2807 2453 2853 2512 1.

2183 2528 2305 2581 505.
2335 2527 2602 2594 Condens,
2634 2527 2894 2596 creans,~l.

1761 2667 2329 2741 COMMENTARIUS:

477 2781 604 2834 281.
637 2779 759 2835 Ald.
788 2793 909 2834 cum
938 2779 1057 2834 aliis
1087 2778 1271 2833 scribit
1297 2780 1571 2834 deminuat.

479 2850 605 2905 282.
636 2850 759 2904 Rat.
800 2852 870 2904 ita
904 2851 1062 2905 verba
1094 2849 1356 2915 collocat,
1405 2868 1505 2904 non
1548 2851 1674 2904 lucis
1721 2858 1902 2920 pater,
1945 2860 1994 2904 et

411 2919 548 2974 Deus
579 2931 669 2975 est.
713 2920 828 2976 Gis.
863 2922 886 2975 1
924 2922 1054 2977 edit.
1077 2963 1092 2987 ,
1127 2937 1226 2974 non
1259 2923 1385 2975 lucis
1429 2921 1562 2975 Deus
1584 2965 1597 2987 ,
1630 2930 1679 2974 at
1710 2919 1855 2989 pater
1879 2921 1998 2976 est?

411 2990 658 3047 Fortasse
686 3003 772 3046 aut
802 3002 963 3061 pater.

478 3063 604 3118 290.
643 3063 797 3129 Man,
831 3064 1058 3124 Widm.,
1093 3062 1282 3131 Bong..
1314 3062 1529 3115 dubites.

479 3132 604 3187 ξω.
639 3133 801 3188 Vocat
835 3139 1068 3200 pagatios
1090 3133 1151 3184 de
1173 3149 1322 3201 grege
1347 3131 1590 3200 thurifero
1617 3147 1681 3184 eo
1709 3147 1868 3185 sensu
1892 3144 1996 3199 quo

409 3204 630 3270 Oplatus
652 3204 784 3256 dixit
807 3191 1119 3270 (ituri/icore,
1145 3191 1196 3254 εἶ
1223 3191 1541 3269 (ᾆξ’ρτίτὶηιιέ,
1565 3191 1993 3268 ιΙιυνίβτυίοε.Ἰη
2025 3191 2070 3252 C

410 3277 583 3342 glossa
627 3282 740 3326 erat
785 3275 1040 3339 scriptum
1087 3271 1364 3323 Deucalion
1393 3273 1587 3335 lapidrs
1613 3313 1626 3332 ,
1657 3283 1702 3323 et
1724 3288 1864 3342 μίτον
1903 3288 1998 3342 sua

410 3345 804 3395 seminaverunt.
853 3343 1080 3395 Restitui
1110 3344 1352 3394 Ordinem
1383 3342 1685 3394 verborum.
1720 3341 1996 3394 Deucalio-

409 3428 505 3465 nes
536 3426 760 3464 numero
783 3412 971 3480 plurali
1000 3411 1147 3465 eﬁ‘ert
1169 3453 1182 3474 ,
1220 3421 1278 3464 ut
1312 3419 1678 3474 contemptum
1711 3413 1994 3478 exprimat.

412 3481 544 3536 Vide
570 3495 711 3551 vers.
745 3483 863 3537 l89.
910 3482 963 3534 In
1007 3481 1208 3551 hymno
1233 3482 1292 3536 S.
1325 3480 1549 3532 Romani
1577 3482 1822 3533 similiter
1849 3497 1999 3533 men-

409 3553 484 3606 tio
510 3552 567 3606 ﬂt
598 3549 818 3622 Pyrrha:
842 3594 856 3616 ,
899 3549 1076 3606 uxori}-
1120 3551 1483 3622 Deucalionis.
1529 3552 1599 3603 Ita
1642 3552 1780 3603 enim
1817 3552 1888 3604 ait
1919 3561 1997 3620 ty-

407 3637 609 3678 rannus
646 3621 997 3691 Asclepiades
1044 3637 1188 3677 vers.
1239 3622 1345 3677 H0
1385 3638 1398 3674 :
1450 3621 1538 3675 Vis
1583 3637 1780 3674 summa
1827 3638 1997 3675 rerum

408 3696 598 3750 nosse?
627 3692 881 3766 Pyrrham
909 3694 1131 3748 consule.

476 3766 604 3822 293.
637 3763 809 3821 O'xon.
844 3775 897 3819 et
928 3766 1047 3819 Ald.
1073 3807 1086 3826 ,
1121 3764 1298 3832 ﬁculni
1329 3765 1535 3833 stipitis.
1583 3763 1694 3816 Pal.
1723 3779 1880 3831 supra
1906 3781 1998 3816 au-

407 3847 512 3890 ctor
535 3851 632 3906 pro
661 3847 842 3890 unctor
873 3853 890 3890 :
921 3837 1021 3890 hoc
1050 3851 1233 3890 verum
1267 3845 1365 3888 est.
1401 3837 1475 3888 De
1501 3837 1598 3887 ritu
1627 3835 1855 3896 uincendi
1879 3837 1997 3889 oleo

406 3909 725 3970 simulacra,
754 3907 1093 3972 sacerdotes,
1136 3906 1332 3959 lumina
1364 3916 1416 3960 et
1449 3907 1597 3972 ignes
1641 3919 1841 3963 sacros.
1877 3908 1996 3960 vide

406 3976 492 4030 Jo.
519 3978 857 4031 Guillelmum
893 3969 1166 4032 Stuckium
1210 3980 1358 4030 Sacr.
1393 3969 1577 4041 gentil.
1616 3978 1867 4042 descripl.
1903 3977 1992 4028 l'ol.

408 4046 479 4116 55
505 4057 639 4116 terg.
673 4047 960 4098 Peveratus
991 4064 1057 4100 cx
1088 4049 1285 4116 hymno
1311 4047 1366 4100 S.
1399 4046 1660 4108 Romani,
1695 4061 1832 4098 vers.
1866 4047 1991 4112 260,

408 4111 512 4168 huc
539 4114 691 4169 adert
718 4117 1019 4185 fuliginosos
1047 4111 1196 4178 lares,
1226 4118 1362 4184 quod
1395 4120 1520 4168 olim
1556 4116 1833 4168 simulacra
1865 4111 1995 4171 deo?

411 4197 528 4238 rum
578 4187 714 4254 apud
751 4186 977 4253 gentilvs
1007 4187 1154 4240 fumo
1178 4199 1228 4238 et
1254 4186 1509 4240 odoribus
1538 4188 1917 4252 nigrescit-rent.

477 4255 818 4326 295.‘Fabr.,
847 4257 1022 4319 Alex.,
1057 4255 1234 4324 Prag,
1265 4273 1496 4326 percurre
1527 4267 1571 4308 et
1611 4257 1825 4326 scrinia;
1853 4256 1991 4321 quod

411 4335 554 4378 tenet
588 4324 704 4381 Gis.
747 4336 797 4379 et
835 4326 919 4378 alii
969 4328 1162 4391 vulgati
1205 4324 1322 4379 cum
1360 4326 1488 4379 Urb.
1529 4335 1581 4377 ct
1629 4325 1744 4375 \‘at.
1781 4326 1846 4389 Ο.
1887 4327 1990 4379 Sed

408 4395 599 4457 Aldus,
624 4403 678 4450 et
697 4395 920 4460 Weitz.,
943 4396 1086 4462 Put.,
1109 4405 1162 4450 et
1187 4397 1304 4448 Vat.
1331 4398 1392 4459 A,
1421 4396 1478 4455 Il,
1502 4396 1656 4458 Man,
1682 4403 1734 4446 ct
1755 4395 1994 4460 plerique

407 4467 594 4534 optimi
639 4481 878 4537 percurre
919 4469 1125 4518 scrinia.
1178 4467 1253 4519 lta
1284 4468 1440 4520 etiam
1468 4475 1581 4518 erat
1610 4464 1845 4537 inﬂat.;
1899 4471 1988 4518 sed

2102 2781 2239 2834 ctive
2264 2787 2438 2833 exstat
2471 2779 2520 2832 in
2550 2776 3006 2846 inscriptionibus.

2173 2851 2294 2904 30L
2329 2849 2520 2904 Weitz.
2544 2889 2558 2910 ,
2593 2845 2814 2912 Vati},
2841 2849 2971 2902 Mar.
2994 2888 3007 2910 ,
3037 2847 3191 2910 Rat.,
3223 2845 3382 2913 Prag.
3403 2885 3418 2909 ,
3461 2847 3694 2912 eloquio.

2104 2922 2224 2974 Ald.
2247 2929 2302 2973 et
2329 2919 2441 2974 Gis.
2464 2962 2479 2986 ,
2509 2920 2754 2988 alloquio.
2790 2918 2924 2971 Nihil
2961 2917 3025 2970 ad
3063 2918 3162 2969 hoc
3178 2915 3500 2988 vocabulum
3525 2915 3697 2973 Hein-

2103 2993 2213 3043 sius
2240 3005 2304 3043 ex
2342 2991 2451 3044 suis
2483 2987 2804 3052 observavit,
2836 2987 3074 3041 Giselioo
3104 2987 3402 3040 adhaerens.

2178 3061 2300 3116 305.
2343 3060 2588 3114 Nonnulli
2633 3059 2823 3128 Vulg.,
2851 3076 2913 3111 ne
2947 3058 3058 3111 sine
3100 3071 3191 3124 pro
3230 3074 3322 3111 uec
3360 3059 3508 3122 sine,
3546 3059 3696 3128 quod

2105 3141 2432 3200 postremum
2464 3132 2628 3198 exigit
2660 3142 2868 3183 sensus.

2172 3202 2296 3256 504.
2332 3201 2648 3256 Prudentius
2682 3211 2824 3268 saepe
2848 3213 2943 3267 pro
2961 3210 3192 3252 creatura
3213 3208 3430 3266 usurpat
3453 3199 3692 3267 factura,

2102 3274 2241 3337 quod
2268 3291 2370 3326 non
2400 3272 2629 3325 absurde
2649 3272 2764 3325 ﬁeri
2794 3279 2976 3324 monet
2997 3268 3244 3322 Barthius
3267 3269 3356 3322 lib.
3388 3286 3490 3322 xui
3523 3270 3691 3335 Adv.,

2102 3358 2219 3408 mp.
2261 3343 2293 3398 8
2317 3386 2330 3407 ,
2364 3358 2663 3409 quanquam
2705 3341 3043 3395 delicatiores
3073 3341 3196 3392 talia
3225 3340 3566 3393 abhorreml.
3597 3340 3691 3394 Si-

2103 3415 2299 3466 militer
2325 3414 2574 3468 Sedulius
2605 3413 2695 3465 lib.
2727 3428 2759 3464 ll
2789 3429 2802 3464 :
2835 3412 2905 3464 Ni
2935 3412 3047 3480 pius
3072 3410 3158 3463 ille
3181 3419 3320 3464 sator
3341 3415 3514 3479 culpas
3531 3412 3693 3480 igno-

2100 3501 2237 3535 scere
2264 3493 2550 3553 promptus,
2606 3481 2834 3535 Reddere
2855 3481 3100 3549 difﬁcilis,
3126 3498 3216 3532 sua
3244 3497 3306 3533 ne
3327 3485 3526 3553 [actura
3551 3486 3695 3548 peri-

2100 3564 2194 3606 ret.
2237 3552 2476 3607 Alcimus
2517 3554 2700 3606 Avitus
2733 3553 2823 3605 lib.
2853 3569 2869 3605 ι
2902 3567 2914 3604 :
2951 3553 3112 3619 placet
3145 3554 3256 3620 ipsa
3295 3552 3455 3604 tuenti
3485 3553 3694 3619 Artifici

2100 3624 2297 3691 factura
2324 3641 2415 3678 suo
2441 3665 2456 3690 ,
2499 3633 2550 3679 et
2591 3639 2734 3692 sa'pe
2781 3624 2929 3676 alias.
2977 3621 3264 3688 Gregorius
3310 3623 3534 3676 "tuticus
3581 3640 3692 3677 non

2102 3697 2308 3758 semel;
2375 3695 2738 3749 Tertullianus
2793 3695 3196 3763 factitamentum
3256 3702 3410 3745 vocat
3469 3693 3565 3747 lib.
3621 3693 3695 3748 de

2102 3766 2314 3835 Anima,
2344 3779 2460 3833 cap.
2500 3765 2582 3818 18.

2175 3833 2306 3890 505.
2331 3838 2410 3889 Ad
2441 3836 2715 3907 Trinitatis
2749 3836 3060 3907 mysterium
3085 3833 3414 3907 probandum
3446 3835 3575 3901 petit
3601 3849 3695 3887 ar-

2100 3917 2406 3969 gumentum
2455 3921 2519 3959 ex
2557 3905 2751 3959 Genes.
2803 3903 2921 3972 cap.
2973 3921 3027 3964 ι.
3069 3903 3209 3970 quod
3249 3903 3391 3957 Deus
3427 3907 3694 3958 creaverit

2103 3978 2368 4029 hominem
2401 3978 2462 4028 ad
2490 3976 2770 4044 imaginem
2800 3984 2852 4029 et
2882 3975 3279 4044 similitudinem
3305 3977 3482 4028 suam.
3507 3973 3692 4029 Theo-

2099 4047 2201 4107 logi
2228 4048 2298 4099 ita
2322 4041 2623 4100 disst-runt':
2657 4065 2672 4095 ι
2704 4045 2835 4097 Cum
2859 4047 2932 4098 ait
2953 4045 3092 4098 Deus
3122 4041 3401 4097 Faciamus
3430 4045 3692 4097 hominem

2098 4117 2166 4165 ad
2194 4118 2466 4186 imaginem
2494 4127 2536 4169 et
2564 4117 2947 4169 similitudinem
2975 4125 3219 4178 nostram,
3243 4114 3477 4182 loquitur
3503 4116 3554 4186 in
3585 4132 3692 4167 nu—

2101 4203 2248 4256 mero
2281 4183 2505 4251 plurali,
2536 4188 2772 4256 adeoque
2815 4187 2969 4238 unica
3008 4195 3214 4238 tantum
3248 4198 3464 4256 persona
3494 4183 3685 4238 divina

2098 4255 2322 4320 intelligi
2356 4273 2459 4311 non
2491 4268 2664 4326 potest
2690 4254 2769 4310 eo
2810 4257 2974 4310 verbo
3004 4257 3275 4324 faciamus.
3324 4254 3466 4319 Quod
3495 4263 3689 4308 autem

2098 4327 2161 4378 ad
2203 4327 2483 4394 imputem
2513 4340 2564 4380 et
2615 4327 3012 4381 similitudinem
3060 4327 3227 4390 dicit,
3275 4335 3469 4379 natura:
3501 4326 3696 4379 unitas

2098 4397 2420 4452 declaratur.
2457 4419 2474 4450 ι
2505 4400 2560 4453 S.
2588 4397 2812 4452 Basilius
2835 4411 3090 4464 personas
3113 4398 3294 4464 plures
3311 4410 3430 4449 esse
3453 4410 3695 4450 nervose

2101 4469 2370 4522 concludit
2395 4469 2577 4522 homil.
2613 4469 2678 4523 l9
2717 4471 2769 4522 in
2803 4471 3164 4521 Hexaemeron
3201 4483 3215 4520 :
3255 4468 3380 4530 Quis
3425 4467 3569 4531 faber
3598 4479 3694 4520 aut

404 4551 593 4614 recens
622 4535 895 4614 corrector
921 4537 1144 4591 mutavit
1173 4539 1224 4589 in
1255 4553 1547 4614 percurrens
1584 4535 1800 4614 scrinia,
1845 4538 1992 4614 quod
2027 4558 2073 4614 υ
2099 4542 2342 4602 ari-arius,
2375 4554 2461 4592 aut
2493 4541 2738 4614 Honorius
2759 4579 2772 4600 ,
2804 4548 2890 4614 aut
2921 4548 3063 4614 certe
3084 4538 3334 4614 coriarius
3375 4547 3518 4589 sutor
3546 4538 3695 4591 solus

406 4608 540 4660 falso
561 4607 870 4673 crediderit,
897 4625 923 4662 e
949 4618 1275 4677 postremum
1305 4609 1354 4660 in
1377 4621 1615 4678 percurre
1640 4607 1856 4673 produci
1887 4623 1989 4661 non

444 4693 584 4733 0888.

405 4691 599 4804 misceri.
637 4751 756 4805 Vat.
783 4750 846 4813 Β.
876 4749 1067 4820 pardus
1096 4766 1112 4813 ;
1159 4746 1339 4820 Prag.,
1370 4748 1545 4820 burrus
1571 4763 1589 4801 :
1618 4746 1758 4816 quod
1790 4755 1995 4801 utrum-

404 4832 510 4887 que
538 4820 723 4875 falsum
755 4831 836 4875 est
867 4819 961 4889 pro
989 4822 1195 4873 bardus.
1218 4819 1444 4886 Proprie
1475 4819 1659 4872 bardus
1679 4828 1760 4874 est
1792 4820 1988 4886 tardus,

404 4893 610 4943 stultus.
656 4891 1049 4946 Chamillardns
1086 4906 1154 4944 ex
1190 4890 1346 4944 Festo
1377 4898 1545 4951 notat,
1579 4890 1777 4945 Gallice
1807 4901 1992 4943 canto-

407 4973 517 5031 rem
561 4961 721 5016 lit-sse
766 4963 1088 5031 appellatum
1139 4961 1352 5014 bardum
1398 4976 1422 5012 a
1470 4969 1624 5029 gente
1675 4961 1987 5031 Bardorum.

406 5028 586 5101 Poeta-
612 5027 848 5085 fortasse
871 5034 918 5085 id
962 5033 1214 5098 respicit,
1265 5033 1403 5101 quod
1446 5027 1566 5084 ante
1599 5032 1772 5095 dixit,
1805 5027 1993 5083 Numa:

404 5099 680 5169 haruspex,
704 5102 1109 5172 semiferCottus.
1134 5099 1320 5156 Glossa
1350 5102 1517 5156 lsonis
1540 5102 1602 5153 ab
1621 5102 1909 5172 elephanto,
1939 5113 1992 5154 et

405 5185 587 5234 postea
623 5172 870 5225 baburrus
901 5175 1117 5237 indicat,
1153 5176 1220 5226 ab
1249 5189 1314 5226 eo
1346 5175 1535 5226 lectum
1570 5176 1766 5234 burrus,
1798 5174 1883 5240 qui
1909 5180 1992 5224 est

403 5243 642 5308 elephas,
669 5253 723 5296 et
754 5259 847 5309 pro
870 5245 1116 5296 baburrus
1150 5244 1424 5306 legendum
1450 5253 1529 5296 est
1558 5243 1758 5296 barrus.
1793 5241 1991 5294 Bardo-

404 5326 517 5362 t'tun
543 5328 674 5372 gens
697 5314 889 5380 dup'ex
916 5324 1253 5375 recensetur;
1286 5315 1374 5366 alii
1403 5323 1526 5366 sunt
1555 5313 1707 5366 Bardi
1731 5329 1823 5368 seu
1849 5311 1989 5364 Lon-

400 5379 620 5444 gobardi
659 5385 708 5435 in
743 5379 1027 5437 Germania
1049 5423 1061 5443 ,
1089 5386 1172 5435 tibi
1206 5398 1347 5437 nunc
1372 5395 1455 5436 est
1494 5385 1726 5436 marcliia
1755 5383 1988 5435 Brande-

399 5449 646 5522 burgica;
681 5454 766 5506 alii
798 5455 950 5507 Bardi
976 5463 1029 5508 et
1057 5453 1296 5508 Dardaici
1327 5455 1504 5522 pupuli
1534 5455 1584 5507 in
1609 5454 1797 5506 Gallia.

469 5521 596 5594 208.
623 5523 737 5576 Gis.
771 5528 792 5578 1
828 5525 982 5589 edit'.,
1013 5542 1156 5594 saga,
1187 5521 1342 5577 male.
1371 5523 1566 5579 Cornix
1595 5541 1760 5594 augur
1787 5535 1931 5587 aqua
1956 5537 1986 5576 a

399 5593 667 5644 veteribus
689 5596 983 5659 dicebatur,
1016 5598 1131 5663 quin
1163 5611 1260 5649 suo
1289 5597 1537 5662 clangore
1566 5593 1797 5664 pluviam
1830 5593 1896 5646 ab
1924 5607 1984 5646 ea

398 5670 728 5736 {loti-lanium
754 5669 1042 5736 praesagiri,
1069 5667 1162 5720 sed
1191 5668 1365 5718 vocari
1399 5667 1558 5736 etiam
1587 5666 1986 5736 existimabant.

401 5725 590 5780 Irrith
622 5725 774 5793 porta
808 5725 1106 5797 htijttsmodi
1153 5735 1578 5797 superstitiones.
1633 5736 1803 5801 Sagus
1838 5735 1986 5802 διῆρε

2100 4613 2208 4677 ipse
2234 4613 2457 4678 quidem,
2489 4626 2580 4662 nec
2609 4611 2709 4662 alio
2736 4610 2972 4679 quopiam
3001 4607 3108 4679 sibi
3127 4617 3425 4679 cooperante
3447 4611 3694 4677 stipatus,

2099 4682 2326 4748 interque
2355 4699 2459 4734 sum
2489 4683 2612 4733 artis
2647 4683 2974 4733 instrumenta
3005 4678 3257 4739 desidens,
3286 4678 3420 4744 quis,
3453 4679 3693 4744 inquam,

2099 4752 2193 4803 sibi
2226 4747 2320 4802 soli
2349 4753 2696 4802 admurmurat
2718 4793 2732 4815 ,
2767 4753 2978 4802 dicens:
3006 4748 3280 4800 Faciamus
3309 4747 3566 4817 gladium,
3601 4760 3699 4801 aut

2101 4821 2490 4888 Compinganms
2514 4832 2758 4883 aratrum,
2783 4830 2870 4873 aut
2899 4819 3241 4882 (Ion/iciomus
3267 4820 3693 4884 calceamentum,

2097 4908 2156 4942 ac
2185 4907 2283 4942 non
2314 4895 2476 4957 potius
2506 4892 2707 4943 silentio
2739 4907 2902 4954 suam,
2929 4906 3042 4942 cum
3070 4890 3288 4948 libuerit,
3324 4890 3697 4942 accommoda-

2099 4972 2199 5013 tam
2229 4961 2296 5013 ad
2327 4957 2487 5013 a'rtcm
2518 4964 2807 5026 exsequitur
2837 4961 3218 5028 operationem?
3267 4959 3324 5012 S.
3367 4959 3600 5012 Hilarius
3634 4961 3696 5014 in

2097 5031 2292 5086 Cenes.
2331 5049 2344 5084 :
2381 5032 2486 5085 Sed
2529 5033 2809 5099 faciamus.
2841 5035 2941 5092 ait,
2987 5032 3258 5083 hominem.
3307 5028 3432 5088 Dic,
3478 5034 3696 5099 Optime,

2095 5102 2208 5153 cum
2231 5119 2327 5170 quo
2353 5102 2506 5154 Nunc
2531 5098 2794 5167 loqueris?
2820 5101 3026 5154 Clarum
3057 5110 3128 5156 est
3149 5140 3161 5162 ,
3191 5103 3302 5171 jam
3336 5111 3442 5171 tum
3473 5101 3561 5150 tibi
3595 5098 3700 5153 Fi-

2095 5172 2194 5224 Iitts
2227 5179 2328 5224 alto
2362 5175 2558 5224 Assidet
2588 5175 2637 5224 in
2669 5175 2816 5226 solio.
2852 5171 3166 5223 Prudentius
3195 5170 3304 5223 'a‘ia
3335 5170 3415 5222 via
3439 5172 3698 5224 eamdem

2096 5245 2411 5296 sententiain
2445 5241 2734 5296 concludit.
2783 5241 2922 5294 Deus
2951 5242 3216 5295 hominem
3245 5241 3367 5295 l’ecit
3397 5241 3464 5292 ad
3495 5242 3701 5307 imagi-

2097 5328 2216 5365 nem
2244 5315 2355 5366 Dc-i.
2383 5313 2518 5383 Quid
2547 5313 2687 5365 aliud
2718 5314 2816 5366 hoc
2839 5321 2940 5375 est,
2973 5313 3072 5364 nisi
3096 5309 3703 5383 esseﬁ’erbutudistin-

2092 5391 2234 5436 ctum
2259 5401 2287 5437 a
2316 5380 2495 5446 Patre,
2516 5383 2655 5450 quod
2680 5384 2748 5435 sit
2776 5385 2916 5435 Deus
2943 5394 2996 5436 et
3019 5383 3189 5448 imago
3214 5381 3422 5435 Patris?
3449 5380 3701 5437 Verbum

2094 5469 2212 5508 esse
2243 5455 2463 5507 formam
2490 5462 2542 5507 el
2569 5455 2850 5519 imaginem
2881 5452 3054 5505 Patris
3072 5493 3084 5513 ,
3112 5467 3252 5507 vers.
3288 5452 3355 5506 72
3381 5451 3705 5516 explicaba-

2093 5540 2232 5577 mus.
2267 5525 2624 5578 Tertullianus
2646 5525 2900 5578 adversus
2923 5524 3176 5575 Praxeain
3199 5538 3316 5590 cap.
3346 5521 3410 5576 12
3439 5539 3450 5576 :
3480 5521 3545 5574 Et
3569 5524 3705 5589 fecit

2093 5595 2230 5647 Deus
2267 5598 2540 5661 hominem,
2573 5595 2639 5646 ad
2679 5596 2950 5662 imaginem
2983 5593 3074 5646 Dei
3099 5594 3214 5662 fecit
3243 5595 3406 5646 illum.
3449 5590 3558 5646 Cur
3586 5608 3706 5645 non

2087 5667 2264 5734 tuam,
2295 5667 2336 5719 si
2354 5682 2495 5736 unus
2513 5683 2529 5730 ‘,
2563 5666 2650 5734 qui
2678 5665 2926 5736 faciebat,
2955 5673 3000 5716 ct
3039 5681 3136 5717 non
3167 5675 3304 5728 erat,
3334 5663 3583 5736 adicujus
3611 5666 3710 5736 [σή

2092 5733 2292 5788 ciebat?
2338 5735 2464 5789 Erat
2496 5733 2773 5790 autemad
2819 5739 2964 5805 cujus
3012 5737 3283 5806 imaginem
3325 5733 3574 5803 faciebat,
3619 5735 3708 5787 ad
