3950 6326
499 338 599 395 951

676 454 909 521 Texerit,
936 463 983 510 et
1018 471 1200 526 presso
1232 457 1419 513 faciem
1444 457 1632 514 velarit
1657 458 1881 513 amictu!

675 547 744 602 At
770 561 868 602 nos
898 547 1108 605 detecto
1134 550 1695 609 Christum‘velamine
1720 566 1899 607 coram

676 640 976 711 Cernimus,
1050 653 1207 714 atque
1285 645 1449 701 Deum
1523 645 1666 700 vultu
1742 644 2079 716 speculamur

666 746 669 747 '
1757 738 1963 810 [aperto
1993 754 2007 791 τ

682 829 789 884 Nec
817 830 916 885 sub
946 833 1061 902 lege
1088 833 1235 902 gravi
1264 831 1515 901 depressa
1556 831 1729 887 fronte
1754 832 1994 901 jacemus
2027 846 2042 885 :

685 921 790 977 Sed
822 922 953 993 legis
984 923 1192 978 radium
1219 923 1430 978 sublimi
1461 924 1797 994 agnoscimus
1820 937 1935 978 ore.

688 1014 799 1068 Heu
834 1014 1082 1071 frondosa
1113 1016 1258 1084 prius
1286 1015 1448 1071 ramis
1477 1015 1718 1071 felicibus
1747 1017 1929 1082 arbos,

688 1106 979 1175 Pingnibus
1011 1107 1111 1162 heu
1139 1108 1405 1177 quondam
1432 1110 1578 1163 radix
1607 1109 1849 1179 oleagina
1871 1109 2077 1166 baccisl

689 1195 825 1251 Ecce
856 1196 947 1251 tibi
980 1197 1181 1252 inserto
1212 1198 1488 1254 revirescit
1517 1215 1654 1255 nunc
1682 1201 1913 1256 oleastro

681 1287 845 1358 434.
873 1288 1133 1354 Truncus,
1163 1298 1217 1343 et
1244 1292 1448 1345 externi
1476 1291 1699 1347 vestitur
1718 1294 1919 1349 cortice
1937 1291 2079 1349 libri.

684 1380 800 1434 Jam
831 1383 1085 1436 miserere
1114 1383 1207 1448 tui,
1243 1399 1346 1439 non
1378 1399 1437 1440 se
1466 1386 1731 1441 silvestris
1759 1386 1883 1441 olivi

687 1474 941 1528 Surculus
967 1476 1240 1530 exsultans
1270 1477 1444 1533 alieno
1464 1478 1643 1547 stipite
1666 1478 1864 1548 jactat:

688 1565 792 1621 Sed
822 1575 1018 1633 monet,
1063 1577 1119 1621 ut
1148 1569 1357 1636 generis
1381 1570 1579 1640 proprii
1622 1585 1827 1625 memor
1849 1570 2081 1640 unguine

1782 1663 1799 1734 [
1828 1676 2011 1717 amaro

683 1748 1017 1807 Contristare
1046 1767 1227 1809 comas
1252 1754 1561 1820 desuescas,
1592 1754 1759 1821 stirpe
1784 1768 1882 1809 nec
1911 1754 2018 1808 imo

685 1844 927 1900 Invideas
955 1848 1132 1903 missis
1160 1848 1213 1903 in
1235 1848 1378 1903 celsa
1406 1850 1682 1903 cacumina
1713 1849 1892 1919 virgis.

684 1933 1029 2007 BlaSphemas
1048 1938 1350 2006 Dominum,
1373 1954 1504 2011 gens
1528 1939 1905 2009 ingratissima,
1929 1938 2081 1993 Chri-

1796 2034 1813 2104 l
1843 2041 2005 2087 stum.

500 642 605 703 555

1561 339 1837 396 Λυηεῐλι
1879 341 2239 397 PRUDENTII
2280 340 2607 397 CARMINA.

2092 464 2145 523 Δ

2110 1850 2158 1911 Β

3650 348 3741 401 952

2350 457 2548 512 Pascha
2563 465 2729 521 tuum,
2746 457 2850 523 dic,
2873 457 2981 521 die,
2996 458 3148 528 cujus
3178 458 3246 513 de
3260 458 3515 527 sanguine
3554 459 3740 516 festum

2358 552 2488 606 Tam
2527 551 2765 606 solemne
2805 552 2899 606 tibi
2944 552 3059 605 est?
3105 553 3225 621 quis
3275 551 3489 608 tandem
3530 553 3744 610 caeditur

3478 647 3497 720 [
3521 664 3683 718 agnus
3738 654 3741 661 ’

2359 740 2651 795 Anniculus
2672 740 2694 792 ?
2714 752 2867 794 sacer
2893 737 2984 793 ille
3014 738 3107 793 tibi
3138 738 3489 796 redeuntibus
3517 743 3706 797 annis:

2359 830 2462 886 Sed
2523 844 2675 885 sacer
2704 830 2756 883 in
2788 828 2988 899 pecude
3011 872 3025 897 ,
3058 829 3281 883 stultum
3306 839 3390 885 est
3427 832 3505 885 sic
3535 832 3746 889 credere

3421 921 3441 993 [
3456 938 3681 987 sacrum,

2364 1015 2632 1083 Sanguine
2654 1013 2881 1068 balantis
2904 1028 3141 1069 summos
3177 1015 3489 1085 contingere
3520 1028 3713 1084 postes,

2362 1106 2630 1162 Lascivire
2656 1106 2852 1169 choris,
2886 1106 3201 1176 similaginis
3230 1123 3454 1179 azymon
3508 1126 3649 1175 esse,

2363 1198 2524 1271 435
2551 1198 2685 1253 Cum
2709 1198 3008 1253 fermentati
3048 1206 3350 1268 turgescant
3378 1200 3608 1256 crimine
3644 1217 3751 1255 mo-

2186 1381 2290 1439 555
2361 1382 2475 1437 Non
2528 1381 2694 1452 sapis,
2748 1380 3080 1451 imprudens,
3134 1389 3371 1437 nostrum
3420 1392 3472 1439 te
3516 1294 3753 1454 eiliriiare

3503 1476 3657 1531 ascha
3674 1477 3694 1530 ἲ

3503 1476 3616 1531 asch

2368 1568 2520 1635 Legis
2547 1575 2600 1622 et
2626 1566 2858 1633 antiquae
2885 1565 3172 1634 praeductis
3200 1566 3418 1636 pingere
3441 1475 3616 1623 [s'itlcis

2366 1661 2535 1715 Omne
2615 1666 3042 1725 sacramentum,
3096 1659 3313 1729 retinet
3372 1660 3515 1729 quod
3594 1662 3754 1730 passio

3532 1769 3655 1809 vera
3681 1774 3693 1807 Ζ

2360 1845 2582 1912 Passio,
2614 1856 2734 1913 quae
2763 1848 3003 1898 nostram
3043 1842 3285 1899 defendit
3327 1844 3589 1915 sanguine
3620 1846 3756 1903 fron-

3537 1940 3695 2012 [tem,

2362 2027 2792 2100 Corporeamque
2815 2028 3029 2084 domum
3059 2028 3267 2097 signato
3295 2028 3503 2084 collinit
3533 2032 3662 2085 ore?

2185 740 2288 796 550

1829 2140 2113 2199 01..οὸὃῶ
2156 2140 2498 2199 VETERES.

576 2238 700 2291 555.
732 2236 951 2301 Velarit,
982 2252 1043 2289 ne
1071 2238 1256 2290 uideret
1289 2236 1480 2290 Christi
1502 2252 1712 2302 arcana,
1746 2237 1783 2291 Ι.

577 2307 701 2359 554.
732 2305 941 2370 Coram,
977 2308 1257 2375 manifeste,
1292 2307 1329 2359 Ι.

580 2378 703 2429 557.
738 2376 986 2437 Sublimi,
1020 2387 1201 2439 erecto,
1236 2379 1274 2430 Ι.

516 2518 544 2571 b
580 2447 707 2569 558i
738 2445 1010 2500 Frondosa
1037 2486 1051 2513 ,
1104 2449 1382 2518 fructuosa.
1432 2479 1499 2489 —
1545 2450 1843 2517 Felicibus,
1901 2448 2084 2518 fertili-

549 2533 640 2571 us.
717 2558 728 2570 .

549 2533 640 2579 us,
688 2533 728 2570 ι.

581 2588 706 2643 559.
736 2588 1011 2657 Oleagina,
1045 2592 1106 2643 ab
1137 2591 1267 2645 oleo.
1292 2622 1361 2632 —-—
1388 2591 1591 2657 Baccis,
1623 2592 1751 2655 uvis,
1789 2591 1827 2645 l.

580 2660 707 2713 540.
741 2660 881 2723 Tibi,
915 2663 965 2713 in
996 2672 1058 2715 te.
1089 2691 1159 2702 —
1184 2662 1406 2728 luserto,
1440 2663 1625 2729 indito,
1652 2662 1691 2715 1.

580 2731 703 2784 541.
737 2729 966 2795 Cortice,
998 2733 1267 2797 viriditate,
1303 2734 1341 2787 l.
1429 2747 1441 2759 ‘

581 2800 706 2874 545.
737 2802 1012 2874 Surculus,
1042 2820 1236 2857 ramus.
1267 2834 1335 2845 -—
1360 2802 1552 2868 Jactat,
1582 2804 1852 2874 gloriatur,
1878 2802 1919 2856 1.

583 2870 707 2931 544.
738 2872 943 2944 Monet,
977 2874 1082 2939 ipse
1107 2874 1364 2942 surculus,
1397 2903 1466 2919 υ-
1494 2870 1739 2944 Unguine
1759 2917 1773 2939 ,
1804 2883 2083 2943 unguento,

512 2939 643 3007 oleo,
677 2940 753 2995 vel
773 2959 943 3010 succo,
970 2944 1024 2997 id
1052 2954 1123 2998 est
1152 2939 1409 3013 errore,’l.

2263 2235 2386 2290 545.
2418 2231 2765 2300 Contristare,
2796 2249 3122 2288 amarescere.
3147 2264 3218 2275 —
3241 2234 3457 2300 Comas,
3483 2252 3673 2290 ramos.
3700 2264 3759 2278 -

2198 2320 2328 2370 Imo,
2355 2306 2532 2373 gentili
2560 2306 2767 2373 papula,
2796 2305 2835 2358 I.

2264 2374 2385 2430 555.
2417 2375 2760 2444 Similaginis,
2788 2376 2987 2445 farina.
3010 2375 3213 2441 similis,
3238 2374 3366 2429 Mar.
3388 2404 3459 2417 —
3477 2376 3760 2445 Lascivire,

2194 2448 2456 2500 lasciviam
2490 2448 2652 2514 facere
2681 2446 2733 2498 in
2764 2445 2868 2498 suis
2894 2446 3220 2500 carminibus.
3259 2476 3328 2487 -—~
3353 2446 3570 2513 Cltoris,
3612 2450 3760 2502 canti-

2196 2521 2306 2571 bus.
2321 2518 2547 2579 ——Esse,
2570 2515 2743 2586 edere,
2777 2517 3103 2580 manducare,
3123 2518 3417 2583 comedisse,
3441 2518 3504 2571 ab
3526 2519 3645 2586 edo,
3668 2519 3760 2574 lso.

2263 2588 2387 2643 554.
2424 2585 3005 2655 Ὲεῐῐηθηιθιίηαηιὶᾳιιί,
3035 2588 3281 2655 corrupti,
3309 2588 3408 2643 lso.

2262 2657 2390 2713 555.
2423 2656 2754 2726 Imprudens,
2786 2674 2814 2708 ο
2839 2656 3042 2720 Judcea,
3077 2656 3114 2709 Ι.

2263 2729 2388 2783 556.
2425 2728 2736 2808 Prae-ductis,
2771 2727 3127 2850 prmfguratis.
3150 2759 3219 2769 —-
3241 2728 3486 2800 Pingere,
3522 2731 3755 2801 ρηερρκ.

2263 2798 2845 2850 re.-—Sulcrs.scrmtts.
2906 2836 2919 2850 .

2192 2797 2597 2861 rare.-—Sulcis,
2616 2798 2845 2867 scriptis,
2879 2797 2919 2850 l.

2262 2871 2384 2926 557.
2416 2868 2570 2931 Vera,
2597 2884 2711 2938 quis
2740 2877 3029 2935 potestatem
3052 2869 3241 2923 diaboli
3260 2870 3535 2938 destruxit,
3565 2872 3605 2927 l.

2266 2941 2392 2995 559.
2422 2938 2657 3002 Collinit,
2688 2937 2821 3001 linit,
2855 2938 2894 2992 Ι.

1861 3030 2419 3091 COMMENTARIUS.

586 3126 711 3182 555.
745 3127 839 3183 Vel
872 3129 1117 3197 intelligit
1144 3128 1331 3183 oculos
1374 3128 1595 3197 mentis,
1635 3135 1691 3182 et
1735 3128 1976 3183 velamen
2004 3146 2093 3182 su-

518 3211 617 3266 per
645 3211 737 3251 cor
764 3200 1019 3266 positum,
1050 3196 1139 3253 vel
1165 3206 1345 3252 narrat
1374 3199 1421 3250 id
1455 3196 1599 3266 quod
1632 3198 1979 3266 probabiliter
2007 3214 2094 3254 ac-

513 3268 689 3337 cidit,:
709 3278 764 3320 ιιι
796 3269 1059 3335 'perterriti
1092 3278 1145 3323 et
1180 3280 1325 3323 metu
1352 3269 1580 3336 confusi,
1614 3268 1801 3323 faciem
1832 3268 1932 3337 ipsi
1960 3284 2091 3336 quo-

513 3351 620 3405 que
664 3336 831 3391 Judaei
860 3339 1105 3394 velarint.

2204 3127 2417 3200 stultum
2433 3134 2516 3200 est
2541 3126 2613 3180 sic
2637 3125 2838 3200 credere
2861 3124 3135 3200 CItris_tum_
3140 3140 3239 3200 pro
3266 3141 3506 3200 sacrum;
3537 3144 3642 3184 nou
3663 3130 3765 3200 pla-

2203 3197 2389 3267 cet._ln
2417 3196 2571 3267 Alex.
2602 3205 2685 3251 est
2708 3196 3074 3267 interrogatio,
3099 3196 3205 3251 Sed
3233 3212 3377 3251 sacer
3397 3197 3449 3250 in
3472 3196 3698 3267 pecude.9

2273 3265 2398 3322 555.
2430 3266 2859 3339 Fabr.,inepte,
2876 3266 3129 3339 Lascirire
3154 3268 3283 3320 coris
3309 3265 3634 3339 similaginis,
3660 3288 3764 3339 azy-

2199 3354 2317 3390 mon
2352 3352 2477 3389 esse.
2512 3337 2787 3391 Mariettus
2814 3338 2910 3403 ait,
2943 3338 3235 3391 Germanos
3272 3338 3446 3393 adhuc
3467 3337 3655 3407 panem
3695 3337 3761 3396 al-

760 3407 906 3492 _Ald.,
956 3409 1091 3492 G.i‘s._,
1141 3409 1278 3491 Pal?
1333 3408 1770 3492 rejecl0.nSieh.,
1798 3408 2005 3492 Weitz.‘
2036 3410 2099 3465 et
2121 3429 2168 3492 ρ
2199 3407 2324 3492 bum
2349 3420 2542 3492 vacare
2569 3407 2721 3492 semel
2741 3421 2768 3459 a
2798 3407 3121 3492 similagine.
3148 3406 3549 3492 {Iliamillard’us
3571 3422 3761 3492 censet,

516 3476 709 3541 nostri,
737 3479 962 3545 detecto;
992 3479 1301 3533 Ileinsiusiu
1334 3476 1517 3543 reiecto
1546 3479 2091 3533 Giselininihilnnim-

516 3546 1090 3617 advertit,planeillum
1117 3549 1494 3605 secutus.Vide
1515 3565 1601 3617 cp.
1622 3549 1661 3601 Il
1677 3550 1741 3603 ad
1769 3551 1893 3602 (lor.
1914 3549 2088 3604 nt.l8.

588 3617 712 3673 558.
740 3619 801 3674 In
836 3621 1107 3676 Parmensi
1136 3621 1367 3675 editione
1394 3636 1499 3676 nou
1534 3622 1667 3674 bene
1704 3621 1757 3674 in
1796 3619 1897 3673 fine
1935 3620 2093 3687 hujus

519 3697 579 3762 et
598 3692 869 3762 sequentis
914 3706 1100 3746 versus
1129 3693 1410 3762 apponitur
1458 3702 1578 3747 nota
1634 3691 2087 3762 interrogationis.

518 3759 666 3829 Virg.
686 3761 776 3814 lib.
804 3778 859 3831 ιι,
886 3776 1026 3817 vers.
1053 3764 1114 3817 81
1141 3759 1462 3832 Georglcwt,
1488 3764 1641 3816 ramis
1669 3761 1897 3831 felicibus
1921 3764 2091 3816 arbos.

589 3833 713 3904 559.
751 3832 893 3904 Virg.
925 3835 1026 3904 Ioc.
1059 3834 1173 3898 cit.,
1208 3849 1344 3887 vers.
1378 3837 1468 3900 51,
1499 3835 1650 3887 radix
1672 3834 1929 3904 oleagina.

590 3901 714 3956 540.
749 3902 916 3970 Epist.
964 3903 1029 3956 ad
1073 3904 1227 3957 Rom.
1259 3918 1378 3972 cap.
1414 3921 1487 3968 χι,
1522 3918 1662 3957 vers.
1692 3901 1925 3968 l7,'lt:ec
1949 3918 2095 3957 com-

518 3974 728 4038 paratio
777 3987 1029 4042 expressa
1076 3983 1178 4037 est,
1228 3990 1383 4041 quam
1433 3974 1603 4042 attigit
1659 3973 1717 4027 S.
1770 3973 2098 4042 Augustinus

520 4048 751 4093 enarrat.
786 4041 811 4112 l
847 4044 898 4094 in
931 4043 1189 4109 psalmum
1234 4059 1354 4097 Lvnt
1388 4059 1401 4095 :
1446 4041 1579 4097 Sunt
1610 4059 1729 4112 ergo
1753 4041 1960 4103 Iudici,
1998 4060 2099 4098 non

520 4110 835 4181 sunt‘occisi,
863 4112 1130 4163 necessarii
1160 4123 1273 4165 sunt
1300 4114 1615 4165 credentibus
1646 4110 1897 4181 gentibus.
1928 4113 2102 4177 Quare

521 4178 659 4231 hoc?
701 4187 754 4230 ut
791 4180 1156 4233 demonstraret
1206 4184 1343 4234 nobis
1379 4183 1509 4234 Deus
1547 4184 1599 4234 in
1648 4178 1868 4234 inimicis
1914 4185 2101 4237 nostris

519 4249 923 4321 misericordiam
966 4266 1127 4321 suam.
1171 4249 1235 4302 In
1282 4252 1436 4304 ramis
1482 4252 1728 4321 superbire
1771 4254 1994 4321 prwcisis
2022 4257 2103 4306 in-

521 4326 654 4370 serto
694 4320 1096 4371 misericordiam
1144 4336 1288 4373 suam
1337 4320 1696 4375 demonstravit
1743 4320 1987 4377 oleastro.
2040 4323 2099 4379 S.

522 4386 752 4460 Prosper
780 4388 874 4442 lib.
905 4389 971 4442 de
1001 4389 1218 4456 Ingratis
1244 4408 1254 4443 :
1292 4390 1368 4444 Tu
1397 4407 1532 4453 vero,
1561 4408 1590 4444 ο
1621 4405 1753 4443 nova
1780 4408 1933 4460 gens,
1970 4403 2101 4447 uete.

521 4457 597 4539 ris
622 4473 749 4583 qui;
764 4460 918 4529 stirpe
948 4460 1150 4512 oleastri
1190 4460 1423 4528 Velleris,
1478 4472 1522 4514 et
1564 4474 1722 4515 same
1757 4457 2109 4517 ramis’inole-

522 4544 622 4581 scts
654 4544 682 4582 ο
752 4544 815 4583 te.
886 4550 889 4551 '
2050 4572 2060 4583 -

522 4544 622 4581 8618
654 4544 815 4584 οινυιε.
886 4550 889 4551 ⁷
2050 4572 2060 4583 ·

596 4598 857 4671 542ᾎΡιό
886 4619 936 4657 se
971 4600 1166 4656 habent
1194 4604 1263 4657 sis
1287 4604 1407 4658 Vat.
1438 4605 1503 4671 A,
1540 4602 1695 4667 Mar.,
1737 4600 1885 4664 Rat.,
1922 4601 2098 4671 Egm.,

527 4669 924 4742 Pal.,_Widm.,
952 4674 1141 4742 Bong.,
1167 4672 1311 4727 Sich.
1344 4674 1447 4729 Sed
1480 4669 1670 4729 sensus
1700 4673 1933 4742 postulat
1960 4669 2031 4727 se.

596 4740 716 4815 545.
744 4744 798 4815 In
827 4745 957 4815 Mar.
981 4740 1305 4799 est‘sutcalos
1334 4760 1361 4799 a
1392 4745 1559 4815 prima
1604 4740 1781 4813 manu,
1816 4744 1971 4815 male.

2200 3478 2339 3533 male
2379 3476 2725 3531 Prudentium
2756 3477 3072 3532 vocabulum
3119 3479 3423 3547 similaginis
3458 3481 3759 3538 adhibuisse

2199 3564 2313 3619 pro?
2341 3561 2663 3619 quocunque
2711 3562 2874 3616 pane,
2915 3562 3035 3602 cum
3080 3548 3322 3615 similago
3363 3549 3432 3602 sit
3463 3552 3695 3619 nobilisﬁ,
3718 3560 3765 3606 et

2199 3618 2411 3672 laudata
2443 3618 2627 3692 farinae
2669 3632 2811 3687 pars,
2845 3619 3290 3692 etpanesazymi
3333 3621 3531 3692 necad
3563 3618 3761 3692 gustitm

2184 3702 2391 3755 suaves
2440 3688 2667 3750 fuerint,
2719 3702 2815 3741 nec
2853 3689 2916 3742 ad
2968 3688 3316 3742 nutritio’nem
3368 3688 3764 3747 ntilesfMiror

2198 3756 2615 3828 Cltamillardnm
2639 3758 2912 3813 Prudentii
2937 3774 3159 3813 acumen
3182 3768 3239 3813 et
3260 3762 3531 3828 egregiam
3557 3773 3765 3818 senten-

2201 3826 2329 3885 tiam
2356 3844 2462 3882 non
2488 3828 2650 3883 fuisse
2678 3838 3004 3883 assecutum.
3035 3826 3354 3884 Prudentius
3382 3826 3433 3885 in
3465 3830 3762 3887 Judzeorum

2201 3914 2381 3955 mores
2414 3899 2699 3963 invehitur,
2733 3900 2821 3969 qui
2870 3900 2939 3953 ita
2971 3910 3181 3954 veteres
3222 3900 3354 3953 ritus
3385 3904 3657 3957 mordicus
3684 3919 3764 3957 re-

2202 3974 2456 4033 tinerent,
2490 3978 2547 4022 ut
2588 3977 2773 4023 contra
2813 3970 2944 4037 legis
2974 3970 3219 4037 spiritum
3270 3971 3431 4025 multa
3464 3984 3762 4041 peccaram.

2203 4056 2394 4110 nempe
2421 4054 2526 4095 non
2551 4040 2722 4093 solum
2754 4041 2978 4093 choreas
2995 4041 3274 4110 ducerent,
3300 4042 3393 4094 sed
3424 4040 3583 4095 etiam
3615 4044 3765 4096 lasci-

2200 4109 2381 4178 virent,
2423 4122 2477 4165 et
2526 4125 2646 4165 cum
2678 4124 2841 4179 panes
2874 4112 3044 4180 azymi
3082 4109 3145 4180 ad
3187 4113 3427 4179 corporis
3458 4111 3754 4164 afﬂictatio-

2203 4197 2327 4235 nem
2357 4182 2632 4236 deservire
2672 4179 2949 4245 deberent,
2991 4181 3066 4235 illi
3113 4179 3333 4234 delicias
3374 4181 3652 4240 addebant.
3694 4196 3759 4235 ex

2204 4252 2504 4321 similagine
2545 4266 2641 4305 eos
2678 4253 3023 4307 conﬁdentes
3056 4270 3068 4303 :
3098 4259 3155 4304 ut
3178 4250 3300 4320 jure
3342 4252 3474 4305 inter
3506 4248 3767 4305 Christia-

2205 4336 2303 4375 nos
2334 4321 2818 4388 reprehenduntur.
2848 4323 2935 4388 qui
2958 4322 3173 4377 delicias
3201 4322 3251 4374 in
3281 4323 3473 4375 ciliciis
3503 4333 3764 4388 quaerunt.

2205 4390 2508 4445 Judteorum
2544 4394 2838 4446 recentium
2865 4394 3051 4447 eadem
3082 4402 3163 4445 est
3183 4392 3536 4453 consuetudo.
3563 4393 3651 4460 qui
3679 4408 3767 4459 pa-

2206 4476 2304 4516 nes
2328 4476 2545 4531 azymos
2578 4477 2679 4516 non
2715 4471 2915 4516 tantum
2948 4480 3011 4517 ex
3056 4461 3355 4530 similagine
3391 4462 3658 4516 conﬁcere
3682 4477 3769 4515 so-

2208 4534 2336 4597 lent,
2370 4532 2464 4587 sed
2491 4548 2867 4602 nonnunquam
2897 4534 3055 4587 etiam
3080 4533 3356 4595 saccharo,
3400 4534 3538 4587 lacte
3568 4545 3622 4587 et.
3662 4533 3772 4586 ovis

2207 4603 2400 4657 additis
2433 4602 2770 4657 delicatiores
2801 4604 3030 4658 retldunt
3068 4617 3165 4671 pro
3213 4605 3426 4671 aegrotis
3466 4614 3519 4657 et
3567 4603 3769 4664 amicis,

2208 4689 2341 4743 quos
2384 4684 2572 4743 vocant
2619 4674 2800 4727 Masab
2844 4675 3097 4737 Irascirab,
3144 4673 3244 4725 hoc
3288 4682 3370 4726 est
3408 4689 3592 4743 azyma
3630 4674 3773 4739 ditia,

2209 4742 2408 4812 eosque
2423 4742 2737 4797 Christianis
2762 4745 3045 4811 aliquando
3072 4742 3627 4809 impertiuntur.’Vide
3650 4744 3777 4797 Leo-

599 4793 722 4885 ais.
746 4793 2099 4885 "etaetatis;gestitem."anato"sui{met.
2130 4793 2184 4855 1)
2212 4793 2831 4885 asa‘nsa's.‘.‘.'bz~‘ati
2852 4793 3494 4885 situate.causa...
3530 4793 3777 4867 satis-

530 4882 664 4953 Vide
689 4884 943 4953 hymnum
976 4883 1131 4939 Cath.
1172 4882 1224 4951 5,
1254 4901 1393 4941 vers.
1426 4882 1512 4941 95‘.
1548 4886 1760 4941 Judaeos
1790 4894 1991 4953 monet,
2028 4904 2097 4943 ne

530 4951 699 5026 oculis
726 4951 919 5026 iniquis
944 4956 1278 5010 Christianos
1306 4958 1590 5026 aspiciant.

601 5022 729 5096 5461
749 5022 951 5079 ln’Vat.
981 5027 1101 5080 Ain
1125 5022 1474 5081 desideratur.
1507 5026 1626 5081 Put.
1655 5041 1685 5080 a
1715 5025 1882 5096 prima
1914 5040 2094 5096 manu,

530 5106 683 5147 cteca.
711 5094 1010 5162 Legendum
1046 5098 1198 5150 celsa.

601 5162 725 5236 549.
754 5161 1065 5236 l_{ujusmodi
1089 5169 1222 5219 ritus
1244 5167 1421 5235 legere
1445 5165 1644 5236 poteris
1662 5178 1780 5233 cap.
1804 5180 1875 5219 xu
1899 5161 2091 5219 Exodi.

599 5235 724 5306 550.
760 5233 881 5306 Vat.
904 5236 977 5306 A,
1006 5233 1623 5306 agniculus,“perperam.

600 5301 720 5357 551.
751 5304 864 5359 Gis.
895 5304 919 5357 l
959 5301 1069 5368 edf,
1099 5308 1151 5358 in
1181 5301 1368 5373 pecude
1401 5301 1499 5371 est,
1531 5320 1650 5359 cum
1691 5306 1808 5361 aliis
1841 5303 2088 5374 vulgatis.

531 5373 797 5428 Heinsiani
839 5384 894 5428 et
940 5375 1107 5428 nostri
1159 5378 1340 5439 codd.,
1390 5378 1513 5431 item
1544 5375 1802 5431 Weitzius
1847 5373 1963 5431 sine
1997 5383 2089 5426 est.

530 5440 788 5498 Weitzius
814 5445 882 5497 ita
918 5446 1275 5514 interpungit:
1304 5447 1405 5502 Sed
1446 5462 1611 5510 sacer,
1650 5448 1703 5499 in
1732 5447 1921 5511 pecude
1965 5444 2096 5497 stul-

530 5522 635 5565 tum
664 5522 737 5567 est
763 5516 836 5567 sic
863 5517 1063 5571 credere
1096 5532 1313 5570 sacrum.
1342 5519 1466 5581 Alii,
1498 5518 1601 5569 Sed
1638 5520 1781 5570 sacer
1800 5518 1853 5569 in
1881 5514 2091 5583 pecude,

528 5584 744 5637 stultum
768 5594 860 5637 est.
887 5586 973 5639 Sic
1019 5589 1249 5640 correxit
1270 5587 1540 5642 Giseliuus
1576 5587 1627 5640 in
1659 5586 1850 5640 erratis
1877 5586 1912 5639 2
1938 5584 2094 5649 edit.,

531 5654 832 5714 advertens,
892 5655 1090 5710 Pascha
1131 5656 1437 5711 Judaeorum
1482 5658 1651 5710 solum
1697 5658 1996 5711 consistere
2040 5654 2092 5706 in

533 5723 757 5795 pecude,
784 5739 904 5775 cum
935 5726 1040 5792 jx:
1084 5741 1250 5795 agnus
1277 5741 1379 5779 non
1414 5728 1482 5780 sit
1514 5736 1668 5795 typus
1710 5726 1821 5779 veri
1862 5726 2000 5794 agni.
2036 5722 2093 5795 in

536 5789 650 5846 l’ut.
686 5806 716 5844 a
752 5806 911 5847 manu
936 5789 1141 5863 prima,
1175 5796 1281 5849 Sed
1313 5812 1511 5851 sacrum
1538 5789 1600 5847 ’ἰὴ
1634 5796 1839 5862 pecude.
1885 5789 2089 5851 Alicubi

2209 4884 2357 4949 hlic.,
2400 4884 2551 4941 verb.
2593 4885 2808 4938 Annus
2833 4892 2888 4939 et
2930 4884 3156 4938 PASCHA.
3189 4882 3293 4936 Alii
3318 4882 3419 4938 SS.
3460 4883 3649 4938 Patres
3677 4899 3774 4937 non

2211 4954 2453 5008 dissimili
2502 4954 2660 5007 modo
2712 4954 3059 5008 Hebraeorum
3102 4967 3281 5008 mores
3317 4953 3644 5021 depravatos
3684 4955 3776 5008 de-

2206 5026 2536 5093 scripserunt
2566 5034 2619 5078 et
2654 5025 2997 5093 castigarunt.

2275 5095 2399 5148 554.
2430 5092 2757 5165 Fermentmn
2782 5092 2863 5148 est
2893 5111 2919 5144 a
2960 5099 3127 5165 ferveo
3149 5092 3319 5165 :_hinc
3347 5106 3526 5165 mores
3560 5093 3777 5148 crimine

2204 5165 2490 5233 fermentati
2521 5174 2668 5219 recte
2697 5164 2945 5218 dicuntur
2961 5162 2987 5217 ἐ
3017 5162 3281 5233 eteadem
3314 5164 3644 5233 proprietate
3674 5175 3777 5217 tur-

2201 5231 2401 5303 gescere
2432 5233 2537 5288 illis
2559 5236 2827 5289 convenit.
2866 5232 3063 5287 Contra
3104 5231 3393 5303 scriptores
3421 5231 3775 5288 ecclesiastici

2204 5302 2438 5374 azgmum
2464 5316 2519 5374 et
2543 5305 2652 5357 sine
2693 5308 2939 5374 fermento
2975 5303 3219 5373 accipere
3252 5302 3424 5359 solent
3455 5318 3553 5371 pro
3581 5315 3775 5365 sancto,

2203 5382 2259 5427 et
2279 5376 2388 5428 sine
2417 5373 2633 5429 malitia.

2272 5445 2399 5497 555.
2429 5444 2575 5507 Ald.,
2607 5445 2830 5514 ﬁngere;
2852 5444 2961 5509 alii,
2990 5444 3241 5512 efﬁngere.

2276 5513 2400 5567 559.
2438 5515 2490 5567 ln
2529 5514 2645 5568 Vat.
2686 5513 2758 5578 Ἀ,
2800 5514 2961 5578 male,
3001 5516 3157 5568 unica
3200 5514 3451 5579 dictione,
3495 5516 3777 5569 collinitore

2237 5598 2296 5637 ro
2337 5583 2532 5637 coltinit
2578 5600 2684 5639 ore.
2730 5586 2984 5649 Loquitur
3029 5593 3183 5654 poeta
3217 5585 3281 5638 de
3324 5600 3483 5640 cruce
3527 5587 3777 5654 inscripta

2224 5655 2461 5708 rontibus
2514 5656 2564 5708 in
2614 5664 2949 5708 sacramento
3002 5653 3459 5719 confirmationis,
3514 5661 3778 5725 praecipue

2205 5731 2385 5778 tamen
2406 5726 2744 5779 commendat
2769 5726 2955 5779 merita
2986 5725 3247 5792 passionis
3271 5725 3395 5781 Jesu
3415 5726 3780 5781 Cbristi.Vidc

2199 5792 2454 5863 hymnum
2485 5796 2518 5848 5
2547 5794 2728 5862 Cath.,
2760 5810 2898 5849 vers.
2932 5796 3034 5849 1‘25
3065 5802 3117 5849 et
3141 5810 3291 5864 seqq.
