3950 6326
250 374 383 433 055

248 489 375 548 560
448 487 598 544 Hanc
618 486 753 557 fugit
781 484 1015 541 exclusis
1043 482 1294 555 Egyptia
1321 484 1472 553 plaga
1497 484 1739 553 ﬂagellis,

449 581 576 637 Haec
600 579 740 649 regis
769 577 947 633 Pharii
973 591 1193 645 regnum
1216 574 1381 630 ferale
1411 576 1649 640 resolvit,

449 676 629 745 Deque
659 670 942 744 potestatis
970 670 1253 725 mundanas
1282 670 1540 739 grandine
1568 670 1729 725 densa

448 769 621 837 Eripit
645 766 919 822 Abraham
950 779 1069 819 cum
1102 764 1289 833 stirpe,
1316 773 1372 820 et
1398 774 1555 835 gente
1584 764 1746 820 ﬁdeli.

448 860 676 916 Abrahae
706 874 881 930 genus
905 867 985 914 est
1014 872 1199 912 verum
1231 875 1243 909 :
1273 857 1358 912 cui
1389 860 1602 929 sanguis
1638 864 1688 913 in
1720 874 1814 915 ore

449 954 609 1025 5.36
637 951 907 1017 Creditur,
940 950 1335 1020 inscriptusque
1360 950 1515 1007 rubet
1543 970 1556 1005 :
1586 952 1673 1007 cui
1698 951 1846 1007 visus

1518 1044 1591 1114 [in
1623 1044 1773 1109 orbe,

449 1137 598 1194 Haud
626 1135 901 1192 dubitante
930 1135 1033 1190 fide
1054 1175 1070 1203 ,
1101 1134 1244 1190 Deus
1271 1142 1385 1202 est,
1430 1135 1566 1190 Deus
1595 1150 1660 1189 ex
1691 1134 1847 1190 Patre

1572 1227 1772 1295 [verus.

449 1322 544 1377 llle
574 1321 741 1376 Deum
772 1320 921 1385 vidit,
960 1322 1129 1376 visum
1155 1334 1277 1376 mox
1308 1319 1569 1374 credidit:
1597 1329 1651 1373 at
1682 1328 1737 1373 tu

446 1414 736 1469 Posteritas
764 1414 963 1479 carnis,
991 1412 1276 1467 carnaliter
1306 1412 1481 1465 omnia
1514 1411 1758 1476 credens,

446 1504 635 1561 Carnis
654 1518 789 1574 opus
813 1506 913 1559 sub
933 1506 1048 1574 lege
1069 1505 1231 1573 geris,
1247 1519 1402 1573 quam
1429 1504 1645 1574 spiritus
1663 1503 1845 1573 implet

447 1598 673 1653 Interior
699 1614 713 1651 ε
739 1611 838 1652 nec
868 1597 1008 1653 enim
1031 1592 1166 1653 ctelo
1190 1597 1273 1651 lex
1304 1611 1496 1652 carnea
1526 1598 1698 1664 ﬂuxit,

444 1689 616 1756 Quam
639 1697 695 1743 tu
722 1703 887 1744 carne
912 1688 1045 1745 colis
1072 1707 1084 1741 :
1114 1690 1207 1745 sed
1238 1688 1451 1744 Christo
1480 1689 1604 1753 feta,
1639 1704 1842 1743 meam-

1648 1780 1773 1853 [que

247 956 376 1011 565

246 1598 373 1656 370

442 1873 601 1943 Spem
629 1873 864 1945 paritura
894 1880 1079 1939 utero;
1122 1887 1279 1943 quam
1321 1875 1515 1944 spem?
1556 1873 1656 1928 nisi
1686 1873 1842 1927 lumi-
1871 1858 1918 1920 Β

1459 1966 1539 2021 nis
1565 1966 1763 2021 almum

1459 1966 1539 2021 nis
1565 1966 1763 2021 almum

440 2053 665 2124 Lumen,
679 2056 1028 2113 etadventum
1052 1966 1453 2127 Domini,’quenl
1464 2058 1671 2113 viderat
1684 2058 1842 2113 Abrae

1662 371 2096 429 APOTHEOSIS.

1876 490 1925 553 A

3425 377 3527 432 954

2132 488 2306 544 Prima
2341 489 2473 545 ﬁdes
2494 530 2509 556 ,
2542 488 2841 560 nostrisque
2874 495 3025 559 pater
3055 490 3377 559 promiserat
3401 492 3528 549 olim

2130 581 2565 652 Perspicieudum
2584 583 2776 649 oculis,
2793 592 2848 639 et
2862 583 2995 653 legis
3013 597 3140 639 voce
3158 583 3487 653 probandum
3514 606 3525 640 :

2128 674 2237 730 Nec
2254 676 2427 731 solum
2455 676 2587 747 legis
2612 693 2623 727 :
2648 691 2769 730 nam
2792 690 2911 745 quae
2936 675 3044 744 jam
3066 673 3238 729 littera
3259 674 3529 733 Christum

2126 765 2242 821 Non
2289 766 2468 832 habet,
2517 776 2608 821 aut
2641 782 2757 837 quae
2792 781 2898 821 non
2941 767 3258 836 scriptorum
3301 769 3529 825 armaria

3239 859 3456 933 [Christi

2128 950 2309 1005 Laude
2338 950 2555 1017 referta,
2588 950 2740 1006 novis
2761 952 3034 1007 celebrant
3060 952 3311 1007 miracula
3338 953 3529 1009 libris?

2130 1044 2385 1101 Hebraeus
2415 1048 2593 1115 pangit
2624 1045 2812 1115 stylus,
2839 1047 3011 1100 Attica
3040 1047 3191 1115 copia
3224 1047 3424 1116 pangit,

2128 1140 2315 1208 Pangit
2344 1149 2391 1194 et
2426 1140 2678 1195 Ausoniae
2704 1139 2950 1195 facundia
2982 1140 3135 1196 tertia
3166 1140 3377 1209 linguae.

2126 1237 2285 1308 437
2310 1238 2509 1291 Pilatus
2532 1238 2683 1307 jubet
2708 1239 2987 1307 ignorans:
3011 1239 3053 1305 l,
3075 1238 3270 1303 scriba,
3301 1237 3523 1307 tripictis

2128 1328 2317 1397 Digere
2348 1329 2639 1392 versiculis,
2666 1345 2783 1399 quat
2811 1331 2879 1384 sit
2900 1330 3088 1385 suffixa
3121 1338 3378 1398 potestas.

2126 1421 2321 1475 Fronte
2348 1420 2729 1476 crucistitulus
2749 1424 2820 1476 sit
2850 1422 3065 1491 triplex,
3096 1421 3300 1490 triplice
3321 1421 3518 1491 lingua.

2126 1512 2394 1582 Agnoscat
2423 1513 2605 1567 Judaea
2638 1513 2839 1583 legens,
2874 1523 2927 1568 et
2948 1513 3150 1568 Graecia
3183 1515 3345 1578 norit,

2132 1604 2197 1655 Et
2225 1613 2474 1657 venerata
2508 1604 2672 1657 Deum
2705 1612 3015 1673 percenseat
3044 1618 3206 1659 aurea
3228 1603 3413 1657 Roma.

2126 1695 2391 1765 Quidquid
2428 1696 2480 1750 in
2518 1710 2623 1751 aere
2665 1710 2794 1750 cavo
2828 1697 3057 1751 reboans
3096 1696 3219 1750 tuba
3249 1709 3407 1749 curva
3438 1708 3522 1749 re-

3223 1786 3415 1858 [mugit
3434 1802 3449 1847 ;

2122 1876 2389 1949 Quidquid
2452 1877 2519 1933 ab
2583 1892 2780 1933 arcano
2842 1880 3011 1933 vomit
3064 1877 3250 1950 ingens
3304 1876 3523 1945 spiritus

3214 1969 3448 2040 [haustu,

2126 2061 2389 2131 Quidquid
2408 2070 2551 2118 casta
2566 2061 2769 2133 chelys,
2786 2062 3036 2132 quidquid
3055 2062 3263 2117 testudo
3278 2060 3519 2131 resultat,

1952 582 2055 637 575

1951 1139 2054 1195 580

1950 1603 2053 1659 585

1552 2152 1840 2210 GLOSSIE
1881 2154 2216 2214 VETERES.

330 2244 461 2301 560.
491 2244 659 2312 Hanc,
682 2246 908 2309 domum,
945 2242 983 2296 Ι.

329 2315 460 2370 561.
493 2310 656 2381 Haec,
708 2316 893 2385 passio.
922 2343 990 2353 —
1012 2310 1221 2385 Pharii,
1260 2310 1535 2382 Egyptii;
1581 2316 1839 2385 sacrilegi.

245 2383 472 2457 Pharus
503 2382 763 2457 [Egyptus
792 2382 1280 2457 dicitur.—Ferale,
1314 2385 1563 2457 virosuin,
1606 2382 1839 2457 mortale.

247 2454 597 2522 —Resolvit,
616 2454 749 2526 quia
778 2455 963 2508 Christi
995 2454 1162 2521 passio
1191 2463 1481 2522 potestatem
1512 2454 1703 2508 diaboli
1752 2456 1842 2508 de-

247 2527 472 2591 struxit,
503 2527 541 2581 l.

337 2596 461 2667 564.
496 2597 549 2651 In
580 2612 693 2666 ore,
724 2599 908 2667 fronte,
932 2595 970 2649 1.

336 2666 466 2721 565.
496 2666 761 2732 Creditur,
791 2667 1105 2735 immittitur,
1135 2668 1209 2721 vel
1234 2666 1638 2731 commendatur,
1668 2667 1706 2719 l.

332 2736 461 2791 568.
492 2737 749 2802 Credens,
779 2754 1004 2803 cernens,
1041 2740 1080 2795 I.

333 2807 463 2861 569.
490 2807 663 2877 Geris,
692 2808 837 2877 facis,
866 2807 901 2860 Ι.

335 2878 462 2932 571.
489 2876 635 2939 Feta,
668 2878 916 2947 mysteriis
943 2879 1129 2932 Christi
1163 2878 1331 2945 plena,
1366 2876 1407 2946 I,
1442 2877 1568 2931 Mar.

335 2949 459 3001 577.
494 2948 755 3011 Artuaria,
787 2949 995 3013 scrinia,
1020 2950 1295 3009 volumina,
1322 2948 1362 3001 1.

333 3018 461 3074 578.
494 3016 723 3083 Referta,
756 3021 965 3089 repleta,
994 3021 1166 3088 plena,
1190 3019 1461 3087 completa,
1494 3018 1530 3071 Ι.

2018 2247 2142 2301 579.
2180 2248 2373 2303 Attica.
2410 2247 2747 2309 Atheniensis,
2772 2246 2951 2301 Grieca
2979 2247 3185 2305 locutio,
3218 2243 3261 2297 1.

2020 2319 2144 2373 580.
2174 2319 2443 2381 Ausoniae,
2478 2317 2696 2382 Lalinw,
2731 2317 2917 2378 ltaliaz,
2956 2316 3217 2379 Romamn,
3251 2312 3311 2371 l._

2020 2388 2143 2441 58L
2176 2388 2446 2455 Tripictis,
2472 2389 2735 2454 tripliciter
2759 2386 3074 2449 conscriptis,
3109 2386 3209 2438 Iso.

2021 2452 2394 2582 582.lDigere,
2450 2452 2564 2525 (lic,
2620 2460 2839 2524 ordina,
2888 2458 2963 2512 rel
3005 2456 3180 2511 scribe.
3209 2452 3521 2518 —Suflixa,

2022 2544 2106 2582 εει.
2168 2570 2179 2581 .

1949 2543 2106 2590 ενιιει,
2142 2543 2179 2582 1.

2022 2598 2143 2671 585.
2178 2598 2395 2671 Fronte,
2423 2600 2473 2652 in
2496 2602 2683 2671 stipile,
2718 2600 2756 2654 ῐ.

2026 2669 2148 2741 585.
2172 2669 2519 2741 Perccuseat,
2544 2669 2789 2741 perlegat,
2814 2670 2852 2723 Ι.

2021 2738 2143 2793 586.
2172 2739 2439 2804 Rehoans,
2471 2738 2914 2805 sonans,'canens,
2949 2738 2987 2792 Ι.

2018 2810 2143 2862 587.
2174 2810 2255 2862 Ah
2283 2824 2496 2869 arcano.
2538 2827 2568 2863 a
2608 2812 2863 2878 pulmone.
2888 2840 2956 2851 —
2978 2810 3171 2873 Vomit,
3218 2810 3429 2879 profert.
3454 2838 3523 2851 —

1948 2878 2159 2941 Ingens,
2193 2896 2429 2946 magnus,
2466 2881 2501 2932 I.

2014 2948 2136 3003 588.
2169 2950 2346 3013 Casta,
2378 2950 2493 3003 ideo
2528 2952 2649 3003 dicit
2688 2961 2899 3014 castam,
2940 2951 3058 3018 quia
3086 2967 3201 3003 cum
3231 2967 3288 3004 ea
3323 2952 3523 3004 laudem

1942 3019 2191 3088 uirginum
2214 3021 2768 3091 canebant.—Chelys,
2803 3022 3023 3090 cithara,
3055 3037 3221 3074 musa.
3254 3020 3445 3085 Chelte,
3469 3022 3523 3075 id

1611 3127 2170 3187 COMMENTARIUS.

333 3224 457 3280 560.
483 3224 728 3279 Nonnulli
756 3223 933 3293 Vulg.,
964 3223 1216 3294 Afgypti;
1240 3222 1382 3294 PaL,
1408 3220 1837 3294 Egyplica.Gis.

245 3298 313 3353 in
365 3305 533 3363 textu,
584 3295 730 3359 Ald.,
781 3292 925 3348 Vatt.
963 3292 1141 3361 A,'Q,
1189 3293 1417 3356 Thuan.,
1464 3293 1587 3353 Οκη
1632 3292 1837 3357 Noms.,

252 3367 425 3431 llrh.,
466 3365 636 3429 Sich.,
668 3366 907 3435 ﬂagellis.
945 3364 1192 3418 Nonnulli
1227 3364 1430 3425 Heins.,
1464 3364 1617 3435 Alex.
1649 3363 1838 3435 ctralii,

250 3438 522 3505 procellis,
549 3433 708 3506 quod
748 3435 1004 3490 Weitzius
1048 3436 1326 3506 amplexus
1370 3443 1486 3497 est;
1526 3434 1696 3506 ﬂagra
1720 3433 1842 3506 f_sive

248 3503 714 3585 ﬂag_ellq_£gypti
743 3516 1000 3585 vocantur
1025 3506 1090 3558 ab
1115 3505 1497 3585 AlcimonAvito
1524 3504 1683 3585 lib:v,
1711 3503 1844 3585 (ᾆξαι
1870 3522 1915 3585 C

248 3572 415 3646 'gorio
454 3572 804 3641 Nazia'nizeno,
838 3575 1128 3629 Fortunato
1173 3584 1236 3646 et
1281 3574 1426 3637 aliis;
1477 3573 1614 3646 quod
1652 3572 1845 3646 confir-

254 3643 378 3702 Enat
410 3648 690 3719 legendum
719 3645 961 3719 ﬂagellis,
996 3645 1295 3714 praesertim
1326 3647 1447 3713 quia
1491 3643 1651 3712 plaga
1677 3645 1846 3711 poscit

254 3718 509 3787 ﬂagellis.

344 3789 471 3843 565.
495 3788 704 3843 Thuan.
734 3795 787 3841 et
808 3786 912 3840 duo
940 3786 1117 3851 Torr.,
1142 3786 1381 3839 creditus.

340 3859 462 3913 566.
490 3857 686 3915 Oxou..
716 3874 780 3911 ex
812 3857 965 3910 Patre
986 3872 1131 3921 vero;
1154 3855 1267 3921 lege
1296 3870 1461 3908 verus.

338 3930 461 3983 568.
498 3928 619 3982 Vat.
650 3928 690 3981 Β
713 3942 740 3979 a
770 3928 937 3996 prima
966 3942 1147 3992 manu,
1188 3923 1319 3979 Mar.
1352 3925 1420 3978 ah
1460 3923 1628 3977 aliena
1660 3937 1838 3991 manu,

259 3999 463 4055 Widm.
510 4013 691 4064 supra,
721 3998 886 4067 Bong.
928 4005 983 4051 et
1019 3996 1257 4050 nonnulli
1297 3998 1462 4067 vulg.,
1514 4009 1719 4067 cernens
1746 4008 1843 4062 pro

256 4072 489 4124 credens.
542 4069 730 4123 Glossa
780 4064 968 4135 lsonis,
1000 4084 1229 4131 cernens,
1276 4066 1452 4136 potius
1504 4071 1588 4119 est
1632 4064 1841 4118 diversa

255 4142 441 4197 lectio.
552 4152 555 4156 '

330 4212 457 4267 57f.
486 4208 634 4273 Ald.,
666 4209 841 4262 minus
865 4209 1023 4275 bene,
1051 4206 1251 4261 Christo
1282 4207 1408 4275 ﬁxa.

331 4281 455 4337 572.
484 4278 798 4345 Becmanus,
848 4293 963 4347 cap.
1010 4274 1047 4331 6
1095 4274 1393 4331 Manuduct.
1436 4276 1661 4347 adiling.
1694 4274 1836 4341 Lat.,

259 4360 466 4415 monet,
502 4349 553 4401 in
592 4346 1187 4417 quibusdatn'mendose
1224 4347 1324 4415 legi
1364 4348 1456 4399 sed
1484 4346 1837 4417 Christo/ima,

264 4434 527 4489 meamque
549 4416 705 4489 Spem
730 4420 928 4484 paritur
947 4430 999 4470 ut
1030 4434 1119 4470 oro
1141 4432 1236 4485 pro
1254 4420 1381 4489 feta,
1400 4432 1660 4489 meamque
1671 4416 1837 4489 _Spem

258 4486 499 4559 paritura
527 4486 695 4559 utero.
730 4489 831 4541 Pro
868 4489 1073 4541 luminis
1112 4502 1297 4559 omnes
1343 4487 1634 4559 Heinsiani.
1670 4486 1833 4559 Bong.

254 4556 442 4632 supra,
486 4559 633 4623 Ald.,
666 4558 805 4632 Gis.,
839 4559 1077 4619 numinis,
1112 4557 1249 4632 quod
1280 4559 1539 4632 “statin
1575 4556 1692 4632 Yat.
1715 4556 1771 4632 _A
1807 4570 1835 4607 a

256 4624 438 4700 prima
462 4644 643 4700 manu,
673 4630 722 4681 in
743 4630 878 4700 Mar.
904 4643 931 4679 a
959 4624 1389 4700 secunda__rnanu.
1416 4627 1691 4700 Weitzius.
1715 4624 1833 4679 Vat.

258 4697 320 4765 Β,
353 4703 535 4770 Prag.,
567 4698 710 4770 Rat.,
737 4699 1150 4770 Widm._supra,
1186 4697 1303 4751 Vat.
1334 4699 1386 4770 _A
1415 4711 1614 4770 supra,_
1641 4697 1771 4770 Mar.
1805 4710 1833 4748 a

260 4773 427 4838 prima
463 4766 624 4822 inanu
662 4769 888 4821 luminis.
931 4768 1145 4821 Teolius
1170 4783 1289 4820 cum
1333 4768 1548 4820 Heinsio
1594 4766 1735 4838 facit,
1774 4780 1837 4819 ac

254 4835 428 4893 solum
482 4840 716 4907 agnovit,
768 4838 1075 4892 Vaticanum
1124 4852 1284 4889 unum
1335 4835 1832 4905 prmstautissimum

1948 3223 2281 3292 transcripsit
2326 3225 2531 3278 sicriba.
2594 3224 2774 3290 Neque
2827 3223 3070 3278 Heinsius
3138 3223 3520 3277 correctionem

1947 3293 2351 3359 animadvertit;
2373 3296 2465 3348 sed
2481 3310 2600 3350 cum
2615 3295 2873 3351 Salmasio
2891 3294 3167 3362 vestigium
3186 3309 3324 3347 vera:
3342 3295 3523 3348 lectio-

1948 3364 2030 3415 nis
2061 3364 2110 3415 in
2151 3365 2338 3418 Aldina
2370 3366 2599 3420 editione
2643 3374 2850 3420 exstare
2882 3367 3161 3418 affirmavit
3202 3365 3253 3417 in
3293 3365 3475 3418 sicriba
3504 3382 3521 3419 :

1948 3444 2001 3505 e_t
2031 3449 2095 3488 ex
2126 3435 2237 3489 suis
2274 3437 2491 3490 vetustis
2534 3452 2668 3505 pene
2696 3437 2943 3489 omnibus
2983 3434 3215 3489 restituit
3252 3434 3304 3497 l,
3335 3435 3519 3489 scriba.

1952 3502 2027 3555 Ex
2058 3521 2161 3571 quo
2192 3521 2375 3574 arguo,
2405 3502 2559 3560 uuam
2592 3518 2794 3561 tantum
2818 3516 3027 3560 exstare
3058 3506 3302 3559 Aldinam
3335 3506 3524 3560 editio-

1955 3588 2076 3627 nem
2110 3590 2250 3629 anno
2282 3578 2409 3630 l50l
2448 3589 2715 3645 peractam
2752 3596 2763 3628 :
2798 3592 2900 3631 uou
2945 3576 3087 3631 enim
3128 3576 3382 3630 credibile
3420 3586 3519 3640 est,

1954 3652 2011 3695 ut
2051 3645 2135 3698 hic
2168 3662 2317 3699 ctror
2343 3650 2548 3711 sicriba,
2591 3648 2699 3716 jam
2744 3648 2793 3700 in
2842 3648 3009 3716 prima
3042 3647 3443 3699 animadversus
3469 3655 3522 3700 et

1952 3724 2247 3779 correctus,
2294 3718 2343 3769 in
2388 3717 2616 3770 secunda
2664 3717 3033 3783 replicaretur.
3085 3716 3309 3770 Codices
3349 3717 3516 3769 nostri

1951 3784 2175 3839 variant.
2208 3785 2385 3854 l’rag.,
2424 3796 2474 3839 tu
2500 3787 2684 3840 scriba.
2716 3787 2856 3839 Vatt.
2885 3790 2951 3851 A,
2983 3788 3049 3853 Q,
3082 3787 3343 3849 inscripta.
3372 3785 3517 3851 liat.,

1949 3854 2237 3907 scribenda.
2287 3857 2438 3918 Mar.,
2480 3857 2763 3922 scribenda,
2805 3871 2963 3923 supra
2995 3856 3302 3910 charactere
3345 3856 3519 3908 minu-

1950 3924 2071 3976 tiori
2104 3926 2383 3997 inscripta;
2414 3928 2463 3979 in
2496 3929 2731 3997 margine
2758 3936 2975 3996 apparet
3005 3926 3167 3979 fuisse
3187 3924 3370 3997 scriba,
3398 3924 3519 3979 licet

1950 3996 2260 4063 evanuerint
2302 3995 2659 4051 characteres.
2706 3995 2818 4050 Non
2859 3996 3065 4063 dubito,
3113 3996 3237 4063 quin
3280 4011 3400 4048 vera
3449 3998 3518 4050 sit

1948 4062 2106 4136 lectio
2129 4065 2178 4128 I,
2210 4066 2394 4128 scriba,
2426 4082 2581 4135 quam
2613 4068 2861 4136 exprimit
2884 4067 3063 4128 Alex.,
3097 4062 3149 4118 et
3177 4080 3339 4136 prope
3369 4080 3519 4119 acce-

1947 4133 2027 4187 dit
2052 4135 2179 4188 Urb.
2213 4152 2241 4189 o
2263 4133 2453 4190 scriba.
2472 4133 2716 4202 Librarii,
2757 4137 2881 4205 quid
2910 4146 3049 4191 esset
3081 4136 3207 4190 illud
3239 4134 3265 4187 1
3296 4151 3399 4188 non
3432 4138 3514 4189 iu-

1949 4206 2270 4277 tAelligentes.
2302 4224 2363 4261 ex
2405 4208 2616 4277 ingenio
2658 4223 2754 4261 suo
2782 4222 2971 4261 novam
3013 4208 3291 4261 lectionem
3328 4221 3518 4277 procu-

1946 4274 2158 4348 derunt.
2213 4277 2343 4331 Vide
2373 4274 2623 4348 hymnum
2657 4276 2810 4331 Cath.
2846 4277 2932 4343 1‘2,
2961 4292 3103 4333 vers.
3131 4278 3238 4331 99:
3274 4276 3513 4341 Satelles,

1944 4347 1981 4410 i,
2018 4351 2208 4418 ferrum
2228 4364 2366 4418 rape.

2015 4416 2138 4470 585.
2174 4416 2318 4485 Rat.,
2356 4420 2563 4487 triplici,
2605 4418 2743 4487 quod
2775 4426 2919 4473 recte
2943 4418 3280 4473 emendatum
3310 4427 3392 4473 est
3426 4433 3515 4474 su-

1944 4501 2037 4553 pra
2084 4489 2301 4555 triplice.
2338 4490 2391 4542 ln
2432 4490 2665 4544 editione
2706 4488 2979 4543 Parmensi
3008 4490 3159 4544 deest
3200 4489 3511 4543 vocabulum

1944 4558 2150 4626 triplex,
2186 4557 2379 4613 Fronte
2405 4562 2611 4613 crucis:
2642 4561 2817 4612 titulus
2847 4560 2909 4611 sit
2943 4560 3139 4625 triplice
3173 4560 3363 4628 lingua.
3397 4558 3510 4611 Non

1944 4637 2154 4681 constat
2182 4645 2384 4692 versus,
2417 4638 2473 4682 ut
2502 4630 2669 4682 vides.
2701 4629 2773 4683 De
2797 4630 2953 4681 titulo
2981 4630 3152 4683 crucis
3183 4629 3387 4695 triplice
3412 4628 3511 4679 lin-

1941 4711 2041 4764 gua
2073 4699 2195 4751 vide
2220 4700 2375 4752 .loan.
2408 4713 2524 4766 cap.
2559 4714 2709 4759 xxiii,
2739 4700 2838 4761 58;
2886 4698 3120 4767 Lipsium
3151 4698 3216 4749 de
3255 4697 3427 4751 Cruce
3452 4714 3508 4761 ιι,

1943 4769 1995 4818 in
2027 4770 2164 4821 notis
2191 4783 2307 4834 cap.
2340 4769 2422 4831 ll,
2466 4778 2519 4820 et
2543 4768 2695 4821 alios.
2726 4766 2981 4835 Sepulcro
3008 4767 3260 4820 Gordiani
3289 4766 3508 4832 Augusti
3594 4796 3609 4812 ι

1945 4837 2141 4891 milites
2173 4838 2377 4890 titulum
2410 4838 2763 4893 adhibuerunt
2812 4837 3001 4891 litteris
3026 4837 3247 4899 Grmcis,
3284 4836 3505 4902 Latinis,

258 4910 454 4963 habere
494 4894 721 4961 luminis:
762 4908 999 4963 Gilanius
1040 4924 1103 4961 ex
1144 4908 1309 4961 veteri
1335 4894 1489 4959 'libro
1520 4908 1591 4959 ita
1622 4920 1833 4975 quoque
1864 4894 1914 4952 Ῐ)
1944 4905 2195 4967 Persicis,
2227 4907 2463 4961 Judaicis
2489 4916 2541 4961 et
2572 4907 2916 4976 Aigyptiacis,
2954 4915 3011 4960 ut
3036 4908 3103 4960 ab
3132 4894 3378 4960 omnibus
3409 4894 3507 4975 legi

256 4981 535 5048 legendum
576 4979 685 5031 ait:
712 4978 789 5033 sic
818 4988 939 5032 ante
967 4980 1029 5031 de
1066 4978 1255 5029 lumine
1294 4976 1483 5048 lumen,
1522 4985 1576 5030 et
1616 4977 1665 5027 in
1709 4976 1829 5029 fidei

256 5046 503 5118 symbolo
540 5049 706 5101 lumen
747 5048 809 5100 de
846 5050 1035 5100 lumine
1066 5062 1083 5100 :
1122 5048 1311 5101 crebro
1345 5046 1540 5112 lumen,
1570 5054 1830 5100 etnumen

258 5122 391 5173 inter
416 5134 479 5174 se
506 5127 861 5172 commutasse
890 5118 1133 5172 librarios
1164 5126 1345 5169 notum
1374 5126 1476 5168 est.

328 5190 449 5244 575.
479 5188 658 5256 Prag.,
694 5188 852 5252 male,
887 5186 1250 5256 perliciendum
1276 5187 1457 5239 oculis.

326 5261 447 5314 576.
478 5260 531 5312 ln
565 5259 701 5312 Aldo
732 5259 979 5313 mendum
1004 5274 1220 5324 namque
1239 5258 1374 5326 jam.

325 5331 449 5384 577.
481 5330 782 5384 Armarium
808 5330 941 5382 sumi
970 5328 1105 5382 solet
1136 5321 1522 5394 pro'tabulariis
1544 5324 1655 5378 sive
1686 5321 1826 5377 foru-

256 5401 336 5463 lis,
359 5400 551 5469 quibus
582 5399 697 5452 libri
725 5399 1074 5461 collocantur,
1117 5393 1178 5451 ex
1212 5396 1501 5467 interprete
1530 5393 1821 5460 Juvenalis,

256 5471 602 5533 Tertulliano,
634 5470 852 5525 Sidonio
879 5480 930 5523 et
961 5469 1096 5522 aliis.

329 5542 447 5611 578.
484 5540 629 5607 Rau,
663 5541 813 5593 laude
843 5542 1032 5611 refecta
1059 5539 1295 5611 aprima
1319 5552 1499 5611 manu,
1534 5550 1636 5611 non
1667 5534 1824 5611 bene,

328 5610 446 5665 581.
490 5606 699 5664 Primus
736 5606 972 5663 omnium
1010 5609 1177 5663 Aldus
1213 5608 1379 5662 edidit
1419 5606 1469 5673 Ι,
1499 5606 1706 5669 scriba;
1733 5608 1828 5661 sed

255 5695 370 5735 cum
407 5682 660 5735 mendum
692 5680 1125 5751 typographicum
1167 5680 1493 5751 irrcpsisset,
1533 5692 1723 5751 nempe
1759 5678 1829 5751 si:

253 5752 409 5815 criba,
451 5760 504 5805 et
541 5748 777 5805 errorem
804 5748 946 5805 clare
972 5750 1292 5804 correxisset
1323 5752 1374 5802 in
1407 5748 1702 5813 emendatis,
1733 5748 1825 5802 alii

252 5822 486 5876 editores
513 5831 803 5889 posuerunt
838 5832 889 5874 tu
928 5822 1109 5874 scriba.
1155 5819 1401 5875 Nebrissa
1432 5834 1557 5874 vero
1584 5832 1822 5873 errorem

1943 4984 2143 5046 posset,
2175 4986 2228 5029 ut
2256 4978 2417 5031 refert
2448 4976 2795 5046 Capitolinus.
2890 5006 2897 5011 ι

2012 5043 2134 5099 586.
2166 5046 2311 5111 Ald.,
2343 5043 2597 5100 mendose
2622 5063 2807 5101 canore
2832 5047 2988 5100 boans
3010 5061 3104 5114 pro
3125 5061 3246 5100 cavo
3271 5048 3504 5103 reboans.

1940 5114 2097 5187 Fab”
2135 5115 2264 5169 /Ere
2288 5134 2411 5170 cavo
2439 5117 2685 5186 quidquid
2713 5116 2944 5171 reboans.
2981 5119 3033 5169 lu
3075 5131 3194 5170 meo
3217 5118 3506 5187 exemplari

1939 5184 2153 5239 Weitzii
2182 5187 2247 5239 ad
2274 5184 2675 5256 marginem'est
2704 5187 2904 5243 hausta.
2953 5188 3045 5241 llis
3075 5188 3319 5242 versibus
3356 5184 3505 5244 multi

1938 5256 2164 5322 probant
2200 5258 2362 5312 licere
2402 5261 2451 5311 in
2482 5258 2703 5312 ecclesia
2738 5258 2809 5310 uti
2844 5259 3211 5312 instrumentis
3265 5258 3502 5313 musicis.

1942 5326 2076 5396 Vide
2098 5328 2400 5391 llaronium,
2433 5339 2561 5382 tom.
2592 5329 2609 5381 1
2636 5328 2853 5392 Anna|.,
2882 5344 2999 5396 pag.
3033 5328 3157 5392 578,
3186 5329 3249 5381 ad
3276 5329 3504 5393 ann.60,

1934 5398 2023 5466 qui
2065 5395 2338 5453 l‘mdentii
2383 5401 2698 5453 auctoritate
2736 5395 2967 5453 ostendit
3015 5398 3282 5453 Christum
3314 5399 3505 5453 instru-

1938 5469 2131 5522 mentis
2160 5469 2376 5523 musicis
2409 5468 2608 5523 laudari
2640 5470 2873 5523 solitum.
2907 5467 3018 5522 Gis.
3066 5468 3187 5523 huic
3219 5472 3504 5539 praaposuit

1937 5552 2148 5609 versum
2178 5554 2290 5609 seq.

2007 5608 2127 5663 587.
2164 5608 2274 5681 Gis.
2310 5611 2334 5663 l
2372 5608 2526 5681 edit.,
2560 5611 2612 5663 in
2637 5626 2823 5665 arcano
2852 5623 2965 5681 pro,
2990 5610 3053 5681 ab
3081 5626 3285 5664 arcano.
3324 5611 3502 5681 Prag.,

1935 5677 2181 5743 haustus;
2211 5680 2323 5734 Gis.
2357 5680 2421 5734 ad
2452 5695 2644 5751 marg.,
2687 5677 2887 5734 hausto.
2926 5679 3108 5736 Melius
3144 5682 3253 5746 alii,
3296 5677 3501 5748 hausiu,

1934 5762 2011 5803 sc.
2047 5764 2244 5803 arcano
2271 5764 2363 5805 seu
2391 5750 2598 5805 occulto
2630 5754 2837 5806 haustu.

2005 5818 2131 5876 588.
2168 5820 2384 5877 Videtur
2407 5824 2675 5879 nonnullis
2699 5823 2838 5878 idem
2866 5838 2982 5879 esse
3006 5824 3175 5877 chelas
3202 5837 3260 5876 ac
3286 5825 3496 5879 lcslttdo.
