3950 6326
456 308 562 381 955

1783 530 1953 592 secnt,

454 621 564 679 590
628 614 796 692 ‘m
820 612 1038 676 Emula
1072 604 1345 687 pastorum
1372 620 1516 689 quod
1555 530 2031 675 reddnnisibibibus

1843 720 1921 762 tra
1946 726 1959 761 ζ

1772 720 1959 763 antra:

637 799 906 855 Christum
941 798 1313 869 concelebrat,
1340 797 1612 854 Christum
1648 710 1832 864 sonit,
1858 797 2035 852 omnia

1669 890 1964 963 [ChriStum

636 986 779 1041 Muta
804 985 986 1053 etiam,
1010 983 1206 1038 fidibus
1221 983 1423 1038 sanctis
1445 982 2033 1052 animata,loqnuntur.
2078 1034 2085 1037 .

637 1076 683 1131 0
707 1086 901 1131 nomen
923 1076 1191 1146 praedulce
1214 1074 1379 1129 mihi!
1410 1075 1593 1142 lux,et
1612 1075 1796 1139 decus,
1816 1085 1869 1130 et
1889 1090 2035 1144 spes,

634 1165 1063 1235 Praesidiumque
1079 1180 1254 1220 meum
1277 1168 1288 1217 !
1318 1169 1525 1235 requies
1545 1181 1577 1219 ο
1595 1175 1739 1219 certa
1754 1166 2000 1220 “laborum
2019 1167 2033 1220 ε

467 1255 571 1313 595
644 1256 878 1311 Blandus
917 1256 970 1310 in
1010 1269 1105 1309 ore
1139 1269 1319 1323 sapor,
1361 1254 1599 1325 fragrans
1628 1257 1781 1319 odor,
1808 1255 2039 1324 irriguos

1822 1345 1963 1411 fons,

1822 1346 1963 1411 l'ons,

638 1439 838 1495 Castus
855 1452 1027 1504 amor,
1044 1436 1262 1507 pulchra
1283 1438 1509 1506 species,
1529 1437 1735 1491 sincera
1759 1346 2034 1506 vituptas!

649 1530 706 1587 Si
730 1544 866 1602 gens
884 1529 1046 1586 surda
1076 1539 1235 1600 negat
1257 1528 1363 1585 sibi
1392 1536 1471 1583 tot
1494 1528 1757 1599 praeconia
1786 1529 1854 1584 de
1878 1537 1949 1595 te,
2010 1579 2023 1585 -

1565 318 1833 374 AURELII
1873 314 2238 374 PRM“!
2275 314 2602 371 CARMINA.

878 431 1181 506 diSpa‘ribus
1214 435 1437 491 calamis
1473 437 1613 507 quod
1649 450 1881 492 consona
1925 438 2025 492 mi-
2052 439 2107 500 Α

3609 314 3719 371 εδδ

2307 432 2437 489 Tam
2463 433 2657 488 multas
2674 444 2859 491 rerum
2886 441 3045 483 voces
3064 469 3078 494 ,
3104 427 3477 497 elementaque
3495 468 3509 493 ,
3543 437 3715 483 tantae

2307 524 2501 580 Nuntia
2516 523 2748 590 iustitia,
2780 519 3002 576 ualidas
3030 521 3229 575 intrare.
3241 534 3346 589 per
3367 534 3525 576 aures
3552 538 3567 574 :

2135 615 2240 675 400
2311 616 2509 672 Audiat
2534 616 2783 670 insanum
2808 612 3118 668 bacchantis
3161 612 3434 682 energima
3462 616 3717 679 monstri,

2312 706 2475 779 m
2495 685 2652 774 Quod
2680 705 2894 761 rabidus
2921 706 3115 759 clamat
3136 712 3293 773 capta
3324 705 3467 758 inter
3493 706 3707 760 viscera

3370 796 3613 863 1[daemon
3632 837 3648 863 ,

2310 891 2394 946 Et
2421 889 2604 946 credat
2630 888 2928 945 uisset-mla
2956 888 3096 954 suis;
3124 896 3409 957 torquetur
3431 887 3650 955 Apollo,

2306 984 2545 1041 'Nomine
2571 997 2857 1053 percussus
2881 981 3116 1047 Christi,
3150 996 3250 1035 nec
3280 979 3501 1034 fulmina
3531 980 3688 1035 verbi

2324 1078 2488 1134 Ferre
2531 1086 2711 1147 petest
2753 1094 2768 1131 :
2814 1076 3015 1146 agitant
3060 1073 3314 1128 miserum
3361 1083 3439 1128 tot
3488 1076 3721 1128 verbera

3401 1168 3651 1241 [Ιίηςιιξιξθ

2139 1263 2247 1320 405
2319 1263 2460 1331 Quot
2480 1262 2690 1316 laudata
2714 1261 2818 1315 Dei
2846 1270 3099 1315 resonant
3130 1259 3388 1313 miracula
3421 1260 3648 1313 Christi.

2325 1355 2534 1409 Intonat
2551 1354 2773 1416 antistes
2798 1352 3003 1407 Domini
3030 1370 3041 1405 :
3076 1350 3241 1421 Fuge,
3265 1352 3459 1406 callide
3475 1364 3728 1418 serpens,

2326 1446 2475 1501 Exue
2496 1453 2550 1500 te
2578 1444 2856 1507 membris,
2884 1453 2940 1499 et
2963 1444 3135 1512 spiras
3165 1444 3313 1498 solve
3342 1443 3597 1499 latentes.

2324 1535 2641 1605 Mancipium
2673 1533 2900 1600 Christi,
2930 1533 3018 1588 fur
3056 1535 3493 1603 corruptissime,
3535 1549 3730 1591 vexas.

1770 1671 2055 1728 GLossie
2098 1673 2431 1743 VETERES.

466 1800 562 1856 est,
603 1791 829 1860 brachia,
865 1792 939 1846 vel
978 1792 1175 1846 cithara
1212 1805 1396 1861 magna
1431 1778 1485 1845 in
1508 1789 1653 1861 caelo,
1699 1787 1849 1842 Unde
1878 1788 2036 1861 cbelae
2058 1792 2117 1853 9
2142 1792 2288 1857 dant,
2335 1790 2412 1843 vel
2456 1790 2707 1861 inertiam,
2751 1788 2852 1861 sive
2878 1786 3055 1861 melius
3084 1783 3391 1861 illusionem,
3432 1780 3733 1861 _Ene_rgima

472 1862 793 1927 Scorpionis,
816 1856 874 1914 id
903 1872 971 1915 est
999 1862 1202 1914 brachia
1225 1877 1243 1914 :
1271 1856 1342 1914 est
1371 1869 1538 1912 autem
1568 1856 2032 1914 Gnaeum—Tes-

474 1931 621 1992 tudo,
654 1947 817 1994 musa,
848 1933 925 1984 vel
950 1932 1142 1983 cithara
1168 1947 1351 2000 magna
1378 1929 1431 1982 in
1456 1929 1604 2000 caelo,
1628 1929 1667 1982 ι.

543 2000 667 2054 589.
696 2002 1017 2069 Disparibus,
1044 2018 1140 2054 non
1168 2002 1437 2061 similibus,
1456 1999 1502 2052 ί.

541 2070 663 2194 590.
691 2069 925 2136 Emula,
972 2073 1242 2133 inritantia,
1279 2070 1655 2138 respondentia,
1693 2071 2038 2126 velresoaan-

470 2141 561 2203 tia,
588 2141 627 2194 Ι.

541 2213 665 2268 sae.
694 2212 932 2279 Fidibus,
958 2212 1112 2277 sonis,
1148 2211 1187 2265 ι.

545 2280 667 2335 ⁸597.
693 2276 885 2343 Surda,
909 2276 1360 2349 indutam—Sibi,
1391 2282 1458 2333 ad
1490 2297 1637 2334 suam
1663 2280 1952 2334 utilitatem.
1972 2307 2041 2319 --

473 2348 767 2416 Praeconia,
792 2352 983 2415 laudes,
1019 2352 1058 2406 l.

543 2421 667 2476 598.
703 2423 1101 2487 Elementaque,
1142 2418 1558 2489 signiﬁcationes,
1604 2420 1723 2489 quia
1757 2435 1835 2474 res
1866 2435 1953 2489 per
1977 2419 2043 2487 ﬁ-

473 2506 625 2561 guras
653 2493 945 2561 loquuntur,
980 2492 1023 2547 l.

545 2559 667 2613 400.
705 2558 952 2616 insanum
980 2601 994 2618 .
1038 2563 1233 2619 insane.
1254 2589 1318 2603 —
1340 2558 1673 2623 Bacchantis,
1720 2560 1954 2629 furentis.
1974 2588 2044 2599 —

476 2626 779 2699 Energima,
810 2632 1119 2699 illusionem,
1150 2630 1227 2683 vel
1247 2630 1540 2701 imaginem,
1576 2626 1761 2702 furias,
1783 2630 1861 2684 vel
1886 2630 2050 2699 pigri—

2147 1853 2470 1932 imaginatio,
2495 1860 2568 1914 vel
2594 1853 2860 1929 phantasia
2884 1853 3061 1932 :_unde
3091 1854 3175 1920 qui
3206 1853 3502 1932 plzantasias
3529 1853 3733 1932 demo-

2148 1922 2275 1983 nun'i
2296 1922 2928 1995 patiuntur,'energumeni
2952 1926 3208 1995 dicuntur,
3236 1923 3339 1985 lso,
3379 1922 3591 1995 V_at._T.

2214 1990 2342 2054 £09.
2365 1990 2905 2060 Credat’miserauda,
2933 1994 3231 2049 miserabilis
3253 2009 3375 2061 gens
3396 1990 3731 2049 Italicorum.

2144 2068 2347 2133 Isalca.
2371 2099 2443 2111 —
2463 2068 2604 2133 Suis,
2636 2069 2803 2131 sociis,
2837 2066 3093 2129 monstris,
3120 2065 3220 2116 sive
3244 2063 3443 2126 vicinis,
3469 2062 3509 2116 I.

2216 2141 2341 2195 405.
2376 2140 2620 2194 Fulmina
2646 2182 2658 2202 ,
2691 2150 2901 2191 terrores
2926 2135 3056 2188 verbi
3088 2133 3201 2187 Dei.
3232 2133 3271 2187 Ι.

2214 2212 2341 2275 404.
2372 2210 2474 2273 Tot
2496 2200 2736 2271 verbera,
2759 2216 2877 2275 quot
2899 2206 3081 2259 uicibus
3102 2200 3280 2271 repetit
3303 2202 3736 2275 sacerdqs‘uerba,

2149 2274 2403 2346 diemones
2434 2272 2704 2349 adiurans,
2736 2272 2805 2328 tot
2843 2274 3469 2349 uerberibusaﬁiiguntnr,
3506 2272 3629 2325 Vat.
3668 2275 3736 2326 Α.

2215 2342 2339 2405 406.
2374 2342 2629 2414 Antistes,
2654 2347 2989 2416 unusquisque
3018 2343 3339 2397 Christianus
3369 2342 3609 2395 dtemona
3640 2358 3733 2396 e1-

2148 2421 2583 2558 pefillel'ifSpiras,
2625 2486 2966 2549 tortitudines,
3012 2485 3087 2538 vel
3130 2483 3471 2551 calliditates,
3517 2484 3597 2537 vel
3646 2499 3740 2537 no-

2162 2560 2350 2686 “ibi:
2383 2627 2699 2699 Mancipium
2715 2667 2730 2692 ,
2756 2642 2973 2681 servum.

1808 2760 2372 2820 COMMENTARIUS.

480 2873 650 2951 Aliqui
664 2883 988 2951 tympanum
1016 2876 1198 2947 chelyn
1220 2876 1656 2945 interpretantur.

548 2946 683 3004 59l.’
696 2946 1056 3013 "Concelebrat,
1098 2956 1262 3016 sonat,
1300 2963 1481 3005 rerum
1509 2955 1589 3004 est
1614 2963 1629 3003 :
1660 2961 1785 3003 nam
1816 2954 2043 3003 metrum

478 3020 652 3087 rejii-it
678 3032 880 3073 sonant.
914 3021 1034 3075 Vat.
1068 3017 1105 3073 Β
1130 3036 1156 3071 a
1197 3021 1425 3075 secunda
1460 3035 1643 3079 manu,
1675 3020 2046 3079 concelebrant.

480 3106 679 3143 sonant.
706 3093 847 3149 RaL.
882 3091 1010 3144 Mar.
1043 3105 1071 3142 a
1102 3093 1266 3159 prima
1291 3106 1470 3152 manu,
1501 3089 1868 3141 concelebrant.
1895 3087 2049 3154 Apud

481 3160 761 3213 Weitzinm
787 3160 969 3220 Fabr.,
1003 3160 1112 3213 Gis.
1146 3172 1195 3212 et
1224 3161 1419 3227 Boug.,
1456 3159 1787 3219 concelebret,
1813 3168 1973 3221 sonet,
1997 3168 2051 3209 et

480 3231 615 3282 inira
653 3232 951 3297 loquantur;
991 3229 1083 3281 sed
1118 3229 1385 3282 Giselinus
1424 3228 1550 3281 mibi
1580 3228 1634 3281 in
1678 3236 1901 3294 utraque
1935 3228 2049 3281 edi-

483 3302 625 3351 tione
654 3298 984 3361 concelebrat,
1026 3308 1189 3358 sonat,
1229 3298 1525 3366 loquuntur.
1570 3297 1872 3350 Fabricium
1907 3308 2049 3350 recte

484 3368 628 3429 citat,
657 3369 738 3419 cui
765 3377 1020 3421 consonat
1048 3366 1352 3420 Gallandius
1381 3382 1498 3419 cum
1527 3366 1690 3419 Torn.

554 3436 677 3488 59:2.
714 3436 990 3491 Conradus
1035 3437 1248 3491 Samuel
1292 3436 1790 3490 Seburtzllcischius
1831 3436 1881 3490 in
1913 3435 2050 3489 Con-

484 3505 760 3560 troversiis
784 3507 961 3572 Antiq.
997 3506 1201 3561 Eccles.
1233 3520 1353 3572 cap.
1385 3506 1470 3570 l9,
1499 3506 1706 3559 erudite
1732 3506 1807 3560 de
1836 3507 2049 3571 organis

484 3577 730 3640 ili-serit;
760 3584 815 3630 ct
856 3576 906 3629 in
938 3576 1223 3631 Occidente
1258 3586 1380 3630 ante
1417 3591 1615 3629 annum
1654 3576 1756 3631 757
1793 3590 2049 3643 organum

486 3650 651 3701 visum
681 3655 856 3715 negat.
887 3647 995 3700 Sibi
1037 3645 1216 3713 objicit
1244 3663 1303 3700 ex
1336 3646 1623 3699 Prudentio
1656 3646 1791 3699 hunc
1815 3662 2047 3710 versum,

486 3728 539 3772 et
567 3718 787 3770 alterunt
814 3730 881 3770 ex
918 3718 1035 3771 ead.
1068 3718 1260 3785 Apoth.
1306 3717 1407 3771 148
1437 3735 1451 3771 :
1486 3716 1695 3787 Organa
1721 3759 1735 3780 ,
1766 3718 2049 3780 sambucas,

487 3789 728 3848 citharas,
750 3788 1069 3855 calamosque
1094 3789 1332 3856 tubasque
1346 3803 1367 3841 :
1386 3788 1577 3853 quibus
1596 3801 1811 3855 organa,
1828 3801 2052 3852 quorum

492 3872 630 3911 nunc
655 3869 736 3910 est
773 3872 918 3921 usus,
954 3860 1139 3911 listulis
1187 3858 1447 3926 plumbeis
1485 3858 1776 3923 composita
1816 3856 2053 3910 Pruden-

488 3929 616 3980 tium
644 3942 747 3980 non
774 3928 1051 3995 designare
1075 3929 1366 3981 contendit.
1392 3926 1493 3981 Sed
1516 3926 1702 3979 melius
1724 3934 1931 3990 poterat
1955 3941 2054 3993 pro

496 3998 705 4066 organis
731 3997 867 4062 apud
900 4006 1106 4051 veteres
1125 3998 1351 4066 allegare
1379 4011 1514 4049 vers.
1542 3996 1644 4049 589
1672 4014 1683 4049 :
1712 3996 1918 4066 Organa
1943 3997 2052 4047 dis-

489 4065 690 4131 paribus
736 4065 944 4116 calamis
989 4067 1125 4131 quod
1173 4065 1393 4119 consona
1442 4068 1680 4125 miscent,
1721 4065 1807 4119 ubi
1848 4067 2050 4119 instru-

492 4143 728 4203 mentum
753 4135 1175 4203 noswisorganis
1199 4136 1369 4189 simile
1391 4134 1727 4188 describitur.
1747 4135 1873 4189 Vide
1893 4148 2051 4197 supra

498 4213 607 4255 not.
638 4202 703 4255 ad
732 4217 868 4256 vers.
909 4202 1411 4272 148.0rganorum,
1440 4205 1632 4271 quibus
1662 4203 1813 4257 folles
1842 4205 2054 4258 adbibe-

497 4281 700 4334 rentur,
746 4273 1007 4339 antiquior
1047 4284 1126 4324 cst
1169 4288 1294 4325 usus
1326 4287 1482 4339 quam
1532 4273 1678 4325 nudti
1722 4273 1821 4327 viri
1861 4275 2051 4329 eruditi

492 4350 701 4409 putant.
734 4342 790 4393 S.
824 4342 1144 4409 Augustinus
1172 4344 1223 4394 in
1256 4342 1388 4407 psal.
1419 4356 1501 4395 av:
1528 4344 1825 4409 :0rganum
1845 4344 2046 4410 dicitur,

529 4412 627 4463 uod
646 4410 838 4482 grande
876 4421 971 4477 est,
1008 4422 1051 4463 et
1085 4413 1294 4477 inﬂatur
1321 4411 1546 4477 follibus.
1592 4412 1664 4465 De
1702 4412 1787 4466 bis
1816 4413 2053 4482 intelligo

2220 2878 2348 2931 £00.
2379 2877 2522 2942 Put.,
2554 2879 2804 2950 inerglnta
2821 2876 3007 2950 ;_Pal.,
3047 2876 3363 2950 iii/tergima._
3387 2877 3541 2940 Ald.,
3570 2876 3736 2945 Urb.,

2155 2946 2317 3015 Bong.
2351 2962 2379 2999 a
2413 2949 2578 3019 prima
2611 2946 3014 3019 Inanu,ATorn.,
3055 2949 3276 3019 energia.
3321 2947 3475 3013 Man,
3502 2950 3737 3019 margin;

2155 3020 2205 3071 in
2234 3034 2426 3087 marg.,
2468 3018 2750 3088 inergima;
2781 3016 2948 3081 Sicli.,
2982 3016 3465 3087 Alex.,'energima.
3506 3016 3629 3071 Vat.
3666 3022 3733 3085 ρ,

2155 3090 2351 3157 inergia
2376 3089 2554 3142 nostri.
2603 3089 2827 3152 Bonum,
2873 3090 3089 3156 inorgia,
3140 3088 3258 3142 sive
3288 3089 3336 3139 in
3365 3089 3530 3155 orgia,
3566 3091 3732 3143 male.

2152 3158 2482 3235 gramarum
2530 3157 2768 3225 ellertur,
2819 3160 3089 3235 etiam“;
3141 3159 3330 3235 Latine
3375 3172 3434 3235 ea
3479 3172 3605 3235 usus
3650 3170 3736 3215 est

2154 3228 2507 3282 Tertulliauus
2539 3244 2634 3293 pro
2671 3244 2838 3299 opere,
2870 3226 3072 3297 ἐπίθετα,
3107 3228 3172 3289 vi,
3212 3226 3597 3299 eﬁicacia,_Cur
3628 3244 3731 3295 pe-

2156 3300 2376 3351 nultima
2417 3296 2755 3366 corripiatur,
2784 3296 2976 3352 dixiin
3007 3299 3206 3367 proleg.
3240 3298 3399 3353 Nolat
3432 3296 3728 3361 Mariettus,

2154 3369 2218 3419 ad
2243 3367 2381 3422 hunc
2405 3370 2575 3421 locum
2599 3370 2897 3437 respexisse
2913 3369 3222 3436 Gregorium
3238 3367 3604 3429 Turonensem
3630 3369 3727 3422 lib.

2154 3453 2243 3502 vn,
2275 3453 2391 3504 pag.
2422 3436 2520 3490 ιη
2552 3455 2564 3491 :
2593 3436 2867 3504 Nonnulli,
2892 3441 3083 3505 arrepti
3114 3456 3144 3490 a
3171 3438 3419 3501 dwmone,
3466 3453 3555 3507 per
3585 3454 3709 3497 ener

2153 3508 2287 3576 giam
2317 3507 2699 3573 debaccliantes,
2732 3521 3001 3577 martyrem
3027 3508 3396 3565 declamabant.

2222 3577 2344 3631 402.
2395 3578 2703 3642 Πειηοηθδ,
2754 3594 2784 3633 e
2836 3579 3147 3644 corporibus
3198 3578 3539 3639 obsessorum
3593 3578 3722 3632 olin.

2155 3648 2414 3714 emigrare
2445 3646 2613 3714 jussi,
2663 3648 2870 3700 nomina
2914 3649 3131 3702 deorum
3173 3663 3304 3713 quos
3336 3647 3533 3707 ethnici
3584 3649 3733 3702 cole-

2157 3719 2313 3781 bant,
2353 3731 2410 3770 sc
2465 3717 2662 3771 habere
2710 3718 3115 3785 proﬁtebantur.
3150 3717 3486 3781 Lactantius,
3530 3717 3624 3770 lib.
3656 3734 3733 3784 il,

2154 3801 2269 3853 cap.
2300 3786 2364 3839 16
2391 3802 2402 3835 ς
2434 3786 2609 3840 .lustos
2648 3798 2810 3847 autem
2830 3826 2845 3850 ,
2872 3789 2925 3840 id
2950 3798 3053 3850 est,
3085 3790 3300 3839 cultores
3332 3785 3461 3853 Dei,
3501 3798 3732 3842 metuunt

2154 3856 2490 3922 (daemones)
2538 3858 2686 3925 cujus
2741 3858 2942 3912 nomine
2996 3857 3262 3927 adjurati,
3313 3859 3374 3908 de
3430 3859 3729 3927 eorporibus

2153 3938 2336 3985 exeunt
2354 3941 2374 3978 :
2400 3942 2613 3994 quorum
2642 3928 2820 3987 verbis,
2845 3926 3085 3987 tanquam
3116 3927 3313 3996 ﬂagris,
3341 3926 3604 3991 verberati,
3632 3944 3733 3979 non

2154 3997 2305 4049 ntodo
2333 3997 2584 4051 dmmones
2624 4012 2729 4049 esse
2755 4013 2808 4053 se
2844 3998 3165 4064 conﬁtentur,
3197 3996 3282 4053 sed
3322 3996 3473 4049 etiam
3516 4000 3724 4064 nomine

2153 4082 2245 4118 sua
2282 4068 2465 4127 edunt,
2495 4066 2585 4117 illa
2615 4083 2725 4133 qua:
2758 4067 2808 4118 in
2840 4063 3038 4132 templis
3079 4066 3517 4125 adorantur,~elc.
3564 4063 3725 4119 Plura

2156 4135 2206 4187 in
2239 4136 2377 4188 hanc
2399 4150 2509 4188 rem
2541 4134 2689 4191 allen
2724 4137 2979 4191 Baronius
3011 4147 3135 4189 tom.
3164 4135 3179 4189 l
3205 4137 3412 4197 Annal.,
3438 4148 3561 4201 pag.
3587 4136 3716 4197 H3,

2154 4205 2241 4258 ubi
2276 4206 2505 4259 maxime
2550 4205 2663 4257 haec
2703 4205 2971 4261 Prudentii
3017 4206 3179 4258 verba
3226 4205 3484 4265 eminent,
3525 4204 3725 4269 quibus

2153 4275 2432 4341 quamdam
2490 4276 2779 4335 exorcismi
2828 4274 3109 4328 fei'inulam
3160 4274 3422 4328 contineri
3475 4272 3730 4335 doctissi-

2155 4358 2271 4396 mus
2296 4345 2580 4397 cardinalis
2616 4345 2865 4398 aflirtitat.
2896 4344 3025 4399 Vide
3050 4344 3107 4399 S.
3130 4345 3408 4397 Paulinum
3434 4342 3604 4397 Natali
3640 4344 3728 4408 ll,

2156 4429 2293 4467 vers.
2319 4411 2388 4467 95
2425 4423 2479 4468 et
2519 4427 2691 4481 seqq"
2715 4425 2769 4469 et
2794 4430 2909 4481 quae
2950 4423 3135 4468 notant
3168 4413 3473 4475 Wovrerus,
3507 4414 3724 4466 Elmen-

538 4480 763 4535 rudentii
790 4496 979 4547 organa
1000 4482 1283 4548 disparibus
1306 4482 1535 4542 calamis,
1558 4488 1613 4534 et
1635 4496 1829 4549 organa
1864 4480 2044 4536 Ectle-
2073 4487 2125 4546 D
2151 4484 2397 4543 horstius.
2431 4480 2685 4538 lleraldus
2727 4494 2780 4537 et
2806 4480 3053 4538 Ouzelius
3081 4485 3219 4537 hunc
3255 4483 3469 4536 Minucii
3501 4483 3679 4536 locum
3705 4502 3721 4541 :

489 4552 583 4605 sia:
616 4551 948 4613 Parisiensis,
979 4550 1043 4604 de
1081 4554 1272 4620 quibus
1304 4550 1623 4605 Fortunatus
1654 4552 1744 4605 lib.
1790 4567 1848 4616 ιι,
1877 4566 2045 4607 carm.

489 4622 555 4676 i9
577 4639 591 4676 :
624 4621 724 4675 llic
749 4637 872 4691 puer
897 4621 1094 4691 exiguis
1118 4630 1416 4691 attemperut
1446 4636 1635 4691 organa
1660 4622 1856 4674 cannis.
1888 4621 2049 4689 Orga-

490 4708 616 4746 num
666 4694 860 4745 nostris
909 4691 1231 4745 simillimum
1278 4691 1530 4745 describit
1576 4691 1931 4753 Claudianus,
1983 4692 2051 4746 de

488 4762 777 4815 Consulatu
801 4761 958 4815 Mallii
991 4761 1251 4827 Theodori
1283 4779 1297 4814 :
1334 4760 1395 4813 Et
1419 4762 1504 4829 qui
1530 4776 1713 4829 magna
1745 4763 1836 4816 levi
1871 4760 2049 4814 detru-

489 4832 615 4884 dens
642 4846 908 4885 murmura
933 4839 1092 4896 tactu,
1124 4830 1426 4885 Innumeras
1447 4846 1588 4884 uoces
1618 4831 1795 4898 segetis
1818 4834 2052 4885 modera-

491 4902 571 4953 tus
611 4903 806 4966 ahenea,
849 4900 1056 4954 Intonat
1100 4902 1287 4954 erranti
1324 4902 1502 4969 digito,
1540 4902 1833 4970 penitusque
1869 4903 2053 4957 trabali

500 4970 648 5023 Vecte
674 4973 960 5025 laborantes
983 4973 1033 5024 in
1061 4972 1286 5024 carmina
1316 4971 1533 5024 concitat
1558 4973 1739 5029 undas.
1770 4972 2049 5041 llydrauli-

491 5055 610 5099 cum
654 5042 861 5095 videtur
892 5043 991 5094 hoc
1021 5043 1180 5097 fuisse
1218 5055 1495 5107 organum.
1537 5041 1651 5097 Alia
1686 5053 1839 5095 erant
1879 5057 2047 5108 pneu-

494 5112 704 5173 matica,
743 5112 810 5165 de
854 5112 1047 5178 quibus
1084 5111 1428 5179 Augustinus,
1469 5111 1700 5165 Isidorus
1738 5120 1791 5164 et
1846 5110 2047 5169 Plinius

493 5181 587 5234 lib.
613 5195 836 5249 vu,cap.
867 5181 957 5244 57,
985 5181 1070 5249 qui
1089 5184 1419 5250 pneumatica
1445 5189 1501 5234 et
1521 5180 1825 5250 hydraulica
1848 5195 2045 5249 organa

494 5250 702 5304 videtur
729 5250 1071 5318 distinguere.
1102 5252 1315 5305 Conl'er.
1349 5251 1526 5303 Gloss.
1563 5252 1831 5318 Ducangii.

565 5322 689 5376 595.
708 5321 909 5377 Nomen
930 5320 955 5373 J
963 5335 1053 5375 esu
1066 5320 1262 5374 Christi
1280 5322 1444 5385 dulce,
1473 5321 1687 5379 blandus
1706 5321 1757 5377 in
1771 5336 1856 5374 ore
1870 5336 2043 5387 sapor,

494 5392 590 5443 mel
612 5409 663 5443 tn
678 5409 782 5458 ore,
801 5393 852 5444 in
868 5407 991 5447 aure
1011 5391 1186 5447 melos.
1205 5390 1257 5443 in
1269 5392 1418 5444 corde
1435 5392 1629 5450 lwtitia.
1647 5400 1697 5444 et
1712 5391 1901 5447 similia
1917 5392 2053 5458 apud

493 5463 549 5532 ξ.
583 5462 925 5528 Bernardum,
948 5459 1223 5532 serutalb,
1255 5463 1475 5532 ineant.
1503 5470 1556 5515 et
1580 5460 1715 5521 alios
1742 5461 1961 5532 passim.
1980 5462 2053 5515 Ex

498 5529 784 5600 Prudentia
810 5533 860 5585 id
884 5529 1173 5599 sumpsisse
1198 5530 1255 5584 S.
1288 5530 1613 5591 Bern‘ardum
1643 5542 1788 5600 putat
1818 5530 2052 5585 'l‘oolius.

496 5598 635 5655 Idem
664 5601 843 5656 scribit
868 5604 1098 5672 ﬂagrans
1120 5600 1265 5668 odor,
1305 5599 1404 5661 nisi
1434 5598 1683 5661 mendum
1712 5611 1795 5657 est
1824 5614 1921 5671 pro
1953 5600 2058 5669 fra-

494 5686 540 5736 gi
556 5686 667 5721 aus.

566 5739 687 5793 599.
721 5739 901 5803 Egtti.,
925 5738 1082 5803 male,
1112 5754 1262 5793 auras
1292 5752 1386 5804 pro
1412 5755 1555 5794 aures

2158 4552 2281 4607 Ila’c
2309 4555 2475 4606 omnia
2512 4554 2677 4607 sciunt
2719 4555 2961 4620 plerique,
3007 4571 3123 4621 pars
3154 4569 3367 4606 vestrum
3390 4592 3403 4616 ,
3450 4558 3588 4619 ipsos
3622 4554 3730 4607 dte-

2157 4639 2331 4676 monas
2361 4624 2423 4675 de
2447 4624 2724 4690 semetipsis
2750 4626 2976 4689 conﬁteri
2997 4665 3009 4685 ,
3042 4625 3236 4691 quoties
3262 4639 3293 4674 a
3332 4622 3475 4674 nobis
3512 4634 3733 4676 tormen-

2156 4693 2219 4745 tis
2244 4693 2543 4755 verborum,
2572 4702 2618 4745 et
2650 4695 2889 4746 orationis
2929 4695 3172 4747 incendiis
3197 4695 3258 4746 de
3298 4693 3595 4760 corporibus
3621 4697 3735 4746 eati-

2158 4772 2364 4831 guntur.
2421 4762 2536 4829 Ipse
2591 4763 2875 4822 Saturnus,
2920 4774 2966 4817 et
3025 4764 3265 4831 Serapis,
3318 4772 3363 4815 et
3411 4762 3635 4828 Jupiter,
3687 4775 3735 4816 et

2158 4832 2402 4901 quidquid
2442 4833 2731 4891 dwmonum
2771 4833 2966 4899 colitis,
2996 4833 3113 4886 victi
3149 4832 3354 4889 dolore.
3390 4831 3530 4899 quod
3569 4846 3693 4886 sunt
3716 4876 3731 4897 ,

2160 4903 2477 4964 eloquuntur,
2514 4902 2764 4957 Homines
2790 4920 2819 4956 a
2861 4904 3012 4957 malis
3041 4902 3371 4955 (temonibus
3418 4903 3596 4955 vexati
3638 4918 3737 4957 γο-

2159 4986 2346 5027 cantur
2391 4973 2747 5040 cnergumeni;
2791 4988 2895 5035 quo
2936 4972 3197 5038 pertinet,
3240 4971 3452 5038 opinor,
3492 4986 3590 5023 vos
3642 4975 3735 5027 illi

2161 5043 2465 5103 l’rudentii,
2498 5042 2679 5097 Severi
2724 5041 2978 5109 Sulpicii,
3026 5040 3264 5109 Gregorii
3309 5041 3640 5095 Turonensis
3683 5054 3736 5097 et

2157 5111 2382 5164 aliorum
2429 5112 2702 5175 energima.
2745 5111 3015 5177 Siquidem
3061 5124 3452 5178 enerpumenus
3493 5119 3575 5164 est
3617 5113 3735 5165 dm-

2157 5182 2447 5244 moniacns,
2480 5182 2567 5249 qui
2598 5182 2930 5245 (narrationes
2954 5181 3242 5235 diabolicas
3267 5178 3520 5232 imitatur.

2226 5251 2346 5304 405.
2380 5253 2524 5317 Ilat.,
2555 5265 2643 5302 nec
2665 5251 2909 5317 ﬂumina,
2942 5266 2971 5307 a
2998 5250 3165 5319 prima
3199 5266 3376 5320 niann,
3409 5251 3568 5303 male.

2224 5320 2346 5374 407.
2378 5323 2549 5385 Exitu,
2576 5323 2733 5384 male,
2759 5322 2873 5373 exui
2895 5332 2940 5373 te
2972 5318 3065 5389 pro
3095 5318 3218 5373 exue
3247 5330 3309 5373 te.
3338 5318 3586 5374 Heinsius
3602 5336 3735 5374 con-

2157 5390 2268 5459 jicit
2308 5401 2352 5441 et
2378 5392 2516 5457 spira
2545 5392 2676 5461 solue
2708 5391 2973 5455 latentem,
3009 5391 3107 5445 hoc
3144 5400 3257 5455 est,
3298 5392 3434 5461 solue
3475 5401 3521 5444 te
3558 5395 3731 5461 spira,

2161 5461 2252 5529 sub
2298 5477 2397 5526 qua
2445 5462 2587 5517 lates.
2640 5459 2818 5517 Lectio
2858 5461 3101 5516 codicum
3141 5461 3306 5529 magis
3350 5460 3523 5528 placet
3562 5459 3734 5527 spiras

2161 5528 2297 5609 solre
2337 5531 2566 5609 latentes,
2598 5544 2702 5583 non
2733 5531 2875 5586 enim
2922 5530 3091 5601 magis
3122 5531 3247 5585 latet
3293 5530 3536 5597 daemon,
3570 5547 3733 5601 quam

2164 5614 2279 5667 eius
2305 5616 2481 5669 spine.

2234 5668 2356 5723 408⁷.
2385 5668 2504 5741 Gis.
2521 5668 2584 5723 ad
2614 5683 2794 5734 oram,
2826 5686 2937 5741 cur,
2963 5672 3369 5741 corruptissime,
3400 5672 3596 5726 vexas?
3627 5671 3731 5729 Re.

2164 5741 2452 5807 cautiores,
2476 5738 2583 5806 far,
2604 5750 2654 5794 et
2686 5740 2871 5793 veras?
