3950 6326
528 336 632 394 959
685 354 691 361 ‘

702 450 951 508 Libatura
979 466 1160 509 sacros
1186 453 1381 509 Christi
1410 452 1477 509 de
1503 453 1759 523 sanguine
1791 462 1968 521 potus.

700 544 935 602 Novitet
959 547 1189 602 Atlantis
1217 531 1421 617 pridem
1455 548 1605 617 plaga
1640 545 1838 616 perﬁda
1868 547 2033 602 Mauri

701 637 906 693 Dedere
932 639 1151 694 crinitos
1175 639 1241 694 ad
1268 639 1462 695 Christi
1488 639 1673 695 altaria
1702 656 1878 710 reges.

517 728 623 783 435
697 727 776 783 Et
807 744 912 799 quo
940 732 1219 787 mortalem
1250 731 1573 801 priestrinxit
1602 732 1819 801 spiritus
1849 732 2052 804 alvum,

692 818 923 889 Spiritus
948 822 1035 877 ille
1064 823 1186 887 Dei,
1221 824 1382 891 Deus,
1410 834 1464 879 ct
1492 839 1548 879 sc
1581 839 1809 893 corpore
1838 825 2020 881 matris

696 908 899 977 Induit,
934 921 1092 983 atque
1123 914 1390 969 hominem
1415 914 1480 969 de
1517 916 1820 985 virginitate
1850 918 2088 973 creavit:

638 1000 644 1009 ’
695 1003 949 1074 Delphica
976 1006 1239 1063 damnatis
1270 1016 1546 1063 tacuerunt
1572 1010 1803 1063 sortibus
1833 1019 1983 1065 antra
2002 1052 2018 1078 ,

691 1096 804 1151 Non
831 1098 1064 1168 tripodas
1084 1100 1291 1155 cortina
1318 1101 1470 1171 regit,
1497 1116 1600 1155 non
1628 1110 1837 1168 spumat
1865 1102 2090 1158 anhelus

496 1183 619 1247 ,440
688 1186 847 1259 M3
868 1189 995 1243 Fata
1024 1189 1294 1261 Sibyllinis
1323 1191 1581 1246 fanaticus
1609 1192 1750 1247 edita
1782 1193 1951 1249 libris.

689 1280 921 1337 Perdidit
948 1283 1164 1339 insanos
1193 1284 1413 1339 mendax
1434 1284 1652 1341 Dodona
1690 1301 1943 1356 vapores,

1637 339 1913 397 AURELII
1950 342 2314 402 PRUDENTII
2351 347 2675 405 CABMINA.
3683 355 3781 412 960

2129 460 2183 518 Δ

2382 459 2584 516 Mortua
2605 462 2716 533 jam
2740 464 3092 537 mutaelugent
3115 467 3332 523 oracula
3361 466 3563 535 Cumae,

2378 552 2485 609 Nec
2504 569 2757 625 reSponsa
2785 556 2949 613 refert
2964 558 3175 632 Libycis
3196 560 3248 615 in
3268 564 3504 632 syrtibus
3517 565 3776 620 Ammon:

2380 645 2496 716 lpsa
2510 648 2620 702 suis
2641 648 2911 705 Christum
2942 651 3204 721 Capitolia
3230 651 3457 709 Romula
3480 666 3713 712 moerent

2200 737 2307 793 445
2380 738 2712 810 Principibus
2742 742 2922 799 lucere
2941 744 3128 812 Deum,
3173 747 3552 820 destructaque
3582 752 3775 822 templa

2381 832 2605 901 Imperio
2626 834 2883 892 cecidisse
2907 837 3131 904 ducum;
3157 840 3265 909 jam
3292 855 3523 911 purpura
3551 845 3777 914 supplex

2374 924 2645 980 Sternitur
2669 926 2921 984 Eneadaa
2944 931 3169 986 rectoris
3191 932 3257 985 ad
3282 933 3412 987 atria
3440 934 3643 990 Christi
3673 977 3689 1001 ,

2380 1016 2746 1090 Vexillumque
2770 1021 2942 1076 amcis
2970 1036 3208 1079 summus
3233 1023 3538 1081 dominator
3566 1025 3774 1082 adorat.

2374 1105 2707 1179 Principibus
2747 1119 2924 1168 tamen
2970 1128 3001 1168 e
3044 1115 3248 1170 cunctis
3286 1130 3391 1171 non
3421 1117 3594 1172 defuit
3618 1134 3772 1180 unus.

2197 1196 2303 1253 450
2348 1198 2537 1289 ,444
2561 1203 2641 1258 Me
2664 1218 2853 1274 puero,
2887 1214 2943 1261 ut
2972 1206 3210 1273 memini,
3234 1207 3422 1264 ductor
3452 1206 3775 1265 fortissimus

3496 1301 3706 1373 [armis

1814 1399 2098 1457 GLOSSAS
2139 1400 2477 1464 VETERES.

578 1492 701 1547 452.
734 1491 1006 1557 Libatura,
1035 1492 1225 1558 bibens,
1254 1493 1328 1545 vel
1357 1492 1604 1556 bibitura,
1634 1491 1671 1543 1.

576 1561 700 1619 455.
732 1563 987 1626 Atlantis,
1018 1578 1162 1616 mons
1181 1564 1247 1617 ad
1274 1562 1637 1617 meridianum.
1663 1592 1729 1601 —
1758 1562 1959 1632 Mauri,
1986 1581 2077 1634 po-

546 1634 646 1697 ttli,
677 1634 715 1688 1.

504 1651 715 1757 parii]:
734 1704 959 1770 Dedere,
986 1705 1189 1772 o/I‘erre,
1213 1706 1251 1759 1.
1570 1754 1577 1763 .

572 1776 695 1846 455.
730 1774 1089 1846 Prmstriuxit,
1115 1778 1515 1846 prwoceupavit,
1542 1778 1581 1833 I.

573 1845 696 1900 458.
730 1845 979 1914 Delphica
1002 1888 1017 1912 ,
1047 1845 1336 1917 Apollinea.
1365 1846 1551 1917 Delphi
1582 1849 1721 1903 locus
1744 1850 1816 1901 est
1848 1848 1899 1899 in
1931 1845 2073 1901 Grtr-

502 1915 600 1978 cia,
634 1917 683 1967 in
706 1933 805 1984 quo
830 1917 1011 1986 Apollo
1042 1915 1318 1972 colebatur.
1338 1949 1405 1957 —
1425 1915 1611 1984 Antra,
1640 1935 1905 1986 respousa,
1937 1917 1976 1971 Ι.

498 2022 499 2025 η
571 1985 694 2040 459.
726 1985 1013 2055 TripOdas,
1057 2004 1258 2043 mensas
1304 1988 1578 2059 Apollinis.
1605 2018 1677 2031 —
1702 1985 1918 2059 Cortina
1939 2029 1954 2053 ,
1988 2005 2067 2042 se-

501 2068 690 2140 cretum
712 2059 868 2181 lquod
903 2059 1111 2113 cortinis
1151 2058 1437 2130 oppansum
1476 2070 1568 2114 est.
1594 2090 1661 2101 —
1691 2058 1945 2129 Spumat,
1992 2059 2069 2113 lo-

501 2138 686 2181 quitur.
739 2167 750 2180 .

500 2128 686 2197 quitur,
712 2128 750 2181 1.

574 2199 690 2253 HO.
725 2198 1027 2266 Fanaticus,
1059 2201 1293 2267 fanorum
1314 2202 1569 2266 sacerdos,
1591 2202 1632 2255 1.

566 2268 689 2324 441.
745 2268 983 2338 Dodona,
1032 2271 1176 2335 silva,
1220 2272 1395 2325 civitas
1450 2271 1677 2327 ercite.
1722 2273 2069 2345 -—-Vapores,

2188 1496 2396 1565 hostias,
2425 1500 2465 1554 Ι.

2257 1570 2381 1623 44Ξ.
2416 1568 2616 1636 Cumae,
2641 1573 2881 1639 civitatis,
2931 1571 2969 1627 Ι.

2253 1639 2375 1719 445..
2394 1641 2448 1719 Li
2458 1641 2892 1719 bycis,_.4fricanis
2905 1642 3092 1696 arenis.
3108 1672 3177 1682 —
3190 1645 3414 1699 Ammon
3425 1688 3440 1713 ,
3454 1644 3621 1702 lovis.
3639 1646 3675 1701 .1
3682 1664 3772 1719 rsp-

2182 1710 2311 1779 piter
2335 1710 2593 1780 Afrorum,
2623 1710 2661 1765 l.

2254 1782 2373 1835 444.
2402 1782 2645 1848 Mmrent,
2678 1783 2871 1849 dolent,
2910 1784 2986 1836 vel
3030 1784 3229 1842 timent.
3264 1784 3303 1837 Ι.

2249 1850 2373 1923 446.
2406 1852 2667 1923 Purpura,
2693 1853 2879 1923 regalis
2911 1855 3153 1923 dignitas,
3190 1854 3309 1908 Vat.
3340 1856 3404 1910 A.

2249 1921 2677 1995 447.1Enead;n,
2712 1921 3121 1995 Biemann—quod
3148 1926 3209 1979 de
3249 1924 3420 1979 ZEnea
3441 1926 3541 1979 sint
3575 1931 3701 1995 orti,
3732 1930 3771 1985 Ι.

2180 2024 2248 2032 -
2271 1994 2441 2053 Atria,
2466 1995 2676 2060 templa,
2711 1992 2829 2048 Vat.
2860 1995 2925 2047 A.

2178 2135 2219 2189 Υ
2249 2065 2379 2188 “8A.
2411 2064 2742 2129 Dominator,
2766 2064 3057 2134 imperator,
3078 2066 3267 2135 Caesar,
3311 2066 3351 2122 1.
3380 2068 3771 2137 Constantinus,

2226 2145 2295 2189 at.
2392 2176 2402 2187 .

2208 2135 2295 2189 Fat.
2340 2136 2402 2188 A.

2250 2204 2373 2259 449.
2407 2205 2631 2272 Tamen,
2680 2207 2857 2271 etiam,
2888 2206 2929 2259 1.

2250 2275 2374 2330 450.
2404 2275 2765 2343 Fortissimus,
2800 2276 3063 2347 Julianus,
3091 2278 3207 2333 Vat.
3234 2279 3298 2333 A.

1849 2385 2404 2443 COMMENTARIUS.

522 2510 543 2571 χ
566 2496 689 2571 4ᾷ2.
726 2498 799 2571 Eu
828 2506 1067 2571 apertum
1093 2498 1161 2555 de
1190 2499 1470 2571 praesentia
1488 2499 1741 2571 corporis
1768 2508 1827 2571 et
1857 2502 2069 2571 sangui-

496 2570 579 2623 nis
599 2569 722 2623 lesu
744 2569 938 2623 Christi
960 2572 1012 2625 in
1036 2568 1356 2625 eucharistia
1380 2570 1759 2625 testimonium.
1785 2568 1914 2623 Nam
1940 2568 2065 2626 olim

495 2640 823 2710 Christianos
848 2641 947 2694 sub
969 2650 1187 2710 utraque
1218 2642 1395 2710 Specie
1424 2654 1572 2694 sacra
1596 2641 1781 2709 synaxi
1809 2640 1955 2695 reﬁci
1980 2656 2067 2695 so~

496 2709 620 2765 litos
646 2726 729 2765 res
760 2721 883 2765 nota
914 2720 995 2766 est
1023 2709 1287 2766 omnibus.

564 2782 685 2836 455.
722 2782 908 2848 Bong.,
942 2782 1143 2837 Widm.
1187 2797 1216 2835 a
1257 2797 1415 2836 manu
1465 2781 1666 2851 prima,
1712 2792 1766 2836 et
1812 2782 2054 2836 nonnulli

494 2850 646 2922 Vulg.
675 2853 812 2921 apud
848 2852 1127 2907 Wcitzium
1161 2854 1381 2922 fervida,
1408 2850 1511 2905 non
1540 2852 1787 2919 absurde,
1822 2855 2062 2921 quamvis

491 2920 597 2995 jam
641 2926 995 2995 prrccesscrit.
1042 2924 1127 2995 Sic
1162 2920 1355 2995 Avitus
1404 2923 1496 2977 lib.
1545 2938 1574 2975 v
1599 2941 1611 2995 ς
1660 2920 2062 2995 Plaga’ferjuida

490 2993 620 3045 cali.
642 2993 743 3049 Sed
768 2994 885 3047 Ald.
907 3009 1026 3049 cum
1052 2994 1347 3049 Heinsiauis
1369 3002 1423 3048 et
1446 2993 1660 3057 nostris,
1680 2993 1897 3062 Wéitz.,
1922 2994 2058 3062 Gis.,

490 3064 706 3133 perﬁda.
735 3063 928 3118 Punica
953 3066 1079 3133 ﬁdes
1107 3066 1237 3119 abiit
1268 3065 1318 3118 in
1353 3064 1707 3132 proverbium.

597 3134 683 3187 55.
726 3134 969 3191 Gifanius
1014 3134 1238 3190 Collect.
1282 3136 1493 3190 Lucret.
1539 3138 1678 3189 hunc
1722 3134 1892 3189 locum
1936 3137 2057 3191 illu-

2179 2501 2292 2556 llth
2324 2502 2585 2556 indicasse
2611 2502 2841 2557 sufﬁciat
2869 2520 2881 2558 :
2915 2502 3007 2556 sed
3040 2516 3145 2555 nou
3177 2510 3259 2556 est
3287 2502 3641 2559 omittendum
3679 2524 3770 2562 re-

2176 2587 2465 2640 sponsum,
2499 2572 2638 2640 quod
2681 2588 2743 2627 ex
2777 2573 2996 2626 oraculo
3042 2572 3293 2638 Delphico
3334 2576 3541 2642 accepit
3578 2578 3770 2643 Augur

2177 2653 2311 2713 stus,
2336 2657 2455 2697 cum
2494 2643 2728 2697 misisset
2754 2643 2957 2713 legatos
2991 2658 3116 2713 suos
3144 2644 3467 2713 sciscitatum
3494 2644 3561 2699 de
3594 2648 3766 2705 rebus

2174 2710 2387 2777 futuris,
2424 2722 2483 2765 ut
2528 2713 2763 2767 referunt
2797 2710 2983 2767 multi:
3018 2712 3102 2765 ille
3134 2728 3257 2775 puer
3304 2712 3569 2778 Hebrtrus,
3611 2719 3766 2773 diuos

2174 2781 2311 2836 Deus
2355 2784 2462 2851 ipse
2501 2784 2817 2852 gubernans,
2852 2784 3195 2855 Cederegsede
3227 2782 3417 2855 jubet,
3458 2786 3765 2855 tristemque

2172 2854 2340 2907 subire
2366 2856 2453 2907 sub
2478 2870 2670 2908 arcum.
2704 2855 2816 2907 Aris
2840 2871 2955 2923 ergo
2985 2853 3163 2905 dehinc
3185 2854 3364 2905 tacitus
3386 2854 3629 2910 discedite
3662 2853 3763 2911 rso-

2170 2926 2308 2977 stris.
2339 2925 2533 2978 Confer
2564 2926 2722 2978 etiam
2754 2925 2843 2977 lib.
2880 2933 2892 2976 I
2930 2924 3184 2977 adversus
3213 2924 3383 2993 Sym.,
3429 2940 3570 2979 vers.
3612 2927 3760 2995 245,

2171 2996 2260 3049 ubi
2288 2998 2479 3049 iterum
2512 2995 2622 3047 Van
2654 2995 2845 3047 Daleus
2871 2995 3162 3047 refelletur.

2238 3065 2361 3120 440.
2397 3065 2749 3137 Prudentium
2773 3066 2871 3137 hoc
2903 3064 3263 3137 locorejicere
3298 3066 3533 3137 _carmina
3565 3066 3760 3137 Sibyl-

2167 3137 2296 3202 lina,
2329 3151 2446 3206 quae
2477 3137 2611 3189 inter
2630 3133 2959 3189 Christianos
2981 3133 3505 3206 circumferebantur,
3539 3133 3760 3194 nonne:

488 3211 641 3257 strat.
674 3204 930 3259 Videlicet
973 3221 1037 3258 sx
1084 3198 1212 3269 otio,
1264 3215 1557 3275 postquam,
1590 3207 1705 3273 jam
1751 3222 1865 3259 vero
1916 3218 2056 3274 post—
2167 3222 2255 3261 mo
2284 3198 2535 3271 affirmat,
2573 3206 2700 3258 mihi
2726 3220 2828 3259 nou
2861 3207 3042 3274 liquet.
3093 3203 3319 3276 Romani
3363 3206 3427 3258 ad
3453 3206 3756 3276 Sibyllinos

488 3290 671 3345 quam;
709 3290 1096 3340 PRESTRINUT,
1130 3279 1421 3345 occupavit,
1463 3276 1682 3339 obsedit,
1712 3276 2053 3343 obumbravit,
2091 3335 2129 3345 _
2169 3276 2352 3342 libros,
2383 3290 2625 3345 tauquam
2658 3276 2721 3329 ad
2754 3276 2988 3339 oracula,
3013 3275 3299 3343 confugere
3326 3275 3585 3330 solebant.
3637 3278 3755 3334 Re-

489 3335 543 3393 ut
575 3335 842 3413 Scriptura
869 3335 1108 3413 loquitur.
1139 3335 1351 3397 Summa
1383 3335 1497 3406 est,
1534 3335 1800 3409 nato'jam
1843 3335 2057 3401 Christo
2083 3335 2129 3397 C
2161 3335 2350 3401 censet,
2373 3335 2687 3401 Prudentius
2710 3335 3056 3401 celeberrima
3084 3335 3324 3399 vetérum
3346 3348 3582 3410 oracula,
3614 3348 3754 3403 Del-

488 3413 910 3486 evauuissefalsa
940 3414 1271 3468 ethnicorum
1291 3415 1649 3469 oracula.Alii
1672 3415 1909 3469 scribunt
1940 3433 2055 3485 per-
2162 3417 2396 3483 phicum,
2423 3417 2759 3486 Sibyllinum,
2805 3417 3148 3486 Dodonaeum,
3207 3416 3346 3485 quod
3382 3416 3430 3468 in
3486 3417 3749 3475 Dodonea

488 3482 828 3556 strinx_it,_alii
860 3486 1191 3552 praestrinxit.
1728 3555 1735 3556 ί
1940 3482 1949 3485 ⁷
2162 3482 2306 3550 Epiri
2338 3488 2469 3540 silva
2493 3482 2739 3556 quercus,
2769 3496 2823 3541 et
2846 3488 2925 3540 his
2950 3482 3239 3556 insidentes
3259 3486 3521 3540 columba:
3544 3490 3751 3544 redde-

559 3552 977 3627 456._lleinsius
1023 3570 1142 3627 cum
1193 3556 1310 3610 Put.
1346 3566 1415 3627 et
1444 3556 1675 3627 Thua_n.,
1710 3555 1933 3627 Spiritus
1972 3557 2058 3611 ille
2160 3556 2318 3626 bant,
2362 3552 2661 3627 Cumanum,
2696 3558 2782 3611 ubi
2810 3566 3019 3611 antrum
3046 3554 3296 3610 Cumanae
3340 3556 3578 3627 Sibyllae,
3604 3561 3747 3614 Am-

2160 3629 2392 3682 monium
2422 3627 2476 3681 in
2506 3626 2691 3697 Libya.

2227 3699 2351 3752 441.
2413 3699 2629 3752 Insanus
2675 3705 2893 3765 vapores
2949 3706 3103 3751 vocat
3129 3697 3355 3752 furorem
3426 3698 3747 3768 fanaticum,

2160 3769 2311 3834 cujus
2341 3770 2557 3823 materia
2583 3783 2611 3821 a
2636 3768 2854 3822 medicis
2882 3782 3045 3837 vapor
3091 3768 3317 3834 calidus,
3380 3779 3434 3822 et
3480 3784 3641 3824 urens
3686 3773 3746 3827 in

2156 3840 2438 3893 cerebrum
2469 3840 2638 3893 elatus
2668 3839 2939 3892 statuitur.
2973 3838 3043 3892 Ita
3066 3839 3299 3907 explicat
3326 3838 3564 3894 medicus
3584 3840 3747 3898 Gise-

2158 3908 2317 3978 linus,
2346 3924 2453 3963 non
2483 3908 2657 3962 infelix
2701 3910 2963 3978 interpres
3018 3909 3070 3963 in
3125 3910 3334 3964 caeteris
3380 3911 3643 3978 partibus,
3678 3914 3735 3967 in

2159 3977 2260 4033 hac
2292 3994 2420 4032 vero
2447 3981 2696 4047 optimus.

2227 4049 2351 4103 445.
2384 4049 2498 4102 Non
2518 4059 2598 4104 est
2641 4049 3110 4116 reprehendendus
3162 4051 3512 4119 poeta,quasi
3538 4066 3734 4107 oracu-

2155 4119 2263 4173 lum
2330 4120 2604 4174 Ammonis
2660 4121 2711 4173 in
2765 4120 3071 4173 Marmarica
3126 4119 3502 4189 regione,rubi
3551 4121 3737 4189 Syrtes

2156 4198 2329 4253 erant,
2361 4191 2721 4245 collocaverit.
2740 4190 2817 4245 De
2839 4190 2942 4243 alia
2970 4189 3353 4258 signiﬁcatione
3372 4188 3601 4259 Syrtium
3613 4192 3727 4257 jam

2155 4259 2263 4313 dixi
2292 4260 2489 4331 hymno
2515 4262 2543 4313 7
2576 4260 2755 4325 Cath.,
2788 4276 2929 4315 vers.
2952 4262 3039 4324 50,
3070 4270 3123 4316 et
3173 4261 3343 4314 videri
3373 4268 3539 4329 potest
3589 4262 3732 4314 Tur-

2157 4331 2325 4384 nebus
2356 4346 2499 4384 num.
2534 4332 2637 4385 5’06
2658 4332 2902 4398 Advers.,
2938 4332 3025 4399 qui
3073 4331 3211 4384 hunc
3237 4336 3448 4385 versum
3504 4332 3653 4384 citat.

488 3620 649 3695 Deus,
682 3623 833 3680 Deus.
868 3625 998 3692 Alii,
1034 3624 1258 3695 Spiritus
1284 3627 1372 3680 ille
1397 3626 1518 3691 Dei,
1565 3625 1717 3683 Deus.
1756 3620 1868 3678 lloc
1895 3629 2054 3682 etiam

485 3693 604 3819 Loco
666 3696 893 3751 Verbum
954 3693 1172 3752 vocatur
1230 3699 1473 3769 Spiritus.
1537 3697 1662 3751 Vide:
1719 3711 1838 3765 qua:
1898 3712 2053 3765 supra

523 3783 611 3819 ixi.

523 3783 611 3819 lXi.

488 3862 519 3909 -ᾲ
556 3837 677 3909 458.
715 3840 832 3893 Vat.
862 3839 939 3905 A,
965 3835 1227 3905 sordibus,
1274 3841 1449 3894 minus
1490 3840 1646 3903 bene,
1677 3854 1773 3909 pro
1811 3842 2051 3895 sortibus.

483 3906 795 3981 Gifaniusex
815 3911 1016 3965 vct.lib.
1030 3915 1313 3981 ,jacuerunt
1333 3926 1426 3981 pro
1440 3906 1723 3977 tacuerunt,
1744 3926 1847 3965 non
1864 3910 2051 3980 probo.

554 3932 795 3964 IHIIIUSCX
815 3932 1041 3974 VCI.IIU.,
1074 3932 1312 3965 acueram
1333 3932 1426 3981 [πυ
1440 3932 1723 3977 tacuerunt,
1744 3932 1847 3965 ΙΙΟΠ
1864 3932 2051 3980 prono.

554 3972 900 4052 £59._Boug.,
926 3932 1147 4047 Widjm”
1178 3983 1323 4045 Ald.,
1350 3984 1505 4044 Mar.,
1535 3982 1711 4052 Prag.,
1744 3984 1901 4052 regit,
1932 3996 2051 4035 cum

483 4045 663 4121 Ales,
690 4045 896 4104 Urbfet
921 4051 1040 4104 Vat.
1065 4045 1256 4117 Q.’Alii
1284 4054 1508 4107 fortasse
1530 4045 1717 4106 melius
1742 4045 1896 4121 tegit,
1913 4052 2052 4120 quod

483 4113 723 4188 Cifanius
767 4129 981 4173 tuetur:
1028 4113 1146 4173 nam
1198 4123 1400 4175 cortina
1451 4130 1567 4174 erat
1611 4113 1954 4188 operculum,
1998 4134 2052 4176 et

483 4184 899 4259 integumentum
922 4205 1127 4243 mneum
1160 4192 1396 4258 tripodis.
1425 4184 1675 4259 Virgilius
1702 4192 1793 4244 lib.
1824 4208 1878 4244 nt
1901 4184 2048 4256 Ᾱίηη

482 4255 650 4323 adytis
677 4259 871 4311 cortina
901 4262 1127 4312 reclusis.
1164 4255 1461 4314 vocabatur
1501 4255 1663 4314 etiam
1708 4264 1912 4314 cortina
1960 4255 2053 4315 tri-

483 4340 601 4394 pus,
634 4328 743 4399 sive
780 4343 869 4383 vas
904 4329 1029 4382 illud
1068 4332 1249 4397 ingens
1279 4328 1495 4398 Delphis
1537 4344 1785 4394 aureum,
1821 4346 1925 4399 quo
1971 4331 2053 4386 in-

481 4398 832 4470 Sternebatut:
856 4412 1070 4462 mensa,
1114 4401 1167 4470 iu
1200 4414 1302 4467 qua
1333 4400 1544 4453 oracula
1591 4399 1818 4454 fundens
1844 4398 2048 4468 Pythia
2225 4400 2347 4454 444.
2376 4399 2624 4469 Capitolia
2670 4402 2887 4455 Romula
2918 4398 3012 4470 pro
3043 4400 3172 4455 Jove
3216 4400 3519 4469 Capitolino
3573 4403 3733 4464 sumi,

480 4466 765 4542 assidebat.
797 4467 1123 4542 Explicatius
1156 4466 1341 4542 isthaac
1367 4470 1433 4522 ab
1453 4470 1845 4542 interpretibus
1874 4466 2048 4540 Virgi-
2154 4471 2420 4539 praecipue
2446 4466 2471 4522 ἐι
2505 4474 2701 4527 nostris
2723 4466 3092 4541 scriptoribus,
3120 4466 3436 4542 Augustino,
3464 4470 3735 4542 Cypriano

479 4535 532 4591 lii
568 4537 792 4606 aliisque
832 4535 1129 4595 traduntur.
1172 4540 1387 4595 Servius
1416 4540 1519 4604 ait,
1542 4535 1659 4593 esse
1689 4539 1882 4604 lorum,
1912 4535 2051 4598 un'de
2152 4535 2205 4595 et
2234 4535 2373 4605 aliis,
2404 4542 2703 4595 observavit
2726 4535 3028 4595 Pcveratus.

480 4609 750 4680 oraculum
774 4611 908 4665 exit.
934 4609 1164 4664 Cortinae
1197 4611 1249 4664 in
1274 4610 1376 4663 alio
1403 4623 1597 4679 genere
1623 4610 1760 4678 apud
1790 4610 2046 4667 lsidorum
2224 4611 2348 4667 446.
2383 4610 2624 4678 Purpura
2655 4627 2749 4680 pro
2780 4614 3120 4680 imperatore,
3145 4622 3200 4665 ut
3220 4614 3357 4677 apud
3380 4613 3731 4667 Claudianum

478 4678 571 4753 lib.
594 4696 719 4753 _xtx,
756 4696 873 4753 cap.
898 4681 988 4745 26,
1031 4692 1154 4737 sunt
1185 4681 1377 4748 aulaea,
1414 4678 1510 4736 aeu
1548 4680 1665 4735 vela
1704 4681 1769 4753 de
1802 4680 2039 4753 pellibus.
2073 4707 2126 4753 ῃ
2153 4698 2209 4737 ιιι
2236 4682 2525 4753 Stiliconis,
2559 4678 2735 4736 Posito
2756 4678 2872 4753 jam
2895 4699 3123 4748 purpura
3163 4686 3319 4753 fastu,
3352 4682 3488 4737 Vide
3540 4684 3730 4739 Balea-

477 4747 620 4823 lllud
653 4767 681 4803 a
727 4747 880 4806 nobis
913 4753 1102 4822 aliquis
1130 4747 1369 4820 quaerat,
1394 4766 1649 4807 verumne
1688 4752 1758 4823 sit
1789 4747 2040 4807 falsorum
2073 4747 2126 4768 ¹¹
2148 4768 2354 4823 gerum.
2386 4752 2449 4805 de
2470 4752 2659 4821 lmper.
2684 4747 2839 4805 Ro’m.
2866 4747 2957 4807 lib.
2986 4769 3041 4820 ιι,
3072 4747 3188 4820 cap.
3244 4752 3296 4805 4.

478 4821 751 4893 numinum
796 4821 1011 4878 oracula
1056 4824 1313 4885 tacuisse,
1347 4832 1625 4893 postquam
1663 4822 1888 4877 Verbum
1916 4837 2042 4879 caro
2156 4821 2169 4893 ξ
2218 4821 2344 4893 449.
2380 4823 2433 4875 lu
2462 4823 2575 4875 Vat.
2605 4827 2671 4891 A,
2708 4824 2843 4877 male
2866 4836 2894 4877 a
2925 4827 3091 4890 prisca
3124 4836 3491 4888 manu,tameu
3516 4828 3730 4881 cunctis.

476 4890 671 4965 factum
714 4903 813 4949 est.
863 4894 1105 4965 Scriptus
1155 4905 1236 4948 est
1260 4890 1498 4965 iGallice‘
1537 4892 1670 4965 liber
1714 4908 2041 4962 anonymus,
2150 4891 2205 4947 S.
2240 4891 2528 4965 Gregorius
2546 4890 2871 4965 Turonensis
2920 4894 3053 4949 lib.t
3101 4894 3165 4947 de
3203 4893 3383 4965 Gloria
3414 4904 3732 4964 martyrum,

475 4963 625 5029 cujus
652 4976 837 5018 aucmr
864 4964 963 5020 fuit
986 4961 1221 5020 ’Baltltus
1252 4964 1311 5018 S.
1344 4964 1410 5030 1.,
1437 4963 1503 5017 de
1536 4963 1760 5018 Silentio
1800 4961 2043 5019 oraculo-
2150 4976 2270 5032 cap.
2304 4961 2337 5015 4
2365 4963 2542 5018 :Sicut
2572 4963 2877 5018 Prudentius
2908 4966 3139 5018 uosterin
3168 4964 3293 5016 libro
3316 4976 3495 5018 contra
3521 4961 3736 5020 Iudaeos

476 5046 611 5105 rum__
636 5033 888 5105 adversus
934 5037 1221 5090 Antonium
1254 5035 1366 5089 Van
1414 5034 1573 5101 Dale,
1620 5035 2005 5104 anabaptistam
2026 5079 2039 5103 ,
2149 5034 2389 5097 meminit,
2421 5043 2552 5105 etei,
2577 5032 2901 5100 Principibus
2922 5044 3085 5087 tamen
3114 5050 3141 5087 e
3168 5036 3378 5100 cunctis,
3412 5045 3736 5105 etc..,usque

474 5101 1163 5175 medicumﬁHarlemensem
1182 5148 1197 5171 ,
1220 5116 1273 5161 et
1303 5106 1419 5175 ejus
1444 5101 1875 5175 defensorem'D.
1906 5101 2041 5160 Fon'.
2152 5104 2217 5175 ad
2249 5118 2459 5175 versum
2489 5102 2654 5175 Erigit
2674 5105 2725 5158 in
2743 5105 2921 5157 cretum
2940 5105 3117 5175 facies,
3140 5113 3287 5171 atque
3312 5106 3517 5160 invocat
3536 5101 3729 5161 Iesum.

475 5172 701 5238 tenelle,
734 5174 921 5229 Latine
964 5177 1205 5231 redditus
1235 5172 1375 5230 anno
1420 5175 1577 5229 1725.
1623 5174 1868 5241 Balthus,
1905 5186 2039 5245 part.
2152 5174 2301 5228 Multi
2332 5174 2440 5237 alii,
2474 5175 2558 5245 qui
2584 5172 2863 5245 idecrucis
2894 5172 3133 5227 laudibus
3152 5176 3569 5234 commentarios
3598 5191 3735 5230 con-

474 5245 528 5310 5,
568 5260 685 5312 cap.
727 5245 781 5309 3,
824 5246 1056 5301 ostendit
1098 5247 1437 5301 Prudentium
1484 5246 1583 5299 hoc
1614 5246 1731 5300 loco
1765 5243 2041 5299 cum‘reli-
2152 5245 2497 5313 scripserunt,
2532 5243 2628 5297 hos
2658 5243 2929 5298 Prudentii
2981 5258 3169 5298 versus
3210 5258 3656 5309 commemorant,
3682 5255 3738 5301 et

472 5316 591 5381 quis
620 5316 717 5371 SS.
756 5316 998 5371 Patribus
1032 5319 1355 5383 consentire,
1381 5318 1501 5385 quia
1534 5318 1738 5370 etiamsi
1769 5316 1836 5369 de
1866 5316 2041 5369 incar-
2146 5328 2264 5369 cum
2296 5316 2529 5369 auctoris
2550 5316 2724 5383 elogio
2748 5315 3091 5385 describunt:
3118 5316 3300 5369 omissi
3326 5324 3502 5370 tamen
3524 5328 3655 5370 sunt
3683 5319 3736 5370 in

2145 5400 2306 5451 opere
2339 5385 2621 5454 Hispanico
2647 5386 2785 5440 Petri
2816 5384 3058 5439 Ordouez
3102 5385 3169 5439 de
3218 5385 3479 5449 Zevallos,
3508 5388 3730 5447 Matriti,

2146 5456 2306 5523 1614,
2329 5456 2396 5509 de
2429 5457 2529 5509 hoc
2558 5464 2869 5525 argumento
2899 5473 2911 5507 :
2942 5457 3199 5519 Quarenta
3225 5457 3441 5509 triunfos
3460 5460 3523 5511 de
3544 5457 3599 5510 la
3622 5458 3733 5512 SS.

2145 5525 2278 5579 Crux
2308 5527 2369 5579 de
2387 5525 2607 5590 Christo,
2636 5527 2724 5580 ubi
2750 5528 2911 5579 multa
2943 5526 3101 5593 hujus
3122 5527 3333 5593 generis
3347 5537 3735 5593 congeruntur.

471 5612 623 5666 quam
638 5612 665 5670 _:
689 5612 792 5653 non
838 5601 979 5655 enim
1021 5608 1174 5670 poeta
1204 5596 1424 5663 asserit,
1459 5600 1601 5653 illico
1638 5599 1816 5670 omnia
1844 5596 2041 5670 ubique
2216 5598 2341 5670 450.
2361 5596 2649 5670 Gregorius
2666 5596 3288 5670 Turonensislegitquem
3307 5614 3463 5670 puero
3485 5599 3736 5653 memini:

471 5668 683 5738 oracula
720 5670 949 5725 siluisse.
978 5666 1294 5725 Plutarchus
1329 5677 1613 5724 tractatum
1653 5668 1819 5723 edidit
1848 5668 1915 5721 de
1952 5666 2038 5722 Si-
2147 5668 2399 5722 mendum
2423 5668 2664 5721 codicum
2712 5675 2859 5735 puto.
2891 5666 3313 5721 Contemnendae
3360 5668 3555 5738 glussa:
3584 5676 3735 5733 sunt,

473 5736 1029 5810 lentiooraculorum,
1057 5741 1124 5803 de
1162 5756 1265 5810 quo
1306 5741 1442 5796 libro
1473 5740 1587 5794 fuse
1629 5739 1769 5793 idem
1818 5739 2037 5810 Balthus
2146 5739 2339 5810 quibus
2364 5739 2720 5810 Symmachus
2745 5738 2935 5810 ductor
2956 5738 3054 5792 iste
3104 5738 3330 5807 perﬁdus
3360 5736 3480 5794 esse
3510 5738 3739 5809 dicitur,

475 5754 636 5789 lentio
664 5754 996 5795 oraculorum
1016 5782 1029 5805 ,
1057 5754 1124 5803 ac
1162 5756 1265 5810 quo
1307 5754 1442 5796 ιιι)το
1473 5754 1587 5794 tuse
1629 5754 1769 5793 luem
1818 5754 2037 5793 vannus
2184 5754 2339 5793 uiuus
2364 5754 2720 5810 bymmacnus
2747 5754 2935 5792 auctor
2956 5754 3054 5792 lSte
3104 5754 3330 5807 per/mus
3360 5754 3480 5794 esse
3510 5754 3739 5809 dicitur,

474 5804 687 5861 disserit
714 5820 849 5877 part.
874 5811 927 5877 5,
950 5823 1068 5880 cap.
1102 5811 1153 5866 9.
1185 5809 1349 5868 Nobis
1387 5810 1452 5865 ad
1484 5811 1584 5865 alia
1628 5809 2037 5880 properantibus
2146 5754 2213 5866 ἓξ
2233 5825 2339 5879 quo
2361 5810 2703 5866 Prudentius.
2736 5809 2983 5865 Fortasse
3005 5824 3119 5864 cam
3143 5810 3436 5867 ubcausam
3461 5810 3742 5866 recentio-

472 5387 689 5440 natione
716 5385 979 5442 dominica
1030 5387 1296 5457 loquatur,
1333 5399 1509 5442 tamen
1557 5387 1835 5457 conjungit
1872 5386 2044 5440 idolo-

471 5468 591 5536 rum
623 5458 970 5536 eversionem
990 5456 1279 5536 etruinam
1320 5457 1638 5536 paganismi.
1669 5456 1725 5511 ld
1762 5456 2042 5536 conﬁrmat

472 5524 839 5593 interpretatio
878 5530 1104 5595 Gil‘anii,
1134 5543 1295 5596 quam
1321 5524 1578 5597 eiposui,
1621 5543 1687 5581 ex
1725 5542 1857 5591 ouo,
1900 5535 2042 5596 post-
