3950 6326
121 413 225 469 961

300 614 586 672 Consultor
614 611 821 682 patriae,
853 610 948 666 sed
998 624 1104 665 non
1158 610 1433 665 consultor
1460 611 1718 667 habenda:

300 704 637 776 Relligionis,
670 717 859 757 amans
885 710 1181 757 tercentum
1210 702 1377 757 millia
1406 703 1610 768 divum,

306 799 547 855 Perﬁdus
573 797 664 852 ille
696 797 828 860 Deo,
852 796 1101 865 quamvis
1142 810 1249 851 non
1292 796 1526 866 perﬁdus
1568 796 1718 865 Urbi,

308 897 603 962 Augustum
631 898 791 958 caput
811 897 937 944 ante
958 887 1123 957 pedes
1148 903 1375 944 curvare
1416 889 1669 945 Minervae

306 985 533 1051 Fictilis,
558 994 613 1039 et
639 981 814 1043 soleas
840 979 1066 1036 lunonis
1094 980 1353 1045 lambere,
1391 981 1586 1051 plantis

308 1075 557 1131 Herculis
587 1072 821 1139 advolvi,
853 1086 1025 1142 genua
1053 1072 1293 1126 incerare
1322 1072 1501 1126 Diana:
1529 1088 1544 1125 :

520 1165 658 1232 Quin
688 1173 743 1221 et
791 1162 1073 1233 Apollineo
1123 1162 1354 1218 frontem
1404 1162 1724 1218 submittere

1436 1257 1645 1330 tunso,

312 1362 420 1413 Aut
448 1353 683 1411 Pollucis
713 1367 909 1424 equum
939 1350 1124 1407 sufﬁre
1153 1349 1464 1406 ardentibus
1492 1350 1647 1406 extis.

314 1448 476 1505 Forte
505 1448 668 1502 litans
694 1445 927 1501 Hecaten
958 1443 1203 1513 placabat
1223 1442 1482 1513 sanguine
1518 1444 1722 1499 multo:

318 1540 638 1598 Pontiﬁcum
670 1537 821 1594 festis
853 1536 1089 1592 ferienda
1113 1537 1391 1591 securibus
1422 1537 1530 1592 illic

313 1631 547 1702 Agmina
571 1644 850 1684 vaccarum
878 1635 1156 1695 steterant,
1176 1628 1475 1697 vitulasque
1490 1628 1727 1683 revincta

322 1726 520 1780 Fronte
552 1731 839 1779 coronatas
868 1721 1153 1777 umbrabat
1182 1730 1318 1776 torta
1350 1736 1655 1792 cupressus.

320 1815 546 1885 Jamque
572 1814 831 1871 insertato
872 1812 1148 1869 reserabat
1171 1812 1378 1867 viscera
1411 1814 1584 1868 cultro

122 898 232 954 455

130 1450 236 1506 460

1559 403 1995 462 APOTHEOSIS.

297 519 558 578 Conditor
585 524 640 574 et
656 518 855 586 legum,
880 516 1263 573 celeberrimus
1288 531 1400 583 ore,
1421 532 1708 588 manuque.
1740 528 1796 584 Α
1818 520 1922 576 465

3294 402 3400 457 962

1999 517 2228 575 Vittatus
2255 518 2325 573 de
2350 529 2502 573 more
2528 527 2714 579 senex,
2762 512 3114 582 manibusque
3137 514 3376 570 cruentis

2002 608 2290 664 Tractabat
2321 606 2557 679 trepidas
2582 604 2768 662 letbali
2793 604 2992 676 frigore
3022 603 3207 672 ﬁbras,

2001 703 2416 772 Postremosque
2436 702 2632 757 animae
2660 699 2848 769 pulsus
2875 698 2929 754 in
2956 698 3124 755 corde
3150 697 3352 769 tepenti

2003 793 2237 848 Callidus
2266 794 2531 863 interpres
2563 790 2821 858 numeris,
2850 798 2906 846 et
2936 790 3043 847 line
3070 790 3307 860 notabat,

2000 883 2135 940 Cum
2176 884 2353 940 subito
2397 881 2666 941 exclamat
2710 881 2885 938 media
2934 881 3075 939 inter
3123 895 3275 938 sacra
3318 895 3405 937 sa-

3126 970 3336 1045 [cerdos

2010 1069 2247 1127 Pallidus
2279 1087 2292 1125 :
2324 1069 2405 1126 En
2434 1068 2563 1141 quid
2593 1082 2694 1141 ago
2714 1068 2738 1125 ἲ
2761 1066 2935 1137 majus
2963 1105 2980 1134 ,
3031 1079 3129 1121 rex
3180 1063 3405 1134 optime,

3107 1154 3322 1230 [malum

2001 1257 2191 1312 Nescio
2222 1254 2365 1326 quod
2392 1268 2589 1310 numen
2609 1253 2810 1309 nostris
2838 1250 3133 1307 intervenit
3161 1250 3289 1317 aris,

2002 1349 2171 1416 Quam
2196 1346 2427 1401 sufferre
2454 1353 2653 1416 queant
2681 1344 2982 1415 spumantia
3008 1340 3219 1414 cymbia
3250 1341 3407 1410 lacte,

2011 1438 2173 1511 (‘46
2192 1437 2461 1495 Caesarum
2488 1437 2705 1508 sanguis
2726 1435 3013 1507 pecudum,
3035 1434 3292 1501 verbena,
3319 1448 3406 1491 co«

2967 1513 2984 1530 ⁸
3149 1526 3339 1601 [τουπ.

2008 1625 2223 1681 Accitas
2252 1624 2408 1680 video
2438 1623 2597 1693 longe
2622 1624 2921 1692 dispergier
2948 1620 3184 1677 umbras.

1832 1721 1938 1778 475
2012 1720 2221 1775 Territa
2256 1719 2602 1790 Persephone
2632 1720 2793 1773 vertit
2823 1717 3044 1786 vestigia
3076 1724 3241 1780 retro,

2026 1816 2312 1872 Exstinctis
2338 1816 2566 1883 facibus,
2595 1821 2765 1870 tracto
2794 1811 3013 1881 fugitiva
3038 1809 3267 1881 ﬂagello.

1829 1071 1935 1128 470

1442 1906 1731 1964 GLOSSE
1773 1907 2110 1965 VETERES.

204 2006 335 2062 451.
365 2002 641 2065 Conditor,
673 1999 991 2060 constitutor,
1012 2006 1347 2071 constructor.
1371 2028 1441 2071 -έ
1478 1997 1727 2053 Celeber—
1760 2002 1948 2065 B‘ﬁre,
1980 2001 2258 2071 infamare,
2284 2002 2558 2071 fumigare.
2587 2031 2657 2041 --
2680 2000 2851 2065 Extis,
2887 2000 3179 2067 visceribus,
3212 1999 3253 2053 Ι.

135 2078 308 2133 rimus
350 2089 467 2138 ore,
510 2085 797 2140 manuque,
866 2070 1233 2141 fanwsissimus
1276 2070 1476 2139 eloquio
1513 2082 1559 2124 et
1590 2080 1731 2139 pote-

134 2148 701 2284 ³ωιίέὄξῖἰεξιΙίεἰοῐιίςο,
728 2211 1121 2284 Christianitatis
1144 2251 1157 2275 ,
1184 2209 1225 2265 Ι.

206 2281 685 2355 455.Augustum,
719 2281 913 2336 nobile.
959 2310 1029 2321 -—
1078 2282 1339 2349 Curvare,
1389 2282 1601 2351 solebat,
1656 2281 1731 2337 vei

133 2358 408 2419 curvabat,
436 2357 475 2408 l.

204 2428 340 2483 456.
371 2427 581 2489 Soleas,
614 2426 717 2477 ima
743 2423 950 2494 pedum,
976 2424 1031 2477 id
1055 2431 1128 2478 est
1176 2424 1404 2493 uestigia.
1444 2452 1513 2463 —
1567 2424 1729 2478 Lam-

134 2503 297 2563 bere,
326 2496 590 2559 lambebat,
616 2494 653 2548 Ι.

212 2560 345 2626 437.
373 2568 617 2631 Advolvi,
640 2565 1018 2631 advolvebatur,
1048 2574 1092 2617 et
1124 2560 1437 2630 incurvabat,
1474 2564 1511 2619 Ι.

206 2641 343 2697 458.
392 2639 531 2706 Quin
563 2678 578 2704 ,
637 2638 860 2707 insuper.
896 2665 968 2675 —
1020 2634 1197 2705 Gypso
1239 2678 1254 2703 ,
1305 2636 1465 2704 lapidi
1515 2636 1731 2688 simula-

139 2713 341 2839 Μιῖὅὲί
374 2778 626 2848 Pollucis,
652 2778 774 2848 quia
803 2778 1024 2831 domitor
1066 2777 1162 2847 fuit
1193 2792 1457 2846 equorum.
1500 2807 1568 2815 —
1606 2776 1731 2832 Suf-

1911 2070 2041 2127 460.
2073 2072 2331 2134 Hecaten,
2366 2070 2610 2137 Dianam,
2643 2071 2682 2124 Ι.

1918 2142 2041 2196 464.
2076 2143 2355 2206 lnserlato,
2386 2143 2635 2195 immisso.
2663 2172 2732 2182 —
2754 2141 3067 2209 Reserabat,
3100 2142 3317 2208 secabat,
3344 2142 3382 2196 Ι.

1912 2213 2036 2267 466.
2073 2212 2351 2279 Trepidas,
2378 2214 2708 2280 palpitantes,
2741 2213 2777 2265 1.

1908 2285 2034 2337 468.
2063 2282 2319 2347 Callidus,
2352 2284 2659 2352 ingeniosus.
2695 2311 2765 2323 ——
2795 2284 2946 2348 Fine,
2974 2286 3136 2352 qualis
3176 2286 3238 2336 sit
3274 2284 3410 2351 linis.

1840 2384 1909 2393 —-
1932 2353 2182 2417 Notabat,
2216 2354 2491 2405 secundum
2521 2355 2934 2407 consuetudinem
2963 2354 3194 2419 illorum,
3230 2353 3267 2406 l.

1910 2423 2033 2475 472.
2060 2424 2303 2493 Cymbia,
2335 2440 2455 2494 rvasa
2487 2424 2723 2494 oblonga.
2756 2424 2986 2494 Cymbia,
3012 2425 3309 2491 poculorum
3331 2438 3413 2494 ge-

1842 2512 1963 2548 nera
1992 2492 2115 2563 quia
2134 2503 2180 2547 et
2208 2493 2463 2547 carchesia
2490 2492 2757 2561 dicuntur,
2792 2492 2823 2547 ὰ
2866 2496 3196 2549 similitudine
3229 2492 3415 2563 cymba:

1842 2566 2324 2635 navisrnuncuputa,
2359 2566 2396 2618 Ι.

1909 2634 2034 2689 474.
2070 2634 2319 2700 Umbras,
2354 2636 2601 2700 imagines
2629 2636 2939 2701 diemonum,
2970 2637 3077 2691 lso.

1908 2706 2031 2777 475.
2057 2704 2428 2777 Thesiphone,
2456 2705 2646 2777 Diana,
2668 2706 2743 2760 vel
2766 2705 3105 2777 Persephone,
3132 2706 3171 2760 l.
3192 2703 3413 2760 -—The-

1837 2776 2084 2845 siphone,
2117 2776 2305 2842 Diana,
2338 2774 2457 2830 Vat.
2491 2775 2553 2829 T.

1496 2886 2053 2945 COMMENTARIUS.

139 3006 267 3047 rum
288 2986 480 3057 aliquis
495 2983 872 3057 Symmachum
928 2990 1230 3057 apostatam_
1260 2980 1563 3057 appellavit.
1599 2980 1729 3057 Vide

140 3060 355 3133 proleg.
379 3049 651 3133 imm.’_52.
676 3049 987 3133 Sermonem
1033 3051 1268 3133 esse.de
1319 3049 1528 3133 loliario
1575 3054 1728 3133 Ἀρο-

139 3122 474 3190 ἱιδῑεήεηιθ
505 3126 639 3179 adeo
679 3125 779 3179 erit
806 3124 1061 3190 insipiens
1102 3123 1190 3191 qui
1232 3130 1409 3187 neget.
1461 3122 1731 3178 Marietlus

140 3218 329 3274 prope
351 3199 559 3274 videtur
600 3196 782 3260 fuisse,
817 3194 1107 3274 utnglossae
1158 3195 1246 3274 de.
1281 3192 1633 3274 Symmacho“
1656 3196 1733 3248 lo-

140 3263 334 3341 quenti
372 3270 527 3341 fidem
548 3275 853 3341 praestaret.
881 3263 1321 3341 PeveratusAhinc
1353 3265 1574 3341 colligit,
1601 3265 1735 3341 Pru-

1834 2995 2003 3051 genua
2026 2979 2442 3052 Misericordiae;
2456 2979 2739 3052 Peveratus
2775 2996 2839 3036 ex
2866 2982 3076 3049 Apuleii
3134 2983 3411 3052 Apologet.

1835 3050 1888 3105 et
1906 3051 2071 3105 Plinio
2100 3050 2258 3122 epist.
2317 3050 2381 3104 ad
2403 3051 2686 3119 Traianum
2738 3053 2937 3122 colligit
2980 3061 3094 3105 vnta
3150 3050 3271 3122 quae
3310 3050 3413 3122 pro

1834 3121 2056 3190 alicujus
2103 3121 2463 3176 incolumitate
2507 3121 2882 3186 solvebantur,
2921 3121 3265 3179 consuevisse
3306 3121 3414 3180 non

1836 3202 2041 3248 tantum
2072 3192 2563 3265 tabellis_mandari,
2597 3193 2690 3247 sed
2725 3204 2778 3247 et
2814 3210 2937 3249 cera
2969 3196 3077 3265 figi,
3101 3199 3154 3248 et
3201 3195 3414 3265 quidem

1836 3266 2151 3335 plerumque
2194 3267 2244 3317 in
2279 3262 2483 3320 femore
2520 3279 2764 3335 genuque
2799 3262 3027 3320 deorum
3050 3265 3248 3320 annulo
3265 3263 3413 3321 obsi-

143 3333 391 3399 dentium
417 3338 650 3392 adfuisse
674 3346 1006 3406 praesentem
1021 3333 1509 3397 sacriﬁcioluliani,
1540 3335 1679 3406 quod
1703 3351 1732 3389 a
1767 3395 1805 3406 _
1837 3333 2010 3406 gnari,
2035 3333 2083 3391 et
2113 3336 2181 3389 ita
2212 3336 2443 3403 eitplicat
2464 3333 2706 3391 incerare.

144 3395 445 3470 Prudentia
471 3395 700 3463 describi
723 3416 876 3475 putat
905 3406 957 3459 in
987 3405 1248 3469 Romano,
1295 3420 1434 3459 vers.
1494 3395 1622 3459 1011
1680 3413 1735 3461 et
1761 3395 1807 3459 C
1838 3395 1867 3406 ”
1910 3395 2035 3461 466.
2062 3395 2350 3476 Gregorius
2373 3407 2701 3462 Turonensis
2742 3407 2985 3462 Achatem
3013 3424 3108 3478 pro
3143 3405 3410 3474 Hecatem,

143 3498 308 3550 seqq.
342 3482 396 3536 1d
425 3480 553 3533 mihi
572 3494 676 3550 non
702 3478 974 3550 probatur.

216 3546 356 3607 151.
388 3548 725 3604 Marcellinus
771 3547 935 3602 refert
978 3546 1247 3602 lulianum
1285 3546 1401 3617 jura
1442 3546 1495 3599 in
1547 3548 1739 3602 melius

146 3637 485 3682 COTI‘CXISMB.
1632 3652 1637 3657 .

218 3694 357 3749 454.
386 3693 502 3745 Put.
537 3699 590 3744 et
620 3689 850 3751 Thuan.,
898 3689 1041 3753 orbi;
1071 3688 1183 3753 alii,
1216 3687 1359 3745 Urbi.
1394 3687 1741 3741 Reccntiores

150 3765 389 3834 amplexi
422 3771 543 3834 sunt
574 3760 705 3827 orbi,
737 3759 878 3829 quod
918 3758 1197 3815 Gallandio
1248 3773 1351 3813 non
1385 3760 1576 3827 placet,
1609 3758 1741 3812 mihi

153 3833 258 3892 non
284 3833 554 3901 displicet.

224 3899 548 3970 456.7Apnd
584 3901 897 3965 Gregorium
948 3900 1311 3954 Turonensem
1341 3900 1551 3952 diversa
1581 3899 1740 3953 lectio

152 3995 218 4033 ex
241 3973 555 4031 Colbertino
595 3971 778 4026 codice
819 3972 1021 4039 plantas
1070 3989 1087 4024 :
1129 3986 1247 4039 qua}
1293 3970 1497 4023 admitti
1539 3970 1739 4039 nequit.

154 4051 415 4111 Adverte,
471 4048 636 4096 soleas
668 4056 787 4095 esse
823 4056 989 4103 genus
1024 4042 1190 4095 calcei
1243 4040 1557 4095 feminarum
1618 4054 1743 4111 pro-

155 4110 577 4187 priumpneque
625 4114 703 4166 eis
726 4112 798 4187 uti
821 4111 1006 4165 solitos
1043 4113 1207 4187 viros,
1260 4112 1358 4187 nisi
1387 4125 1553 4187 _rar_o_,
1608 4110 1744 4187 etin

158 4179 424 4243 conviviis
441 4200 454 4247 ;
470 4179 659 4250 quibus
682 4181 877 4249 probro
906 4183 1231 4241 vertebatur,
1255 4183 1296 4233 si
1321 4180 1462 4233 solea
1474 4179 1510 4233 ti
1530 4179 1743 4233 incede-

158 4272 305 4313 rent.
341 4258 505 4309 Recte
531 4254 687 4322 igitur
718 4252 1032 4305 Prudentius
1050 4254 1142 4317 ait,
1173 4252 1331 4305 soleas
1348 4250 1587 4322 Junoms.
1618 4250 1746 4322 Vide

159 4330 312 4398 plura
344 4319 682 4398 inhanc:rem
715 4323 765 4375 in
798 4322 1211 4398 Balduiniopere
1235 4323 1301 4375 de
1315 4319 1745 4398 Ca_lceo_a_ntiquo

160 4390 289 4468 cap.
321 4397 410 4468 11,
441 4394 528 4449 ubi
555 4390 1099 4468 hosversuslaudat,
1128 4407 1259 4461 quos
1282 4393 1477 4461 pariter
1518 4390 1748 4445 illustrat

162 4462 449 4529 liéraldus,
484 4480 601 4533 pag.
636 4464 743 4533 578"
766 4462 829 4533 ad
862 4462 1173 4533 Arnobium.

235 4538 365 4591 457.
393 4532 695 4589 Alduscum
729 4532 880 4597 Urb.,
916 4532 1035 4587 Vat.
1091 4534 1153 4599 Ο,
1184 4534 1425 4600 aliisque,
1459 4534 1743 4586 incurvare.

164 4610 349 4672 Alex.,
381 4607 524 4669 Put.,
558 4603 787 4661 Thuan.,
831 4602 1025 4668 Oxon.,
1059 4603 1344 4671 Gregorius
1395 4604 1743 4667 Turonensis.

165 4680 415 4739 incerare,
440 4674 581 4745 quod
610 4689 792 4726 verum
825 4682 976 4745 puto,
1003 4683 1055 4727 et
1082 4681 1377 4745 mutuatum
1428 4689 1457 4727 a
1506 4672 1749 4745 Juvenali

1844 3480 1983 3533 male
2009 3494 2023 3542 ;
2048 3479 2296 3547 sanguine
2324 3478 2483 3532 multo
2506 3487 2627 3548 apte
2658 3479 2725 3531 de
2751 3479 3028 3535 sacrificiis
3056 3478 3271 3543 Juliani,
3294 3479 3416 3549 qui-

1841 3550 1943 3603 bus
1997 3549 2201 3618 agmina
2246 3565 2514 3602 vaccarum
2570 3549 3000 3606 immolabantur.
3062 3548 3417 3605 Consulshi-

1842 3621 2059 3674 storias.

1913 3689 2039 3747 463.
2062 3688 2285 3761 Carolus
2317 3688 2628 3744 Paschalius
2648 3689 2713 3743 de
2738 3688 2862 3744 Cor.
2890 3706 3005 3761 pag.
3031 3688 3156 3753 256,
3180 3703 3297 3761 cap.
3330 3688 3417 3755 l7,

1844 3760 1934 3815 lib.
1965 3775 2038 3824 IV,
2066 3760 2310 3814 victimas
2330 3761 2641 3829 plerumque
2660 3769 2943 3814 coronatas
2962 3759 3227 3828 cupressu
3248 3759 3416 3829 fuisse

1843 3845 1909 3885 ex
1942 3832 2041 3885 hoc
2077 3830 2193 3884 loco
2219 3832 2447 3885 maxime
2473 3830 2684 3899 probat,
2708 3840 2762 3885 et
2786 3830 2952 3885 multa
2973 3830 3214 3898 congerit
3238 3828 3306 3884 de
3326 3842 3417 3882 cu-

1850 3916 2059 3971 pressu.

1917 3970 2040 4026 464.
2073 3970 2220 4035 Ald.,
2254 3973 2426 4040 Egm.,
2458 3969 2733 4026 lleinsiani
2763 3971 2944 4035 codd.,
2974 3978 3245 4040 reserarat,
3275 3968 3417 4040 quod

1858 4041 2021 4096 fuisse
2050 4042 2251 4111 videtur
2284 4038 2335 4096 in
2354 4042 2475 4096 Vat.
2507 4042 2545 4095 Β
2573 4056 2601 4095 a
2636 4044 2803 4111 prima
2834 4057 3012 4097 manu.
3038 4039 3141 4095 Alii
3170 4038 3423 4111 reserabat

1846 4127 1967 4167 cum
2003 4110 2221 4177 Weitz.,
2275 4123 2327 4166 et
2364 4112 2474 4167 Gis.
2522 4110 2848 4177 PasChalius,
2872 4115 2976 4168 loc.
3018 4114 3110 4167 cit.
3143 4126 3262 4180 pag.
3290 4110 3420 4177 245,

1848 4198 1965 4251 cap.
2002 4183 2088 4247 15,
2131 4185 2344 4251 copiose
2380 4183 2596 4237 disserit
2628 4184 2693 4237 de
2725 4184 3093 4239 sacerdotibus
3132 4182 3333 4236 vittatis
3369 4188 3425 4236 et

1847 4254 2114 4308 coronatis
2142 4269 2207 4307 ex
2240 4252 2524 4308 Prudentio
2551 4263 2602 4306 et
2633 4252 2769 4309 aliis.

1918 4323 2041 4378 469.
2071 4323 2353 4383 Weitzius.
2378 4334 2516 4389 tam;
2538 4324 2627 4378 alii
2657 4341 2791 4379 cum.

1919 4394 2045 4466 474.
2081 4395 2225 4460 Ald.,
2260 4395 2396 4461 Pal.,
2442 4395 2711 4450 Heinsiani
2748 4395 2930 4466 codd.,
2978 4410 3192 4460 numen,
3229 4392 3421 4461 nescio,

1847 4464 2011 4535 quod.
2033 4466 2157 4530 Alii,
2183 4466 2350 4518 nescio
2375 4466 2509 4535 quod
2541 4482 2744 4521 numen.

1919 4534 2043 4590 472.
2088 4536 2164 4590 Ex
2198 4534 2531 4603 VirgiliOIib.
2563 4537 2767 4591 tit/En.
2794 4553 2935 4593 vers.
2981 4538 3090 4592 66:
3140 4536 3421 4606 lnferimus

1853 4607 2022 4676 tepido
2051 4608 2340 4676 spumantia
2373 4607 2570 4675 cymbia
2600 4608 2750 4660 lacte.

1922 4676 2043 4731 475.
2080 4674 2321 4731 Verbena
2365 4674 2607 4731 adhiberi
2654 4678 2808 4731 solita
2855 4687 2969 4733 erat
3018 4677 3067 4729 in
3114 4674 3421 4729 sacrificiis:
3508 4722 3515 4729 ,

165 4750 330 4824 satira
356 4743 653 4824 lﬁpgenna
680 4745 902 4824 incerare
944 4743 1197 4824 deorum...
1232 4743 1375 4797 Idem
1434 4744 1751 4824 Prudentius
1776 4764 1829 4824 Ι)
1853 4764 1958 4818 quo
1988 4750 2202 4824 nomine
2234 4746 2392 4824 etiam
2436 4747 2568 4800 alias
2615 4746 2808 4802 herbas
2856 4761 2973 4817 qum
3016 4745 3423 4808 adhibebantur,

167 4817 462 4882 llamartig.
491 4812 636 4868 vers.
668 4813 788 4879 404,
821 4812 1026 4865 lncerat
1056 4814 1271 4882 lapides,
1304 4825 1409 4869 etc.
1438 4814 1539 4868 Alii
1590 4814 1745 4868 intel-

165 4888 359 4957 ligunt,
390 4889 618 4939 incerare
640 4897 755 4937 esse
780 4883 1000 4937 tabellas
1043 4899 1227 4957 cereas
1280 4884 1583 4953 appendere
1620 4894 1743 4957 ante

163 4954 393 5022 statuas,
415 4957 505 5009 alii
559 4957 716 5008 toties
754 4963 953 5007 statuas
1002 4954 1253 5017 osculari,
1284 4965 1342 5008 ut
1372 4970 1498 5007 saxa
1532 4956 1747 5008 sordida

164 5027 379 5093 ﬁerent,
404 5037 461 5080 et
488 5024 637 5094 quasi
676 5038 795 5078 cera
836 5024 1081 5078 obducta.
1126 5024 1325 5078 Neutra
1381 5024 1746 5092 interpretatio

162 5099 345 5165 placet
376 5116 386 5150 :
412 5111 535 5150 nam
569 5094 885 5148 Prudentius
935 5094 1367 5165 li_l_).1adversns
1401 5094 1573 5163 Sym.,
1607 5110 1743 5149 vers.

162 5163 297 5233 203,
321 5167 395 5222 ait
424 5184 437 5219 :
462 5182 588 5219 saxa
616 5165 747 5217 illita
795 5164 919 5218 ceris
955 5163 1165 5218 Viderat
1219 5172 1568 5234 unguentoque
1614 5165 1748 5217 lares

164 5240 461 5307 humescere
499 5237 690 5307 nigros.
723 5235 873 5307 Quod
907 5250 1019 5307 rem
1068 5250 1246 5307 veram
1295 5236 1557 5302 designat.
1609 5234 1747 5289 Con-

164 5306 398 5362 suetudo
426 5307 522 5361 fuit
544 5305 769 5361 ethnicis
798 5305 1025 5374 ungendi
1065 5306 1205 5367 oleo,
1261 5313 1352 5358 aut
1402 5320 1523 5358 cera
1547 5314 1746 5358 statuas

158 5378 413 5434 deorum.
446 5376 714 5432 Arnobius
746 5374 836 5429 lib.
870 5390 886 5428 t
926 5374 1194 5429 Adversus
1222 5385 1407 5445 gentes
1437 5390 1449 5427 :
1483 5375 1749 5442 Siquando

160 5465 529 5517 conspexeram
559 5446 866 5501 lubricatum
914 5446 1154 5515 lapidem.
1189 5456 1235 5499 et
1268 5462 1328 5498 ex
1353 5446 1469 5517 olivi
1498 5446 1747 5517 unguine

162 5513 441 5571 odoratum
466 5526 707 5588 tanquam
752 5520 932 5570 inesset
961 5513 1303 5588 oisprresens,
1334 5513 1749 5588 adulabar,‘aﬁ'a-

162 5590 278 5658 bar
318 5596 361 5638 et
390 5590 623 5658 beneﬁcia

159 5656 422 5713 Clemens
448 5653 842 5714 Alexandrinus
864 5658 954 5711 lib.
979 5672 1048 5711 vu
1067 5658 1295 5711 Strom.:
1322 5654 1391 5707 Ili
1414 5663 1527 5708 sunt
1549 5653 1626 5706 illi
1652 5654 1751 5720 ipsi

157 5730 259 5797 qui
282 5744 433 5799 omne
463 5731 661 5799 lignum
689 5738 736 5783 et
768 5744 922 5781 omne
940 5744 1140 5799 saxum,
1165 5727 1314 5799 modo
1354 5726 1461 5779 oleo
1488 5726 1750 5799 inuitatum

158 5795 245 5851 uel
262 5795 567 5851 lubricatum
595 5809 742 5865 esset,
766 5798 1069 5852 adorabunt.
1098 5796 1231 5851 Vide
1255 5810 1415 5865 supra
1445 5809 1584 5849 vers.
1602 5795 1747 5865 7295.

158 5866 427 5935 Corporis
456 5880 635 5938 partes
660 5870 790 5926 alias
821 5869 940 5925 aliis
970 5869 1071 5924 diis
1096 5867 1295 5925 ethnici
1324 5864 1745 5931 consecrabant,

707 5589 936 5642 oscebam
978 5587 1105 5640 nihil
1148 5587 1385 5640 sentiente
1442 5585 1502 5637 de
1548 5592 1744 5639 trunco.
1810 5622 1815 5627 -

1852 4816 2067 4873 vocatas
2104 4816 2263 4884 aliqui
2297 4825 2499 4883 putant.

1920 4886 2044 4939 474.
2089 4882 2307 4941 Veteres
2339 4886 2481 4951 libri,
2521 4889 2741 4950 accitas,
2775 4901 2895 4941 cum
2946 4884 3204 4953 Gregorio
3249 4882 3425 4937 Turo-

1852 4957 2025 5013 nensi.
2057 4955 2313 5010 Weitzius
2338 4957 2551 5024 scripsit
2582 4957 2787 5009 ascitas.
2837 4956 3084 5010 Heinsius
3113 4954 3361 5021 opinatur
3395 4968 3426 5009 a

1852 5029 2023 5097 prisca
2048 5042 2207 5080 manu
2230 5026 2393 5081 fuisse
2419 5029 2621 5091 eccilas,
2657 5027 2755 5079 hoc
2778 5035 2860 5080 est
2885 5025 3095 5097 excitae,
3128 5024 3269 5094 quod
3293 5038 3422 5097 pro-

1856 5093 2029 5167 prium
2056 5098 2108 5151 in
2138 5113 2195 5152 re
2226 5098 2429 5166 magica
2450 5106 2532 5152 est
2564 5096 2814 5165 verbum,
2856 5105 2915 5152 ut
2958 5093 3158 5149 multis
3178 5110 3245 5150 ex
3291 5093 3423 5149 locis
3436 5097 3451 5224 ἐ

1856 5176 2083 5223 constat.

1853 5176 2083 5223 constat.

1924 5239 2053 5292 475.
2077 5237 2133 5291 ln
2166 5237 2399 5305 Thuan.,
2431 5237 2744 5302 Thersisore,
2780 5234 2978 5291 Weitz.
3016 5251 3137 5292 cum
3170 5235 3366 5305 Widm.
3399 5247 3430 5291 a

1853 5310 2022 5379 prima
2048 5304 2403 5379 nianu,7Vatt.
2431 5307 2490 5375 Β,
2518 5310 2581 5379 ρ,
2613 5307 2791 5377 Prag.,
2825 5308 2971 5379 Rat.,
3005 5308 3137 5379 Mar.
3179 5321 3209 5360 a
3252 5304 3425 5379 prima

1857 5373 2013 5433 inanti
2051 5377 2364 5449 [hesiphone
2393 5373 2486 5433 vel
2520 5373 2820 5449 Tesiphéne.
2856 5376 3121 5449 Cauchius
3148 5392 3213 5431 ex
3250 5373 3427 5449 eo_nje-

1854 5458 2021 5513 ctura,
2059 5445 2348 5518 Tisiphone.
2377 5451 2539 5505 Recte
2560 5449 2668 5514 alii,
2707 5447 3049 5515 Persephone,
3082 5449 3131 5502 id
3174 5454 3256 5501 cst
3297 5445 3430 5498 Pro-

1854 5520 2181 5589 serpina,ide
2206 5520 2357 5587 cujus
2380 5523 2545 5575 sacris
2568 5520 2654 5573 hic
2673 5521 2869 5589 agitur.

1924 5586 2049 5644 476.
2082 5588 2229 5654 Rot.,
2255 5590 2417 5658 fracto
2441 5606 2536 5659 pro
2564 5586 2744 5655 tracto,
2791 5603 2894 5659 non
2927 5589 3101 5657 inepte
3136 5605 3148 5640 :
3191 5586 3432 5659 adliceret

1856 5660 2037 5729 Egm.,
2071 5655 2279 5724 lleins.',
2310 5655 2495 5714 Cham.
2524 5668 2577 5714 et
2607 5659 2755 5715 Teol.
2787 5655 3036 5714 Fortasse
3069 5667 3219 5711 torto.
3254 5655 3429 5729 Virg.,

1853 5726 2217 5855 veiberetorto.
2256 5729 2370 5785 Val.
2395 5730 2642 5795 Flaccus,
2671 5739 2806 5785 torto
2847 5731 3100 5799 furiarum
3131 5736 3295 5785 erecta
3332 5726 3431 5794 ﬂa-

1853 5818 1911 5855 ae
1956 5817 2005 5855 ο.

1850 5817 2005 5872 getto.
