3950 6326
534 404 637 460 96Ὶ

1652 396 1926 455 AURELII
1966 397 2095 453 PBU
2108 397 2330 453 DENTII
2368 396 2695 453 CARMINA.

3676 396 3764 452 968

703 515 861 589 451
908 512 1173 585 Sanguine
1221 523 1501 583 respersus
1562 511 1848 568 commissa
1894 510 2101 579 piacula
2128 515 2182 575 Δ
2208 512 2314 568 555
2388 512 2669 565 A‘ttirmant
2697 523 2803 564 non
2834 521 2951 563 esse
2979 507 3169 573 Deum,
3206 505 3406 577 pietate
3435 504 3675 570 fatentur,

1839 606 2036 680 [solvit.

528 706 633 762 5ιὸ
706 705 785 760 Εη
814 718 919 773 quo
946 703 1245 774 priscorum
1271 704 1439 759 virtus
1469 700 1697 758 deﬂuxit
1725 702 1977 756 avorum!

647 817 651 820 ν
702 795 878 851 Servit
902 795 970 851 ab
998 795 1229 866 antiquis
1258 794 1474 864 delapsa
1502 792 1745 848 ﬁdelibus
1773 791 1946 847 haeres

702 888 984 958 Nobilitas,
1017 886 1112 943 sed
1137 888 1248 956 jam
1281 901 1389 942 non
1420 885 1615 941 nobilis
1659 902 1673 937 ε
1717 884 1804 939 illa
1834 889 2105 939 recentem

703 978 989 1049 Susceptat
1011 978 1219 1049 captiva
1246 977 1438 1042 ﬁdem;
1471 976 1552 1032 vis
1583 986 1723 1031 tanta
1756 975 1980 1031 novellae

702 1070 1049 1127 Credulitatis
1068 1072 1227 1127 inest.
1242 1071 1513 1127 Christum
1529 1070 1795 1135 confessa,
1811 1050 2107 1138 ti'iumphat

527 1161 633 1219 550
706 1163 851 1218 Gens
883 1162 1041 1217 inﬁda
1075 1163 1256 1232 prius;
1308 1160 1505 1217 Christi
1533 1161 1629 1217 sed
1659 1160 1798 1215 victa
1825 1160 2068 1230 negatrix

706 1254 964 1309 Subditur
994 1254 1239 1324 imperio,
1270 1252 1517 1308 dominos
1545 1251 1733 1307 sortita
1758 1252 1965 1307 ﬁdeles.

773 1346 931 1415 Sunt,
964 1347 1056 1417 qui
1076 1345 1300 1400 Iudaico
1327 1354 1610 1415 cognatum
1638 1344 1828 1414 dogma
1854 1345 2016 1399 furori

701 1439 860 1511 452
902 1440 1209 1509 Instituunt,
1253 1439 1426 1495 media
1462 1439 1732 1495 Christum
1771 1439 1976 1493 ratione
2015 1451 2101 1492 se-

1878 1530 2027 1601 [cuti.

702 1625 813 1680 Hoc
845 1632 1073 1695 tantum,
1102 1623 1246 1695 quod
1272 1638 1432 1680 verus
1464 1622 1625 1680 homo
1654 1632 1768 1689 est;
1810 1630 1864 1677 at
1890 1621 2102 1676 caelitus

1856 1714 2026 1786 [illum

2390 602 2663 671 Majestate
2705 609 2899 669 negant
2920 638 2936 665 ,
2968 592 3177 653 morum
3206 611 3303 668 pro
3334 596 3494 652 laude
3520 607 3759 653 sacratum

2388 694 2793 759 Concelebrant,
2809 691 3052 746 adimunt
3069 698 3269 744 natura!
3287 703 3499 745 summa
3518 703 3758 759 supernae.

2386 789 2557 843 Omne
2583 800 2715 856 opus
2746 785 3039 855 egregium,
3069 798 3162 852 per
3182 781 3320 852 quod
3344 782 3561 837 solertia
3579 782 3761 851 pollens

2387 880 2613 945 Emicat,
2643 879 2839 948 ingenii
2867 886 2970 943 est,
2998 886 3089 930 aut
3118 874 3358 940 roboris;
3404 874 3536 929 illud
3559 884 3703 930 acuto

2212 970 2314 1029 560
2386 970 2560 1027 Corde
2585 971 2756 1041 viget;
2797 969 2941 1025 duris
2966 967 3185 1024 excellit
3214 966 3419 1022 viribus
3450 966 3607 1022 istud.

2382 1063 2600 1118 Mortale
2644 1072 2725 1118 est
2765 1062 2859 1118 sed
2900 1068 3182 1130 utrumque
3225 1058 3466 1116 homini:
3505 1075 3623 1115 nam
3649 1073 3763 1114 cana

3409 1152 3705 1225 [senescunt

2386 1247 2621 1319 Ingenia,
2649 1257 2704 1302 et
2729 1246 2934 1302 validos
2962 1254 3281 1301 consumunt
3308 1246 3469 1301 saecla
3500 1246 3733 1301 lacertos.

2384 1341 2511 1394 Haec
2536 1353 2634 1393 nos
2666 1338 2719 1392 in
2744 1338 2951 1394 Domini
2983 1338 3177 1392 virtute
3207 1345 3261 1393 et
3290 1337 3449 1392 laude
3476 1338 3687 1407 perenni

2386 1430 2546 1503 453
2572 1430 2687 1486 Non
2716 1432 3019 1501 sequimur;
3047 1432 3342 1500 sequimur,
3368 1430 3517 1485 nullo
3539 1430 3670 1501 quod
3691 1445 3761 1485 se-

3370 1522 3535 1595 [mine
3562 1534 3705 1579 terra:

2211 1617 2315 1675 565
2389 1618 2668 1674 Germiuat
2693 1635 2706 1672 :
2732 1618 3064 1674 immundum
3092 1619 3229 1689 quod
3266 1633 3373 1674 non
3401 1619 3472 1674 de
3500 1618 3616 1673 labe
3643 1618 3763 1672 virili

2388 1711 2560 1766 Sumit
2593 1711 2946 1781 principium;
2980 1720 3133 1767 tener
3174 1711 3323 1767 illum
3355 1713 3582 1767 seminat
3621 1712 3763 1783 ignis,

1814 1805 2100 1865 GLOSSZE
2139 1804 2481 1862 VETERES.

594 1900 720 1972 546.
758 1899 1001 1972 Delapsa,
1028 1901 1353 1972 dcgenerata,
1381 1901 1421 1955 Ι.

592 1969 1058 2096 548.18usceptat,
1094 1969 1156 2025 'id
1183 1982 1255 2026 est
1284 1980 1560 2041 suspectat.
1578 2001 1648 2011 —
1667 1969 1914 2040 Captiva,
1949 1985 2096 2039 pere-

592 2059 690 2096 ma.
748 2079 762 2094 .

556 2059 690 2107 rma,
722 2059 762 2096 ι.

640 2062 668 2093 α
748 2079 762 2094 ο

521 2062 943 2167 gng52’.lContra
1007 2112 1436 2167 Homuncionitas
1488 2114 1661 2175 dicta“
1698 2111 2101 2165 Homuncionita

520 2193 592 2236 est
637 2184 723 2251 qui
766 2182 1044 2237 Dominum
1094 2193 1293 2237 tantum
1340 2184 1594 2236 hominem
1646 2182 1808 2245 dicit,
1841 2182 1877 2234 I.
1908 2180 2098 2235 Contra

523 2252 785 2306 Ebionitas
808 2254 963 2309 dicta.
997 2252 1242 2306 Hteretici
1266 2252 1514 2305 Ebionita:
1543 2255 1939 2321 interpretantur
1970 2268 2101 2319 pau-

522 2338 683 2390 peres,
711 2324 830 2389 quia
866 2339 1135 2392 pauperem
1165 2322 1229 2374 de
1254 2321 1453 2374 Christo
1490 2338 1687 2392 sensum
1729 2322 1932 2381 habent,
1958 2322 2097 2392 a/ﬁrg

522 2388 995 2445 manteshominem
1024 2395 1230 2457 bonum,
1262 2408 1364 2443 non
1396 2401 1562 2442 tamen
1585 2388 1768 2453 Deum,
1804 2392 1901 2444 nisi
1933 2402 1985 2442 ut
2010 2391 2102 2443 alii

521 2462 683 2515 sancti
706 2462 945 2515 dicuntur
971 2462 1064 2529 dii,
1094 2461 1324 2529 Prag.-—
1347 2461 1664 2529 Cognatam,
1698 2462 1882 2526 simile,
1918 2460 1958 2512 I.

593 2530 718 2587 554.
760 2531 893 2599 Hoc,
929 2533 1021 2585 hoc
1050 2531 1273 2600 quidem,
1305 2530 1344 2584 ι.

523 2672 548 2741 Ῑ
759 2600 983 2669 Pietate,
1004 2603 1122 2672 quia
1144 2603 1293 2656 homo
1317 2600 1552 2671 dignatus
1580 2609 1648 2655 est
1672 2600 1782 2667 ﬁeri
1799 2617 1812 2653 :
1833 2602 1926 2654 hoc
1948 2601 2105 2671 pietas

548 2688 598 2726 ut
624 2710 640 2727 .

548 2672 640 2727 uit.

2275 1898 2401 1953 556.
2442 1898 2740 1967 Majestate,
2774 1908 2829 1953 ut
2867 1899 3005 1953 Deus
3031 1900 3115 1964 sit,
3149 1899 3237 1967 qui
3267 1898 3761 1969 majestatemihabet.

2279 1970 2456 2023 —Pro
2482 1970 2658 2035 laude,
2690 1971 2832 2036 quasi
2851 1972 2946 2023 hoc
2976 1971 3089 2023 laus
3115 1969 3200 2033 sit,
3228 1985 3326 2023 non
3346 1968 3540 2035 revera,
3586 1968 3686 2023 Iso.

2280 2042 2404 2093 557.
2448 2042 2687 2107 Summa,
2713 2042 3044 2105 divinitatem,
3080 2041 3119 2095 I.

2278 2110 2401 2164 558.
2447 2111 2749 2179 Egregium,
2784 2112 3009 2182 egregius
3040 2123 3134 2177 est,
3164 2113 3249 2182 qui
3281 2126 3481 2183 gregem
3509 2110 3765 2176 antecellit,

2208 2179 2260 2230 id
2302 2188 2375 2233 est
2410 2179 3107 2237 multitndincmE—Solertia
3128 2223 3143 2246 ,
3176 2179 3667 2249 peritia'multarum
3691 2198 3767 2233 ar-

2209 2250 2368 2312 tium;
2407 2266 2601 2305 SOLLON
2626 2252 2799 2306 Grarce
2827 2253 3042 2305 multum
3064 2270 3082 2306 :
3104 2254 3223 2307 inde
3250 2253 3566 2317 solemnitas,
3599 2254 3768 2304 multa-

2208 2336 2323 2371 rum
2371 2332 2673 2385 conventus;
2710 2324 2828 2376 inde
2858 2322 3145 2377 solemniter
3175 2324 3313 2392 facta
3357 2324 3565 2390 dicitur,
3594 2339 3702 2391 qua:
3726 2322 3771 2375 in

2210 2394 2477 2459 praesentia
2498 2393 2659 2446 multa
2688 2402 2758 2445 est
2781 2403 2913 2459 acta,
2939 2393 2977 2447 I.

2284 2456 2404 2515 559.
2449 2461 2666 2528 Ingenii,
2699 2465 2874 2524 animi.
2902 2456 3006 2518 Iso.

2284 2529 2408 2585 565.
2445 2532 2604 2594 Labe,
2630 2535 2833 2599 semine,
2860 2534 2899 2588 I.

2285 2600 2409 2677 566.
2438 2602 2612 2677 Illum,
2658 2602 2935 2677 Christum.
2976 2634 3045 2645 —-
3071 2622 3232 2676 .gnts,
3284 2609 3511 2677 Spiritus
3555 2617 3767 2669 sanctus.

2216 2670 2335 2725 Vat.
2369 2671 2433 2726 A.
2466 2703 2534 2710 —
2564 2672 2721 2742 Ignis,
2756 2675 2816 2728 de
2846 2675 3047 2745 Spiritu
3075 2670 3270 2746 sancto,
3303 2670 3405 2734 lso.

1857 2784 2419 2843 COMMENTARIUS.

599 2886 721 2945 545.
762 2885 979 2950 Weitz.,
1012 2884 1151 2951 PaL,
1194 2883 1372 2952 Egm.,
1401 2897 1636 2952 exiguo;
1688 2882 1867 2936 caeteri
1912 2880 2104 2935 melius

524 2979 585 3017 en
616 2976 736 3029 quo.
763 2959 851 3013 Sic
878 2956 1127 3025 Virgilius
1152 2951 1335 3029 ecloga
1366 2956 1387 3007 I
1421 2971 1431 3005 :
1458 2951 1537 3029 En
1564 2969 1664 3023 quo
1686 2952 1947 3005 discordia
1977 2953 2107 3005 cives

526 3024 779 3086 Perduxit
802 3029 1030 3093 miseros,
1056 3043 1115 3080 en
1144 3026 1281 3092 queis
1311 3024 1622 3077 consevimus
1648 3040 1818 3092 agrcs.

595 3103 717 3157 546.
761 3101 878 3154 Put.
912 3108 966 3152 et
994 3099 1110 3151 Ilat.
1146 3095 1347 3164 dilapsa
1375 3094 1630 3148 scribunt.

595 3172 720 3227 548.
764 3171 905 3237 Ριιι.,
960 3168 1138 3236 Egm.,
1190 3163 1534 3237 Palat.,AVat.
1577 3171 1651 3237 _A,
1684 3163 1893 3231 Heins.,
1936 3182 2104 3221 susce-

528 3254 678 3314 ptat;
706 3240 792 3314 alii
836 3234 1091 3314 suspectat
1117 3277 1131 3299 ,
1166 3236 1305 3305 quod
1336 3235 1512 3288 minus
1541 3234 1753 3302 placet,
1782 3244 1838 3289 et
1888 3247 2103 3291 secutus

528 3306 611 3367 est
639 3311 791 3364 'I‘eol.
825 3306 942 3377 post
970 3306 1163 3359 Cellar.

598 3379 723 3435 549.
767 3373 952 3441 Fabr.,
981 3375 1319 3439 crudelitatis,
1346 3373 1622 3437 mendose,
1648 3388 1743 3442 pro
1768 3377 2102 3430 credulitatis.

529 3450 712 3504 Fidem
753 3448 855 3501 hoc
893 3447 1010 3501 loco
1047 3454 1200 3499 sonat
1230 3445 1505 3497 credulitas
1536 3444 1831 3513 theologica
1866 3448 2104 3511 notione,

530 3530 587 3576 ut
617 3518 850 3575 Salviani
877 3531 934 3571 ιιι
963 3525 1147 3571 contra
1178 3515 1455 3569 avaritiam
1488 3531 1499 3567 :
1532 3514 1649 3566 Non
1679 3532 1870 3583 qucero,
1901 3525 1955 3569 ut
1983 3518 2108 3569 mihi

530 3590 883 3646 credulitatem
908 3598 1046 3641 tuam
1070 3586 1346 3656 superioris
1370 3585 1483 3638 vita:
1503 3584 1697 3638 actibus
1725 3588 1923 3656 probes.
1968 3588 2109 3641 Con-

534 3672 612 3718 tra
657 3658 986 3714 incredulitas
1038 3656 1179 3725 apud
1210 3655 1611 3726 Hieronymum,
1638 3655 1933 3711 incredulus
1969 3657 2109 3727 apud

531 3735 775 3788 Urosium
808 3730 992 3784 vitium
1023 3727 1141 3782 ﬁdei
1172 3730 1498 3782 contrarium
1530 3727 1857 3795 signiﬁcant.

603 3803 727 3865 551,
775 3801 919 3866 Put.,
942 3800 1132 3869 priores
1163 3814 1258 3868 pro
1285 3798 1483 3865 fideles,
1503 3797 1851 3869 dissentiente
1866 3798 2107 3869 Heinsio.

531 3877 609 3930 Ac
639 3887 829 3929 revera
858 3866 1059 3940 optime
1085 3866 1226 3923 cadit
1258 3868 1433 3935 ﬁdeles
1465 3884 1559 3940 pro
1589 3866 1928 3922 Christianis.
1978 3868 2109 3922 Nam

532 3945 745 4000 Iudaeos
799 3938 908 4009 per'
939 3956 1152 3994 omnem
1209 3940 1391 3993 orbem
1447 3938 1740 4005 dispersos,
1790 3949 1844 3993 et
1883 3940 2110 4007 imperio

533 4014 952 4067 Christianorum
1006 4024 1252 4077 magnam
1315 4017 1520 4076 partem
1570 4009 1852 4074 subditos,
1902 4010 2113 4063 constat

534 4097 652 4138 esse
678 4092 822 4133 testes
848 4079 1133 4148 iniquitatis
1164 4094 1269 4148 sua:
1305 4086 1350 4130 et
1382 4079 1601 4130 veritatis
1645 4090 1848 4142 nostrae,
1880 4089 1935 4133 ut
1961 4087 2114 4147 γοελιι

534 4152 591 4206 S.
619 4147 1313 4219 Augustinus,_enarr_._l_in
1342 4148 1602 4219 psalmum
1634 4164 1781 4202 Lvur.

609 4216 732 4275 552'.
777 4216 896 4272 Ald.
924 4258 936 4281 ,
962 4217 1081 4270 Put.
1100 4258 1113 4281 ,
1141 4216 1329 4269 Weitz.
1352 4257 1365 4278 ,
1391 4216 1546 4283 Man,
1575 4217 1719 4281 Hat.,
1750 4218 1863 4272 Vat.
1890 4222 1934 4271 A
1956 4259 1970 4284 ,
2002 4219 2112 4273 Ha-

538 4289 873 4346 muncionitas
923 4301 1019 4355 pro
1086 4287 1280 4348 titulo,
1336 4286 1604 4353 Tumens,
1664 4287 2109 4344 Homuntionitas.

537 4362 772 4421 Tltuau.,
792 4356 1197 4410 Homucionitas.
1216 4355 1337 4407 Vat.
1365 4356 1424 4417 Β,
1450 4355 1638 4407 Contra
1661 4356 2108 4425 Homuncionitas,

539 4432 592 4485 id
619 4440 690 4484 est
730 4427 1019 4491 Ebionitas,
1067 4425 1141 4478 vel
1167 4425 1513 4478 Marrionitas.
1542 4426 1663 4478 Rot.
1692 4435 1745 4480 et
1770 4427 1875 4489 alii,
1910 4428 2113 4482 Homu-

538 4503 779 4565 sionitas;
821 4495 1150 4552 Torrentiani
1184 4495 1549 4561 Omttsionitas,
1578 4511 1684 4549 non
1713 4496 1866 4552 bene.
1903 4500 2111 4553 Etenim

2209 2882 2371 2953 dorus
2409 2897 2499 2935 vm
2528 2882 2699 2951 Etym.
2721 2923 2735 2947 ,
2769 2898 2887 2952 cap.
2920 2882 2973 2951 5,
3004 2883 3070 2939 de
3098 2886 3291 2953 quibus
3333 2885 3567 2940 Isidorus
3615 2889 3686 2940 ait
3709 2901 3771 2941 ex

2210 2952 2444 3007 Eusebio
2514 2972 2525 3004 :
2584 2953 2840 3024 Christum
2901 2971 2988 3023 per
3049 2952 3336 3024 profectum
3388 2956 3554 3009 solum
3625 2960 3774 3010 virum

2200 3028 2404 3096 justum
2454 3023 2963 3096 patente/fectum.
3012 3023 3202 3079 Paulus
3268 3026 3685 3093 Samosatenus,
3746 3041 3774 3080 a

2211 3110 2316 3163 quo
2364 3094 2602 3147 Pauliani
2659 3094 2886 3148 haeretici
2940 3095 3101 3157 dicti,
3152 3106 3204 3149 et
3254 3096 3512 3149 Photinus
3557 3100 3771 3151 similem

2212 3179 2449 3219 errorem
2478 3164 2791 3228 docuerunt,
2824 3166 3092 3219 Christum
3120 3182 3147 3220 a
3174 3167 3331 3219 Maria
3364 3168 3658 3236 sumpsisse
3682 3170 3775 3222 ini—

2210 3236 2364 3308 tium,
2398 3244 2450 3288 et
2480 3249 2543 3308 ex
2574 3236 2815 3302 profectu
2845 3236 3051 3290 virtutis
3081 3237 3243 3308 Deum
3271 3244 3390 3291 esse
3421 3237 3638 3302 factum,
3664 3240 3773 3308 qui-

2211 3306 2309 3359 bus
2363 3304 2753 3373 quodammodo
2814 3308 3138 3360 consonabat
3185 3307 3463 3361 Nestorius
3490 3348 3505 3373 ,
3550 3304 3691 3362 duas’
3723 3310 3773 3362 in

2209 3376 2794 3447 Christohdistingucns
2844 3392 3121 3445 personas.
3194 3377 3257 3430 Hi
3302 3378 3572 3447 {putabant
3617 3378 3775 3432 homi-

2211 3463 2355 3507 nem,
2390 3445 2552 3497 lilium
2586 3446 2787 3512 Mariae,
2815 3449 2925 3500 suis
2956 3448 3155 3501 meritis
3185 3445 3527 3503 consecutum
3554 3459 3609 3503 ut
3643 3448 3777 3503 Chri.

2211 3516 2541 3588 stusjlieret.
2598 3517 2722 3588 Ilaec
2766 3528 2879 3571 erat
2922 3519 3227 3585 apotheosis
3270 3520 3630 3586 ethnicorum,
3681 3534 3771 3588 qua

2213 3586 2455 3658 homines
2487 3586 2713 3658 inrdcos
2761 3588 3209 3642 convertebant‘hr
3234 3603 3247 3641 :
3271 3590 3411 3658 quod
3444 3606 3602 3658 quam
3648 3586 3778 3645 esset

2213 3657 2525 3729 absurdum,
2557 3657 2653 3725 ipsi
2682 3659 2877 3712 ethnici
2912 3674 3016 3711 non
3048 3657 3383 3727 ignorabant,
3424 3657 3479 3713 et
3511 3660 3777 3729 Vespasia-

2214 3744 2313 3782 nus
2364 3728 2531 3793 prima
2583 3729 2805 3781 extremi
2851 3730 3021 3783 morbi
3069 3730 3378 3784 accessione
3414 3728 3646 3797 jocatus,
3700 3728 3777 3790 Ut,

2216 3798 2403 3867 inquit,
2430 3807 2574 3866 puto,
2600 3800 2723 3850 deus
2744 3798 2833 3867 ﬁo.
2859 3800 3119 3854 Catholici
3152 3800 3254 3852 alio
3279 3814 3440 3853 sensu
3468 3799 3775 3866 apotheosin,

2213 3884 2306 3922 seu
2353 3867 2742 3922 tleiﬁcationem
2791 3879 2990 3923 natura:
3043 3872 3286 3923 humanm
3329 3884 3527 3925 vocare
3574 3879 3780 3938 possunt

2213 3939 2542 3993 evectionem
2575 3938 2687 4006 ejus
2715 3938 2781 3992 ad
2815 3940 3064 3994 unionem
3106 3956 3225 3994 cum
3271 3954 3493 4007 persona
3531 3941 3705 4003 Verbi,
3735 3939 3781 3993 vi

2214 4008 2364 4076 cujus
2393 4022 2518 4061 vere
2562 4008 2776 4073 dicitur,
2829 4011 2979 4076 homo
3022 4022 3093 4063 est
3124 4013 3245 4063 deus
3266 4051 3279 4074 ,
3323 4021 3394 4073 et,
3430 4022 3486 4064 ut
3514 4012 3659 4065 multi
3691 4012 3781 4064 SS.

2218 4074 2501 4149 PatresAet
2528 4078 2760 4146 theologi
2791 4074 3091 4149 loq'uuntur,
3128 4083 3279 4133 homo
3315 4082 3483 4149 factus
3510 4091 3584 4133 est
3624 4082 3743 4133 deus
3765 4095 3782 4130 :

2216 4150 2292 4202 sic
2336 4147 2522 4219 eadem
2563 4147 2873 4217 assumptio
2895 4160 3097 4204 naturae
3130 4147 3395 4214 humanae,
3426 4166 3522 4219 qua
3557 4150 3780 4202 Verbum

2216 4233 2340 4272 caro
2366 4218 2563 4271 factum
2604 4227 2704 4283 est,
2736 4220 2926 4274 dicitur
2950 4222 3232 4273 incarnatio
3264 4218 3568 4284 Verbi,’ltoc
3598 4230 3773 4272 tamen

2217 4288 2565 4351 discrimine,
2607 4290 2748 4358 quod
2780 4290 3009 4345 Verbum
3057 4291 3322 4345 existebat
3368 4299 3488 4345 ante
3532 4288 3780 4343 unionem

2217 4359 2603 4428 hypostaticam
2631 4401 2645 4421 ,
2679 4368 2866 4413 natura
2898 4362 3127 4414 humana
3171 4361 3368 4415 Christi
3411 4377 3514 4415 non
3547 4370 3668 4414 ante
3696 4375 3785 4414 ex-

2220 4429 2374 4493 stitit,
2406 4443 2564 4496 quam
2598 4428 2768 4484 Verbo
2802 4432 2945 4484 unita
2975 4441 3075 4485 cst.

2218 4516 2247 4522 λ’
2290 4498 2410 4551 560.
2454 4496 2593 4563 Put.,
2627 4503 2815 4565 nostri,
2847 4500 3142 4566 Weitzius,
3186 4501 3332 4565 Ald.,
3375 4501 3513 4565 Gis.,
3558 4502 3779 4557 excellet.

541 4549 1047 4636 ιιοηιηεεδηειξιξ-,ςέτ
1085 4566 1463 4642 ρρτμυμιριμίριη
1506 4549 1768 4642 etiam
1794 4549 1865 4642 ab;
1901 4549 2111 4642 sum;
2139 4549 2193 4610 ι)
2222 4549 2466 4642 uena...
2489 4549 2831 4625 ρπξιῑίξ-ςέίιδι
2861 4549 3518 4641 statim.‘satisan;
3544 4549 3786 4642 essent;

539 4634 966 4711 appellabantur,
988 4638 1128 4711 quod
1163 4636 1256 4691 Dei
1272 4634 1485 4711 _Filiu_m_
1510 4636 1653 4711 Patri
1680 4638 2112 4711 consubstantia-

540 4706 644 4768 lem
674 4711 915 4766 dicerent
940 4749 953 4773 ,
1003 4706 1057 4763 et
1087 4708 1351 4761 homusion
1394 4706 1761 4761 defenderent.
1792 4706 2112 4763 Homuncio-

544 4786 762 4837 nitarum
795 4780 1036 4834 meminit
1065 4778 1121 4832 S.
1156 4778 1509 4847 Hieronymus
1536 4777 1591 4830 in
1622 4777 1800 4847 libello
1830 4777 1897 4833 de
1932 4794 2114 4835 errore

541 4854 869 4916 Judaeorum,
897 4864 1051 4920 quem
1080 4849 1276 4920 publici
1301 4848 1436 4915 juris
1468 4848 1592 4920 fecit
1614 4846 1867 4920 Claudius
1898 4849 2111 4905 Menar—

543 4924 662 4990 dus,
694 4918 1220 4991 Vigilius'l‘apsensis
1246 4918 1338 4971 lih.
1370 4932 1425 4970 ιιι
1452 4918 1517 4971 de
1541 4918 1899 4991 TrinitateLet
1925 4929 2115 4975 auctor

543 4987 1033 5047 suh'Pranestinati
1078 4990 1312 5054 nomine,
1358 5003 1515 5057 quem
1546 4987 1772 5043 Jacobus
1801 4989 2116 5047 Sirmondus

545 5063 729 5117 edidit.
756 5062 950 5115 Marius
979 5058 1240 5115 Mercator
1269 5058 1463 5121 tradit,
1509 5060 1574 5111 ab
1603 5058 1841 5114 Ecclesia
1876 5062 2112 5114 Romana

546 5131 968 5186 Homnncionitas
1010 5130 1301 5199 appellatos
1328 5128 1613 5199 Photinrum
1646 5137 1700 5199 et
1726 5130 1844 5197 ejus
1887 5132 2113 5198 priores,

545 5202 876 5259 Sabellianos
906 5215 1036 5255 vero
1062 5198 1182 5254 eum
1232 5198 1616 5268 antiquioribus
1642 5198 1989 5254 similioribus
2018 5217 2113 5255 eo-

546 5290 663 5329 rum
704 5270 1133 5340 Patripassianos.
1171 5269 1444 5340 Errorem,
1474 5284 1629 5337 quem
1673 5270 1990 5325 Prudentius
2020 5272 2121 5324 im—

546 5354 793 5414 pugnat,
824 5339 992 5414 eirca‘
1020 5353 1215 5414 annum
1246 5340 1325 5414 10
1356 5339 1651 5414 docuerunt
1697 5340 1866 5414 Ebion
1898 5350 1951 5395 et
1990 5341 2115 5414 alii:

547 5409 720 5483 glossa
746 5413 958 5468 videtur
980 5409 1215 5483 iudicare
1237 5409 1565 5483 Marcionem
1607 5409 2119 5483 siveMarcionitas,

549 5480 800 5553 tauquam
852 5481 1278 5553 hujushteresis
1324 5490 1595 5553 patronos.
1644 5480 1749 5533 Sed
1797 5480 2122 5553 Marcionitre

547 5551 688 5609 circa
717 5568 912 5608 annum
944 5552 1045 5607 150
1076 5551 1127 5605 in
1166 5551 1271 5605 alio
1301 5564 1483 5606 errore
1506 5551 1717 5605 diverso
1748 5551 2121 5618 versabantur,

550 5625 756 5680 scilicet
779 5622 1047 5677 Christum
1076 5622 1354 5676 Dominum
1384 5636 1599 5677 carnem
1632 5630 1834 5675 tantum
1863 5636 2124 5690 apparen-

550 5702 657 5748 tem
683 5693 954 5756 habuisse,
986 5702 1045 5746 ut
1069 5692 1123 5745 in
1147 5692 1540 5761 Hamartigenia
1570 5693 1855 5746 constabit.
1883 5692 2125 5746 Pruden-

553 5762 657 5831 tius
697 5762 1026 5831 potissimum
1056 5763 1342 5831 impugnat
1376 5763 1671 5825 Ebionitas,
1729 5777 1861 5831 quos
1891 5762 2126 5831 Semiju-

553 5829 710 5885 dicos
739 5829 1008 5896 appellant
1056 5829 1409 5894 Hieronymus
1451 5847 1518 5885 ·ιιι
1566 5832 1631 5886 ad
1671 5829 1882 5890 GalaL.
1930 5843 1983 5887 et
2026 5829 2123 5889 Isi-

2217 4648 2272 4694 ut
2303 4640 2371 4693 sit
2403 4641 2454 4693 in
2488 4643 2770 4706 prtesenti;
2814 4642 2907 4696 sed
2943 4642 3169 4707 llurima
3212 4642 3512 4710 hujusmodi
3544 4640 3702 4697 verba
3728 4640 3791 4693 ad

2214 4710 2500 4782 secundam
2542 4721 2591 4762 ct
2642 4713 2849 4765 tertiam
2891 4713 3316 4780 conjugationem
3367 4714 3701 4782 speetabant,
3738 4718 3791 4764 ut

2216 4780 2379 4850 fulgo,
2412 4780 2601 4849 fulgeo,
2636 4782 2772 4847 vido,
2800 4783 2957 4835 video.

2289 4851 2602 4922 56L__Ilal.,
2651 4852 2885 4922 hominis.
2934 4852 3112 4922 Prag.,
3153 4868 3282 4905 vana
3321 4868 3419 4921 pro
3444 4870 3595 4918 cana,
3627 4854 3793 4907 minus

2220 4921 2376 4974 bene.
2406 4919 2600 4974 Weitz.
2629 4930 2683 4975 et
2706 4920 2905 4977 Widm.
2960 4919 3407 4992 ita'distinguunt
3440 4940 3451 4975 :
3482 4922 3705 4976 Mortale
3728 4930 3794 4974 est

2217 4993 2304 5065 sed
2354 5001 2657 5065 utrumque,
2712 4994 2915 5065 homini
2945 5008 3063 5045 nam
3112 5004 3535 5065 canajsenescunt
3576 4994 3791 5065 ingenia.

2218 5060 2367 5116 Tunc
2399 5061 2558 5132 lectio
2600 5062 2718 5116 Itat.
2753 5079 2857 5116 non
2905 5063 3079 5131 inepta
3120 5063 3355 5115 hominis.
3386 5065 3491 5117 Alii
3526 5060 3796 5132 interpun-

2218 5140 2369 5199 gunt,
2403 5129 2622 5184 Mortale
2645 5142 2716 5184 est
2757 5134 2843 5185 sed
2870 5129 3135 5203 utrumque
3166 5134 3358 5186 homini
3381 5149 3399 5185 :
3423 5149 3540 5186 nam
3571 5129 3699 5186 cana
3724 5148 3796 5203 se-

2220 5211 2431 5255 nescunt
2476 5203 2697 5271 ingenia.
2744 5204 2799 5256 In
2827 5202 3409 5270 senibusprudeutiam
3439 5204 3644 5271 vigere,
3675 5202 3796 5256 viri-

2221 5272 2320 5325 bus
2348 5273 2587 5338 corporis
2617 5272 2905 5327 debilitatis
2932 5314 2947 5338 ,
2976 5273 3272 5327 communis
3301 5283 3384 5328 est
3415 5274 3713 5342 persuasio.
3746 5273 3796 5324 In

2222 5342 2424 5396 eisdem
2462 5342 2698 5412 delirare
2740 5345 2971 5410 linguam
3011 5352 3375 5412 mentemque,
3406 5357 3695 5398 senescere
3723 5344 3797 5396 in-

2223 5413 2378 5481 genia
2424 5410 2511 5464 alii
2532 5415 2708 5467 aiunt.
2745 5414 3131 5483 Distinguenda
3176 5410 3430 5468 estiaetas
3469 5414 3742 5482 decrepita
3772 5428 3797 5463 ιι

2223 5494 2407 5552 vegeta
2457 5494 2771 5552 senectute,
2815 5494 2973 5553 atque
3018 5486 3121 5537 hoc
3163 5494 3319 5553 pacto
3364 5485 3653 5539 contraria:
3700 5484 3797 5537 illa:

2226 5553 2505 5607 sententia:
2526 5554 2898 5609 conciliandae.

2297 5623 2421 5677 564.
2450 5623 2635 5689 Fabr.,
2666 5626 2800 5689 Gis.,
2833 5634 2987 5678 terra.
3020 5626 3205 5680 Melius
3236 5636 3402 5679 terrae.
3786 5678 3789 5679 ,

2301 5694 2423 5765 565.
2458 5692 2604 5765 Ald,
2632 5694 2742 5749 Gis.
2767 5706 2819 5749 et
2843 5696 2950 5757 alii,
2982 5698 3230 5765 germinat
3257 5698 3310 5748 in
3347 5696 3615 5749 mundum.
3647 5693 3795 5755 Marx,

2228 5762 2738 5886 )VbeitzﬁjHeinsius,
2769 5762 3015 5835 germinat
3040 5766 3393 5820 :immundum
3435 5767 3570 5835 quod
3610 5781 3709 5818 non
3738 5765 3799 5814 de

2252 5852 2277 5886 α
2313 5850 2339 5885 e
2363 5849 2453 5885 viri
2480 5850 2515 5884 ι.

2252 5849 2339 5886 ave
2363 5849 2515 5885 ιἰνιιι.
