3950 6326
216 316 322 372 οωι

1622 324 2065 385 APOTHEOSIS.

3375 330 3480 389 970

382 425 499 481 Non
516 442 662 495 (aro,
681 430 1238 503 necsanguispatrius,
1254 447 1351 490 nec
1364 433 1506 492 [ωειλ
1521 436 1785 509 voluptas.
1816 444 1871 505 Α
1896 438 2002 509 580
2074 437 2336 510 Credidit,
2356 448 2517 510 atque
2536 439 2663 497 ideo
2676 440 2922 512 concepit
2948 441 3164 498 credula
3185 441 3480 499 Christum.

382 519 638 575 lntactam
671 521 888 578 thalami
916 524 1085 580 virtus
1110 524 1287 583 divina
1314 530 1541 599 puellam

383 611 604 667 Sincero
631 614 758 668 ﬂatu
782 629 877 684 per
905 616 1110 672 viscera
1143 628 1289 675 casta
1322 620 1559 675 maritat.

385 704 723 776 lncomperta
756 718 905 763 ortus
934 710 1142 764 novitas
1168 711 1337 781 jubet,
1370 721 1427 768 ut
1450 714 1589 769 Deus
1618 728 1737 769 esse

383 798 645 855 Credatur
674 798 919 857 Christus
942 802 1020 858 sic
1052 804 1332 871 conditus;
1359 804 1559 862 innuba
1588 806 1737 877 virgo

382 890 543 946 Nubit
576 892 819 961 Spiritui,
845 893 1032 949 vitium
1058 909 1156 950 nec
1185 898 1349 952 sentit
1376 898 1593 954 amoris.

382 980 648 1038 Pubcrtas
679 984 881 1054 signata
910 992 1114 1051 manet,
1145 988 1326 1056 gravis
1357 986 1519 1056 intus,
1563 995 1617 1044 et
1643 996 1791 1045 extra

381 1072 687 1141 Incolumis,
721 1075 918 1133 ﬂorens
947 1077 1016 1133 de
1047 1078 1318 1135 fertilitate
1350 1081 1541 1151 pudica

207 706 311 762 570

202 1164 307 1222 575
382 1165 501 1222 lam
550 1177 753 1235 mater,
798 1169 893 1226 sed
945 1171 1097 1241 virgo
1149 1178 1362 1239 tamen;
1412 1174 1578 1229 maris
1626 1174 1793 1231 inscia

1507 1264 1720 1337 [malem

382 1348 519 1419 Quid
556 1348 773 1409 renuis?
816 1352 943 1426 quid
986 1354 1144 1413 inane
1183 1363 1363 1428 caput,
1409 1370 1519 1413 non
1554 1357 1790 1427 credule,

1440 1450 1721 1523 [quassast

383 1534 548 1609 456
576 1537 811 1609 Angelus
840 1537 945 1595 hoc
974 1549 1160 1599 sancto
1194 1542 1501 1613 pronuntiat
1524 1560 1638 1612 ore,
1683 1545 1793 1613 pla-

1545 1637 1722 1711 [cetne

379 1718 637 1789 Credere,
675 1732 729 1777 et
757 1724 1011 1796 angelicis
1040 1741 1225 1783 aurem
1256 1743 1499 1787 reserare
1529 1730 1792 1801 loquelis?
1820 1770 1825 1775 -

379 1812 499 1882 Ipsa
529 1818 864 1875 coruscantis
892 1820 1153 1876 monitum
1188 1835 1340 1877 sacra
1380 1823 1531 1894 virgo
1562 1823 1790 1879 ministri
1822 1819 1870 1878 Β

2076 530 2369 587 Credentes
2402 548 2521 587 nam
2548 531 2797 591 Christus
2814 511 2968 599 adit;
3002 532 3298 590 dubitabile
3315 548 3475 605 pects
3511 511 3530 527 ’

2073 624 2186 679 Sub
2216 624 2476 680 titubante
2506 626 2609 680 ﬁde
2638 624 2827 695 refugo
2855 626 3153 681 contemnit
3183 625 3409 684 honore.

2079 719 2391 790 Virginitas,
2412 729 2468 775 et
2494 730 2738 789 prompta
2764 719 2895 776 ﬁdes
2917 720 3189 776 Christum
3205 721 3339 779 bibit
3360 722 3486 782 alvo

2072 812 2283 878 Cordis,
2317 821 2371 867 et
2400 814 2616 871 inmetis
2645 813 2827 870 condit
2860 814 3095 884 paritura
3122 816 3364 874 latebris.

1895 902 2001 962 585
2075 905 2271 972 Crede,
2302 906 2444 977 quod
2476 908 2705 962 emissus
2726 907 2861 963 solio
2889 907 3062 964 Patris
3091 912 3312 980 angelus
3336 910 3480 973 iniit:

2077 996 2197 1065 Vel,
2229 999 2274 1053 si
2303 1007 2589 1069 concretus
2617 998 2868 1069 liquidam
2901 999 2968 1055 de
2997 1001 3175 1058 sidere
3209 1018 3391 1059 vocem

2066 1088 2183 1146 Non
2213 1090 2355 1161 capit
2396 1090 2632 1161 auditus,
2675 1090 2869 1147 mulier
2908 1091 3035 1163 quid
3076 1093 3302 1166 conjuge
3340 1110 3482 1165 prte-

3221 1186 3413 1259 [sum

2075 1273 2286 1332 Clamet
2314 1291 2467 1345 anus,
2500 1277 2749 1350 credens,
2783 1284 2835 1334 et
2866 1277 3081 1336 tandem
3105 1278 3315 1335 sobrius
3338 1279 3480 1336 audi.

2074 1366 2235 1441 455
2269 1368 2399 1429 Mira
2433 1369 2594 1425 lldesl
2651 1380 2802 1427 utero
2838 1385 2969 1441 puer
2997 1370 3328 1442 interceptus
3356 1371 3486 1428 anili

1901 1455 2007 1514 590
2087 1458 2397 1528 Virgineum
2424 1460 2698 1516 dominum
2728 1470 2971 1517 materno
2998 1476 3062 1517 ex
3093 1477 3187 1518 ore
3212 1463 3408 1519 salutat

2075 1550 2309 1615 Primus,
2346 1563 2397 1605 et
2430 1553 2687 1608 infantem
2719 1570 2824 1608 non
2861 1564 3017 1608 natus
3047 1554 3255 1610 nuntiat
3278 1556 3452 1611 infans

2075 1642 2194 1697 1am
2234 1652 2477 1698 nostrum
2512 1646 2691 1715 vagire
2719 1646 2861 1699 sibi:
2904 1661 3026 1701 nam
3058 1649 3210 1715 pusio
3250 1648 3486 1702 nondum

2080 1734 2264 1798 Norat,
2297 1744 2350 1789 et
2378 1750 2469 1790 ora
2498 1736 2609 1791 Deo
2640 1738 2915 1791 reserabat
2943 1739 3156 1807 garrula
3186 1738 3420 1795 Christo.

2080 1825 2316 1883 Promite
2342 1836 2580 1882 secretos
2603 1828 2769 1884 fastos
2796 1846 2809 1881 :
2837 1829 2978 1895 date,
3018 1830 3234 1901 pandite
3266 1833 3483 1903 librum,

1505 1917 1792 1975 GLOSSIE
1834 1921 2169 1978 VETERES.

265 2003 399 2060 567.
430 2005 585 2071 Caro,
620 2012 851 2072 materia,
883 2009 978 2073 vel,
1011 2019 1065 2062 ut
1093 2010 1183 2063 alii
1214 2012 1378 2065 solent
1400 2011 1565 2075 nasci,
1599 2012 1637 2065 Ι.

437 2076 715 2142 lntactam,
748 2077 1005 2148 ignaram,
1036 2080 1112 2134 vel
1142 2092 1352 2147 castam,
1389 2081 1429 2136 Ι.

265 2146 399 2202 569.
434 2148 664 2225 hlaritat,
700 2146 965 2225 fecundat,
998 2159 1045 2203 et
1076 2162 1309 2223 prwgnat
1331 2168 1350 2206 :
1372 2152 1583 2207 maritat
1621 2154 1795 2225 pluvia

180 2227 418 2285 terram,
451 2220 503 2269 id
529 2228 601 2271 est
624 2220 882 2285 fecundat,
915 2220 953 2273 1.

264 2289 398 2343 57υ.
438 2290 789 2357 incomperta,
836 2291 1130 2360 incognita,
1176 2308 1277 2347 non
1314 2295 1539 2360 inventa,
1586 2296 1689 2350 lso.
1722 2326 1792 2336 -—

201 2360 393 2425 Ortus,
426 2362 727 2421 nativitatis,
762 2362 1028 2430 genitivus,
1062 2362 1104 2415 1.

224 2464 227 2467 ›
266 2430 401 2506 572.
437 2430 869 2506 Nubitﬁpiritui,
895 2448 997 2506 non
1023 2434 1162 2502 quod
1190 2434 1421 2506 Spiritus
1460 2446 1668 2490 sanctus
1694 2453 1794 2506 pa-

199 2510 274 2575 tfr
328 2501 500 2567 fuisset
527 2499 659 2575 AFilii
690 2499 1303 2575 Dci;_sedicooperante
1343 2504 1543 2575 Spiritu
1593 2499 1785 2571 sancto,

197 2568 368 2625 Pater
385 2572 556 2642 genuit
582 2587 717 2633 eum,
749 2581 794 2622 et
822 2572 938 2639 fecit
971 2568 1229 2627 incarnari
1258 2576 1310 2628 in
1337 2568 1478 2629 ulero
1509 2577 1710 2642 Μανίαν,
1747 2568 1787 2631 Ι.

432 2641 709 2719 Pubertas,
747 2642 989 2719 juvenilis
1037 2645 1278 2719 castitas,_
1302 2646 1357 2719 id
1397 2656 1477 2719 _est
1504 2641 1785 2719 virginitas.

218 2711 543 2784 —_§igiia_ta,
573 2712 770 2784 clausa.
804 2742 873 2751 —
901 2714 1108 2777 Gravis,
1138 2716 1367 2784 gravida,
1397 2716 1435 2769 l.

264 2782 405 2857 529.
430 2781 545 2857 lion
575 2782 813 2857 credule,
853 2800 881 2835 o
908 2781 1156 2853 perfide,‘
1178 2785 1254 2839 vel
1289 2785 1715 2857 Homuncionita,
1750 2789 1790 2843 l.

264 2851 405 2908 577.
440 2851 571 2917 Hoc,
603 2855 729 2919 fore,
770 2853 807 2905 I.

261 2921 402 2979 582.
433 2922 736 2977 Contemnit
790 2924 1005 2985 respuit.
1041 2924 1083 2979 l.

1970 2016 2095 2069 585.
2133 2013 2291 2077 Bibit,
2318 2030 2411 2078 pro
2433 2014 2681 2079 concepit,
2714 2013 2753 2066 1.

1971 2084 2097 2141 584.
2133 2084 2396 2147 Lalehris,
2430 2084 2774 2151 interioribus,
2810 2091 2847 2143 1.

1971 2155 2095 2210 585.
2128 2154 2362 2223 Angelus
2392 2155 2528 2219 iniit,
2580 2153 2805 2223 Spiritus
2848 2165 3055 2208 sanctus
3092 2159 3406 2225 superveniet
3435 2159 3488 2213 in

1899 2234 1967 2292 te,
2000 2236 2107 2279 etc.
2140 2227 2243 2280 lso.

1973 2296 2097 2351 586.
2129 2294 2452 2368 Concretns,
2482 2312 2705 2360 crassus,
2730 2300 3033 2368 obduratus,
3080 2297 3157 2350 vel
3188 2298 3398 2368 spissus.
3422 2329 3489 2341 —-

1902 2369 1979 2423 De
2008 2368 2202 2429 sidere,
2236 2366 2542 2420 descendere
2564 2369 2615 2417 in
2639 2367 2813 2431 corde,
2851 2368 2891 2420 Ι.

1973 2437 2097 2493 587.
2128 2435 2385 2505 Conjuge,
2414 2440 2599 2489 marito
2630 2433 2905 2500 Zacharia,
2944 2437 2983 2491 l.

1973 2508 2099 2564 589.
2134 2507 2487 2575 Interceptus,
2523 2517 2818 2574 conceptus,
2850 2508 2888 2560 Ι.

1972 2579 2096 2633 590.
2132 2578 2206 2631 Ex
2244 2592 2369 2637 ore,
2417 2579 2535 2645 quia
2584 2576 2815 2647 Joannes
2865 2594 2965 2629 non
3017 2589 3214 2633 locutus
3263 2591 3355 2647 est,
3404 2585 3491 2635 sed

1903 2659 2047 2721 gestu
2080 2649 2307 2721 corporis
2338 2650 2557 2721 ostendit
2587 2646 2857 2721 adventum
2876 2648 3115 2721 _I)omini,
3151 2649 3187 2701 Ι.

1971 2722 2095 2775 595.
2129 2720 2313 2782 Norat,
2354 2716 2545 2770 scilicet
2579 2719 2733 2784 loqui.
2764 2747 2834 2757 —-
2865 2718 3109 2785 Garrula,
3158 2720 3415 2788 loquacia,
3442 2720 3492 2787 pl,

1968 2789 2093 2861 594.
2129 2789 2339 2849 Fastos,
2370 2797 2561 2861 secreta
2606 2789 2761 2861 dicta,
2784 2789 3078 2861 uariantes;
3105 2793 3269 2861 fastus
3296 2802 3494 2861 quarta!

1897 2860 2276 2925 declinationis,
2306 2858 2578 2927 superbia;
2612 2858 2734 2925 fasti
2775 2856 2893 2910 libri
2922 2856 3155 2925 annales,
3189 2860 3230 2913 ι.

1555 3019 2119 3077 COMMENTARIUS.

261 3106 401 3164 567.
432 3107 578 3172 Δια..
613 3124 714 3161 non
743 3110 971 3175 sanguis.

266 3180 407 3234 569.
442 3179 793 3252 Egm.,_Put.,
845 3178 969 3252 V_at.
1000 3180 1068 3244 A,
1096 3177 1243 3252 PaL,
1269 3182 1417 3252 ﬂatu.
1452 3181 1576 3247 Alii,
1600 3184 1791 3252 afflatu.

196 3249 357 3305 Rott.
392 3259 447 3304 ct
476 3249 580 3303 duo
609 3249 791 3314 'l‘orr.,
822 3249 1040 3315 affectu,-
1071 3251 1198 3318 flatu
1230 3251 1441 3307 videtur
1471 3249 1794 3322 magis-Pru-

193 3322 297 3377 den
308 3322 424 3375 tian
435 3335 543 3374 um.

266 3392 403 3448 5⁸71.
442 3390 497 3462 In
529 3390 648 3444 Vat.
681 3392 722 3443 A
755 3390 905 3444 abest
948 3388 1179 3445 Christus
1222 3392 1542 3462 negligentia
1594 3396 1795 3449 exscri-

196 3462 400 3545 ptoris.
434 3460 654 3545 innuba,
690 3472 745 3541 ut
775 3469 957 3541 postea
1001 3476 1158 3515 versu
1189 3460 1315 3527 6M,
1364 3460 1582 3545 innupto
1622 3465 1792 3545 algere,

197 3532 348 3587 idem
376 3540 481 3603 est,
512 3547 573 3584 ac
603 3532 758 3603 maris
786 3532 970 3603 inscia,
1015 3546 1330 3603 senexpers
1359 3532 1620 3603 conjugis.
1669 3537 1819 3595 Dre-.

198 3606 399 3673 panius
433 3601 621 3655 Florus
651 3602 703 3655 in
736 3602 973 3673 carmine
1000 3601 1065 3655 de
1094 3602 1263 3656 Cerco
1292 3601 1544 3673 Paschali
1558 3624 1568 3656 :
1597 3604 1796 3660 Intacta

196 3672 815 3745 praegnansuterodedit
854 3672 1045 3745 innuba
1074 3681 1251 3725 mater.
1303 3672 1566 3729 Notarunt
1609 3677 1793 3744 aliqui,

199 3742 398 3799 nubere
427 3742 716 3812 aliquando
763 3742 1102 3813 metaleptice
1147 3754 1323 3797 actum
1361 3742 1797 3813 conjugalern'si—

197 3815 497 3885 gniﬁcare;
531 3812 653 3885 hinc
674 3812 804 3885 illud
828 3825 1087 3885 :_peream,
1119 3813 1217 3867 nisi
1245 3814 1429 3869 nubere
1459 3812 1604 3869 dulce
1628 3826 1721 3881 est,
1745 3826 1797 3870 et

198 3882 369 3954 {rupta
397 3885 569 3939 verba.
600 3883 737 3937 Hinc
766 3882 993 3951 Deipara
1039 3894 1197 3954 mater
1217 3886 1450 3953 innupta,
1495 3897 1541 3939 et
1583 3888 1793 3939 innuba.

198 3952 403 4025 PsYcli.
444 3971 589 4010 vers.
622 3956 687 4009 74
718 3955 913 4021 :Atque
933 3954 1149 4023 innupta
1168 3952 1581 4026 Deumconcepit
1604 3958 1798 4025 femina

204 4038 396 4080 mater.
429 4026 645 4080 Plautus
675 4026 866 4079 Pseud.
900 4034 1004 4077 act.
1043 4040 1077 4089 ι,
1122 4039 1271 4081 scen.
1296 4027 1329 4079 5
1355 4044 1366 4079 :
1394 4026 1507 4079 Eho
1552 4044 1617 4079 an
1660 4044 1797 4079 nun-

205 4108 367 4164 quam
417 4099 572 4166 hujus
621 4096 840 4161 nnpsisti
882 4095 1052 4166 patri?
1100 4094 1159 4149 Β.
1220 4097 1483 4164 Virginem
1528 4099 1797 4164 innuptam

208 4168 368 4221 multi
420 4165 604 4221 Patres
661 4166 946 4231 dixerunt,
997 4165 1392 4232 Tertullianus,
1446 4167 1791 4236 Epiphanius,

209 4238 569 4307 Augustinus.
603 4236 890 4307 Gregorius
923 4237 1161 4307 Magnus,
1199 4236 1521 4291 Bernartius.

284 4305 412 4363 572.
450 4308 611 4363 Error
642 4306 758 4359 Vat.
793 4306 856 4368 A,
890 4305 1021 4359 subit
1060 4321 1154 4373 pro
1184 4307 1343 4360 nubit.

230 4438 244 4448 _
288 4378 411 4432 573.
465 4376 756 4448 Virginitas
794 4376 1035 4448 Deipara:
1077 4377 1178 4448 hoc
1236 4377 1355 4432 loco
1399 4378 1800 4433 demonstratur

217 4446 408 4504 iisdem
453 4448 563 4502 lere
610 4447 791 4501 verbis
839 4447 1031 4513 quibus
1061 4446 1313 4501 Arnullus
1364 4464 1490 4502 usus
1521 4457 1648 4503 est:
1689 4448 1800 4503 Nec

213 4528 404 4574 reserat
437 4527 614 4587 partus
634 4517 823 4585 signati
846 4516 1070 4569 claustra
1099 4518 1329 4586 pudoris.
1375 4519 1506 4574 Vide
1535 4521 1653 4582 ejus
1682 4534 1803 4573 car-

215 4606 342 4645 men
374 4590 515 4659 apud
551 4589 824 4642 Bartliium
856 4587 947 4642 lib.
983 4604 1065 4639 LVI
1089 4588 1339 4659 Advers.,
1366 4604 1485 4657 cap.
1514 4591 1601 4644 16.

291 4658 421 4714 57ϋ.
446 4660 702 4724 Quassare
733 4668 888 4723 caput
920 4658 1190 4711 irridentis
1237 4668 1337 4724 est,
1390 4675 1492 4714 non
1534 4660 1705 4714 solum
1736 4676 1799 4715 ex

1899 3114 2063 3167 visum
2090 3127 2211 3163 mox
2238 3110 2481 3174 credidit,
2507 3120 2562 3164 et
2591 3109 2695 3163 alia
2724 3109 2871 3163 addit
2899 3109 2966 3164 ab
2989 3110 3205 3168 Heinsio
3231 3123 3490 3169 mutuata.

1975 3182 2099 3238 585.
2146 3181 2336 3235 Petrus
2380 3181 2667 3245 Lucensis,
2719 3181 3047 3235 revelatione
3094 3182 3340 3249 feminte,
3403 3200 3495 3239 aut

1906 3254 2043 3309 falsa
2066 3261 2159 3306 aut
2186 3252 2327 3313 male
2355 3251 2649 3313 intellecta,
2683 3251 2923 3316 delusus,
2962 3254 3343 3308 somniavit‘B.
3381 3256 3494 3309 \‘ir-

1823 3321 1871 3384 C
1900 3323 2293 3396 ginenicorde,
2324 3336 2431 3396 non
2455 3330 2609 3396 utero
2639 3323 2971 3396 concepisse.
3023 3323 3155 3396 l_lnic_
3180 3326 3349 3378 errori
3396 3330 3491 3379 mi-

1904 3389 2049 3451 nime
2083 3394 2227 3448 lavet
2256 3392 2601 3464 Prudentius,
2650 3389 2742 3461 qui
2774 3392 2999 3460 liguratc
3027 3390 3111 3447 hic
3145 3394 3400 3463 loquitur,
3442 3409 3497 3452 et

1903 3470 2048 3521 clare
2079 3465 2197 3518 aliis
2229 3465 2279 3515 in
2309 3464 2439 3515 locis
2464 3478 2647 3515 veram
2676 3464 2997 3532 sententiam
3030 3466 3393 3532 amplectitur,
3440 3478 3497 3521 ut

1905 3552 2045 3591 vers.
2081 3535 2148 3589 58
2181 3534 2338 3604 hujus
2366 3534 2645 3604 poematis,
2677 3531 2851 3604 Enixa
2881 3542 2954 3604 est
2984 3535 3077 3585 sub
3108 3531 3215 3604 lege
3243 3539 3390 3588 uteri.
3438 3537 3495 3590 In

1904 3608 2250 3674 responsorio
2296 3602 2809 3674 biicircumcisionis
2851 3602 3051 3674 Asimilia
3084 3602 3252 3658 sunt:
3298 3607 3496 3671 Conﬁr-

1904 3672 2095 3729 matum
2118 3682 2190 3728 est
2211 3690 2297 3727 cor
2336 3673 2591 3741 Virginis,
2616 3672 2668 3723 in
2691 3672 2995 3744 quordivina
3018 3676 3277 3744 mysteria,
3313 3677 3497 3744 angelo

1905 3747 2188 3809 nuntiante,
2222 3745 2491 3811 concepit:
2520 3752 2640 3794 tunc
2678 3743 2962 3810 speciosum
3002 3741 3169 3809 forma
3216 3760 3323 3811 prce
3375 3741 3496 3806 filiis

1906 3817 2167 3870 hominum
2223 3814 2374 3866 castis
2444 3812 2667 3879 suscepit
2736 3812 3026 3864 visceribus.
3101 3816 3384 3868 l’everatus
3444 3818 3496 3870 in

1904 3896 2020 3941 not.
2069 3900 2199 3938 mss.
2254 3883 2413 3937 etiam
2466 3884 2683 3947 propius
2725 3881 2789 3933 ad
2839 3881 3109 3936 Prudentii
3165 3894 3396 3939 mentem
3443 3896 3499 3941 et

1905 3958 2223 4011 sententiam
2267 3953 2409 4007 addit
2463 3953 2517 4006 Β.
2570 3951 2837 4018 Virginem
2908 3953 3105 4021 duplici
3156 3957 3317 4009 modo
3358 3971 3493 4021 con-

1906 4028 2136 4093 cepisse,
2167 4026 2270 4078 lide
2323 4025 2573 4092 primum,
2627 4036 2689 4074 ac
2730 4023 2939 4089 spiritu,
2988 4036 3095 4076 tum
3137 4040 3320 4090 carne,
3370 4026 3499 4082 dum

1905 4098 2103 4151 Christi
2136 4108 2331 4163 corpus
2349 4104 2508 4165 _u_tcro
2539 4093 2817 4165 complexa
2849 4102 2951 4156 est,
3002 4108 3063 4146 ex
3112 4096 3167 4150 S.
3201 4100 3500 4165 Augustino

1905 4170 1975 4225 de
2002 4167 2303 4237 Trinitate;
2338 4163 2573 4237 Materna
2598 4163 2953 4237 prapinquitas
2999 4165 3128 4218 nihil
3160 4163 3343 4221 Maria:
3378 4185 3501 4237 pro-

1905 4239 2100 4309 fuisset,
2148 4237 2245 4290 nisi
2281 4234 2481 4304 felicius
2506 4233 2761 4289 Christum
2783 4237 2953 4299 corde,
2992 4250 3144 4301 quam
3184 4254 3337 4292 carne
3378 4233 3501 4308 por-

1907 4318 2058 4363 ιαεσει
2069 4350 2081 4362 .

1978 4380 2106 4434 586.
2155 4378 2421 4433 Giselinus
2453 4385 2598 4432 recte
2642 4376 2880 4428 auditum
2920 4388 3209 4431 concretum
3252 4395 3320 4433 ex
3354 4382 3497 4438 mole

1910 4460 2085 4505 terrea
2118 4461 2452 4516 compactum
2481 4447 2721 4514 exponit,
2747 4447 2927 4500 addito
2951 4449 3215 4503 axiomate
3238 4449 3462 4519 physico
3486 4470 3497 4504 ε

1906 4538 2086 4575 sensus
2102 4523 2373 4576 exteriores
2396 4524 2460 4571 azl
2484 4520 2734 4589 objectum
2756 4534 3063 4587 magnopere
3083 4520 3278 4587 insigne
3296 4520 3498 4585 hebere,

1909 4608 2185 4661 eorumque
2204 4592 2463 4661 judicium
2491 4590 2697 4641 violari.

1984 4654 2110 4717 587.
2142 4654 2239 4716 Adi
2271 4662 2425 4714 Lucu-
2457 4675 2494 4722 ι,
2528 4661 2596 4712 42
2628 4669 2677 4711 et
2705 4654 2879 4725 seqq.,
2934 4658 3000 4711 de
3026 4658 3081 4711 S.
3120 4658 3387 4713 lilisabeth
3419 4661 3497 4714 vi-

220 4710 851 4800 lesiimoiiiovsicriptur'ze
882 4710 1457 4797 ntovereicnput,‘Vetti,
1501 4731 1597 4785 sed
1640 4732 1801 4786 etiam
1831 4710 1883 4769 Ῑ)
1913 4735 2072 4787 sitata
2102 4748 2129 4785 a
2164 4732 2379 4800 dcipara
2404 4710 2651 4800 Virgine.

220 4802 359 4867 apud
388 4800 658 4863 ethnicos,
708 4799 847 4868 apud
878 4814 1011 4868 quos
1060 4802 1173 4863 iraa,
1222 4808 1277 4853 et
1321 4802 1494 4856 luctus
1543 4804 1702 4856 etiam
1748 4802 1801 4857 id

219 4874 430 4940 signum
459 4870 772 4925 habebatur.
794 4869 926 4941 Vide
953 4869 1185 4941 Deirium
1212 4871 1263 4924 in
1288 4873 1537 4941 Tragazd.
1558 4875 1798 4928 Senecas.

295 4944 417 4996 577.
456 4942 639 4995 lleins.
670 4956 789 4995 cum
818 4939 1215 5006 Put.,'l‘liuan.,
1236 4939 1607 5008 Rot.,duobus
1624 4944 1803 5009 Torr.,

221 5012 550 5076 Caucliiano,
600 5016 711 5081 fore
759 5013 979 5063 nuntiat.
1030 5011 1203 5065 Nostri
1246 5023 1300 5067 et
1327 5013 1438 5078 alii,
1490 5016 1803 5081 pronuntiat.

224 5083 617 5137 Cliamillardus
642 5082 709 5134 ab
731 5081 951 5135 Heinsio
974 5084 1219 5147 recessit,
1252 5093 1466 5137 secutus
1489 5088 1805 5151 pronuntiat.

222 5153 441 5207 Teolius
467 5153 629 5206 edidit
654 5155 763 5217 fore
781 5152 1003 5219 nuntiat,
1019 5152 1113 5207 sed
1139 5152 1310 5207 lassus
1332 5164 1413 5207 est
1433 5169 1583 5223 atque
1612 5155 1805 5208 bonam

222 5224 511 5278 lectionem
542 5238 663 5278 esse
706 5225 1027 5289 pronuntiat,
1079 5235 1130 5277 et
1161 5225 1213 5276 in
1253 5226 1500 5279 omnibus
1526 5225 1639 5278 fere
1665 5225 1805 5278 Vatt.

226 5293 709 5365 reperiritAngeli
750 5296 910 5365 verba
934 5294 1058 5365 lege
1079 5308 1195 5361 cap.
1226 5310 1241 5347 ι
1272 5294 1450 5361 Lucae,
1473 5296 1541 5349 28
1573 5304 1629 5349 et
1655 5311 1807 5365 seqq.

307 5366 423 5418 579.
466 5363 687 5432 Wcitz.,
736 5364 874 5433 Gis.,
924 5364 1066 5427 Rat.,
1121 5365 1301 5434 Prag.,
1352 5366 1577 5419 monitis.
1622 5363 1808 5433 Fabr.,

234 5436 479 5487 monitus.
512 5436 691 5504 Egm.,
719 5436 906 5504 Bong.,
956 5435 1229 5489 lleinsiani
1271 5438 1507 5503 plerique
1535 5443 1588 5490 et
1619 5437 1811 5501 nostri,

238 5507 502 5559 monitum.
555 5506 802 5560 Galland.
854 5521 974 5559 cum
1022 5507 1142 5559 Ald.
1189 5516 1253 5564 et,
1282 5507 1520 5560 Tornazs.
1570 5510 1813 5574 sequitur

234 5577 479 5627 sitonitum
504 5578 740 5641 credidit,
770 5586 823 5629 ut
849 5591 991 5631 vers.
1018 5577 1143 5641 568,
1174 5579 1332 5631 visum
1355 5592 1473 5630 mox
1501 5576 1733 5641 credidit,
1757 5585 1813 5631 et

234 5658 384 5699 vers.
414 5648 537 5710 715.
580 5652 695 5718 jam
719 5647 866 5701 crede
904 5647 1091 5700 Deum.
1138 5648 1195 5699 ln
1224 5648 1353 5704 Mar.
1380 5648 1579 5702 recenti
1623 5662 1807 5713 manu,

234 5718 460 5771 utanitis.
485 5718 874 5773 Chamillardus
903 5718 1027 5785 legit
1058 5720 1280 5784 monitis,
1326 5727 1380 5773 et
1409 5720 1459 5771 in
1490 5728 1612 5772 nota
1643 5718 1810 5771 inter-

233 5797 417 5863 rogat.
444 5805 607 5843 nonne
646 5792 928 5840 monitum?
959 5806 1075 5839 παθη
1104 5807 1279 5859 supra,
1318 5788 1415 5846 Ille
1442 5789 1608 5845 Deum
1642 5788 1766 5845 vidit
1789 5806 1811 5848 ζ

606 5885 880 5950 ΡΑι-ιοι..
917 5881 1089 5946 LIX.

1984 4802 2108 4858 595.
2146 4795 2269 4854 Vat.—
2294 4801 2361 4865 A,
2392 4795 2574 4863 Deum,
2609 4799 2884 4861 mendose,
2915 4809 3012 4865 pro
3038 4795 3166 4850 Deo.

1985 4872 2109 4929 594.
2142 4870 2329 4923 Fastos
2373 4870 2488 4936 lego
2517 4884 2637 4921 cum
2668 4868 2805 4921 Vatt.
2842 4868 2882 4919 Β
2906 4867 3017 4934 (ubi
3061 4878 3142 4921 est
3172 4868 3377 4939 fastus).
3428 4871 3493 4938 Q,

1918 4944 2070 5006 Urb.,
2107 4942 2255 4995 Alex.
2305 4956 2333 4993 τι
2362 4939 2595 4993 secunda
2642 4953 2824 5000 manu,
2876 4938 3108 5001 'l'hu'm,
3161 4938 3382 5006 Egmya
3410 4956 3493 4995 se—

1914 5014 2087 5069 cunda
2118 5026 2300 5077 manu,
2331 5019 2383 5063 et
2412 5008 2623 5062 caeteris
2656 5008 2958 5079 Heinsianis
2990 5017 3185 5074 praeter
3229 5010 3375 5079 P‘ut.,
3408 5013 3497 5067 ubi

1916 5090 2071 5153 fatos,
2118 5094 2171 5136 et
2199 5083 2405 5153 'l‘liuan:
2434 5078 2728 5153 agsecunda
2764 5092 2922 5153 manu
2954 5079 3337 5153 festo_s.__Aldus
3364 5078 3499 5149 quo-

1918 5149 2043 5224 que,
2067 5154 2331 5224 Terinam,
2370 5149 2641 5224 Galland.,
2664 5150 3276 5224 Bong.,_fastos.gWidm.
3312 5167 3497 5220 supra,

1914 5220 2102 5293 fastus.
2158 5221 2306 5275 Fasti
2361 5222 2685 5293 vocabantur
2735 5220 3184 5293 tabellaqui‘hus
3225 5222 3342 5293 dies
3383 5224 3501 5276 festi

1917 5290 2245 5364 profestique
2272 5292 2442 5345 notari
2480 5291 2752 5364 solebant.
2799 5290 2918 5343 Vat.
2948 5291 3032 5364 A,_
3068 5291 3222 5364 hiatu,
3277 5291 3497 5364 weitz.,

1918 5360 2029 5421 Eis.
2062 5374 2117 5419 et
2148 5360 2492 5426 recentiores,
2524 5361 2681 5431 fatus.
2718 5362 3035 5433 Egm._apnd
3070 5360 3285 5425 Weitz.,
3340 5363 3506 5433 fatos;

1917 5436 2056 5505 apud
2078 5436 2373 5498 Ileinsium,
2406 5436 2585 5505 fastos.
2612 5432 2855 5505 Andreas
2871 5431 3100 5505 Wilkins
3127 5434 3193 5485 ub
3220 5433 3321 5487 hoc
3342 5431 3507 5488 versu

1919 5502 2194 5560 inchoavit
2222 5521 2371 5559 suam
2405 5504 2806 5571 Expositionem
2838 5502 2891 5555 in
2924 5502 3060 5556 festo
3101 5506 3258 5556 trium
3291 5520 3501 5571 regum,

1919 5576 2111 5632 factam
2142 5592 2207 5631 ex
2234 5576 2603 5645 Apotheoseos
2626 5574 2945 5645 quibusdam
2976 5573 3219 5645 versibus
3244 5591 3255 5625 :
3276 5576 3367 5643 qui
3392 5576 3511 5640 ipse

1922 5648 2083 5703 etiam
2112 5647 2239 5717 legit
2270 5643 2449 5715 fastos.
2492 5645 2837 5717 Bulengerus,
2859 5643 2959 5717 _de
2992 5643 3148 5695 Rom.
3181 5647 3311 5717 Imp.
3345 5645 3454 5717 lib:
3475 5661 3509 5708 i,

1921 5733 2041 5787 cap.
2070 5713 2350 5786 20,'plura
2377 5718 2535 5770 habet
2558 5716 2627 5787 de
2654 5713 2828 5787 fastis.
2858 5714 3091 5769 lsidocus
3134 5719 3181 5787 in
3218 5713 3312 5767 lib.
3345 5713 3518 5787 Dille.

1922 5785 2146 5859 sentiat.
2168 5785 2334 5862 ducet,
2357 5788 2512 5857 fastos
2538 5786 2640 5845 dici
2658 5786 2726 5845 de
2754 5787 2923 5857 libris,
2946 5789 3109 5856 fastus
3138 5786 3208 5843 de
3234 5785 3520 5860 superbia.

2386 5892 2389 5897 '
3004 5879 3081 5949 31
