3950 6326
459 345 555 402 1171

387 523 402 536 .
462 460 562 514 :95
638 454 884 511 Evomuit
911 454 1147 524 spirante
1178 455 1286 510 Deo
1314 465 1471 524 quem
1503 463 1717 510 sanctus
1746 455 1930 511 Isaias.
2053 459 2098 516 Α

638 547 960 600 Percensere
988 543 1139 612 libet,
1180 545 1478 616 calamique
1523 547 1800 600 revolvere
1827 547 2032 616 sulcos,

634 641 871 698 Siderels
899 653 1033 710 quos
1061 641 1149 694 illa
1183 641 1322 696 notis
1356 655 1546 696 manus
1572 655 1730 695 aurea
1757 641 1928 696 duxit.

636 735 714 790 Ite
738 735 880 801 hinc,
910 733 1036 787 dum
1063 732 1258 788 rutilos
1276 733 1452 802 apices
1481 732 1778 787 submissus
1817 733 2007 798 adoro,

637 829 1105 896 Dum‘lscrymans
1144 839 1395 891 veneror,
1450 825 1685 894 dumque
1715 827 1894 879 oscula
1925 825 2040 879 dul-

1101 933 1110 938 ··
1712 916 1814 985 [cia
1845 916 1968 985 ﬁgo.

467 1015 568 1070 €500
593 1013 757 1086 556
785 1011 990 1070 Gaudia
1023 1011 1335 1090 concipiunt
1363 1012 1648 1081 lacrymas,
1682 1009 1810 1063 dant
1849 1009 2040 1079 gaudia
2094 995 2101 1003 ’

1766 1101 1968 1170 Illetum

643 1198 869 1253 Advenit
898 1196 1159 1266 promissa
1191 1195 1327 1258 dies,
1354 1208 1510 1262 quam
1543 1193 1747 1246 dixerat
1776 1191 1876 1245 iste

644 1291 842 1344 Adfore
868 1287 1186 1353 versiculus,
1213 1301 1332 1341 cum
1363 1286 1509 1354 virgo
1539 1299 1818 1353 puerpera,
1850 1292 1985 1337 teste

645 1376 795 1435 llaud
821 1379 981 1434 dubie
1010 1391 1230 1447 sponso,
1265 1377 1402 1446 pacti
1430 1377 1514 1429 cui
1543 1389 1666 1430 cura
1700 1374 1935 1442 pudoris,

1557 338 1831 396 AURELII
1872 335 2236 395 PRUDENTII
2273 336 2596 394 CARMINA.’

3624 327 3733 383 978

2316 451 2518 514 Edidit,
2548 449 2970 519 Emmanuelque
3003 461 3178 502 meum
3211 460 3298 501 me
3320 458 3547 503 cernere
3579 444 3729 499 fecit.

2319 547 2485 602 Estne
2507 545 2647 600 Deus
2669 543 2775 614 iam
2798 552 2980 598 noster
3004 542 3196 597 homo?
3225 550 3486 604 versatur,
3510 548 3566 592 et
3591 546 3734 591 astat

2321 636 2634 703 Nobiscum,
2685 648 2986 704 nomenque
3015 631 3226 704 probat,
3279 643 3600 698 versumque
3629 643 3728 682 ve-

3479 722 3662 792 [tostis

2327 822 2625 878 Obscurum
2657 818 2830 874 saeclis
2861 816 3113 888 praesenti
3141 816 3405 871 illuminat
3431 830 3545 868 ore.

2328 915 2492 969 Estne
2517 914 2679 981 Deus,
2712 911 2863 981 cujus
2891 926 3056 965 cunas
3090 907 3376 964 veneratus
3408 907 3569 960 Eous.

2326 1006 2594 1061 Lancibus
2623 1005 2824 1061 auratis
2852 1002 3049 1074 regalia
3081 1001 3280 1057 fercula
3311 999 3536 1068 supplex

2150 1099 2257 1154 610
2333 1097 2566 1166 Virginis
2589 1096 2653 1152 ad
2687 1097 2948 1167 gremium
2973 1093 3158 1165 pannis
3185 1091 3476 1161 puerilibus
3507 1089 3712 1160 offerth

2315 1189 2447 1255 Quis
2480 1198 2586 1243 tam
2607 1198 2892 1257 pennatus,
2915 1186 3205 1254 rapidoque
3223 1183 3526 1237 simillimus
3551 1189 3742 1235 austro

2325 1281 2553 1337 Nuntius
2578 1298 2786 1336 aurora:
2818 1281 3066 1350 populos,
3102 1289 3259 1348 atque
3292 1278 3477 1332 ultima
3508 1276 3703 1330 Bactra

2326 1373 2487 1445 457
2510 1373 2714 1443 Attigit,
2743 1373 2982 1428 illuxisse
3005 1371 3146 1426 diem
3175 1370 3496 1425 lactantibus
3523 1369 3701 1435 horis,

2141 547 2245 604 605

1775 1491 2062 1547 GLOSSE
2104 1489 2445 1547 VETERES.

537 1592 659 1645 596.
697 1591 1037 1650 Percensere,
1070 1587 1396 1655 investigare.
1433 1586 1469 1639 Ι.

535 1661 662 1717 598.
694 1662 788 1725 Ite,
822 1676 850 1712 ο
878 1660 1078 1726 perﬁdi,
1114 1658 1152 1711 l.

538 1732 658 1789 603.
688 1731 852 1795 Pacti,
873 1725 1046 1797 pactas
1064 1729 1277 1780 dicimus
1296 1743 1507 1795 sponsas
1524 1726 1709 1793 [cedere
1726 1730 1977 1792 ﬁrmatus,
2000 1725 2038 1778 l.
2097 1765 2107 1773 .

539 1805 660 1856 608.
690 1801 851 1863 Eous,
879 1800 1158 1861 orientalis,
1193 1799 1232 1851 Ι.

539 1872 662 1926 609.
687 1870 969 1935 Lancibus,
1013 1867 1181 1920 lances
1217 1870 1442 1921 sculellw
1477 1878 1622 1930 sunt;
1675 1869 1790 1918 inde
1821 1867 2042 1920 bilances

469 1949 707 2000 dicuntur
734 1943 956 2006 trutinw,
989 1955 1044 1993 eo
1064 1939 1198 2008 quod
1227 1941 1279 1991 in
1307 1940 1513 1992 modum
1543 1940 1764 1991 scutella:
1804 1947 1918 1989 sunt
1965 1937 2042 2002 {a-

2154 1592 2266 1638 σιω.
2297 1612 2364 1623 -—-
2388 1581 2636 1648 Fcrcula,
2669 1581 2822 1650 dona,
2855 1581 2954 1635 lso.
2991 1625 2994 1627 .

2224 1655 2346 1708 611.
2391 1654 2682 1719 Pennatns,
2714 1653 2878 1715 velox,
2909 1652 2949 1704 l.

2221 1725 2344 1779 612.
2375 1724 2594 1778 Aurorae
2626 1723 2886 1777 orientalis
2917 1723 3096 1791 partis,
3131 1721 3310 1790 populi
3329 1721 3642 1792 Orientales,
3669 1753 3743 1764 —

2152 1796 2363 1858 Bactra,
2388 1795 2522 1866 regio
2537 1797 2693 1866 juxta
2722 1793 2948 1866 Indiam,
2985 1793 3033 1866 Ι..
3066 1862 3075 1866 _
3160 1864 3166 1866 _
3581 1837 3622 1866 ᾗ.

2222 1866 2346 1988 GllZ’).
2389 1862 2754 1929 Lactantibus,
2789 1864 2908 1931 quia
2935 1865 2987 1915 in
3017 1862 3109 1916 illa
3148 1864 3274 1917 hora
3314 1881 3530 1935 puerum
3571 1864 3746 1920 lacta-

2150 1937 2239 2001 eit,
2269 1937 2307 1989 l.

1811 2047 2364 2106 COMMENTARIUS.

1811 2051 2364 2106 COMMENTARIUS.

541 2154 664 2209 595.
710 2151 768 2204 In
808 2149 1022 2205 Cellarii
1073 2146 1246 2201 indice
1273 2147 1416 2211 duae,
1468 2155 1524 2199 ut
1563 2156 1684 2200 ante
1716 2145 1849 2208 dixi,
1883 2153 2047 2196 meta-
2080 2145 2152 2204 Βι
2226 2140 2454 2211 ϐιῖηισῖκ
2488 2140 2706 2208 Virgilio
2737 2139 2828 2211 lib.
2857 2155 2969 2206 vnt,
3015 2153 3155 2211 vers.
3189 2137 3316 2205 687,
3365 2148 3517 2211 atque
3555 2141 3748 2199 ultima

469 2227 649 2294 phorm
679 2223 945 2294 indecora:
975 2217 1348 2294 l’rudentianac
1378 2217 1741 2294 (lesignantur.
1777 2215 2046 2294 Deprima

469 2285 588 2348 Vide
616 2307 756 2344 vers.
785 2291 854 2342 95
880 2289 1071 2353 .\p0th.
1123 2287 1244 2338 l-lzcc
1270 2297 1353 2340 est
1381 2288 1547 2339 altera
1579 2301 1808 2338 evomere
1839 2285 2043 2350 librum,

470 2379 589 2432 qua:
617 2359 813 2414 Wilkio
842 2359 997 2410 etiam
1029 2355 1332 2432 duriuscula
1377 2357 1610 2432 videtur,
1664 2356 1781 2421 quia
1826 2371 1943 2420 qum
1973 2356 2048 2408 fa-

471 2425 595 2487 cere
624 2431 851 2498 aliquem
883 2442 1081 2498 aegrum
1114 2425 1310 2488 solent,
1347 2427 1388 2476 si
1424 2434 1664 2498 possunt,
1706 2437 2042 2498 evomuntur.

472 2493 728 2558 Fortasse
748 2499 847 2550 huc
869 2496 1099 2562 respexit
1118 2506 1265 2562 poeta
1296 2513 1306 2547 :
1339 2512 1458 2546 nam
1485 2497 1596 2561 ipse
1621 2493 1780 2546 Isaias
1797 2495 2048 2548 condem-

471 2573 616 2628 navit
657 2587 735 2632 se,
784 2568 923 2636 quod
975 2575 1097 2618 ante
1140 2575 1376 2636 tacuerat
1417 2579 1536 2636 cap.
1569 2581 1642 2627 vr,
1674 2582 1810 2618 vers.
1842 2566 1874 2618 5
1913 2583 1923 2614 :
1958 2565 2047 2618 Vw

471 2643 620 2705 mihi,
654 2641 772 2707 quia
802 2634 954 2689 tacui.
991 2636 1133 2690 Idem
1164 2635 1384 2689 verbum
1415 2636 1480 2687 de
1513 2634 1620 2688 Deo
1648 2636 1713 2688 ad
1740 2637 2045 2704 episc0pum

471 2711 770 2768 Laodicizn:
805 2707 1058 2776 Incipiam
1085 2719 1129 2758 te
1177 2721 1395 2759 evomere
1437 2721 1498 2759 ea;
1543 2722 1628 2758 ore
1668 2722 1797 2769 meo,
1843 2707 2048 2773 Apoca-

471 2785 608 2853 lyps.
643 2779 860 2853 tt,_l6._
950 2847 960 2853 _
1167 2847 1176 2853 _
1227 2795 1232 2800 '

540 2853 661 2906 596.
694 2851 806 2905 Gis.
843 2850 867 2902 l
901 2847 1012 2912 ed.,
1044 2847 1291 2901 resolvere.
1311 2847 1503 2911 sulcos,
1529 2848 1685 2901 male.

542 2924 663 2978 599.
696 2921 824 2974 Mar.
855 2935 883 2971 a
913 2919 1084 2987 prisca
1113 2934 1292 2978 manu,
1327 2919 1603 2985 lacrymis;
1646 2937 1670 2970 a
1701 2920 1921 2982 recenti,
1972 2921 2048 2972 la-

471 3010 727 3063 crymans.
764 2990 1092 3063 Describitur
1134 2988 1233 3042 hoc
1267 2989 1382 3063 loco
1407 2991 1677 3063 veneratio
1705 3006 1805 3056 qua
1840 2999 2046 3063 veteres

470 3059 758 3118 Christiani
803 3075 985 3114 sacros
1035 3059 1201 3112 libros
1249 3059 1603 3123 excipiebant,
1635 3076 1768 3127 quos
1797 3059 2044 3113 submissi

471 3134 760 3187 adorabunt
801 3141 854 3184 et
895 3129 1295 3183 osculabantur.
1346 3129 1435 3180 Pia
1484 3129 1671 3182 islha'c
1716 3131 2046 3184 consuetudo

470 3204 610 3270 apud
637 3202 926 3255 catholicos
953 3202 1059 3266 jam
1110 3198 1315 3270 pridem
1346 3199 1576 3270 refrixit,
1625 3202 1863 3267 quamvis
1909 3201 2048 3254 inter

471 3269 816 3327 cieremooias
838 3271 1223 3323 ecclesiasticas
1246 3269 1542 3320 clarissima
1571 3270 1788 3337 vestigia
1812 3280 2042 3324 exstent.

473 3343 718 3396 Haeretici
767 3355 882 3392 eam
925 3343 1064 3392 inter
1113 3353 1240 3391 suos
1279 3338 1578 3391 instaurare
1634 3340 2040 3393 allalmraruut:

472 3427 579 3465 non
610 3411 766 3475 male,
822 3411 920 3480 nisi
966 3409 1112 3461 malo
1156 3410 1334 3459 animo
1383 3409 1432 3460 id
1475 3419 1709 3480 agerent.
1763 3412 1893 3464 Nam
1923 3411 2046 3480 quia

473 3481 610 3548 apud
661 3479 955 3532 catholicus
1020 3480 1353 3532 intermissus
1403 3485 1499 3548 est
1529 3478 1907 3546 aliquantulum
1943 3478 2044 3535 'hic

474 3547 604 3604 naue
625 3550 937 3610 venerandi,
982 3548 1237 3602 adorandi
1267 3556 1318 3600 et
1355 3547 1631 3620 osculandi
1679 3565 1828 3604 sacra
1855 3551 2040 3620 Biblia,

473 3622 670 3676 idcirco
699 3620 774 3674 illi
805 3619 919 3673 haec
934 3620 1293 3674 venerationis
1326 3619 1474 3688 signa
1497 3628 1714 3674 externa
1747 3623 1942 3689 passim
1968 3619 2047 3676 in-

471 3696 697 3758 culcant,
749 3697 800 3745 et
845 3690 1002 3744 simul
1050 3690 1342 3744 catholicos
1393 3689 1637 3758 irrident,
1693 3694 1832 3758 quod
1865 3709 2047 3749 sacras

470 3765 722 3833 reliquias
749 3762 910 3816 simili
939 3762 1082 3816 cultu
1113 3769 1523 3830 prosequantur.
1559 3761 1665 3815 Nec
1699 3761 1883 3816 dubito
1921 3765 2047 3833 quin

456 3837 582 3902 pari
616 3833 842 3895 ratione,
893 3833 936 3885 si
965 3843 1198 3887 veterem
1244 3833 1384 3885 illam
1434 3834 1874 3888 Consuetudinem
1909 3836 2050 3888 inter

471 3905 758 3959 catholicos
805 3903 982 3970 vigere
1027 3903 1443 3965 observassent,
1509 3905 1942 3970 superstitionem
1995 3914 2050 3959 et

471 3975 988 4044 idololatriamdesse
1025 3973 1306 4036 dixissent,
1357 3971 1494 4041 quod
1548 3989 1686 4044 nunc
1736 3976 1833 4043 ipsi
1862 3985 2044 4044 agunt,

471 4044 592 4111 quia
623 4059 651 4094 a
673 4042 944 4094 catholicis
977 4045 1397 4108 prsetermissutn
1425 4051 1627 4109 putant.
1653 4042 1865 4109 Colere,
1895 4042 2050 4100 Vene-

471 4114 599 4172 rari,
628 4112 852 4162 adorare
880 4125 1030 4162 sacra
1063 4111 1226 4163 Biblia
1257 4127 1377 4164 eam
1409 4113 1548 4174 diro,
1584 4130 1702 4166 cum
1750 4118 1842 4168 :SS.
1879 4115 2052 4168 Patri-

471 4181 572 4234 bus
602 4181 820 4247 loquor;
869 4195 980 4230 rem
1015 4180 1250 4247 intelligo
1294 4184 1460 4249 ipsam
1491 4198 1646 4246 quam
1688 4183 1922 4238 ha-retici
1955 4187 2048 4236 eb-

471 4259 708 4314 servant,
735 4249 938 4322 scilicet
963 4251 1191 4302 osculari
1220 4262 1266 4301 cl
1293 4253 1484 4304 similia
1510 4256 1866 4308 venerationis
1897 4257 2046 4322 signa

471 4322 742 4390 exhibere.
779 4319 851 4390 De
887 4321 983 4370 hoc
1013 4323 1176 4371 veteri
1227 4323 1328 4372 ritu
1373 4322 1491 4371 vide
1521 4323 1843 4378 eardinalcm
1879 4319 2044 4390 Bona,

471 4389 564 4442 hb.
593 4406 606 4440 ι
640 4389 764 4440 Rcr.
798 4389 1000 4453 liturg.,
1023 4403 1138 4454 cap.
1169 4390 1257 4442 ‘25.
1283 4403 1429 4442 num.
1459 4392 1541 4443 10.

544 4456 666 4514 600.
698 4458 984 4526 Lacrymas
1012 4473 1120 4526 pra:
1142 4459 1334 4527 giudio
1371 4463 1565 4527 sacpius
1595 4463 1815 4518 efﬂuere
1863 4471 2045 4519 notum

471 4540 573 4591 est,
618 4539 671 4582 et
701 4529 880 4582 multis
910 4529 1166 4599 exemplis
1196 4544 1258 4582 ex
1306 4545 1454 4584 sacra
1484 4542 1534 4584 et
1567 4534 1783 4599 profana
1826 4535 2046 4590 historia

471 4602 780 4669 comprobat
809 4597 1061 4652 Wilkins.

541 4670 666 4748 602.
700 4670 1004 4748 Versiculos
1029 4669 1188 4748 _lsaia:
1219 4682 1311 4748 est
1342 4671 1408 4722 ll
1439 4685 1719 4748 cap.‘\-'ii_:
1750 4673 1878 4727 Ecce
1906 4677 2045 4748 virgo

471 4744 736 4805 concipiet,
769 4742 833 4793 de
858 4753 969 4810 quo
991 4741 1137 4806 plura
1167 4740 1230 4791 ad
1261 4741 1444 4810 hymn.
1475 4743 1626 4795 (Lath.
1663 4745 1712 4804 7,
1754 4762 1891 4800 vers.
1920 4740 2041 4801 193.

470 4811 690 4865 Veteres
713 4826 918 4877 quoque
961 4809 1123 4862 hhros
1153 4809 1332 4864 sacros
1365 4813 1414 4864 in
1445 4814 1622 4880 plures
1662 4815 1840 4870 titulos
1871 4825 1923 4870 et
1959 4833 2049 4872 ca-

2071 3512 2119 3574 C

2154 2228 2322 2264 secmn
2347 2210 2533 2264 Bactra
2559 2211 2710 2264 vehit.
2739 2209 2924 2264 Bactra
2958 2209 3107 2276 urbs,
3151 2211 3297 2279 regio
3325 2209 3439 2264 aut‘
3463 2214 3748 2278 provincia

2154 2283 2231 2361 sic
2283 2283 2653 2361 cognominata
2710 2281 2798 2361 in“
2821 2281 3383 2361 regione_._Scxthi:n._
3413 2283 3750 2361 interpretes

2154 2353 2300 2404 aiunt
2330 2355 2505 2405 vocari
2538 2352 2722 2404 ultima
2762 2352 2951 2405 Bactra
2977 2367 3008 2404 a
3039 2351 3279 2421 Virgilio,
3299 2352 3420 2421 quia
3453 2353 3749 2420 imperium

2154 2422 2224 2474 Μ.
2262 2423 2473 2476 Antonii
2508 2425 2642 2475 ultra
2675 2435 2780 2476 non
2808 2422 3217 2476 ostendebatur.
3253 2423 3576 2476 Prudentius
3613 2424 3749 2479 Vir-

2152 2492 2264 2564 gilii
2295 2493 2569 2561 epitheton
2600 2493 2843 2564 arripuit,
2873 2499 2929 2546 et
2957 2492 3138 2546 ultima
3172 2494 3356 2564 Bactra
3398 2493 3554 2561 dixit,
3613 2497 3749 2564 quia

2154 2563 2437 2630 imperium
2465 2564 2765 2617 Romanum
2799 2562 2879 2617 his
2909 2564 3102 2617 linibus
3129 2563 3527 2623 continebatur.

2226 2635 2348 2688 615.
2383 2633 2550 2687 Valde
2592 2635 2692 2688 hoc
2722 2634 2844 2687 loco
2875 2643 3082 2689 veteres
3112 2635 3232 2688 libri
3259 2635 3400 2689 inter
3427 2650 3488 2688 se
3531 2634 3746 2692 discre-

2153 2714 2300 2770 pant.
2337 2704 2606 2757 Giselinus
2635 2720 2664 2756 e
2702 2706 2810 2758 suis
2861 2719 3019 2770 mss.,
3067 2719 3201 2760 unus
3239 2705 3652 2771 Torrentianus,
3686 2719 3748 2762 et

2153 2788 2252 2841 pro
2278 2775 2487 2827 diversa
2521 2775 2803 2843 scriptura.
2837 2775 2959 2830 Rot.
2980 2817 2992 2838 ,
3030 2785 3081 2829 et
3113 2776 3237 2839 0x.,
3275 2776 3612 2840 lactantibus,
3642 2778 3711 2831 ad
3742 2808 3750 2818 -

2154 2844 2264 2924 dite
2312 2845 2536 2925 duplici.
2563 2849 3037 2925 interpretamento
3073 2846 3294 2925 in__0_x.:
3331 2847 3746 2925 Lucriurincs,

2153 2915 2272 2980 quia
2317 2933 2348 2967 a
2383 2917 2640 2968 nativitale
2679 2915 2867 2968 Christi
2920 2917 3058 2970 hora
3103 2918 3206 2970 diei
3243 2934 3357 2970 cum
3403 2917 3542 2970 horis
3580 2923 3748 2974 noctis

2189 2986 2526 3038 uorlaMntodo
2581 2986 2879 3049 luctantur,
2934 2987 3215 3040 volentibus
3265 3004 3488 3041 crescere
3536 2989 3743 3044 diebus.

2201 3070 2546 3126 ACTANTIBUS,
2579 3057 2698 3125 quia
2725 3056 2954 3110 Christus
2978 3059 3280 3113 luctabatur.
3306 3057 3574 3112 Giselinus
3605 3075 3748 3126 pra:-

2155 3125 2257 3196 fert
2283 3125 2592 3179 lactantibus
2614 3127 2773 3192 horis,
2803 3128 2952 3195 quasi
2986 3125 3130 3182 horze
3157 3142 3264 3196 pra:
3293 3125 3748 3184 incredibili’stm

2153 3195 2246 3248 dio
2267 3197 2478 3250 videndi
2512 3197 2755 3251 lll'essiam
2784 3212 2902 3252 sese
2930 3208 3111 3252 mrtuo
3137 3195 3456 3267 praevertere
3475 3215 3745 3254 conaren-

2156 3274 2260 3329 tur,
2297 3277 2352 3320 ut
2375 3271 2422 3318 in
2458 3269 2670 3338 hymmo
2703 3268 3007 3337 Epiphania:
3039 3271 3195 3322 simili
3235 3272 3418 3323 auxesi
3452 3288 3464 3321 :
3502 3270 3643 3336 Quid
3661 3283 3745 3325 est

2153 3338 2290 3409 quod
2345 3351 2541 3390 arrtum
2588 3339 2833 3391 circulum
2888 3339 2982 3393 Sol
3035 3343 3151 3409 jam
3197 3356 3463 3393 recurrens
3513 3342 3744 3395 deserit?

2155 3406 2453 3479 Christusne
2496 3409 2642 3461 terris
2685 3412 2928 3474 nascitur,
2955 3406 3053 3474 Qui
3081 3411 3209 3464 lucis
3251 3421 3403 3479 auget
3449 3412 3744 3466 tramitem?

2156 3476 2405 3550 Heinsius
2438 3479 2533 3532 hos
2559 3479 2793 3550 eosdem,
2819 3493 3001 3534 versus
3043 3476 3414 3546 considerans,
3447 3481 3742 3550 aliquando

2156 3549 2528 3616 su~picabatur
2577 3549 2866 3603 laxantibus
2913 3551 3075 3616 horis,
3121 3552 3260 3605 diem
3304 3549 3585 3606 videlicet:
3617 3555 3745 3616 quia

2156 3630 2365 3672 arctum
2412 3621 2668 3674 circulum
2721 3629 2970 3675 nascente
3011 3621 3218 3676 Christo
3256 3621 3335 3676 sol
3366 3621 3587 3676 deserit.
3633 3621 3744 3678 Sed

2158 3699 2340 3756 postea
2369 3691 2582 3758 agnovit
2625 3706 2805 3744 verum
2837 3708 2955 3746 esse
2984 3693 3287 3746 lactantibus
3330 3694 3490 3758 horis,
3525 3693 3628 3748 hoc
3657 3704 3746 3750 est
3778 3685 3792 3696 ’

2159 3760 2481 3834 foventibus,
2513 3772 2575 3834 et
2595 3761 2745 3834 quasi
2767 3762 3140 3817 nutrientibus.
3175 3764 3264 3820 Sic
3294 3765 3490 3834 hymno
3513 3764 3570 3818 S.
3601 3763 3746 3820 Lau-

2158 3831 2340 3904 rentii,
2360 3846 2494 3904 vers.
2517 3833 2642 3904 572,
2678 3831 2899 3885 lac’ante
2931 3835 3220 3904 complexus
3248 3831 3360 3887 sinu
3385 3849 3403 3887 :
3425 3835 3515 3904 vel
3540 3834 3743 3890 lacten-

2159 3900 2291 3954 tibus
2320 3903 2475 3966 horis,
2516 3902 2613 3955 hoc
2636 3913 2726 3973 est
2775 3917 2958 3956 recens
3005 3900 3166 3969 natis,
3213 3912 3270 3956 ut
3299 3903 3438 3973 apud
3469 3907 3745 3961 Alcimum

2161 3973 2376 4045 Avitum
2410 3973 2500 4025 hb.
2527 3985 2601 4035 tv,
2628 3971 2818 4045 lacteus
2840 3975 2973 4026 orbis
2998 3987 3090 4044 pro
3114 3989 3301 4028 recens
3335 3971 3511 4030 natus.
3548 3977 3666 4031 Vat.
3699 3973 3747 4045 Q

2160 4053 2210 4096 et
2236 4043 2438 4096 Bonon.
2473 4059 2590 4096 eum
2626 4043 2765 4114 Aldo
2801 4043 2977 4112 legunt
3022 4045 3324 4099 lactantibus
3347 4046 3483 4108 oris;
3515 4047 3564 4099 in
3599 4043 3746 4114 hanc

2161 4114 2444 4168 lectionem
2479 4115 2696 4184 inclinat
2728 4111 2889 4178 Gall.,
2939 4126 2993 4168 et
3017 4115 3250 4184 explicat
3279 4117 3476 4170 extimis
3509 4111 3746 4181 Orientis

2161 4186 2348 4254 plagis,
2381 4199 2552 4251 neque
2591 4181 2865 4237 Mariettus
2910 4181 3196 4239 lectionem
3229 4187 3389 4241 ullam
3420 4187 3741 4252 discrepan—

2162 4266 2267 4308 tem
2297 4255 2605 4308 adnotavit:
2636 4255 2773 4323 quod
2799 4256 2957 4307 etiam
2985 4255 3182 4309 habent
3208 4256 3411 4318 Notus.,
3434 4265 3487 4309 et
3508 4269 3534 4307 a
3560 4256 3743 4323 prima

2160 4340 2320 4376 manu
2357 4324 2476 4377 llot.
2521 4335 2574 4379 et
2615 4326 2870 4378 Uxouius.
2904 4324 3164 4381 Weilzius
3191 4341 3311 4380 cum
3344 4327 3518 4392 Egm.,
3550 4327 3744 4381 lretan-

2162 4395 2295 4465 tibus
2319 4395 2486 4459 horis;
2512 4395 2647 4447 idem
2665 4393 2920 4449 Wrilzius
2943 4396 3294 4465 allegatAld.,
3315 4393 3495 4460 Fabr.,
3512 4395 3746 4464 Widm.,

2161 4463 2326 4533 Boog.
2358 4481 2471 4537 pro,
2507 4467 2830 4537 lactantibus,
2866 4467 2957 4537 sed
3000 4463 3102 4520 non
3134 4467 3408 4537 distinguit
3437 4483 3502 4520 an
3539 4485 3582 4522 o;
3602 4467 3644 4521 is
3672 4463 3743 4523 an

2161 4537 2320 4608 horis.
2355 4535 2631 4608 Fabricius
2656 4535 2868 4604 qudem
2896 4535 3052 4608 habet
3089 4537 3247 4590 heris.
3283 4535 3437 4608 Apud
3465 4539 3743 4595 lleinsiutn

2161 4605 2304 4665 Put.,
2337 4619 2388 4659 ct
2413 4606 2644 4673 Thuan.,
2681 4608 2985 4659 lactantibus
3026 4607 3187 4672 horis,
3234 4605 3368 4663 unus
3396 4608 3633 4674 Weitzii,
3665 4611 3746 4664 lti-

2160 4677 2414 4729 ctanlihus
2461 4678 2617 4729 horis.
2655 4677 2846 4742 Verum
2890 4678 2940 4730 in
2981 4675 3212 4732 Weitzio
3261 4680 3463 4732 nullum
3497 4681 3748 4736 codicem

2161 4745 2316 4814 hujus
2347 4747 2592 4800 lvclionis
2619 4749 2851 4816 reperio,
2876 4748 2969 4803 sed
2989 4749 3156 4803 solam
3179 4749 3468 4803 editionem
3493 4750 3744 4806 Giselini.

2160 4817 2352 4871 Exstat
2398 4833 2521 4872 vero
2567 4817 2876 4884 lactantibus
2929 4821 2980 4872 in
3033 4819 3185 4872 Alex.
3239 4829 3292 4874 et
3345 4820 3474 4876 Urb.
3525 4821 3764 4876 Tcolius‘

469 4882 633 4958 pitula
687 4880 1492 4958 d_istinguebant._Evangelanin
1530 4884 1760 4958 Matthxi
1813 4889 2043 4944 divisum
2073 4888 2129 4948 D
2159 4889 2376 4956 przclcrt
2417 4880 2722 4958 lactantibus
2770 4889 2908 4943 horis
2941 4904 3061 4944 cum
3110 4899 3371 4958 quatuor,
3415 4901 3472 4944 ut
3505 4894 3616 4954 ait,
3663 4892 3752 4947 vel

469 4965 580 5005 erat
613 4955 662 5002 in
694 4954 870 5004 titulos
901 4966 1083 5016 vam,
1116 4954 1165 5004 in
1189 4953 1416 5018 capitula
1443 4967 1627 5006 cccnv.
1661 4956 1791 5010 Vide
1824 4960 2040 5014 Suidam

468 5022 566 5074 sub
614 5022 915 5073 nominibus
946 5021 1175 5074 Matthwi
1201 5034 1251 5074 et
1280 5023 1456 5076 Marci.

539 5091 660 5144 605.
690 5098 742 5143 In
780 5091 977 5166 Va_t.__A
1024 5093 1117 5166 lllC_
1143 5093 1262 5166 dine
1287 5109 1465 5160 voces,
1497 5093 1635 5148 Deus
1663 5098 1792 5166 iam,
1839 5103 2040 5156 recenti

469 5177 626 5216 manu
655 5170 778 5212 sunt
803 5160 1016 5225 additae,
1043 5163 1308 5228 prioribus
1339 5166 1564 5218 ahrasis.

539 5231 657 5285 006.
687 5231 996 5283 Emmanuel
1022 5233 1156 5286 idem
1180 5247 1258 5287 ρει
1281 5250 1340 5288 ac
1370 5238 1629 5288 nobiscum
1657 5237 1810 5292 Deus.
1840 5240 2041 5295 Versus

466 5304 670 5354 vetustis
714 5303 949 5354 obscurus
977 5303 1140 5356 stertis
1187 5315 1270 5358 est
1306 5307 1601 5359 versiculus
1655 5309 1739 5361 ille
1785 5309 1931 5364 Isaia:
1970 5312 2038 5366 de

465 5388 570 5439 quo
602 5387 739 5425 vers.
767 5372 890 5424 002.

535 5442 658 5513 607.
689 5441 891 5513 Veia”
923 5444 1049 5496 ore?
1079 5443 1433 5513 interrogans.

534 5511 658 5574 605,
689 5510 807 5564 Vat.
841 5515 907 5577 A,
959 5523 1242 5581 veneratur,
1289 5510 1381 5567 sed
1414 5520 1611 5571 recenti
1647 5534 1803 5574 manu
1838 5522 2031 5576 factum

461 5591 746 5652 verteratus,
778 5583 916 5650 quod
949 5599 1134 5636 sensus
1164 5586 1412 5652 postulat.

533 5654 652 5731 till):
687 5651 1187 5733 Marqrirgiueum}
1237 5659 1300 5709 ad
1329 5661 1809 5733 oram‘recentiori
1844 5679 2024 5733 manu,

460 5721 687 5786 virginis.
733 5721 806 5773 De
857 5724 953 5772 hac
1003 5739 1273 5800 magorum
1327 5727 1545 5800 historia
1584 5739 1645 5800 rel
1681 5734 1828 5784 stella
1869 5721 2028 5800 quani

460 5801 582 5842 tito:
601 5799 754 5842 vocat
782 5800 1056 5851 permotum
1078 5799 1358 5862 unauana,
1373 5799 1556 5853 confer
1577 5799 1762 5866 hymn.
1782 5803 1848 5855 12
1870 5799 2031 5859 Catii.

2157 4959 2392 5027 quinque
2443 4957 2750 5030 Vaticanist
2782 4961 2831 5012 in
2885 4957 3265 5028 quorumuno
3311 4963 3378 5015 ab
3432 4961 3751 5030 interpretis

2158 5045 2317 5082 manu
2344 5039 2418 5081 est
2440 5045 2452 5081 :
2475 5030 2693 5094 Quando
2713 5028 2944 5084 Christus
2962 5030 3352 5097 lactabatur,‘et
3371 5032 3560 5086 eadem
3582 5028 3750 5088 inanu

2157 5100 2222 5153 ad
2278 5102 2565 5167 marginem
2610 5119 2622 5153 :
2671 5100 2893 5166 Quidam
2942 5102 3092 5154 codd.
3147 5103 3330 5155 habent
3379 5118 3751 5159 LUCTANTIBUS

2155 5185 2330 5235 nonis,
2361 5174 2479 5238 quia
2505 5173 2766 5224 nativitate
2786 5169 2973 5225 Christi
2994 5171 3135 5225 horce
3151 5173 3252 5224 diei
3281 5190 3392 5226 cum
3419 5175 3563 5227 horis
3586 5176 3752 5228 noctis

2154 5241 2528 5314 quodammodo
2570 5241 2846 5295 luctantur.
2886 5242 3136 5312 lntelligit
3166 5244 3380 5298 Tcolius
3414 5245 3577 5298 horas
3623 5247 3749 5314 qui-

2153 5313 2254 5366 bus
2280 5316 2519 5366 Cnristns
2557 5314 2624 5366 ab
2655 5315 2817 5366 ubere
2863 5315 3049 5368 matris
3076 5314 3362 5383 pendebat.
3401 5316 3528 5369 Mihi
3565 5313 3747 5382 placet

2152 5383 2479 5455 lactantibus,
2508 5387 2596 5437 sed
2633 5399 2696 5436 eo
2738 5397 2897 5455 sensu
2930 5398 3086 5452 quem
3117 5385 3346 5451 explicui
3381 5385 3445 5440 ad
3487 5385 3682 5455 hymn.
3714 5387 3751 5442 8

2149 5453 2336 5516 Cath.,
2373 5467 2514 5507 vers.
2543 5455 2628 5523 l9,
2663 5453 2872 5507 scilicet
2915 5455 3273 5520 allicieutibus,
3306 5458 3419 5510 sive
3450 5453 3749 5509 alleclanti-

2155 5523 2268 5576 bus.
2296 5525 2466 5576 Aliter
2495 5526 2622 5578 satis
2649 5526 2875 5578 obscura
2905 5525 3111 5579 videtur
3136 5527 3250 5581 haec
3278 5525 3478 5580 locutio
3508 5523 3748 5580 illuxisse

2154 5595 2288 5646 diem
2337 5595 2637 5648 lactantibus
2663 5593 2821 5662 horis,
2855 5606 2946 5649 aut
2988 5596 3218 5651 illuxisse
3258 5598 3394 5650 diem
3426 5597 3745 5650 lactantibus

2152 5665 2310 5718 horis.
2345 5665 2548 5718 Clarior
2570 5675 2650 5719 est
2678 5665 2998 5733 Wcitziana,
3029 5668 3262 5722 illuxisse
3289 5668 3422 5720 diem
3451 5668 3745 5720 laetantibus

2155 5736 2325 5799 horis;
2357 5745 2446 5786 aut
2485 5737 2527 5790 si
2567 5751 2630 5789 ex
2662 5737 2840 5789 multis
2881 5751 3010 5790 mss.
3056 5752 3330 5794 sumamus
3361 5741 3488 5802 oris,
3524 5737 3628 5793 hoc
3660 5745 3754 5793 est

2151 5807 2324 5870 terris,
2353 5807 2583 5875 illuxisse
2611 5807 2743 5860 diem
2764 5806 3055 5864 lartantibus
3085 5811 3212 5868 oris.
