3950 6326
293 352 404 411 975

282 552 401 609 615
476 553 715 608 Vidimus
741 554 912 624 bunc‘,
940 558 1120 629 aiunt},
1146 575 1370 628 puerum
1399 577 1494 632 per
1517 563 1692 622 sidera
1717 567 1864 638 ferri,

479 645 542 699 Et
576 660 737 715 super
761 647 1010 716 antiquos
1036 650 1306 720 signorum
1335 655 1617 713 ardescere
1645 667 1862 717 tractus.

474 737 696 807 Diriguit
723 739 993 808 trepidans
1018 739 1266 798 Chaldaeo
1292 745 1343 799 in
1373 749 1572 804 vertice
1596 765 1794 818 pernox

471 828 807 898 Astrologus,
831 829 1062 886 cessisse
1088 847 1335 902 anguem,
1359 835 1554 906 fugisse
1580 840 1809 909 leonem,

471 918 633 991 458
670 921 1011 978 Contraxisse
1053 925 1218 994 pedes
1249 926 1430 983 lateris
1461 945 1650 986 maneo
1681 934 1864 989 ordine

1483 1022 1786 1095 [Cancrum,

471 1103 734 1160 Cornibus
761 1105 1003 1160 infractis
1029 1109 1288 1163 domitum
1318 1111 1522 1181 mugire
1551 1115 1858 1185 juvencum,

471 1194 626 1248 Sidus
652 1204 704 1248 ct
729 1195 1004 1250 Hircinum
1035 1198 1226 1254 laceris
1253 1216 1585 1257 marcescere
1611 1205 1768 1259 villis.

471 1285 688 1340 Labitur
709 1287 828 1340 hinc
846 1287 1030 1356 pulsus
1049 1302 1179 1356 puer
1198 1290 1454 1359 Hydrius:
1475 1293 1596 1346 inde
1615 1293 1860 1363 Sagittae:

470 1380 716 1434 Palantes
742 1365 984 1449 geminos
1010 1381 1128 1449 fuga
1155 1392 1400 1449 separat:
1443 1385 1682 1454 improba
1705 1387 1862 1456 Virgo

472 1469 651 1524 Prodit
677 1479 942 1523 amatores
972 1470 1160 1526 tacitos
1188 1472 1239 1525 in
1268 1469 1472 1527 fornice
1501 1475 1725 1529 mundi-

276 1563 396 1619 625
472 1562 678 1632 Quique
700 1562 788 1615 alii
817 1563 1081 1617 horriﬁcis
1106 1565 1337 1632 pendent
1366 1567 1415 1619 in
1441 1567 1670 1623 nubibus
1692 1570 1859 1638 ignes,

467 1653 627 1725 459
656 1653 956 1708 Luciferum
997 1655 1220 1711 timuere
1257 1673 1492 1712 novum:
1540 1668 1654 1715 rota
1696 1661 1865 1716 lurida

1647 1749 1796 1824 [solis

277 1103 399 1160 620

1267 417 1270 421 _
1673 364 2104 425 Al’OTHEOSIS.

472 462 585 528 Qua
614 472 759 519 tener
779 463 1005 536 innupto
1026 468 1282 538 penderet
1311 469 1377 524 ab
1403 471 1564 528 ubere
1583 473 1864 534 Christus?

3429 376 3534 433 974

2142 484 2337 550 "reret,
2363 490 2416 539 et
2436 485 2698 540 excidium
2722 488 2883 543 sentit
2904 488 3012 557 jam
3036 487 3252 560 jamque
3274 491 3530 564 futurum,
3641 524 3643 526 -

2150 577 2326 647 Seque
2351 578 2435 632 die
2459 579 2636 633 medio
2663 580 2945 634 velandum
2976 583 3205 652 tegmine
3231 584 3442 654 glauco,

2150 669 2607 738 Splendoremque
2637 671 2740 739 poli
2770 672 3061 740 periturum
3090 684 3248 729 nocte
3272 674 3483 743 diurna,

2151 759 2292 813 Orbe
2320 761 2611 828 repentinis
2635 770 2795 829 caput
2821 763 3119 819 obnubente
3144 769 3399 824 tenebris.

2152 847 2303 904 Hunc
2329 865 2426 919 ego
2454 867 2556 904 non
2585 852 2850 907 cumulem
2880 856 3233 928 myrrhteque,
3264 869 3317 914 et
3344 859 3540 929 thuris,
3619 915 3631 926 ,,

3277 956 3331 1002 et
3355 950 3470 1004 auri

3277 956 3331 1002 et
3355 950 3470 1004 auri

2150 1029 2492 1086 Muneribus?
2533 1031 2654 1088 Scio
2682 1048 2836 1103 quem
2865 1035 3103 1101 videam,
3131 946 3421 1108 quae[dona
3451 1056 3536 1096 re-
3612 1053 3621 1057 ’

2453 1175 2457 1180 .
3197 1127 3466 1197 [pendam.

2148 1211 2299 1266 Hunc
2321 1227 2419 1282 ego
2441 1229 2543 1267 non
2567 1229 2808 1281 venerer,
2833 1217 2923 1286 qui
2943 1217 3080 1272 coelo
3101 1218 3265 1285 visus,
3290 1220 3541 1292 humique

2147 1302 2401 1358 Inventus
2429 1320 2520 1360 rex
2538 1346 2552 1371 ,
2581 1316 2738 1374 atque
2766 1307 2901 1362 Dens
2929 1307 3237 1364 moderatur
3261 1319 3542 1382 utrumque

1970 1393 2072 1450 655
2145 1394 2356 1448 Natttrte
2379 1397 2668 1464 specimen,
2686 1398 2996 1466 tumuloque
3017 1399 3222 1455 inferna
3246 1401 3542 1473 refringens

2148 1484 2354 1555 Regna,
2385 1495 2724 1555 resurgentes
2751 1503 2929 1542 secum
2953 1490 3103 1557 jubet
3129 1492 3206 1546 ire
3233 1494 3506 1561 sepultos?

2149 1575 2358 1630 Caelum
2380 1575 2604 1643 habitat,
2632 1581 2787 1633 terris
2811 1579 3113 1648 intervenit,
3144 1583 3321 1638 abdita
3345 1589 3543 1655 rumpit

2147 1664 2400 1719 Tartara:
2433 1681 2558 1722 vera
2587 1667 2738 1732 fides,
2770 1668 2909 1724 Deus
2936 1679 3034 1737 est,
3064 1673 3154 1740 qui
3182 1681 3321 1728 totus
3349 1677 3542 1745 ubique
3615 1698 3617 1700 ·

3347 1762 3468 1833 [est.

1973 757 2080 812 650

1601 1839 1887 1896 GLOSS/E
1929 1839 2262 1897 VETERES.

363 1929 488 2000 617.
529 1925 762 2000 _P_ernox,
789 1934 946 1980 totam
964 1937 1167 2000 noctem
1197 1928 1435 2000 vigilans,
1461 1930 1559 1983 lso.

360 1999 490 2054 619.
528 1998 731 2060 Maneo,
763 2011 935 2061 curvo,
961 1999 1092 2052 Mar.
1118 2027 1186 2038 ——
1217 1998 1419 2062 Maneo,
1451 2009 1733 2066 contracto,
1767 2001 1858 2054 de-

277 2072 511 2133 bilitata,
555 2067 810 2140 mutilata,
858 2068 934 2140 rel
974 2070 1256 2140 imminuto.
1295 2099 1364 2111 -—
1402 2069 1694 2135 Cancrum,
1741 2073 1862 2140 quia

276 2155 478 2196 cancro
507 2140 558 2190 in
587 2137 742 2190 latere
767 2137 1106 2206 depinguntur
1130 2139 1298 2206 pedes,
1326 2141 1363 2191 1.

364 2211 488 2264 621.
532 2205 837 2271 Hircinum,
880 2205 1264 2278 Capricoruum.
1307 2207 1650 2277 Capricornus
1688 2210 1862 2265 Greece

277 2283 480 2335 dicitur
505 2292 772 2348 tegoceros.
791 2304 861 2315 —
883 2277 1113 2343 Laceris,
1138 2279 1389 2332 laceratis.
1416 2309 1486 2320 -—
1507 2280 1852 2346 Marcescere,

277 2353 604 2412 decrescere,
626 2348 666 2401 1.

359 2419 488 2475 622.
527 2419 665 2489 Puer
695 2415 1329 2489 llydriusLGanimedes,
1376 2422 1641 2489 aquarius.
1682 2418 1859 2473 Grtzce

282 2492 480 2544 dicitur
505 2486 842 2557 hydrochoos.
866 2517 935 2528 -—
959 2486 1197 2556 Sagittae,
1226 2486 1553 2557 Sagittarius,
1580 2490 1617 2542 I.

367 2559 488 2616 625.
528 2557 796 2623 Palantes,
823 2557 1088 2627 fugientes,
1113 2557 1457 2627 (li/fugientes,
1480 2559 1520 2612 1.

365 2629 488 2685 624.
529 2629 811 2681 Amatores
841 2626 1048 2690 tacitos,
1080 2629 1234 2698 idest
1259 2626 1450 2680 Eticem
1478 2639 1522 2680 ct
1545 2627 1860 2698 Cynosuram

281 2701 417 2754 dicit
454 2699 774 2752 meretrices:
813 2709 856 2750 et
892 2697 1090 2767 pellices
1130 2695 1350 2749 lunonis
1391 2708 1510 2750 sunt
1541 2695 1602 2751 in
1624 2699 1771 2765 polo,
1818 2709 1862 2750 et

281 2785 549 2838 nunquam
581 2777 860 2833 vertuntur,
900 2768 1027 2838 sicut
1065 2767 1168 2819 alia
1194 2767 1402 2838 sidera;
1444 2778 1490 2820 et
1533 2769 1644 2822 ideo
1686 2769 1863 2820 tacitos

281 2837 438 2894 dicit.
471 2837 672 2892 Fornix
699 2839 874 2890 mundi
903 2837 1089 2889 dicitur
1117 2837 1280 2905 polus,
1314 2839 1439 2908 quia
1459 2838 1526 2890 ibt
1553 2838 1762 2891 vertitur
1782 2854 1863 2891 or-

282 2910 391 2976 bis,
412 2918 457 2963 et
484 2918 751 2961 curvatura
773 2908 882 2960 caeli
905 2908 1075 2974 fornix
1098 2905 1374 2960 dicitur.'—
1400 2905 1627 2963 Fornice
1653 2907 1859 2975 mundi,

284 2983 344 3034 in
380 2980 688 3034 convexitate
713 2978 844 3041 caeli,
873 2977 948 3030 vel
978 2979 1303 3046 rotunditate,
1330 2978 1374 3033 1.

364 3050 488 3105 625.
533 3049 704 3116 Ignes,
729 3048 918 3111 sidera,
950 3046 987 3100 1.

362 3119 488 3174 6.9.6.
529 3118 742 3183 Lurida,
777 3116 992 3188 pallida,
1023 3117 1239 3188 obscura
1260 3133 1279 3171 :
1318 3119 1540 3188 pallidus
1566 3119 1704 3173 color
1735 3119 1862 3173 luri-

283 3195 392 3247 dus
420 3189 626 3256 dicitur,
659 3200 703 3241 et
729 3186 1015 3256 plumbeus,
1039 3185 1143 3242 lso.
1319 3185 1346 3205 "

1894 1938 1938 1996 B
1978 1933 2161 2012 ".637.
2214 1934 2677 2012 l_i_:eret,._dubitat.
2720 1965 2789 2012 _-
2829 1937 3141 2012 Excidium,
3195 1943 3248 1996 in
3299 1948 3537 2012 passione

1971 2004 2159 2056 Christi
2208 2005 2508 2072 die-medio,
2561 2007 2763 2073 quando
2813 2019 3009 2061 mortuo
3063 2004 3540 2072 Domino'tenebrae

1967 2075 2322 2150 [ac‘tgsunta
2355 2073 2436 2150 die
2462 2077 2630 2130 medio
2654 2093 2812 2150 usque
2840 2080 2915 2150 ad_
2935 2081 3110 2132 horam
3138 2099 3344 2150 nonam,
3377 2087 3416 2140 Ι.

1968 2145 2163 2268 “628'.
2195 2145 2508 2211 Volandum,
2560 2145 2733 2200 sentit.
2771 2178 2837 2187 —-
2878 2147 3097 2216 Glauco,
3149 2145 3380 2224 obscuro,
3425 2159 3539 2228 pal-

1989 2233 2005 2268 ι
2045 2232 2094 2268 o.
2158 2257 2170 2268 .

1989 2232 2094 2277 ιαο,
2133 2232 2170 2269 Ι.

2037 2285 2162 2338 650.
2195 2285 2357 2350 Orbe,
2392 2285 2513 2338 solis
2535 2286 2746 2352 circulo,
2782 2288 2895 2341 Vat.
2932 2292 2993 2341 Α.

2040 2357 2163 2432 631.
2193 2355 2491 2416 Cumulem,
2526 2355 2790 2432 honorem,
2813 2387 2882 2432 -_—-
2914 2359 3245 2432 Myrrhmque
3279 2373 3335 2419 et
3374 2366 3540 2424 thuris

1969 2435 2022 2498 et
2052 2426 2188 2487 auri,
2219 2442 2405 2498 aurum
2435 2426 2728 2498 regem,_vel
2762 2426 3010 2498 fulgorem
3043 2426 3306 2496 sapientia:
3347 2437 3541 2491 intelli-

1967 2496 2164 2575 gimus;
2197 2494 2331 2562 thus,
2379 2494 2890 2575 (plaudo-Dominum
2935 2494 3218 2565 credimus;
3258 2507 3540 2575 myrrham,

1967 2565 2301 2634 sepulturam,
2338 2566 2415 2618 vel
2435 2565 2638 2632 quando
2667 2581 2866 2621 carnem
2902 2577 3129 2623 nostram
3164 2565 3539 2632 vitiis'mortili;

1966 2649 2159 2698 camus,
2192 2643 2239 2688 et
2271 2634 2553 2699 o/ferimus,
2585 2636 2623 2687 1.

2036 2705 2158 2759 65⁵2..
2192 2704 2522 2771 Rependam,
2555 2705 2852 2768 retribuam,
2887 2708 2921 2759 1.

2190 2772 2356 2857 Caelo,
2391 2790 2478 2843 per
2499 2773 2718 2827 stellam.
2752 2804 2821 2814 —
2845 2776 3124 2848 llumique,
3159 2799 3246 2848 per
3274 2799 3538 2857 magorum

1969 2843 2296 2906 oblationem,
2331 2844 2367 2896 Ι.

2192 2913 2462 2988 Inventus,
2494 2913 2684 2988 aditus,
2713 2916 2791 2988 uel
2819 2916 3065 2988 uisitatus,
3097 2920 3135 2988 1.

2036 2983 2163 3064 635.
2198 2983 2503 3064 Specimen,
2541 2984 2990 3064 pulchritudinem.
3012 3018 3085 3064 :—
3105 2983 3344 3058 ‘lnferna,
3376 2995 3530 3064 infc.

1963 3054 2124 3107 nalia.
2156 3080 2226 3092 ——
2254 3052 2591 3119 liet‘ringens,
2625 3055 2980 3124 confringens,
3011 3057 3047 3109 1.

2035 3125 2160 3177 657.
2193 3124 2498 3190 Intervenit,
2522 3123 2822 3190 implet.'——
2845 3123 3061 3194 Abdita,
3095 3132 3312 3202 occulta,
3345 3133 3381 3188 1.

1642 3279 2200 3341 COMMENTARIUS.

362 3398 486 3454 6M.
520 3397 701 3464 Prag.,
736 3395 978 3464 pendebat
1003 3409 1095 3461 pro
1125 3395 1383 3464 penderet.

363 3469 488 3523 6l5.
518 3463 647 3522 Non
669 3481 797 3536 puer
827 3465 1000 3536 sidere
1041 3463 1325 3536 ferebatur,
1377 3473 1427 3518 ut
1462 3479 1728 3522 nonnemo
1757 3466 1856 3520 hoc

281 3554 452 3593 versu
493 3534 715 3592 indicari
763 3534 1113 3606 existimavit,
1146 3537 1240 3606 sed
1268 3540 1383 3606 ejus
1410 3545 1558 3589 ortus
1588 3552 1682 3606 per
1714 3536 1858 3592 sidus

274 3611 655 3666 nuntiabatur.
679 3605 875 3659 Confer
903 3607 1154 3674 hymnum
1181 3605 1243 3658 12
1269 3605 1448 3669 Cath.,
1474 3605 1614 3662 versi.
1647 3607 1737 3664 28.

359 3679 487 3734 616,
522 3677 768 3731 Mendum
800 3675 850 3727 in
886 3673 1097 3727 Héiusio
1124 3677 1368 3742 sigorum.

364 3751 488 3802 m7.
515 3751 692 3815 Magos
713 3744 979 3815 Chuldtros
1002 3755 1174 3798 Vocat.
1200 3746 1328 3800 Vide
1353 3749 1454 3807 loc.
1479 3756 1570 3808 cit.
1601 3766 1739 3808 vers.
1763 3753 1854 3811 25,

359 3819 488 3873 618.
525 3813 941 3889 Μὶιέὶς-Ινιιιιῇἱιωε
969 3813 1275 3889 hosversus
1306 3825 1565 3889 extollunt
1596 3827 1856 3889 interpre-

275 3900 372 3944 tes
402 3906 413 3939 :
447 3904 608 3941 unum
659 3884 950 3961 Giselinum
993 3883 1285 3961 adducam:
1320 3888 1466 3961 Nihil
1509 3894 1606 3946 hac
1659 3883 1858 3961 fictione

277 3960 573 4034 liberalius,
623 3957 749 4034 nihil
779 3953 1013 4034 vividius,
1033 3955 1164 4007 nihil
1186 3958 1512 4034 ingeniosius,
1558 3953 1857 4034 prte'sertim,

276 4032 327 4084 si
357 4023 587 4099 ejusdem
618 4027 774 4079 stella:
795 4023 971 4075 laudes
998 4040 1152 4099 supra
1174 4023 1540 4094 elegantissime
1558 4023 1860 4087 decantatas

277 4093 398 4151 Ιηιὸ
434 4099 681 4160 adducas,
732 4103 796 4167 ειΔ
836 4108 948 4144 cum
983 4093 1130 4167 hisce
1178 4093 1439 4164 compares
1480 4117 1496 4154 :
1543 4103 1856 4167 incredibile,

280 4179 484 4239 quanta
527 4168 712 4237 ingenii
750 4163 843 4239 vis,
878 4171 925 4216 et
947 4163 1197 4239 elegantia
1215 4163 1483 4239 utrobique
1509 4173 1740 4226 elucebit.
1782 4163 1857 4226 De

279 4235 466 4292 stellis
497 4235 628 4307 quas
663 4235 920 4299 nominat,
962 4236 1182 4290 consule
1212 4237 1367 4292 Manil
1403 4235 1505 4295 ’Iib.
1542 4258 1577 4309 ι,
1605 4254 1658 4297 et
1681 4251 1853 4297 astro-

282 4311 461 4362 1020s.

423 4326 461 4359 ᾗ

347 4326 489 4432 8:19.
521 4379 572 4432 ln
599 4378 715 4432 Vat.
747 4381 813 4448 Α,
868 4397 928 4434 ea:
970 4381 1173 4443 laceris,
1227 4391 1369 4434 recte
1418 4380 1612 4435 factum
1659 4384 1858 4437 recenti

290 4462 452 4526 manu
486 4451 679 4526 tuteris.
717 4451 859 4526 Virg.
893 4451 983 4526 lib.
1017 4465 1033 4503 ι
1063 4449 1718 4526 Ceorgic.,_ipsetibijanz
1745 4452 1860 4506 bra-

285 4519 409 4570 chia
431 4518 682 4572 contrahit
709 4523 892 4574 ardens
918 4521 1181 4589 Scorpius.
1213 4518 1534 4577 Prudentius
1563 4518 1628 4578 de
1655 4523 1860 4577 Cancro

286 4591 546 4651 loquitur.

362 4657 487 4713 621.
523 4661 623 4713 Alii
660 4661 965 4728 Hirquinum
996 4660 1252 4714 scribunt.

359 4730 487 4782 69:2.
524 4729 658 4794 Gis.,
689 4731 911 4799 Sagitta.
939 4730 1076 4784 Vett.
1105 4729 1246 4794 edd.,
1285 4730 1518 4796 Sagitta,
1546 4743 1708 4798 recte,
1737 4749 1854 4787 nam

290 4799 497 4873 signum
527 4809 609 4853 est
639 4801 969 4873 Sagittarius.
1007 4801 1454 4873 lleinsius‘edidit
1498 4802 1718 4873 Sagitta,
1763 4805 1854 4857 sed

292 4870 344 4920 in
370 4873 511 4945 notis
544 4875 746 4945 monuit
783 4870 1482 4945 scriptos.l_iahere_Sngittce,
1506 4870 1610 4926 non
1636 4875 1855 4945 Sagitta,

291 4940 388 5011 etsi
437 4940 539 4992 hoc
581 4939 1142 5011 ﬁmalebathaucllius.
1190 4940 1365 4994 Nostri
1415 4959 1626 5011 quoque
1675 4939 1856 5007 codd,

293 5008 526 5076 Sagittae.
558 5010 774 5068 Chatn.,
806 5008 963 5073 Cell.,
1003 5007 1151 5062 Teol.
1182 5024 1299 5063 cum
1344 5007 1554 5064 lleinsii'
1582 5022 1725 5066 textu
1764 5014 1858 5067 Sa-

289 5079 434 5146 gitta,
465 5079 555 5148 qui
586 5080 814 5132 fortasse
845 5079 1040 5132 lleinsii
1074 5092 1250 5133 notam
1283 5098 1384 5133 non
1415 5083 1783 5136 observarunt.

359 5149 480 5221 625.
523 5148 639 5221 vat.
670 5152 734 5211 A,
765 5150 1008 5221 palentes,
1039 5148 1260 5221 fortasse
1291 5152 1533 5220 pallentes
1559 5167 1677 5206 cum
1704 5154 1854 5221 Egm.

293 5229 343 5269 et
373 5217 481 5271 Pal.
509 5220 623 5272 'Alii
658 5221 848 5272 melius
875 5219 1122 5287 palantes.
1151 5218 1204 5272 lu
1239 5217 1424 5274 eodem
1453 5221 1567 5275 Vat:
1604 5227 1666 5286 A,
1701 5217 1856 5286 male,

295 5298 494 5358 reparat
535 5305 636 5358 pro
679 5285 900 5358 separat.
947 5285 1151 5342 Gemini
1194 5287 1384 5344 fratres
1427 5303 1550 5345 sunt
1579 5294 1767 5345 Castor
1807 5285 1859 5345 et

298 5357 502 5412 l‘ullux.
537 5357 592 5413 lu
623 5359 858 5414 editione
887 5357 1159 5412 Parmensi
1199 5363 1451 5418 mendum
1494 5371 1619 5425 puto
1658 5372 1860 5427 reparat

296 5440 471 5549 (gara
504 5445 719 5500 sensum
752 5440 805 5485 et
837 5437 1090 5497 metrum,
1136 5433 1236 5488 nisi
1267 5433 1441 5500 aliqua
1474 5431 1688 5485 licentia
1719 5432 1864 5484 adbi-

395 5509 496 5549 tur.

395 5509 496 5552 tur.

365 5566 493 5645 62i._
515 5570 623 5624 Cur
654 5570 835 5645 Virgo,
871 5576 1079 5645 signum
1105 5575 1342 5637 Cteleste,
1376 5571 1607 5645 improba
1637 5571 1863 5645 dicatur,

301 5641 354 5686 α
375 5640 494 5705 quid
541 5647 611 5694 sit
653 5642 870 5710 prodere
895 5640 1145 5698 amatores
1175 5644 1419 5697 tacitosin
1449 5642 1640 5708 fornice
1668 5641 1868 5705 mundi;

303 5719 401 5758 non
433 5710 585 5764 video
619 5729 645 5760 ει
681 5713 984 5768 recentibus
1007 5712 1516 5768 commentatoribus
1537 5713 1667 5765 satis
1689 5711 1869 5778 etpla-

301 5787 500 5832 natum.
521 5781 916 5839 Cbamillardus
944 5787 1083 5840 nude
1109 5785 1481 5848 interpretatur
1508 5799 1523 5835 :
1549 5782 1682 5840 falsa
1710 5781 1869 5845 Virqo

1885 3397 1932 3460 C
1963 3395 2148 3472 deserit
2187 3396 2240 3472 in
2289 3394 2411 3446 cazlo
2452 3408 2574 3472 _su_os
2611 3409 2801 3472 procos
2831 3395 3029 3472 tacitos.
3063 3397 3140 3472 Ac
3170 3390 3384 3456 ~videtur
3411 3417 3531 3472 qut-

1962 3465 2323 3542 demprodere
2353 3464 2720 3542 accipiendum
2750 3479 2810 3542 ea
2841 3467 3227 3542 significatione
3263 3471 3367 3540 qua
3397 3464 3534 3542 apud

1962 3534 2368 3612 Virgilium__lib.
2400 3549 2435 3586 ll
2466 3532 2590 3612 (En.
2614 3550 2626 3584 :
2651 3533 2761 3587 Nec
2779 3532 2910 3605 jam'
2929 3532 3532 3612 conjugiuntantiquitm,

1962 3606 2096 3674 quod
2121 3604 2506 3678 prodidit,_oro.
2542 3604 2824 3678 Amatores
2854 3621 2981 3678 ergo
3007 3604 3162 3662 értint
3192 3609 3308 3663 alite
3338 3604 3532 3678 s'tellte,

1962 3672 2080 3744 quae
2113 3676 2284 3747 tacita;
2314 3673 2488 3726 solent
2516 3672 2800 3747 appellari;
2841 3672 3014 3728 fornix
3058 3678 3240 3731 mundi
3269 3695 3364 3747 pro
3395 3672 3533 3736 caelo

1962 3741 2106 3818 recte
2134 3745 2232 3818 hoc
2267 3743 2405 3818 loco,
2440 3741 2768 3818 namfornix
2805 3752 2885 3818 est
2909 3759 3044 3813 Opus
3073 3741 3527 3818 concameratum,

1961 3822 2014 3869 et
2045 3813 2215 3886 fornix
2266 3814 2425 3865 etiam
2451 3812 2745 3886 dicebatur,
2784 3813 2870 3886 ubi
2923 3812 3219 3881 prostitutas
3269 3812 3534 3886 pudicitiae

1963 3884 2218 3955 mulieres
2245 3891 2419 3955 erant,
2470 3897 2534 3955 ex
2579 3895 2685 3950 quo
2714 3883 2982 3950 fornicari,
3015 3895 3064 3939 et
3096 3883 3388 3955 fornicarite
3415 3905 3530 3943 nm-

1963 3953 2109 4028 lieres
2139 3955 2189 4007 in
2213 3951 2694 4028 ecclesiasticarum
2718 3961 2994 4028 auctorum
3025 3951 3383 4028 voluminibus
3412 3973 3535 4028 pas-

1962 4027 2074 4096 sim
2093 4023 2344 4096 occurrit.
2373 4022 2634 4075 Meursius
2665 4023 2717 4096 in
2745 4022 2944 4078 Critico
2975 4027 3193 4081 Arnobii
3225 4043 3344 4096 pag.
3381 4022 3436 4096 ἱ,
3479 4041 3538 4084 ιιι

1964 4094 2154 4165 probet
2193 4093 2436 4165 mundum
2465 4093 2748 4165 pronccelo
2789 4107 2931 4165 saepe
2980 4096 3173 4165 accipi,
3212 4093 3317 4151 hos
3349 4093 3538 4156 versus

1963 4162 2498 4236 adducitheduiiihit
2540 4163 2680 4215 aliud
2718 4162 3117 4236 animadvertit:
3148 4167 3328 4236 Itaque
3359 4173 3535 4225 scien-

1963 4234 2087 4305 dum
2119 4250 2184 4289 ex
2213 4233 2410 4286 Manilii
2441 4231 2613 4305 lib._n
2665 4242 2719 4286 et
2759 4232 2981 4288 aliorum
3012 4231 3400 4305 astrologorum
3437 4243 3536 4296 do-

1963 4304 2154 4364 ctrina.
2197 4306 2345 4370 signa
2372 4317 2492 4356 sese
2520 4302 2619 4355 alia
2648 4318 2860 4369 amare,
2883 4305 2984 4359 alia
3016 4320 3119 4360 nou
3151 4302 3350 4362 amare.
3385 4311 3533 4364 Tau-

1962 4390 2053 4428 rus
2075 4384 2128 4428 et
2150 4379 2460 4428 Arcitenens
2487 4382 2664 4426 amant
2688 4373 2977 4440 Virginem,
3001 4391 3119 4444 quae
3142 4377 3345 4432 nullum
3366 4391 3532 4434 amat.

1964 4445 2044 4498 llli
2084 4459 2212 4514 ergo
2243 4452 2376 4516 sunt
2404 4453 2690 4516 amatores,
2709 4459 2850 4516 quos
2883 4445 3086 4513 fugiens
3121 4445 3280 4516 Virgo
3307 4449 3528 4513 deserit,

1963 4513 2210 4586 improba
2236 4514 2464 4586 fortasse,
2504 4515 2640 4586 dicta
2673 4513 2740 4567 ob
2771 4514 2956 4569 effecta
2988 4531 3089 4569 non
3122 4513 3286 4583 proba
3314 4534 3432 4586 qua:
3463 4521 3530 4572 ab

1964 4583 2246 4653 astrologis
2279 4586 2349 4640 illi
2383 4583 2771 4649 adjudicantur.

2035 4655 2158 4710 6‘23.
2191 4655 2306 4707 Aldi
2339 4655 2525 4707 tuenda
2559 4653 2777 4722 quinque
2808 4669 2900 4718 pro
2926 4655 3124 4722 quique.

2040 4725 2160 4778 6:27.
2195 4725 2249 4777 In
2284 4723 2396 4776 Vat.
2427 4722 2472 4774 A
2501 4722 2832 4776 desideratur
2859 4731 2923 4776 et.
2967 4723 3109 4786 Ald.,
3141 4723 3313 4776 sensit.
3346 4723 3530 4778 Melius

1886 4767 1940 4827 Β
1963 4767 2133 4848 sentit.

2032 4866 2154 4917 628.
2190 4862 2374 4925 Aldus,
2407 4861 2527 4914 Put.
2561 4876 2587 4913 a
2621 4875 2781 4914 manu
2827 4863 3016 4929 prima,
3067 4863 3354 4927 uelandam,
3419 4879 3525 4919 non

1963 4933 2098 4987 male
2130 4929 2195 4985 de
2225 4944 2337 4987 rota
2366 4931 2512 4984 Solis.
2547 4931 2671 4995 Alii,
2703 4932 3002 4994 velandum,
3034 4931 3237 4985 sciliCet
3266 4934 3457 4987 solem.

2033 5001 2155 5055 629.
2187 5001 2323 5068 PaL,
2379 5004 2622 5067 perituro,
2662 5000 2910 5054 videlicet
2941 5001 3080 5055 orbe.
3109 5001 3319 5070 Reliqui
3359 5004 3530 5072 aptius

1961 5074 2068 5144 peri
2074 5084 2152 5144 tur
2160 5089 2262 5144 uin.

2039 5141 2162 5197 654.
2192 5141 2310 5195 Vat.
2345 5141 2405 5205 Β,
2430 5148 2697 5194 conventus
2727 5155 2823 5207 pro
2851 5141 3099 5212 inventus.
3128 5141 3304 5212 Prag.,
3339 5153 3536 5198 utram-

1966 5229 2077 5284 que,
2112 5224 2163 5266 ct
2187 5226 2344 5267 versu
2375 5226 2510 5278 seq.,
2543 5211 2937 5284 speciem.Alii,
2969 5211 3537 5283 utrumque’specimen,

1968 5283 2156 5344 Aldus,
2189 5284 2345 5346 male,
2375 5291 2641 5348 utrumque
2668 5283 2902 5351 speciem.

2040 5352 2164 5408 655.
2197 5353 2357 5406 Fabr.
2385 5351 2627 5421 regimen.
2678 5349 2761 5405 rso
2809 5351 3016 5405 videtur
3061 5353 3253 5421 legisse
3297 5349 3536 5421 speciem.

1978 5425 2104 5480 Vide
2132 5438 2273 5477 vers.
2307 5437 2424 5490 sup.
2461 5423 2512 5473 in
2540 5430 2822 5490 utrumque.

2042 5495 2165 5549 656.
2198 5488 2392 5548 Confer
2419 5500 2531 5546 not.
2553 5491 2618 5544 ad
2650 5488 2832 5561 hymn.
2866 5491 2898 5546 9
2921 5488 3252 5557 Cathemer.,
3300 5505 3442 5548 vers.
3470 5493 3541 5548 95

1969 5581 2062 5621 sed
2071 5585 2097 5621 (1
2106 5604 2118 5617 .

2197 5634 2254 5688 S.
2280 5632 2606 5702 Augustinus
2634 5631 2727 5702 lib.
2762 5646 2873 5684 χχιι
2905 5625 2971 5685 de
2993 5629 3106 5685 Civ.
3140 5631 3254 5696 Dei,
3281 5647 3400 5701 cap.
3429 5633 3501 5690 29
3525 5675 3539 5688 .

1976 5705 2092 5758 Non
2120 5707 2251 5758 enim
2271 5701 2390 5773 quia
2410 5704 2621 5755 dicimus
2649 5701 2810 5756 Deum
2834 5717 2938 5756 esse
2958 5711 3017 5773 _et
3035 5703 3100 5773 in
3120 5702 3244 5755 calo
3267 5712 3312 5756 et
3334 5704 3385 5755 in
3409 5714 3548 5757 terra

1975 5777 2104 5844 (ipsi,~
2127 5771 2310 5843 quippe
2337 5776 2407 5828 ait
2451 5790 2538 5841 per
2577 5773 2877 5839 prophetam
2901 5787 2918 5824 :
2938 5771 3132 5829 (Icelum
3167 5781 3212 5826 et
3241 5782 3426 5827 terram
3453 5789 3554 5834 eoo
