3950 6326
490 326 594 380 975

1579 322 1840 378 AUltELll
1883 317 2243 376 PRUDENTII
2279 317 2596 375 CARMINA.

3637 313 3748 365 976

663 438 904 510 Nunquid
940 454 1075 496 vana
1115 438 1257 494 viros
1297 447 1386 492 aut
1425 452 1605 505 mens,
1646 449 1734 492 aut
1771 439 1946 506 lingua
1972 437 2055 494 fer
2085 443 2140 502 Α
2165 435 2269 492 660
2343 434 2426 492 Sit
2455 433 2554 489 nisi
2581 430 2918 500 etelipotens,
2946 416 3254 496 aquilonum
3282 422 3527 478 conditor
3555 423 3753 479 idem?

1791 527 1984 601 [τειιίιῖ

485 623 590 681 640
665 621 824 694 460
861 621 1107 692 Nunquid
1134 621 1368 677 fortuitis
1394 620 1701 676 frustrantia
1729 620 1866 677 dona
1894 620 2052 676 dede-

1845 711 1987 783 [runt

659 808 905 874 Casibus,
930 817 1020 862 aut
1044 820 1188 863 caeco
1213 816 1390 861 votum
1419 805 1520 860 sub
1546 803 1750 859 honore
1776 801 2056 860 dicarunt?

664 903 790 968 Qum
821 915 976 970 porro
1003 915 1184 965 causa,
1213 908 1303 952 aut
1329 898 1466 952 ratio
1493 896 1809 952 submittere
1835 897 1970 950 colla

664 992 802 1046 Ante
831 990 990 1060 pedes
1017 990 1218 1054 Marias,
1247 989 1501 1058 puerique
1527 986 1820 1054 crepundia
1842 975 2017 1054 parvi,

663 1083 719 1137 Si
747 1091 947 1137 t-mtum
975 1079 1216 1136 mortalis
1241 1089 1375 1146 erat,
1406 1092 1506 1134 nec
1531 1093 1736 1133 summa
1765 1085 2000 1149 potestas

666 1175 919 1245 implebat
949 1183 1161 1230 teneros
1189 1171 1382 1227 divinis
1409 1170 1620 1226 ﬂatibus
1647 1168 1832 1225 artus?

662 1263 763 1322 Sed
800 1265 907 1335 jam
938 1263 1063 1320 tolle
1093 1276 1304 1334 magos,
1349 1261 1500 1326 thus,
1544 1274 1762 1328 aurum,
1810 1257 2052 1331 myrrhea

1800 1349 1984 1426 [dona,

486 1176 589 1234 615

661 1444 789 1512 Qua:
817 1457 997 1498 rerum
1027 1441 1258 1498 docuere
1283 1438 1486 1496 Deum:
1523 1440 1800 1512 prmsepia,
1828 1453 2052 1510 pannos,

659 1531 836 1588 Matris
865 1533 1140 1587 adoratum
1168 1531 1451 1600 gremium,
1481 1528 1595 1585 face
1619 1528 1812 1585 sideris
1839 1528 2050 1585 ardens.

657 1625 777 1695 Ipsa
804 1625 970 1679 Deum
1001 1623 1164 1678 virtus
1193 1623 1482 1688 factorum,
1512 1631 1559 1677 et
1591 1621 1721 1676 mira
1751 1623 2048 1691 loquantur.

485 1714 588 1767 650
666 1716 882 1770 insanos
907 1713 1062 1768 video
1088 1713 1264 1767 subito
1293 1713 1572 1767 mitescere
1601 1722 1809 1777 ventos,

657 1808 788 1862 Cum
815 1807 995 1874 jubeat
1020 1804 1297 1860 Christus:
1332 1805 1486 1859 video
1514 1804 1766 1858 luctantia
1794 1806 1998 1874 magnis
2083 1811 2129 1870 Β

660 1897 894 1966 Ᾱῦηιιοιή
927 1896 1223 1950 turbinibus
1251 1897 1534 1966 tranquillo
1563 1911 1828 1950 marmore
1855 1895 1996 1950 tendi
2089 1909 2092 1912 ‘

660 1987 886 2056 Imperio
910 1984 1137 2046 Christi;
1170 1986 1342 2051 video,
1375 1987 1613 2040 calcatus
1641 1987 1886 2040 eumdem

657 2077 786 2132 Cum
815 2078 1012 2147 patitur
1035 2093 1245 2146 gurges,
1277 2087 1477 2146 tergum
1501 2077 1763 2131 solidante
1791 2077 2014 2146 liquore.

660 2173 779 2242 ipse
805 2186 962 2240 super
988 2169 1175 2222 fluidas
1205 2171 1399 2236 plantis
1429 2170 1717 2223 nitentibus
1745 2171 1911 2223 undas

657 2263 930 2326 Ambulat,
961 2276 1021 2314 ac
1050 2276 1232 2329 presso
1265 2262 1438 2313 lirmat
1468 2262 1687 2329 vestigia
1716 2263 1898 2314 fluctu.

658 2355 904 2422 Increpat
929 2353 1042 2420 ipse
1071 2361 1245 2415 notos,
1276 2361 1329 2404 ct
1355 2353 1567 2406 ﬂatibus
1595 2357 1700 2428 otia
1734 2353 1966 2406 mandat.

657 2447 786 2512 Quis
810 2445 992 2514 jubeat
1017 2445 1170 2498 srevis
1199 2443 1535 2512 aquilonibus
1561 2460 1572 2494 :
1604 2444 1699 2507 tte,
1730 2444 1883 2498 silete

655 2537 972 2596 Carcerihus
999 2537 1210 2602 vestris,
1241 2537 1522 2606 amploque
1550 2537 1794 2591 facessite
1826 2547 2008 2604 ponto,

483 2172 589 2229 655

2336 526 2494 599 461
2519 521 2810 595 Ninguidus
2833 518 3069 591 agnoscit
3090 516 3301 581 boreas,
3326 523 3482 585 atque
3499 513 3749 574 imbrifer

3467 607 3483 678 [
3511 621 3675 662 eurus

2335 707 2641 763 Nimborum
2683 703 2988 770 Dominum,
3033 708 3519 770 tempestatumque
3560 710 3750 768 poten-

3501 791 3524 864 [
3545 801 3648 846 lem
3659 834 3673 856 ,

2335 889 2687 960 Escitamque
2730 889 2958 944 hiemem
2991 891 3213 942 verrunt
3250 882 3460 939 ridente
3489 897 3707 939 sereno.

2338 979 2467 1047 Quis
2489 980 2660 1052 pelagi
2683 975 3113 1047 calcaritaquas?
3142 975 3258 1048 quis
3287 991 3384 1046 per
3404 976 3533 1031 vada
3558 978 3744 1046 glauca

2339 1069 2624 1127 Gressibns
2652 1071 2924 1140 impressis
2953 1069 3234 1140 spatiatus,
3270 1061 3479 1124 triverit
3507 1070 3673 1124 udum

2336 1159 2449 1216 Non
2487 1159 2796 1218 submersus
2845 1161 2982 1225 iter,
3032 1158 3142 1215 sola
3185 1157 3465 1229 pendulus,
3512 1168 3567 1216 et
3615 1159 3750 1231 pede

3468 1251 3672 1324 [εἰει-ο,

2335 1342 2620 1415 Equorete
2646 1344 2747 1401 nisi
2774 1343 2944 1401 factor
2973 1345 3156 1416 aquai?
3183 1343 3272 1415 qui
3303 1344 3526 1414 spiritus
3556 1345 3710 1409 olim,

2333 1433 2437 1490 Ore
2467 1432 2777 1505 superfusus
2808 1433 3002 1504 patrio,
3036 1431 3291 1489 volitabat
3321 1432 3373 1489 in
3405 1432 3566 1488 undis

2333 1523 2576 1579 Nuntium
2605 1523 2848 1580 discretis
2870 1564 2885 1590 ,
2919 1538 3018 1580 nec
3047 1533 3193 1580 certo
3227 1522 3410 1580 littore
3437 1524 3677 1581 clausis?

2335 1617 2854 1686 Sustinuitgressum
2880 1614 3089 1670 Domini
3109 1615 3336 1670 famulus
3359 1615 3548 1686 liquor,
3576 1631 3640 1672 ac
3665 1631 3744 1685 sc,

2334 1708 2621 1764 Nobilitate
2651 1722 2839 1763 carens
2859 1748 2874 1772 ,
2912 1706 3113 1763 solidos
3143 1707 3460 1764 substrinxit
3491 1710 3555 1763 ad
3593 1725 3746 1766 usus.

2337 1801 2470 1870 Quid
2493 1800 2703 1857 diversa
2729 1801 2819 1855 Dei
2848 1815 3138 1856 memorem
3160 1801 3292 1855 laeta
3311 1802 3506 1871 inclyta
3522 1802 3746 1869 Christi,

2336 1893 2507 1948 Altius
2537 1894 2777 1963 inspecta
2799 1909 2954 1962 quem
2983 1894 3261 1963 majestate
3283 1903 3529 1964 negator,

2333 1970 2494 2056 462
2528 1984 2674 2039 llaud
2704 1984 2952 2040 dubitans
2984 1984 3251 2040 hominem
3279 2028 3292 2052 ,
3322 1995 3433 2041 tute
3463 1987 3576 2054 ipse
3605 1986 3746 2042 fac.

2355 2104 2358 2106 η
3242 2077 3261 2148 [
3283 2076 3415 2130 bere
3439 2074 3676 2132 numen':

2347 2170 2517 2225 lllevit
2549 2183 2719 2225 caseos
2747 2169 2954 2234 oculos,
2977 2178 3030 2225 et
3052 2169 3250 2224 lumina
3275 2168 3402 2222 limo

2338 2263 2607 2329 Reddidit,
2639 2263 2938 2318 humectatn
2965 2277 3118 2317 sacro
3143 2262 3448 2330 sputamine
3479 2271 3680 2318 terram

2335 2353 2684 2408 Contrectans
2714 2353 2912 2422 digitis.
2946 2352 3168 2407 Luteum
3195 2350 3529 2405 medicamen
3559 2362 3754 2422 operta

2337 2443 2449 2497 Nux
2477 2444 2694 2497 habuit:
2732 2444 2978 2498 tenebras
3005 2443 3235 2497 obducta
3274 2443 3414 2511 uligo
3445 2444 3674 2499 removit
3704 2463 3718 2496 :

2343 2535 2566 2604 Insuper
2596 2537 2848 2602 ostendit,
2885 2550 3116 2605 quonam
3150 2535 3320 2604 caligo
3354 2536 3571 2591 lavacro

2159 1068 2264 1126 665

2157 1613 2261 1672 670

2168 2169 2272 2225 675

1773 2624 2057 2681 οιυδδτε
2099 2625 2434 2680 VETERES.

549 2727 671 2782 659.
699 2725 917 2792 Lingua,
945 2722 1134 2775 orietur
1162 2719 1308 2772 stella
1329 2735 1395 2792 ex,
1415 2718 1590 2792 Jacob.
1626 2719 1688 2792 l.,
1720 2719 1835 2772 Vat.
1874 2723 1934 2772 A.

549 2798 672 2852 640.
699 2790 1047 2856 Fruétrantia,
1079 2792 1248 2859 aliqua
1269 2791 1636 2859 signiﬁcatione
1657 2791 1923 2858 frustrata,
1960 2790 1998 2842 l.

551 2869 674 2922 615.
705 2863 1026 2931 Crepundia,
1059 2861 1274 2933 puerilia
1301 2865 1456 2933 (tona,
1489 2861 1565 2933 uel
1604 2860 1913 2933 crepitacula
1936 2861 2049 2933 ideo

480 2938 634 3002 dicta,
677 2937 797 3004 quia
815 2930 1106 3003 infantibus
1148 2930 1460 3004 tragieittilrus
1491 2931 1704 2983 tinnitus
1748 2931 1867 2984 teris
1907 2931 2047 3004 adie-

479 3000 628 3062 batur
648 3000 787 3076 (sic),
819 3000 906 3057 aut
931 3005 1100 3076 sonitu
1126 3002 1220 3056 illo
1248 3000 1632 3076 oblectqrenlur,
1664 3014 1980 3066 ornamenta,
2007 3002 2046 3057 I.

552 3070 674 3132 615.
711 3070 932 3140 Divinis,
963 3074 1160 3144 Spiritu
1191 3081 1394 3133 sancto,
1430 3070 1467 3144 I_.

551 3149 676 3203 6i8.
703 3141 1137 3212 Gremium,quia
1159 3144 1303 3195 illunt
1331 3141 1613 3212 continebat
1639 3141 1689 3193 in
1722 3143 1932 3212 gremio,
1963 3159 2050 3211 per

478 3235 628 3288 quem
645 3218 784 3288 sidus
803 3211 1046 3284 fulgebat,
1071 3213 1118 3288 _l,
1138 3213 1351 3288 lMar_.—
1369 3211 1522 3268 Fate.
1546 3211 1736 3264 lumine
1762 3211 1972 3274 Christi.
2007 3214 2046 3265 1.

551 3289 671 3342 650.
706 3282 942 3346 insanus,
978 3283 1226 3342 turbidos,
1259 3282 1359 3334 lso.

551 3357 674 3410 651.
706 3356 1001 3415 [.ttctantia,
1035 3353 1397 3414 concertantia,
1425 3352 1459 3403 I.

551 3426 674 3479 65‘2.
711 3426 992 3484 Marmore,
1026 3423 1258 3489 planitie,
1284 3419 1593 3485 tequalitate,
1627 3421 1664 3472 l.

546 3495 671 3550 657.
699 3495 838 3559 Otia,
869 3493 1301 3559 tranquillitatem,
1327 3491 1377 3555 II.

550 3565 674 3621 659.
709 3564 999 3622 Facessite,
1036 3562 1296 3629 quiescite,
1326 3563 1400 3616 rel
1429 3562 1658 3631 deﬁcite;
1691 3561 1953 3628 discedite,
1977 3563 2052 3617 vel

476 3638 713 3700 recedite,
739 3635 946 3698 lassate,
975 3633 1016 3686 1.

2226 2717 2350 2773 665.
2397 2717 2667 2781 Excitam,
2699 2729 3018 2773 commutant.
3041 2717 3374 2781 —Verrunt,
3410 2721 3648 2773 trahunt.
3682 2749 3750 2767 -ς

2155 2788 2383 2843 Ridente
2411 2804 2623 2853 sereno,
2655 2789 2905 2858 gaudente
2933 2790 3222 2851 serenitate,
3254 2787 3291 2858 1.

2226 2859 2352 2914 665.
2393 2857 2684 2931 Spatiatus,
2734 2861 3028 2931 immoraris,
3059 2860 3133 2931 uel
3174 2857 3475 2924 ambulans;
3518 2865 3752 2931 spatium

2154 2935 2401 2984 emensus.
2426 2959 2495 2970 —
2518 2929 2714 2992 Udum,
2743 2928 3030 2992 humidum,
3060 2929 3099 2982 1.
3236 2966 3238 2968 τ
3291 2948 3310 2960 -

2226 3000 2352 3055 666.
2389 3000 2677 3063 Pendulus,
2708 3016 3006 3067 suspensus,
3039 3001 3142 3057 lso.

2227 3071 2374 3194 663.l
2409 3070 2715 3135 Volitabat,
2764 3071 2974 3139 spiritus
3033 3071 3236 3126 Domini
3298 3073 3545 3143 ferebatur
3599 3090 3748 3144 super

2227 3158 2331 3194 uas.
2384 3177 2396 3190 .

2153 3158 2331 3203 aquas,
2359 3158 2396 3194 ι.

2189 3158 2331 3212 quas,
2359 3158 2396 3194 ι.

2227 3213 2352 3266 669.
2388 3211 2663 3277 Discretis,
2695 3211 2963 3280 separatis,
2999 3211 3037 3266 1.

2228 3282 2351 3352 675.
2386 3283 2647 3352 Inspecta,
2679 3292 2961 3352 perspecta,
2989 3282 3026 3334 1.

2224 3351 2350 3406 675.
2383 3351 2572 3412 llievit,
2606 3354 2772 3415 unxit,
2807 3353 2845 3406 l.

2227 3422 2350 3477 676.
2385 3421 2713 3489 "umectam,
2745 3422 3104 3484 Itumectatam,
3138 3422 3176 3476 1.

2385 3490 2752 3565 (ξριὶλινεοιθιιε,
2783 3494 3019 3561 palpans.
3053 3495 3359 3565 fOperla,
3389 3493 3666 3565 occulta,L

2232 3563 2354 3634 678.
2399 3561 2659 3634 deueta,
2694 3576 2948 3632 cooperta.
2985 3595 3055 3605 —
3083 3561 3257 3631 Uligo,
3290 3565 3492 3634 humor,
3524 3566 3560 3620 1.

2231 3633 2354 3686 679.
2394 3630 2595 3700 Caligo,
2631 3630 2816 3698 lutum,
2847 3635 2898 3686 in
2926 3630 3489 3705 entundatione'Siloat,
3523 3638 3561 3691 Ι.

1827 3724 2384 3785 COMMENTARIUS.

472 3799 711 3873 impleo),
730 3798 894 3873 aliam
923 3807 1117 3873 partem
1146 3795 1333 3873 dicturi
1359 3813 1529 3873 sumas
1550 3814 1667 3873 eum
1705 3797 1756 3850 in
1797 3796 1920 3851 caelo
1951 3797 2042 3873 Ita-

472 3866 604 3940 bere,
639 3866 704 3926 et
723 3871 778 3923 in
805 3866 940 3923 terra
963 3868 1148 3931 aliam;
1177 3866 1423 3940 sed‘totus
1459 3869 1517 3940 in
1540 3867 1665 3921 caelo
1693 3878 1783 3932 est,
1830 3877 1960 3940 totus
1991 3869 2044 3940 in

473 3936 630 4007 terra,
677 3957 777 3993 non
818 3940 1026 3993 alternis
1057 3937 1384 4010 temporibus,
1431 3936 1517 3989 sed
1558 3947 1826 4010 atrumque
1863 3938 2040 4010 simul,

472 4015 609 4079 quod
642 4011 784 4062 nulla
811 4022 994 4062 natura
1025 4007 1305 4076 corporalis
1336 4007 1518 4077 pbtcst.
1556 4007 1830 4075 Expositio
1863 4007 2042 4061 Wilkii

407 4122 415 4126 -
473 4082 610 4146 ultra
635 4079 776 4132 hunc
805 4092 1149 4146 versumiuon
1181 4079 1534 4144 progreditur.

542 4149 668 4203 640.
701 4147 817 4200 Vat.
847 4148 886 4198 Β
915 4156 969 4199 et
998 4145 1125 4197 Mar.
1156 4161 1183 4196 a
1217 4146 1390 4212 prisca
1421 4162 1600 4208 manu,
1634 4148 1867 4212 fortuitu.

546 4219 670 4272 649.
709 4217 883 4285 Egm.,
914 4225 969 4267 et
995 4214 1130 4285 PaL,
1155 4215 1428 4280 facturum.
1457 4216 1530 4268 De
1553 4216 1821 4270 miraculis
1844 4217 2042 4270 Christi

475 4289 597 4343 vide
628 4283 879 4356 hymnum
913 4285 944 4337 9
975 4283 1128 4356 Catii.

542 4353 678 4413 650;
701 4357 754 4408 in
785 4353 1100 4422 quibusdam
1148 4354 1314 4424 vulg,
1348 4365 1638 4417 mutcscere,
1674 4354 1812 4408 haud
1841 4355 2041 4424 inepte.

471 4429 607 4484 Infra
639 4441 780 4479 vers.
814 4425 938 4487 658,
971 4424 1057 4486 ita,
1091 4423 1233 4475 silete
1258 4425 1560 4477 carceribus.

2150 3795 2602 3869 Repugnatmens
2627 3805 2818 3869 poetas,
2850 3805 2906 3851 et
2931 3798 3071 3867 quod
3101 3797 3268 3869 addit,
3300 3798 3400 3852 Ore
3439 3805 3748 3869 superfusa:

2149 3865 2338 3936 patrio.
2383 3865 2441 3940 ld_
2470 3867 2614 3940 enim
2661 3866 2796 3920 Filio
2823 3865 3092 3922 convenit.
3141 3868 3196 3922 In
3238 3870 3391 3940 Egm.
3443 3885 3473 3923 a
3504 3865 3750 3940 Secunda

2150 3953 2330 4000 manu,
2361 3937 2442 3989 cui
2475 3937 2706 4005 spiritus,
2742 3953 2846 3991 non
2877 3949 3043 3993 recte.

2218 4007 2338 4061 668.
2373 4006 2558 4070 Fabr.,
2593 4023 2894 4075 perperam,
2924 4009 3152 4063 volitabit
3181 4011 3236 4064 in
3265 4012 3436 4064 undis.

2221 4077 2344 4131 669.
2380 4076 2432 4130 In
2467 4077 2578 4129 Vat.
2612 4077 2652 4130 Β
2681 4088 2796 4130 erat
2831 4079 2996 4143 aliud,
3028 4081 3121 4136 sed
3157 4080 3350 4135 factum
3377 4093 3513 4137 certo
3535 4087 3748 4144 recenti

2150 4162 2332 4200 manu.
2367 4147 2420 4200 In
2451 4146 2594 4213 ttot.,
2629 4155 2682 4200 et
2704 4164 2808 4201 uno
2832 4149 3011 4215 Torr.,
3035 4162 3169 4204 certo
3197 4150 3376 4207 limite.

2221 4218 2346 4271 670.
2381 4217 2555 4281 Sich.,
2591 4219 2748 4281 male,
2779 4235 2875 4272 axe
2904 4235 2998 4287 pro
3026 4238 3084 4273 ac
3113 4238 3186 4275 se.

2220 4290 2345 4342 671.
2383 4289 2498 4341 Vat.
2537 4295 2599 4349 Α,
2629 4288 2896 4343 obstrinxit
2925 4293 2992 4342 ad
3025 4307 3162 4344 usus.

2223 4358 2346 4412 675.
2388 4359 2677 4422 Ciselinus,
2701 4361 2948 4428 quamvis
2983 4362 3032 4413 in
3061 4376 3188 4415 ms<.
3215 4374 3268 4417 et
3295 4365 3357 4418 ed
3385 4367 3413 4414 Ι.
3445 4363 3596 4416 aliter
3632 4365 3748 4418 hos

2149 4441 2334 4481 versus
2386 4439 2435 4482 et
2482 4429 2710 4493 scriptos
2761 4441 2814 4482 et
2856 4430 3223 4497 interpunctos
3255 4435 3502 4496 vidisset,
3545 4449 3638 4488 eos
3677 4439 3750 4492 ad

542 4499 667 4570 656.
704 4498 891 4570 Bung,
924 4477 1057 4570 Vat;
1080 4493 1136 4570 it,
1169 4492 1292 4545 Mar.
1324 4511 1350 4543 :t
1387 4495 1552 4570 prima
1575 4509 1762 4570 Arriana,
1785 4496 2043 4570 et._Al‘dtts
2072 4477 2126 4536 Ῑ)
2152 4497 2526 4570 hunemodttm
2556 4477 2813 4562 t'bt‘rexit,
2835 4509 2892 4552 ut
2919 4477 3106 4553 setisus
3130 4477 3463 4558 cBmdeiB}
3487 4477 3746 4570 iniiinii",

471 4581 526 4625 et
567 4569 725 4623 Fabr.
757 4563 893 4634 apud
927 4563 1232 4628 Weitzium,
1268 4572 1351 4626 et;
1399 4563 1527 4617 mihi
1559 4563 1746 4630 Aldus,
1780 4575 1832 4619 et
1862 4565 2046 4619 Fabri-

471 4642 586 4696 cius
618 4654 734 4692 cum
768 4638 903 4694 aliis.
937 4651 1014 4688 ac.

541 4711 663 4763 658.
699 4707 824 4769 Alii,
855 4707 1016 4767 silete,
1047 4703 1350 4770 carceribus,
1383 4714 1485 4759 etc.

541 4779 663 4833 66-2.
715 4779 858 4845 Virg.
890 4776 982 4828 lib.
1016 4791 1030 4828 ι
1057 4774 1298 4835 1Eneid.,
1329 4789 1472 4830 vers.
1504 4774 1571 4830 84
1605 4793 1616 4827 :
1648 4773 2047 4845 Nimbornmque

471 4853 617 4921 facis,
645 4857 1089 4921 tempestatumque
1121 4853 1386 4914 potentem.

539 4922 662 4974 665.
705 4918 848 4978 Rata,
875 4917 1062 4969 ridenti
1091 4931 1108 4968 :
1142 4925 1366 4968 metrum
1397 4916 1558 4982 exigit
1589 4917 1800 4971 ridente.
1843 4916 2048 4971 Verrere

469 5005 634 5055 mare,
666 4989 882 5050 cmlum,
907 4987 1084 5039 nubila
1111 4988 1246 5052 apud
1277 4984 1604 5051 Lucretium,
1629 4987 1930 5056 Virgilium,
1962 4989 2046 5042 Ci-

469 5074 736 5118 ceronem,
769 5067 822 5111 et
853 5057 1082 5123 optimos
1108 5070 1348 5124 quosque
1379 5056 1686 5126 scriptores.

539 5129 665 5182 661.
712 5128 846 5187 l’al.,
877 5127 1096 5180 calcaret
1124 5141 1221 5194 pro
1248 5127 1476 5180 calcarit.

538 5200 663 5252 666.
709 5199 834 5252 Sola
859 5212 953 5264 pro
976 5196 1172 5248 inﬁmis
1198 5198 1386 5264 pedum
1417 5198 1608 5265 plantis
1636 5217 1646 5250 :
1675 5200 1813 5267 quod
1843 5215 1944 5252 non
1970 5199 2048 5251 in-

467 5270 736 5323 tellexisse
785 5267 1084 5320 Fabricium
1113 5267 1185 5317 ait
1229 5267 1472 5320 Barthius
1504 5269 1593 5321 lib.
1641 5285 1758 5322 xxvi
1790 5271 2043 5332 Adrers.,

467 5355 585 5406 rap.
620 5340 702 5392 1⁸2.
740 5337 967 5406 Fabricii
1003 5338 1369 5406 interpretatio
1400 5347 1503 5399 est,
1535 5339 1722 5393 habens
1765 5342 1854 5390 sub
1881 5357 1933 5391 se
1961 5356 2045 5391 so-

467 5405 570 5460 lum
594 5409 890 5477 pendulum.
919 5405 1084 5479 Recte
1104 5405 1405 5479 esploditur
1424 5424 1452 5459 a
1479 5409 1716 5462 Barthio.
1740 5409 1870 5462 Vide
1891 5412 2045 5479 hym-

465 5475 601 5600 t‘ipgt'
623 5481 655 5533 5
686 5479 865 5540 Cath.,
894 5492 1036 5533 vers.
1070 5475 1192 5543 129,
1225 5485 1276 5530 et
1299 5477 1551 5547 hymnum
1575 5480 1632 5534 S.
1667 5482 1874 5548 Agnes,
1903 5475 2041 5535 v'ers.

540 5618 662 5671 667.
712 5617 947 5671 Verbum
997 5617 1206 5684 spiritus
1250 5616 1463 5678 dicitur,
1509 5627 1566 5672 ut
1612 5629 1763 5673 antea
1812 5621 2038 5673 adverti.

467 5684 583 5738 Non
613 5688 871 5741 assentior
897 5689 1134 5751 Petavii),
1178 5688 1264 5755 qui
1300 5690 1389 5742 lib.
1422 5705 1436 5741 ι
1464 5688 1530 5742 de
1568 5689 1792 5755 Opilicio
1816 5707 1906 5742 sex
1933 5692 2042 5743 die-

475 5768 614 5820 rum,
647 5771 764 5825 eap.
797 5757 851 5826 5,
882 5757 1225 5814 Prudentium
1257 5759 1478 5829 exponit
1503 5759 1570 5814 de
1603 5761 1804 5831 Spiritu
1833 5770 2040 5818 sancto.

2153 4568 2433 4634 plaudente
2465 4569 2696 4623 Heinsio.
2725 4570 2889 4623 Aldus
2921 4572 2989 4623 ita
3023 4573 3177 4625 habet
3205 4592 3216 4624 :
3247 4575 3380 4637 Quid
3408 4576 3604 4627 diversa
3648 4568 3750 4631 Dei

2149 4655 2419 4714 memorent
2454 4641 2588 4709 facta
2634 4641 2822 4714 incly_t_a
2865 4639 3052 4714 Christi
3077 4643 3099 4694 .’
3145 4645 3309 4696 Altius
3353 4646 3579 4714 inspecta
3623 4663 3750 4714 quae

2148 4713 2414 4785 majestate
2440 4721 2708 4785 negantur.
2743 4709 2900 4762 Haud
2928 4711 3163 4785 dubitans
3195 4709 3447 4767 hominem
3490 4726 3592 4768 tute
3633 4709 3776 4785 ἔρδει·

2149 4779 2367 4848 fatebere
2407 4797 2611 4833 numen.
2670 4780 2918 4834 Veterum
2969 4781 3222 4836 librorum
3273 4785 3598 4838 incredibilis
3658 4779 3754 4845 cst

2149 4849 2526 4918 discrepantia.
2579 4852 2721 4916 [’nt.,
2773 4850 2985 4915 Noms.,
3040 4851 3153 4905 Vat.
3190 4854 3250 4916 Β,
3284 4855 3670 4919 Rat.,Widm.
3722 4876 3754 4913 τι

2151 4920 2317 4988 prima
2351 4936 2530 4985 manu,
2547 4936 2658 4988 qua:
2674 4923 2932 4990 majestate
2945 4932 3172 4990 negator.
3191 4924 3325 4977 Aldo
3351 4925 3588 4980 Oxonius
3606 4944 3755 4984 con-

2149 5002 2322 5044 sonat.
2377 4993 2532 5068 blan,
2560 5007 2672 5059 qua:
2701 5008 2731 5043 α
2757 4993 3023 5068 majestate
3049 4995 3507 5068 negator.__i’rag.,
3545 4998 3758 5068 llong.,

2152 5077 2253 5136 qua
2300 5064 2558 5130 majestate
2587 5071 2811 5136 negator.
2869 5061 2945 5136 lu_
2977 5061 3241 5136 nonnullis
3284 5061 3618 5130 Ilein§ianis,
3659 5061 3756 5136 ᾇιί

2149 5133 2411 5205 majestate
2426 5139 2656 5202 negatur.
2678 5131 2731 5185 In
2751 5131 3078 5194 Caucltiano,
3101 5135 3184 5200 qui
3211 5139 3476 5205 majestate
3501 5131 3755 5205 negator.

2148 5194 2326 5267 Alex.,
2357 5194 2508 5279 queui
2534 5205 2797 5272 majestate
2841 5213 3072 5279 negator,
3106 5194 3264 5270 Supra
3286 5194 3544 5279 'negatur.
3564 5194 3758 5279 Ὅτι»,

2147 5288 2262 5348 qua:
2287 5276 2543 5342 majestate
2576 5283 2800 5348 negator.
2841 5272 2953 5326 Vat.
2981 5274 3046 5338 Q,
3077 5290 3191 5342 qua:
3210 5272 3477 5344 majestate
3499 5272 3757 5348 negatur;

2149 5343 2377 5413 Bonan,
2409 5358 2557 5413 quem
2588 5345 2852 5413 majestate
2879 5354 3136 5411 negatum.

2218 5412 2342 5486 675.
2379 5415 2430 5466 In
2464 5412 2575 5463 Gis.
2621 5412 2793 5486 l_’ed.,
2826 5413 2994 5486 arcis,
3018 5413 3162 5486 quod
3213 5415 3432 5471 Heinsio
3462 5419 3754 5486 placebat.

2149 5481 2253 5536 Sed
2271 5487 2487 5536 obstant
2508 5483 2854 5562 membranae,
2875 5484 2927 5536 in
2940 5481 3752 5562 quibusconstanterestscrip-

2149 5565 2255 5606 tum
2287 5570 2444 5606 C(BCOS
2473 5552 2664 5605 oculos.

2133 5624 2499 5700 .-.679.-νει.
2553 5625 2612 5685 Α,
2643 5624 2919 5700 qtt0ttiart_t_,
2951 5639 3083 5700 _non
3126 5626 3282 5700 bene,
3336 5643 3430 5697 pro
3484 5646 3748 5700 quonam.

2146 5694 2279 5750 Vide
2314 5694 2659 5748 Dittochaeum
2693 5703 2812 5749 tetr.
2849 5695 2916 5750 55
2943 5691 3151 5752 Piscina
3181 5691 3339 5754 Siloa.
