3950 6326
444 335 548 393 979

443 448 549 505 710
619 446 844 518 Oppida,
874 457 1164 515 mercatus,
1194 460 1247 505 et
1275 451 1652 519 conciliabula,
1683 462 1735 506 et
1756 454 1916 507 urbes

619 540 973 610 Respuerant,
1006 541 1152 612 largo
1178 544 1416 598 contenti
1435 543 1686 614 dogmate
1709 543 1877 600 vesci.

621 631 780 687 Multa
813 632 985 687 virum
1017 641 1188 688 strato
1225 633 1434 690 fervent
1459 635 1710 690 convivia
1739 636 1883 691 leno.

618 723 885 781 Centenos
907 726 1062 780 simul
1085 727 1360 782 accubitus
1381 727 1549 784 iniere
1578 729 1812 794 sodales,

621 817 799 889 Seque
826 833 920 887 per
939 819 1246 876 innumeras
1265 821 1772 892 infunduntagmina
1789 835 2025 887 mensas,
2065 871 2072 877 .

445 909 550 968 7l5
623 911 900 966 Pisciculis
927 912 1059 980 (jam
1092 912 1251 966 crede
1270 912 1462 982 Deum)
1486 912 1777 968 saturanda
1793 912 2023 978 duobus,

624 1003 689 1056 Et
718 1003 900 1072 paucis
928 1013 1204 1059 crescente
1237 1004 1356 1059 cibo
1388 1019 1482 1071 per
1517 1004 1776 1074 fragmina
1805 1004 2020 1059 crustis.

621 1096 866 1150 Ambcsis
895 1097 1122 1166 dapibus
1146 1098 1456 1152 cumulatim
1485 1109 1699 1174 aggeSta
1726 1099 2027 1154 redundant

617 1195 777 1268 565
809 1193 1170 1278 Ferculaabis
1199 1210 1358 1252 senos
1379 1196 1638 1251 micarum
1669 1197 1902 1251 molibus
1928 1198 2026 1251 im-

1785 1288 1953 1360 [plent

620 1379 748 1433 Post
768 1393 980 1434 cmuam
1009 1377 1297 1448 cophinos,
1329 1379 1527 1433 crudus
1553 1380 1776 1434 conviva
1808 1381 2026 1436 resudat

619 1471 936 1542 Congeriem
957 1470 1183 1537 ventris,
1205 1472 1371 1542 gemit
1393 1480 1448 1528 et
1467 1473 1568 1528 sub
1595 1472 1738 1528 fasce
1759 1474 2022 1531 minister.

618 1564 750 1631 Quis
771 1563 1045 1618 cumulare
1070 1571 1245 1634 potest
1272 1564 1456 1630 epulas
1480 1563 1532 1618 in
1555 1565 1774 1634 grandia
1802 1566 2026 1634 parvas?

619 1657 772 1726 Quis,
803 1658 906 1712 nisi
941 1658 1029 1728 qui
1060 1671 1279 1738 corpus,
1320 1666 1658 1728 pastumque,
1701 1668 1756 1713 et
1783 1661 2025 1727 corporis

1717 1752 1952 1824 [omnem

623 1844 876 1900 Condens
903 1860 969 1901 ex
1001 1844 1168 1900 nihilo
1196 1845 1340 1900 nulla
1365 1845 1633 1901 existente
1657 1847 1861 1901 creavit

625 1936 877 1990 Mundum
911 1936 1172 1992 materia?
1201 1936 1315 1992 Non
1357 1937 1494 1993 sicut
1534 1938 1774 2008 sculptor
1795 1939 1862 1994 ab
1901 1940 2024 1994 aeris

621 2027 785 2101 566
812 2027 1027 2085 Rudere
1056 2030 1331 2086 decoctam
1355 2033 1658 2087 consuescit
1686 2033 1865 2087 vivere
1888 2049 2027 2088 mas-

1794 2124 1951 2196 [sam.

445 1468 550 1531 720

448 2021 549 2084 725

1571 336 1843 390 AUREI.”
1888 333 2252 392 PHUDENTII
2289 333 2609 390 CARMINA.

2051 455 2108 512 Δ

2061 1863 2112 1923 Β

3608 350 3731 406 980

2304 453 2408 508 Sed
2430 453 2576 508 Deus
2596 451 2937 519 omnipotens
2955 449 3140 506 orbem
3167 451 3284 508 sine
3305 453 3510 507 semine
3532 457 3718 516 liuxit.

2307 542 2390 598 Nil
2416 551 2533 600 erat
2559 557 2738 610 omne,
2761 541 2902 613 quod
2933 551 3052 598 est:
3083 542 3157 597 nil
3207 542 3282 609 id,
3311 545 3626 613 procedere,
3661 557 3718 601 et

3474 637 3636 707 [esse.

2307 731 2478 800 Atque
2515 743 2708 786 novum
2751 729 2899 793 fieri,
2946 743 3068 783 mox
3111 737 3164 784 et
3206 730 3562 799 grandescere
3598 731 3720 798 jus-

3376 820 3514 892 [sum
3539 833 3640 875 est.

2313 916 2542 972 Parvum
2582 915 2652 970 de
2691 913 2856 970 nihilo
2896 914 3126 983 primum
3157 914 3257 970 fuit
3283 932 3295 968 :
3326 915 3507 971 addita
3548 933 3722 986 parvo

2130 1007 2231 1063 750
2305 1008 2638 1063 Incrementa
2663 1006 2834 1062 modis
2859 1018 3122 1062 auxerunt
3141 1007 3320 1063 omnia
3355 1008 3546 1070 plenis.

2306 1099 2448 1170 Ergo
2493 1113 2610 1170 ego,
2645 1113 2768 1154 cum
2802 1098 3019 1165 ,videam
3061 1098 3308 1155 manibus
3350 1101 3428 1155 sic
3468 1115 3722 1158 crescere

3421 1191 3622 1264 [Christ

2307 1285 2473 1341 Parva
2530 1285 2783 1346 alimenta
2827 1285 3127 1352 hominum,
3175 1299 3396 1356 possum
3443 1287 3717 1360 dubitare,

3325 1379 3443 1452 [per
3471 1383 3644 1451 ipsum

2307 1470 2537 1540 Exiguas
2564 1484 2745 1526 rerum
2773 1471 3008 1541 species,
3040 1471 3415 1543 elementaque
3438 1475 3620 1528 mundi

2307 1566 2386 1621 Ex
2431 1565 2598 1621 nihilo
2647 1566 2877 1636 primum
2927 1565 3161 1630 modica,
3216 1573 3272 1622 et
3319 1580 3443 1622 mox
3493 1567 3719 1636 grandia

3421 1659 3640 1729 [sensim

2308 1749 2577 1817 Crevisse,
2591 1765 2654 1806 ex
2670 1750 2894 1805 modicis
2914 1763 3035 1820 quae
3047 1758 3416 1804 consummata
3438 1749 3686 1805 videmus
3699 1751 3726 1803 ?

2312 1844 2390 1898 Ac
2416 1858 2483 1898 ne
2528 1851 2647 1912 post
2684 1842 2956 1897 hominum
3001 1850 3186 1910 pastus
3211 1841 3411 1896 calcata
3454 1841 3725 1910 perirent,

2309 1941 2452 1996 Neve
2478 1941 2659 1994 relicta
2680 1939 2838 2007 lupis,
2869 1947 2957 1990 aut
2982 1936 3248 2006 vulpibus,
3276 1937 3546 2004 exiguisve

2313 2033 2552 2086 Muribus
2583 2033 2632 2084 in
2680 2030 2911 2100 prmdam
2941 2031 3086 2083 nullo
3117 2029 3603 2098 custodejacerent
3629 2046 3642 2082 :

2313 2126 2401 2181 Bis
2431 2141 2523 2181 sex
2553 2125 2799 2195 appositi,
2831 2124 3142 2179 cumulatim
3174 2125 3263 2193 qui
3286 2123 3424 2178 bona
3446 2121 3646 2178 Christi

2129 1751 2235 1808 735

1737 2261 2024 2320 GLOSSE
2066 2263 2404 2322 VETERES.

513 2403 638 2459 710.
671 2398 1032 2455 Conciliabula
1052 2441 1067 2464 ,
1099 2397 1186 2450 ubi
1214 2397 1432 2450 concilia
1460 2397 1763 2467 agebantur,
1799 2399 1915 2453 Vat.
1955 2402 2016 2454 A.

449 2479 533 2532 ubi
559 2472 774 2526 concilia
808 2469 1209 2530 celebrabantur,
1242 2469 1280 2522 1.

517 2545 643 2599 7η.
691 2543 899 2602 Virum,
931 2541 1177 2593 uirorum.
1214 2538 1254 2593 1.

519 2617 643 2668 717.
687 2613 933 2675 Aagesta,
966 2609 1242 2668 cumulata,
1273 2609 1312 2662 I.

517 2687 644 2740 718.
678 2684 928 2738 Micarum
961 2680 1212 2740 molibus,
1248 2681 1568 2750 fragmentis,
1602 2681 1640 2734 1.

520 2758 643 2811 719.
674 2754 900 2808 Crndus.
940 2753 1138 2818 plenus,
1173 2762 1337 2817 satur,
1373 2752 1674 2821 indigestus,
1705 2753 1948 2814 rusticus,
1986 2754 2027 2807 l.

520 2828 640 2886 720.
677 2826 1014 2891 Congeriem,
1047 2825 1350 2885 satietatem,
1377 2822 1496 2876 Vat.
1530 2823 1594 2876 Α.
1623 2853 1690 2863 -
1710 2822 2027 2890 Congeriem

451 2898 669 2962 Ventris,
700 2897 1040 2949 saturitatem.
1072 2922 1140 2934 ——
1163 2893 1273 2947 Sub
1304 2894 1466 2957 fasce,
1494 2895 1847 2963 cophinorum.
1881 2893 1920 2947 Ι.

518 2971 642 3028 721.
680 2966 932 3028 Grandia,
962 2967 1013 3018 in
1044 2973 1150 3018 tam
1170 2965 1495 3034 multiplicia,
1523 2965 1563 3018 1.

519 3042 642 3100 725.
675 3039 970 3104 Existentc,
999 3047 1250 3100 manente,
1281 3035 1318 3089 1.

2209 2400 2331 2455 7‘25.
2365 2399 2601 2460 Rudere,
2635 2400 2774 2451 mina
2797 2417 2827 2453 ιι
2858 2409 3012 2464 terra,
3042 2397 3130 2451 ubi
3155 2413 3225 2451 res
3252 2397 3472 2464 tollitur,
3500 2396 3539 2450 l.

2206 2471 2328 2523 726.
2363 2471 2598 2533 Semina,
2625 2471 2858 2535 materia,
2893 2469 2930 2523 1.

2209 2541 2330 2593 727.
2369 2540 2685 2602 Procedere,
2711 2542 2847 2592 unde
2877 2541 3221 2605 processisset,
3255 2538 3296 2591 1.

2207 2613 2331 2665 728.
2361 2612 2476 2666 Mox
2503 2619 2556 2665 et
2584 2612 2957 2680 grandescere,
2991 2627 3093 2664 non
3123 2625 3221 2674 quo
3243 2609 3420 2680 omnia
3445 2626 3562 2678 qua:
3587 2611 3728 2665 Deus

2137 2684 2340 2743 creavit.
2377 2679 2610 2753 perfectis
2642 2683 2843 2747 pictatis
2873 2697 2973 2735 non
3001 2681 3211 2750 fuissent
3240 2679 3390 2751 (sic),
3420 2682 3508 2734 sed
3537 2686 3727 2751 poetica

2138 2755 2286 2814 dicit,
2319 2754 2358 2806 I.

2207 2827 2330 2877 735'.
2365 2825 2768 2886 Consummata,
2803 2824 3045 2892 perfecta.
3077 2821 3116 2875 1.

2207 2895 2328 2949 756.
2361 2896 2594 2958 Calcata,
2629 2896 2938 2963 fragmenta,
2977 2893 3092 2947 Vat.
3122 2893 3186 2948 Α.

2204 2967 2330 3021 739.
2366 2967 2628 3034 Appositi,
2652 2966 2845 3018 scilicet
2873 2975 2988 3018 sunt
3015 2964 3206 3027 corbes,
3232 2965 3286 3018 id
3307 2973 3379 3019 est
3409 2963 3657 3033 apostoli,
3683 2963 3729 3020 1.

2149 3037 2226 3092 De
2258 3039 2500 3106 apostolis
2531 3039 2623 3091 hoc
2649 3037 2896 3106 intellige,
2928 3035 3046 3090 Vat.
3076 3035 3141 3090 A.
3337 3074 3342 3078 -

1799 3168 2354 3228 COMMENTARIUS.

521 3288 645 3341 710.
687 3282 1044 3338 Conciliabula
1083 3290 1207 3336 sunt
1231 3280 1383 3348 pagi,
1417 3280 1566 3340 sive,
1612 3291 1665 3332 ut
1712 3281 1799 3333 alii
1845 3283 2026 3343 aiunt,

453 3356 800 3413 conciliabula
841 3362 994 3415 sunt,
1027 3350 1091 3403 ad
1135 3367 1254 3418 qua:
1282 3350 1464 3403 rustici
1506 3351 1715 3402 emendi
1763 3361 1855 3403 a~t
1901 3369 2031 3404 ven-

453 3428 612 3484 dendi
656 3439 815 3477 caiisa
867 3425 916 3475 in
956 3423 1087 3474 vicis
1118 3431 1170 3475 et
1219 3421 1361 3486 agris
1392 3421 1739 3473 conveniunt.
1799 3423 1954 3476 Ales.
1998 3439 2025 3474 a

453 3496 686 3554 secunda
718 3509 907 3555 manu,
931 3501 981 3545 et
1012 3491 1167 3552 Urb.,
1199 3498 1464 3543 mercatos.

525 3567 646 3621 718.
678 3564 732 3617 in
764 3563 883 3616 Rat.
919 3561 1015 3614 fuit
1047 3562 1306 3622 mollibus,
1350 3561 1507 3621 male,
1534 3577 1626 3629 pro
1655 3562 1905 3616 molibus:
1934 3565 2031 3618 nisi

453 3639 611 3700 velis,
644 3634 821 3688 mollia
853 3634 1101 3686 micarum
1131 3631 1232 3685 dici
1276 3645 1374 3700 pro
1408 3632 1552 3683 micis
1587 3632 1841 3697 mollibus,
1893 3637 2033 3698 quod

455 3723 562 3763 non
589 3715 670 3761 est
697 3705 1008 3760 absurdum.
1038 3713 1090 3756 et
1118 3704 1253 3756 favet
1279 3702 1475 3762 glossa.
1505 3702 1719 3763 Cltant.,
1762 3707 2035 3771 mollibus;

456 3779 550 3835 sed
583 3779 633 3830 in
665 3775 1120 3838 interpretatione,
1149 3774 1474 3826 multitudine
1498 3773 1922 3841 fragmentorum.

525 3849 646 3902 719.
683 3847 737 3899 In
769 3847 900 3900 Mur.
934 3860 962 3896 a
993 3846 1157 3912 prima
1192 3859 1368 3904 manu,
1405 3860 1604 3912 urnas;
1642 3845 1692 3895 in
1723 3845 1821 3900 Vat
1879 3851 1914 3898 Λ
1953 3865 2037 3903 re.

454 3919 595 3974 centi
627 3932 780 3970 manu
809 3907 1004 3969 factum
1033 3931 1247 3979 caenam,
1276 3907 1479 3967 alirasis
1518 3914 1785 3980 prioribus
1821 3919 2030 3973 litteris.

456 3990 558 4046 Alii
585 4005 800 4042 arenam.

526 4059 652 4114 720.
682 4059 860 4122 Prag.,
894 4057 1143 4116 ministra,
1175 4070 1278 4107 non
1308 4055 1462 4110 bene.

527 4129 651 4182 72l.
683 4126 944 4181 Cauchius
968 4125 1284 4189 conjiciehat
1320 4127 1370 4177 in
1403 4131 1620 4194 prandia
1653 4147 1832 4195 parvas
1859 4144 1954 4195 pro
1985 4133 2034 4184 in

459 4201 676 4328 grandia
701 4213 916 4266 parcas:
946 4196 1085 4263 quod
1117 4209 1288 4260 neque
1307 4195 1540 4262 Heinsio,
1568 4216 1736 4268 neque
1767 4201 1892 4252 mihi
1919 4218 2041 4268 pro-

500 4282 638 4326 atur.

500 4282 638 4326 atur.

529 4341 655 4394 722.
688 4339 844 4397 Man,
878 4336 1096 4400 Weitz.,
1148 4351 1327 4395 omne:
1367 4338 1475 4401 alii,
1525 4357 1738 4394 omnem.
1792 4341 2039 4395 Heinsius

459 4413 759 4481 suspicatur
793 4417 1002 4481 pastum,
1021 4424 1218 4475 quoque
1257 4410 1486 4481 corporis
1515 4427 1744 4481 omnem;
1775 4411 1854 4462 vel
1889 4413 2042 4464 ῑιιιρι-

459 4476 798 4552 Ιὶςίὀπιηεηὶ
830 4480 1123 4552 materiam,
1144 4476 1639 4552 qttod__vocabttltmi
1665 4482 1942 4552 sequitur.
1985 4483 2038 4536 Si

459 4548 838 4608 m'utalioesset
865 4548 1413 4619 invehenda,'mallem
1445 4550 1590 4613 Quis,
1618 4551 1718 4603 nisi
1737 4553 1821 4612 qui
1838 4567 2039 4619 corpus,

460 4633 511 4680 et
557 4633 760 4695 pastum
807 4620 1034 4695 corporis
1069 4635 1264 4695 omnem
1294 4616 1528 4695 Condens
1563 4638 1627 4674 ex
1677 4622 1852 4695 nihilo.
1902 4616 2044 4695 nulla

463 4689 704 4749 existente
725 4692 907 4745 cre‘arit
936 4689 1187 4742 Mundum
1213 4690 1462 4742 materia?
1483 4690 1534 4744 In
1563 4692 1884 4744 carminibus
1912 4692 2041 4746 Pru-

463 4765 628 4820 dentii
659 4777 802 4826 smpe
828 4775 1039 4814 errores
1080 4761 1148 4812 ab
1190 4759 1270 4812 his
1319 4760 1515 4813 inducti
1559 4771 1701 4824 sunt,
1736 4763 1821 4830 qui
1872 4773 2044 4830 poeta

2139 3285 2364 3344 sepultos
2408 3295 2462 3338 ut
2499 3287 2665 3338 redire
2711 3286 3034 3344 insuesceret,
3076 3282 3214 3351 quod
3269 3283 3415 3350 prius
3459 3284 3730 3339 Alcimum

2141 3355 2353 3408 Avitum
2387 3357 2649 3420 cogitasse
2691 3356 2762 3408 ait
2826 3355 3094 3412 Heinsius,
3134 3353 3330 3407 oblitus
3378 3353 3722 3409 Prudentium

2139 3430 2492 3492 antiquiorem
2532 3442 2652 3479 esse
2696 3427 2870 3486 Avito,
2913 3426 3011 3478 nisi
3043 3424 3210 3476 voluit
3256 3424 3496 3477 Heinsius
3537 3425 3728 3480 dicere

2065 3492 2112 3555 C
2149 3497 2406 3549 Alcimum
2444 3497 2708 3550 l’rutlontii
2744 3498 2881 3549 hunc
2905 3497 3076 3548 locum
3111 3494 3275 3547 fuisse
3303 3495 3588 3548 irnitalum.
3618 3495 3730 3548 Sed

2140 3569 2443 3622 monendum
2492 3570 2611 3630 (ait)
2655 3569 2794 3626 prius
2833 3567 3083 3619 Alcimum
3144 3566 3341 3618 Auitum
3388 3566 3518 3618 libro
3562 3568 3730 3634 primo

2139 3650 2419 3711 pocnntum
2469 3641 2574 3689 Iure
2625 3637 2895 3690 Prudentii
2929 3639 3191 3711 cogitasse,
3239 3652 3533 3711 quanquam
3572 3653 3730 3711 senisu

2140 3706 2374 3761 nonnihil
2430 3724 2668 3766 niveum.
2720 3711 2823 3775 aqit
2877 3709 3010 3760 cnim
3061 3708 3122 3760 de
3164 3709 3417 3759 creatione
3465 3706 3732 3761 hominis:

2142 3781 2269 3833 Intlc
2313 3782 2395 3830 ubi
2447 3781 2676 3843 perfectis
2729 3781 3011 3831 consuescit
3067 3780 3225 3830 vivere
3273 3777 3509 3829 membris
3563 3775 3729 3831 Totus

2140 3853 2308 3903 homo.
2345 3852 2562 3903 l‘onitur
2589 3852 2746 3902 rudus
2777 3851 2892 3900 mris
2938 3866 3031 3911 pro
3061 3864 3167 3901 rere
3199 3848 3430 3901 nondum
3472 3859 3724 3903 excocto.

2141 3924 2228 3975 Sic
2263 3921 2458 3990 hymno
2488 3925 2541 3970 ς.
2577 3920 2842 3974 Laurentii
2877 3936 3017 3973 vers.
3055 3921 3154 3972 189
3186 3919 3432 3990 εηΑηηιιη
3472 3920 3614 3985 quod
3639 3936 3726 3969 ar-

2141 3989 2313 4046 dcntcr
2354 3993 2462 4044 sitis
2498 3990 2672 4057 li‘ﬂ‘osa
2704 3993 2916 4057 (iiqntmt
2959 3991 3164 4042 rudera.
3207 3989 3338 4042 Hinc
3383 3999 3530 4054 porta
3563 4001 3727 4042 cerata

2143 4064 2324 4116 Hourv
2369 4063 2678 4115 rauduscula
2712 4062 2849 4113 dicta
2882 4070 2983 4120 est,
3027 4062 3147 4122 quia
3201 4061 3375 4110 rudus“
3399 4059 3480 4110 vel
3527 4061 3727 4113 rendus

2145 4136 2358 4194 proprie
2385 4142 2466 4186 est.
2492 4134 2631 4184 aeris.
2668 4132 2782 4183 .lam
2816 4132 2974 4182 vivere
3002 4131 3066 4183 de
3093 4131 3282 4183 statuis
3321 4129 3523 4181 alTabre
3571 4130 3726 4184 factis

2142 4205 2267 4262 dici,
2305 4222 2331 4251 ω
2360 4204 2481 4257 ullis
2520 4203 2780 4268 exemplis
2816 4203 3092 4254 Confirmat
3141 4201 3412 4262 Heinsius,
3458 4208 3514 4252 et
3563 4216 3725 4254 nemo

2143 4284 2221 4326 est
2253 4276 2338 4341 qui
2373 4282 2583 4327 revocet
2615 4275 2664 4325 in
2697 4273 2936 4324 dubium.
3000 4272 3101 4323 Pro
3129 4272 3292 4324 virere
3322 4271 3498 4335 legunt
3530 4271 3726 4336 ﬁngere

2145 4346 2328 4402 Weit.,
2366 4345 2495 4398 Mar.
2523 4360 2548 4395 a
2581 4344 2778 4397 recenti
2819 4358 2999 4406 manu,
3034 4341 3155 4394 Rat.
3210 4341 3629 4401 vetustissimus,
3669 4351 3727 4395 et

2146 4415 2357 4482 ﬂllldt‘lll
2389 4416 2503 4468 sine
2546 4415 2647 4466 ulla
2683 4415 2832 4464 litura
2855 4453 2868 4474 ,
2906 4413 3022 4464 Vat.
3055 4414 3115 4475 Ο.
3149 4410 3540 4482 Cltamillardus
3569 4427 3724 4466 more

2146 4501 2242 4540 suo
2284 4486 2557 4539 llcinsium
2609 4486 2717 4536 fere
2755 4483 3028 4547 exscriliit,
3077 4483 3215 4552 quod
3262 4481 3560 4534 mirandum
3613 4497 3721 4535 non

2145 4567 2227 4609 cst
2252 4575 2263 4608 :
2291 4571 2408 4607 unm
2440 4557 2490 4608 in
2523 4555 2833 4622 prolatione
2877 4555 3066 4605 fatetur
3106 4567 3165 4606 se
3200 4553 3399 4605 Heinsii
3434 4553 3717 4622 lectiones,

2146 4635 2398 4691 quantmn
2442 4629 2491 4678 in
2529 4621 2593 4677 ise
2623 4628 2742 4676 (ιι-λ,
2786 4632 3113 4676 secuturum.
3159 4623 3376 4676 'l‘eolius
3405 4622 3478 4675 ait
3517 4621 3719 4675 Heinsii

2146 4697 2425 4750 lectionem
2454 4712 2515 4748 es
2567 4696 2996 4746 membranarum
3038 4693 3138 4746 title
3174 4695 3329 4746 unice
3362 4705 3536 4744 veram
3567 4705 3717 4753 esse,

2147 4779 2199 4821 et
2227 4768 2446 4832 gloriam
2464 4767 2578 4831 ejus
2607 4765 2847 4818 lectionis
2875 4765 3132 4818 restituta:
3163 4772 3323 4815 totam
3351 4762 3718 4832 Heinsiicsse.

463 4834 904 4890 consuetudinem
931 4831 1262 4914 ignorarunt,
1295 4840 1347 4883 et
1378 4833 1530 4912 metri
1555 4834 1812 4914 rationem
1844 4833 2040 4888 habere
2071 4854 2120 4914 ο
2146 4838 2246 4891 Sed
2284 4838 2603 4900 monendum
2647 4837 2828 4902 plures
2873 4835 3086 4914 codices
3119 4834 3428 4914 variareLut
3458 4831 3718 4914 Vidimus,

463 4907 727 4966 volentes,
757 4918 925 4970 neque
963 4903 1091 4954 satis
1137 4901 1267 4954 artis
1299 4903 1518 4966 poetica:
1563 4903 1812 4966 scientes,
1860 4921 2038 4958 veram

463 4975 752 5030 lectionem
783 4983 1153 5038 corruperunt.
1194 4971 1250 5026 Si
1283 4973 1486 5040 legatur
1523 4989 1724 5036 corpus,
1760 4985 1803 5025 et
1839 4986 2039 5044 pastum

463 5045 650 5100 ultima
697 5046 746 5096 in
793 5059 973 5111 corpus
1018 5046 1240 5112 ratione,
1270 5057 1492 5095 caesura:
1530 5044 1858 5110 producitur,
1900 5048 2038 5112 quod

465 5114 756 5170 Prudentio
783 5123 864 5166 est
914 5114 1188 5167 familiare.
1217 5111 1374 5179 Cell.,
1407 5122 1460 5166 et
1489 5115 1640 5168 Teol.
1686 5115 1882 5169 Heinsii
1914 5111 2040 5171 cou-

462 5188 725 5258 jectnram
739 5183 913 5258 secuti
937 5194 1078 5237 sunt.

533 5255 656 5312 724.
688 5254 953 5308 Giselinus
971 5269 1089 5306 cum
1113 5253 1480 5308 Daventriensi
1509 5256 1595 5312 ed.
1631 5255 1753 5324 legit
1781 5274 1878 5308 non
1907 5257 2035 5310 sicut

463 5329 691 5396 sculptor
721 5325 780 5376 ob
808 5340 906 5378 ειη-ε
935 5324 1177 5396 Crudum,
1209 5334 1254 5375 ct
1287 5326 1602 5378 inexcoctam
1639 5328 1915 5380 consuescit
1944 5328 2038 5390 lin-

463 5395 958 5468 geremassamj‘qui
988 5397 1190 5468 putavit
1223 5396 1398 5468 minus
1421 5397 1554 5452 bene
1582 5397 1684 5451 dici
1708 5399 1869 5451 rudus
1901 5400 2036 5450 (eris.

465 5465 612 5537 illd”
636 5467 779 5530 Put.,
805 5465 1039 5537 Thuan.,
1085 5466 1281 5528 0mm,
1325 5466 1471 5533 Rot.,
1508 5478 1616 5522 tres
1651 5468 1826 5528 Torr.,
1861 5469 2038 5537 Egm.,

463 5534 607 5603 PaL,
631 5537 764 5591 Mar.
795 5551 822 5588 a
857 5535 1022 5604 prima
1058 5551 1238 5597 manu,
1268 5537 1503 5591 Vaticani
1527 5538 1735 5604 Optimi,
1767 5556 1867 5592 non
1909 5534 2039 5593 sicut

391 5641 396 5646 -
465 5609 690 5677 sculptor
730 5608 792 5660 ab
829 5609 943 5677 teris
983 5606 1184 5660 Radere
1239 5608 1494 5660 decoctam
1547 5613 1827 5663 consuescit
1890 5610 2050 5662 ritrcrc

468 5675 708 5730 massam.
741 5675 960 5731 Scilicet
989 5679 1265 5731 consuescit
1312 5695 1405 5746 pro
1435 5681 1765 5746 consuefacit,
1802 5688 1858 5733 ut
1894 5679 1986 5732 lib.
2032 5696 2047 5732 ι

468 5753 652 5819 contra
697 5748 870 5814 Synn,
913 5761 1056 5819 vers.
1092 5749 1215 5811 541,
1252 5752 1492 5803 assuescit
1535 5766 1719 5816 supero
1766 5750 1958 5819 pollere
1993 5751 2046 5802 in

470 5814 658 5872 alecula
679 5832 854 5882 regno,
880 5824 934 5868 et
964 5816 1160 5880 hymno
1189 5819 1220 5871 9
1247 5819 1398 5873 Catlt.
1429 5819 1580 5874 Omni
1603 5814 1918 5884 liora,'vcrs.
1953 5820 2040 5883 95,

2146 4916 2198 4961 et
2221 4907 2328 4975 jam
2362 4917 2484 4960 ante
2517 4907 2788 4959 Heiusium
2813 4906 2864 4958 in
2895 4905 3030 4958 Aldo
3060 4914 3112 4958 et
3138 4905 3258 4957 aliis
3279 4902 3437 4975 editis
3463 4903 3566 4975 legi
3594 4917 3721 4955 cou-

2145 4973 2330 5031 suescit
2357 4981 2552 5031 virere:
2583 4992 2753 5045 neque
2799 4978 2868 5029 ita
2900 4986 3097 5028 certam
3130 4989 3250 5027 esse
3292 4973 3494 5045 Heinsii
3536 4973 3726 5045 lectio-

2146 5064 2290 5107 nem,
2333 5058 2389 5101 ut
2427 5049 2529 5100 alia
2577 5043 2826 5100 sustineri
2868 5062 2973 5098 non
3015 5046 3201 5113 possit,
3254 5059 3376 5098 nam
3409 5043 3614 5111 ﬁngere
3660 5044 3727 5098 de

2146 5120 2414 5185 sculptore
2444 5133 2544 5171 non
2568 5116 2798 5171 absurde
2827 5117 3038 5179 dicitur,
3070 5131 3239 5183 neque
3278 5115 3409 5168 satis
3440 5114 3563 5166 huic
3605 5114 3619 5165 l
3650 5129 3728 5167 προ

2147 5191 2390 5256 congruit
2433 5189 2648 5242 laudare
2688 5187 2929 5254 peritiam
2978 5186 3220 5240 artificis.
3252 5185 3382 5256 Quia
3426 5199 3630 5256 corpus
3660 5200 3725 5256 ex

2147 5260 2366 5314 materia
2400 5261 2658 5314 existente
2689 5262 2878 5312 factum
2908 5267 3010 5316 cst,
3039 5272 3181 5326 saepe
3209 5255 3531 5326 Prudentius
3561 5255 3728 5326 verba

2149 5331 2343 5401 ﬁngere
2371 5332 2536 5383 utitur
2567 5329 2630 5382 ad
2661 5329 2775 5396 ejus
2810 5324 3177 5401 formationem
3212 5324 3607 5401 explicandum.-
3655 5325 3726 5378 Ita

2149 5397 2291 5454 nunc
2346 5402 2534 5469 fingere
2579 5417 2797 5452 intissam
2852 5415 2956 5452 non
3009 5397 3252 5452 dedecet.
3289 5397 3411 5469 iltuo
3457 5407 3727 5448 ncnncma

2151 5468 2420 5524 existimat
2451 5471 2666 5524 munitm
2695 5469 3080 5538 praeferendum
3118 5483 3240 5522 esse
3266 5468 3456 5538 ﬁngere
3483 5482 3724 5519 massam.

2149 5542 2206 5596 in
2235 5542 2405 5604 glossa
2432 5543 2568 5593 mina
2594 5536 2892 5607 pro—fodiua
2916 5555 3015 5592 vox
3047 5547 3129 5592 cst
3151 5539 3308 5592 medii
3337 5536 3455 5590 acri.

2222 5611 2314 5665 751
2332 5652 2344 5666 .
2370 5611 2549 5676 Frag”
2581 5613 2708 5665 Mar.
2735 5626 2760 5662 a
2796 5612 2964 5680 prima
2993 5625 3172 5670 manu,
3196 5625 3291 5680 age
3316 5623 3411 5678 pro
3434 5623 3546 5676 ego.

2222 5683 2344 5736 732.
2374 5682 2426 5734 In
2459 5683 2583 5736 Mar.
2620 5681 2717 5736 fuit.
2741 5682 3003 5740 elementa,
3038 5681 3193 5732 male.

2222 5752 2342 5808 756.
2374 5753 2487 5807 Vat.
2525 5753 2587 5818 A,
2622 5755 2682 5805 At
2720 5769 2809 5820 ne;
2833 5751 3010 5808 cancri
3066 5767 3128 5803 ac
3155 5766 3238 5803 nc.
