  <div class='ocr_page' id='page_1' title='image "/cluster/home/n/w/nwhite01/storage/ocr_20150623/59/hvd.32044073505257/568.png"; bbox 0 0 3950 6326; ppageno 0'>
   <div class='ocr_carea' id='block_1_1' title="bbox 168 344 1984 406">
    <p class='ocr_par' dir='ltr' id='par_1_1' title="bbox 168 344 1984 406">
     <span class='ocr_line' id='line_1_1' title="bbox 168 344 1984 406; baseline -0.002 -2"><span class='ocrx_word' id='word_1_1' title='bbox 168 345 250 406; x_wconf 79' lang='grc'>985</span> <span class='ocrx_word' id='word_1_2' title='bbox 1546 345 1583 399; x_wconf 73' lang='grc' dir='ltr'><strong>Α</strong></span> <span class='ocrx_word' id='word_1_3' title='bbox 1594 344 1984 404; x_wconf 81' lang='lat' dir='ltr'><strong>POTHEOSIS.</strong></span> 
     </span>
    </p>
   </div>
   <div class='ocr_carea' id='block_1_2' title="bbox 305 457 1782 530">
    <p class='ocr_par' dir='ltr' id='par_1_2' title="bbox 305 457 1782 530">
     <span class='ocr_line' id='line_1_2' title="bbox 305 457 1782 530; baseline 0.001 -16"><span class='ocrx_word' id='word_1_4' title='bbox 305 457 406 514; x_wconf 84' lang='lat' dir='ltr'><strong>Nec</strong></span> <span class='ocrx_word' id='word_1_5' title='bbox 435 457 629 517; x_wconf 86' lang='lat' dir='ltr'><strong>factus.</strong></span> <span class='ocrx_word' id='word_1_6' title='bbox 662 457 756 512; x_wconf 89' lang='lat' dir='ltr'><strong>sed</strong></span> <span class='ocrx_word' id='word_1_7' title='bbox 790 465 968 524; x_wconf 90' lang='lat' dir='ltr'><strong>natus,</strong></span> <span class='ocrx_word' id='word_1_8' title='bbox 1003 458 1184 525; x_wconf 99' lang='lat' dir='ltr'><strong>habet,</strong></span> <span class='ocrx_word' id='word_1_9' title='bbox 1213 458 1565 530; x_wconf 83' lang='lat' dir='ltr'><strong>quodcunque</strong></span> <span class='ocrx_word' id='word_1_10' title='bbox 1610 474 1702 530; x_wconf 84' lang='lat' dir='ltr'><strong>pa-</strong></span> <span class='ocrx_word' id='word_1_11' title='bbox 1731 467 1782 524; x_wconf 78' lang='grc' dir='ltr'>Α</span> 
     </span>
    </p>
   </div>
   <div class='ocr_carea' id='block_1_3' title="bbox 1264 551 1630 628">
    <p class='ocr_par' dir='ltr' id='par_1_3' title="bbox 1264 551 1630 628">
     <span class='ocr_line' id='line_1_3' title="bbox 1264 551 1630 628; baseline 0.005 -24"><span class='ocrx_word' id='word_1_12' title='bbox 1264 551 1492 628; x_wconf 72' lang='lat' dir='ltr'><strong>[ternum</strong></span> <span class='ocrx_word' id='word_1_13' title='bbox 1526 561 1630 606; x_wconf 82' lang='lat' dir='ltr'><strong>est.</strong></span> 
     </span>
    </p>
   </div>
   <div class='ocr_carea' id='block_1_4' title="bbox 308 628 1706 714">
    <p class='ocr_par' dir='ltr' id='par_1_4' title="bbox 308 628 1706 714">
     <span class='ocr_line' id='line_1_4' title="bbox 308 628 1706 714; baseline -0.001 -14"><span class='ocrx_word' id='word_1_14' title='bbox 308 646 424 701; x_wconf 76' lang='lat' dir='ltr'><strong>IIa3c</strong></span> <span class='ocrx_word' id='word_1_15' title='bbox 447 643 663 709; x_wconf 80' lang='lat' dir='ltr'><strong>similis,</strong></span> <span class='ocrx_word' id='word_1_16' title='bbox 693 643 843 699; x_wconf 85' lang='lat' dir='ltr'><strong>velut</strong></span> <span class='ocrx_word' id='word_1_17' title='bbox 871 628 1080 709; x_wconf 88' lang='lat' dir='ltr'><strong>umbra,</strong></span> <span class='ocrx_word' id='word_1_18' title='bbox 1116 644 1207 698; x_wconf 85' lang='lat' dir='ltr'><strong>Dei</strong></span> <span class='ocrx_word' id='word_1_19' title='bbox 1239 655 1340 698; x_wconf 86' lang='lat' dir='ltr'><strong>cst.</strong></span> <span class='ocrx_word' id='word_1_20' title='bbox 1365 645 1452 700; x_wconf 88' lang='lat' dir='ltr'><strong>Sic</strong></span> <span class='ocrx_word' id='word_1_21' title='bbox 1485 647 1596 714; x_wconf 88' lang='lat' dir='ltr'><strong>ipse</strong></span> <span class='ocrx_word' id='word_1_22' title='bbox 1625 645 1706 699; x_wconf 89' lang='lat' dir='ltr'><strong>Io-</strong></span> 
     </span>
    </p>
   </div>
   <div class='ocr_carea' id='block_1_5' title="bbox 1460 739 1637 812">
    <p class='ocr_par' dir='ltr' id='par_1_5' title="bbox 1460 739 1637 812">
     <span class='ocr_line' id='line_1_5' title="bbox 1460 739 1637 812; baseline 0 -17"><span class='ocrx_word' id='word_1_23' title='bbox 1460 739 1637 812; x_wconf 90' lang='lat' dir='ltr'><strong>[cutus</strong></span> 
     </span>
    </p>
   </div>
   <div class='ocr_carea' id='block_1_6' title="bbox 307 831 1708 903">
    <p class='ocr_par' dir='ltr' id='par_1_6' title="bbox 307 831 1708 903">
     <span class='ocr_line' id='line_1_6' title="bbox 307 831 1708 903; baseline 0.001 -15"><span class='ocrx_word' id='word_1_24' title='bbox 307 834 736 900; x_wconf 71' lang='lat' dir='ltr'><strong>Paetorutroque</strong></span> <span class='ocrx_word' id='word_1_25' title='bbox 773 831 1044 886; x_wconf 85' lang='lat' dir='ltr'><strong>hominem</strong></span> <span class='ocrx_word' id='word_1_26' title='bbox 1075 831 1337 888; x_wconf 88' lang='lat' dir='ltr'><strong>meditans</strong></span> <span class='ocrx_word' id='word_1_27' title='bbox 1376 833 1444 889; x_wconf 90' lang='lat' dir='ltr'><strong>de</strong></span> <span class='ocrx_word' id='word_1_28' title='bbox 1492 834 1708 903; x_wconf 83' lang='lat' dir='ltr'><strong>figmine</strong></span> 
     </span>
    </p>
   </div>
   <div class='ocr_carea' id='block_1_7' title="bbox 1375 924 1638 996">
    <p class='ocr_par' dir='ltr' id='par_1_7' title="bbox 1375 924 1638 996">
     <span class='ocr_line' id='line_1_7' title="bbox 1375 924 1638 996; baseline -0.004 -17"><span class='ocrx_word' id='word_1_29' title='bbox 1375 924 1638 996; x_wconf 82' lang='lat' dir='ltr'><strong>[junctum</strong></span> 
     </span>
    </p>
   </div>
   <div class='ocr_carea' id='block_1_8' title="bbox 305 1015 1706 1084">
    <p class='ocr_par' dir='ltr' id='par_1_8' title="bbox 305 1015 1706 1084">
     <span class='ocr_line' id='line_1_8' title="bbox 305 1015 1706 1084; baseline 0 -12"><span class='ocrx_word' id='word_1_30' title='bbox 305 1017 588 1072; x_wconf 70' lang='lat' dir='ltr'><strong>.Ediﬁcare</strong></span> <span class='ocrx_word' id='word_1_31' title='bbox 618 1017 702 1072; x_wconf 89' lang='lat' dir='ltr'><strong>sui</strong></span> <span class='ocrx_word' id='word_1_32' title='bbox 741 1015 1011 1081; x_wconf 83' lang='lat' dir='ltr'><strong>similem;</strong></span> <span class='ocrx_word' id='word_1_33' title='bbox 1038 1016 1134 1072; x_wconf 87' lang='lat' dir='ltr'><strong>sed</strong></span> <span class='ocrx_word' id='word_1_34' title='bbox 1162 1033 1268 1072; x_wconf 92' lang='lat' dir='ltr'><strong>non</strong></span> <span class='ocrx_word' id='word_1_35' title='bbox 1294 1017 1454 1073; x_wconf 93' lang='lat' dir='ltr'><strong>habet</strong></span> <span class='ocrx_word' id='word_1_36' title='bbox 1496 1017 1706 1084; x_wconf 87' lang='lat' dir='ltr'><strong>umbra,</strong></span> 
     </span>
    </p>
   </div>
   <div class='ocr_carea' id='block_1_9' title="bbox 308 1108 1708 1179">
    <p class='ocr_par' dir='ltr' id='par_1_9' title="bbox 308 1108 1708 1179">
     <span class='ocr_line' id='line_1_9' title="bbox 308 1108 1708 1179; baseline -0.001 -14"><span class='ocrx_word' id='word_1_37' title='bbox 308 1110 453 1179; x_wconf 84' lang='lat' dir='ltr'><strong>Quod</strong></span> <span class='ocrx_word' id='word_1_38' title='bbox 480 1124 679 1179; x_wconf 90' lang='lat' dir='ltr'><strong>corpus</strong></span> <span class='ocrx_word' id='word_1_39' title='bbox 700 1108 957 1175; x_wconf 90' lang='lat' dir='ltr'><strong>solidum,</strong></span> <span class='ocrx_word' id='word_1_40' title='bbox 981 1109 1134 1178; x_wconf 89' lang='lat' dir='ltr'><strong>cujus</strong></span> <span class='ocrx_word' id='word_1_41' title='bbox 1165 1109 1388 1164; x_wconf 92' lang='lat' dir='ltr'><strong>imitatio</strong></span> <span class='ocrx_word' id='word_1_42' title='bbox 1421 1111 1471 1164; x_wconf 93' lang='lat' dir='ltr'><strong>in</strong></span> <span class='ocrx_word' id='word_1_43' title='bbox 1521 1108 1708 1164; x_wconf 88' lang='lat' dir='ltr'><strong>umbra</strong></span> 
     </span>
    </p>
   </div>
   <div class='ocr_carea' id='block_1_10' title="bbox 1490 1200 1635 1272">
    <p class='ocr_par' dir='ltr' id='par_1_10' title="bbox 1490 1200 1635 1272">
     <span class='ocr_line' id='line_1_10' title="bbox 1490 1200 1635 1272; baseline -0.021 -17"><span class='ocrx_word' id='word_1_44' title='bbox 1490 1200 1592 1272; x_wconf 90' lang='lat' dir='ltr'><strong>[est</strong></span> <span class='ocrx_word' id='word_1_45' title='bbox 1624 1218 1635 1252; x_wconf 90' lang='lat'><strong>:</strong></span> 
     </span>
    </p>
   </div>
   <div class='ocr_carea' id='block_1_11' title="bbox 309 1291 1600 1365">
    <p class='ocr_par' dir='ltr' id='par_1_11' title="bbox 309 1291 1600 1365">
     <span class='ocr_line' id='line_1_11' title="bbox 309 1291 1600 1365; baseline -0.003 -15"><span class='ocrx_word' id='word_1_46' title='bbox 309 1299 477 1365; x_wconf 91' lang='lat' dir='ltr'><strong>Atque</strong></span> <span class='ocrx_word' id='word_1_47' title='bbox 503 1293 649 1347; x_wconf 82' lang='lat' dir='ltr'><strong>aliud</strong></span> <span class='ocrx_word' id='word_1_48' title='bbox 671 1307 855 1348; x_wconf 90' lang='lat' dir='ltr'><strong>verum</strong></span> <span class='ocrx_word' id='word_1_49' title='bbox 881 1301 985 1360; x_wconf 91' lang='lat' dir='ltr'><strong>est,</strong></span> <span class='ocrx_word' id='word_1_50' title='bbox 1017 1292 1156 1348; x_wconf 80' lang='lat' dir='ltr'><strong>aliud</strong></span> <span class='ocrx_word' id='word_1_51' title='bbox 1182 1291 1446 1346; x_wconf 79' lang='lat' dir='ltr'><strong>simulatio</strong></span> <span class='ocrx_word' id='word_1_52' title='bbox 1469 1293 1600 1348; x_wconf 84' lang='lat' dir='ltr'><strong>veri.</strong></span> 
     </span>
    </p>
   </div>
   <div class='ocr_carea' id='block_1_12' title="bbox 308 1381 1708 1453">
    <p class='ocr_par' dir='ltr' id='par_1_12' title="bbox 308 1381 1708 1453">
     <span class='ocr_line' id='line_1_12' title="bbox 308 1381 1708 1453; baseline -0.003 -13"><span class='ocrx_word' id='word_1_53' title='bbox 308 1387 401 1440; x_wconf 85' lang='lat' dir='ltr'><strong>Est</strong></span> <span class='ocrx_word' id='word_1_54' title='bbox 431 1385 650 1448; x_wconf 87' lang='lat' dir='ltr'><strong>similis,</strong></span> <span class='ocrx_word' id='word_1_55' title='bbox 671 1384 865 1439; x_wconf 51' lang='lat' dir='ltr'><strong>saeclis</strong></span> <span class='ocrx_word' id='word_1_56' title='bbox 891 1383 1032 1453; x_wconf 93' lang='lat' dir='ltr'><strong>quod</strong></span> <span class='ocrx_word' id='word_1_57' title='bbox 1059 1399 1162 1436; x_wconf 92' lang='lat' dir='ltr'><strong>non</strong></span> <span class='ocrx_word' id='word_1_58' title='bbox 1191 1384 1522 1438; x_wconf 67' lang='lat' dir='ltr'><strong>consumitur</strong></span> <span class='ocrx_word' id='word_1_59' title='bbox 1559 1381 1708 1448; x_wconf 88' lang='lat' dir='ltr'><strong>ullis;</strong></span> 
     </span>
    </p>
   </div>
   <div class='ocr_carea' id='block_1_13' title="bbox 310 1477 1710 1551">
    <p class='ocr_par' dir='ltr' id='par_1_13' title="bbox 310 1477 1710 1551">
     <span class='ocr_line' id='line_1_13' title="bbox 310 1477 1710 1551; baseline -0.004 -16"><span class='ocrx_word' id='word_1_60' title='bbox 310 1482 456 1549; x_wconf 85' lang='lat' dir='ltr'><strong>Quod</strong></span> <span class='ocrx_word' id='word_1_61' title='bbox 476 1481 712 1551; x_wconf 80' lang='lat' dir='ltr'><strong>sapiens,</strong></span> <span class='ocrx_word' id='word_1_62' title='bbox 731 1479 967 1549; x_wconf 84' lang='lat' dir='ltr'><strong>justique</strong></span> <span class='ocrx_word' id='word_1_63' title='bbox 991 1494 1181 1548; x_wconf 81' lang='lat' dir='ltr'><strong>capax,</strong></span> <span class='ocrx_word' id='word_1_64' title='bbox 1215 1477 1503 1548; x_wconf 79' lang='lat' dir='ltr'><strong>reginaque</strong></span> <span class='ocrx_word' id='word_1_65' title='bbox 1530 1493 1710 1531; x_wconf 87' lang='lat' dir='ltr'><strong>rerum</strong></span> 
     </span>
    </p>
   </div>
   <div class='ocr_carea' id='block_1_14' title="bbox 313 1569 1714 1642">
    <p class='ocr_par' dir='ltr' id='par_1_14' title="bbox 313 1569 1714 1642">
     <span class='ocr_line' id='line_1_14' title="bbox 313 1569 1714 1642; baseline -0.004 -14"><span class='ocrx_word' id='word_1_66' title='bbox 313 1573 577 1642; x_wconf 90' lang='lat' dir='ltr'><strong>Imperat:</strong></span> <span class='ocrx_word' id='word_1_67' title='bbox 607 1569 900 1635; x_wconf 82' lang='lat' dir='ltr'><strong>antevidet,</strong></span> <span class='ocrx_word' id='word_1_68' title='bbox 952 1569 1253 1639; x_wconf 73' lang='lat' dir='ltr'><strong>perpendit,</strong></span> <span class='ocrx_word' id='word_1_69' title='bbox 1316 1577 1600 1638; x_wconf 70' lang='lat' dir='ltr'><strong>prtecavet,</strong></span> <span class='ocrx_word' id='word_1_70' title='bbox 1634 1569 1714 1622; x_wconf 57' lang='lat' dir='ltr'><strong>in-</strong></span> 
     </span>
    </p>
   </div>
   <div class='ocr_carea' id='block_1_15' title="bbox 384 1661 1636 1733">
    <p class='ocr_par' dir='ltr' id='par_1_15' title="bbox 384 1661 1636 1733">
     <span class='ocr_line' id='line_1_15' title="bbox 384 1661 1636 1733; baseline -0.004 -15"><span class='ocrx_word' id='word_1_71' title='bbox 384 1663 391 1670; x_wconf 86' lang='grc'><em>’</em></span> <span class='ocrx_word' id='word_1_72' title='bbox 1480 1661 1604 1733; x_wconf 86' lang='lat' dir='ltr'><strong>[stat</strong></span> <span class='ocrx_word' id='word_1_73' title='bbox 1623 1678 1636 1725; x_wconf 91' lang='lat'>;</span> 
     </span>
    </p>
   </div>
   <div class='ocr_carea' id='block_1_16' title="bbox 153 1753 1712 1824">
    <p class='ocr_par' dir='ltr' id='par_1_16' title="bbox 153 1753 1712 1824">
     <span class='ocr_line' id='line_1_16' title="bbox 153 1753 1712 1824; baseline -0.01 -3"><span class='ocrx_word' id='word_1_74' title='bbox 153 1763 249 1820; x_wconf 82' lang='lat'><strong>805</strong></span> <span class='ocrx_word' id='word_1_75' title='bbox 315 1759 602 1815; x_wconf 81' lang='lat' dir='ltr'><strong>Verborum</strong></span> <span class='ocrx_word' id='word_1_76' title='bbox 614 1798 628 1821; x_wconf 93' lang='lat'><strong>,</strong></span> <span class='ocrx_word' id='word_1_77' title='bbox 643 1769 956 1824; x_wconf 91' lang='lat' dir='ltr'><strong>morumque</strong></span> <span class='ocrx_word' id='word_1_78' title='bbox 969 1754 1144 1824; x_wconf 81' lang='lat' dir='ltr'><strong>Opifex</strong></span> <span class='ocrx_word' id='word_1_79' title='bbox 1155 1798 1168 1822; x_wconf 91' lang='lat'><strong>,</strong></span> <span class='ocrx_word' id='word_1_80' title='bbox 1191 1754 1554 1822; x_wconf 90' lang='lat' dir='ltr'><strong>instructaque</strong></span> <span class='ocrx_word' id='word_1_81' title='bbox 1568 1753 1712 1807; x_wconf 90' lang='lat' dir='ltr'><strong>mille</strong></span> 
     </span>
    </p>
   </div>
   <div class='ocr_carea' id='block_1_17' title="bbox 313 1843 1603 1913">
    <p class='ocr_par' dir='ltr' id='par_1_17' title="bbox 313 1843 1603 1913">
     <span class='ocr_line' id='line_1_17' title="bbox 313 1843 1603 1913; baseline -0.006 -9"><span class='ocrx_word' id='word_1_82' title='bbox 313 1849 546 1913; x_wconf 79' lang='lat' dir='ltr'><strong>Artibus,</strong></span> <span class='ocrx_word' id='word_1_83' title='bbox 575 1855 628 1901; x_wconf 88' lang='lat' dir='ltr'><strong>et</strong></span> <span class='ocrx_word' id='word_1_84' title='bbox 658 1845 852 1900; x_wconf 76' lang='lat' dir='ltr'><strong>coelum</strong></span> <span class='ocrx_word' id='word_1_85' title='bbox 881 1859 1041 1899; x_wconf 89' lang='lat' dir='ltr'><strong>sensu</strong></span> <span class='ocrx_word' id='word_1_86' title='bbox 1079 1859 1398 1913; x_wconf 81' lang='lat' dir='ltr'><strong>percurrere</strong></span> <span class='ocrx_word' id='word_1_87' title='bbox 1425 1843 1603 1897; x_wconf 90' lang='lat' dir='ltr'><strong>docta.</strong></span> 
     </span>
    </p>
   </div>
   <div class='ocr_carea' id='block_1_18' title="bbox 296 1933 1707 2012">
    <p class='ocr_par' dir='ltr' id='par_1_18' title="bbox 296 1933 1707 2012">
     <span class='ocr_line' id='line_1_18' title="bbox 296 1933 1707 2012; baseline -0.004 -19"><span class='ocrx_word' id='word_1_88' title='bbox 296 1941 449 2012; x_wconf 65' lang='grc'><strong>472</strong></span> <span class='ocrx_word' id='word_1_89' title='bbox 467 1939 559 1992; x_wconf 87' lang='lat' dir='ltr'><strong>His</strong></span> <span class='ocrx_word' id='word_1_90' title='bbox 571 1937 802 1990; x_wconf 88' lang='lat' dir='ltr'><strong>animam</strong></span> <span class='ocrx_word' id='word_1_91' title='bbox 817 1935 1047 1990; x_wconf 87' lang='lat' dir='ltr'><strong>similem</strong></span> <span class='ocrx_word' id='word_1_92' title='bbox 1062 1933 1164 1988; x_wconf 88' lang='lat' dir='ltr'><strong>sibi</strong></span> <span class='ocrx_word' id='word_1_93' title='bbox 1177 1935 1420 1988; x_wconf 88' lang='lat' dir='ltr'><strong>conditor</strong></span> <span class='ocrx_word' id='word_1_94' title='bbox 1435 1933 1707 2003; x_wconf 89' lang='lat' dir='ltr'><strong>effigiavit,</strong></span> 
     </span>
    </p>
   </div>
   <div class='ocr_carea' id='block_1_19' title="bbox 312 2025 1710 2096">
    <p class='ocr_par' dir='ltr' id='par_1_19' title="bbox 312 2025 1710 2096">
     <span class='ocr_line' id='line_1_19' title="bbox 312 2025 1710 2096; baseline -0.004 -10"><span class='ocrx_word' id='word_1_95' title='bbox 312 2032 511 2086; x_wconf 74' lang='lat' dir='ltr'><strong>Cmtera</strong></span> <span class='ocrx_word' id='word_1_96' title='bbox 562 2028 908 2092; x_wconf 85' lang='lat' dir='ltr'><strong>dissimilem;</strong></span> <span class='ocrx_word' id='word_1_97' title='bbox 940 2027 1133 2096; x_wconf 90' lang='lat' dir='ltr'><strong>quippe</strong></span> <span class='ocrx_word' id='word_1_98' title='bbox 1156 2027 1292 2080; x_wconf 89' lang='lat' dir='ltr'><strong>hanc</strong></span> <span class='ocrx_word' id='word_1_99' title='bbox 1321 2025 1710 2094; x_wconf 83' lang='lat' dir='ltr'><strong>comprendere</strong></span> 
     </span>
    </p>
   </div>
   <div class='ocr_carea' id='block_1_20' title="bbox 1176 2116 1636 2188">
    <p class='ocr_par' dir='ltr' id='par_1_20' title="bbox 1176 2116 1636 2188">
     <span class='ocr_line' id='line_1_20' title="bbox 1176 2116 1636 2188; baseline -0.002 -17"><span class='ocrx_word' id='word_1_100' title='bbox 1176 2116 1504 2188; x_wconf 90' lang='lat' dir='ltr'><strong>[promptum</strong></span> <span class='ocrx_word' id='word_1_101' title='bbox 1532 2126 1636 2182; x_wconf 87' lang='lat' dir='ltr'><strong>est,</strong></span> 
     </span>
    </p>
   </div>
   <div class='ocr_carea' id='block_1_21' title="bbox 149 1113 242 1168">
    <p class='ocr_par' dir='ltr' id='par_1_21' title="bbox 149 1113 242 1168">
     <span class='ocr_line' id='line_1_21' title="bbox 149 1113 242 1168; baseline 0 0"><span class='ocrx_word' id='word_1_102' title='bbox 149 1113 242 1168; x_wconf 76' lang='grc'><strong>100</strong></span> 
     </span>
    </p>
   </div>
   <div class='ocr_carea' id='block_1_22' title="bbox 3280 351 3388 411">
    <p class='ocr_par' dir='ltr' id='par_1_22' title="bbox 3280 351 3388 411">
     <span class='ocr_line' id='line_1_22' title="bbox 3280 351 3388 411; baseline 0.037 -5"><span class='ocrx_word' id='word_1_103' title='bbox 3280 351 3388 411; x_wconf 78' lang='lat'><strong>936</strong></span> 
     </span>
    </p>
   </div>
   <div class='ocr_carea' id='block_1_23' title="bbox 1923 459 3391 530">
    <p class='ocr_par' dir='ltr' id='par_1_23' title="bbox 1923 459 3391 530">
     <span class='ocr_line' id='line_1_23' title="bbox 1923 459 3391 530; baseline 0.004 -14"><span class='ocrx_word' id='word_1_104' title='bbox 1923 496 1926 498; x_wconf 95' lang='lat'><strong><em>-</em></strong></span> <span class='ocrx_word' id='word_1_105' title='bbox 1966 461 2149 530; x_wconf 79' lang='lat' dir='ltr'><strong>&#39;Quam</strong></span> <span class='ocrx_word' id='word_1_106' title='bbox 2197 460 2406 527; x_wconf 80' lang='lat' dir='ltr'><strong>modus,</strong></span> <span class='ocrx_word' id='word_1_107' title='bbox 2438 468 2492 516; x_wconf 91' lang='lat' dir='ltr'><strong>et</strong></span> <span class='ocrx_word' id='word_1_108' title='bbox 2533 459 2743 530; x_wconf 82' lang='lat' dir='ltr'><strong>species</strong></span> <span class='ocrx_word' id='word_1_109' title='bbox 2781 459 3141 527; x_wconf 85' lang='lat' dir='ltr'><strong>determinat;</strong></span> <span class='ocrx_word' id='word_1_110' title='bbox 3172 473 3223 516; x_wconf 85' lang='lat' dir='ltr'><strong>at</strong></span> <span class='ocrx_word' id='word_1_111' title='bbox 3254 469 3391 522; x_wconf 87' lang='lat' dir='ltr'><strong>&#39;ueus</strong></span> 
     </span>
    </p>
   </div>
   <div class='ocr_carea' id='block_1_24' title="bbox 3086 552 3319 624">
    <p class='ocr_par' dir='ltr' id='par_1_24' title="bbox 3086 552 3319 624">
     <span class='ocr_line' id='line_1_24' title="bbox 3086 552 3319 624; baseline 0 -17"><span class='ocrx_word' id='word_1_112' title='bbox 3086 552 3319 624; x_wconf 68' lang='lat' dir='ltr'><strong>[iuga-ns,</strong></span> 
     </span>
    </p>
   </div>
   <div class='ocr_carea' id='block_1_25' title="bbox 1809 645 3396 719">
    <p class='ocr_par' dir='ltr' id='par_1_25' title="bbox 1809 645 3396 719">
     <span class='ocr_line' id='line_1_25' title="bbox 1809 645 3396 719; baseline 0 -17"><span class='ocrx_word' id='word_1_113' title='bbox 1809 649 1913 704; x_wconf 87' lang='grc'><strong>810</strong></span> <span class='ocrx_word' id='word_1_114' title='bbox 1986 651 2156 719; x_wconf 85' lang='lat' dir='ltr'><strong>Atque</strong></span> <span class='ocrx_word' id='word_1_115' title='bbox 2179 646 2496 717; x_wconf 78' lang='lat' dir='ltr'><strong>superfusus</strong></span> <span class='ocrx_word' id='word_1_116' title='bbox 2536 656 2683 701; x_wconf 87' lang='lat' dir='ltr'><strong>trans</strong></span> <span class='ocrx_word' id='word_1_117' title='bbox 2706 647 2907 711; x_wconf 89' lang='lat' dir='ltr'><strong>omnia,</strong></span> <span class='ocrx_word' id='word_1_118' title='bbox 2932 646 3007 699; x_wconf 94' lang='lat' dir='ltr'><strong>nil</strong></span> <span class='ocrx_word' id='word_1_119' title='bbox 3048 645 3206 700; x_wconf 86' lang='lat' dir='ltr'><strong>habet</strong></span> <span class='ocrx_word' id='word_1_120' title='bbox 3236 648 3284 699; x_wconf 89' lang='lat' dir='ltr'><strong>in</strong></span> <span class='ocrx_word' id='word_1_121' title='bbox 3337 663 3396 702; x_wconf 87' lang='lat' dir='ltr'><strong>se</strong></span> 
     </span>
    </p>
   </div>
   <div class='ocr_carea' id='block_1_26' title="bbox 1987 737 3321 804">
    <p class='ocr_par' dir='ltr' id='par_1_26' title="bbox 1987 737 3321 804">
     <span class='ocr_line' id='line_1_26' title="bbox 1987 737 3321 804; baseline -0.001 -9"><span class='ocrx_word' id='word_1_122' title='bbox 1987 741 2322 804; x_wconf 71' lang='lat' dir='ltr'><strong>Extremum,</strong></span> <span class='ocrx_word' id='word_1_123' title='bbox 2356 751 2409 792; x_wconf 89' lang='lat' dir='ltr'><strong>ut</strong></span> <span class='ocrx_word' id='word_1_124' title='bbox 2441 738 2614 793; x_wconf 89' lang='lat' dir='ltr'><strong>claudi</strong></span> <span class='ocrx_word' id='word_1_125' title='bbox 2638 737 2836 802; x_wconf 85' lang='lat' dir='ltr'><strong>valeat,</strong></span> <span class='ocrx_word' id='word_1_126' title='bbox 2869 753 3098 792; x_wconf 83' lang='lat' dir='ltr'><strong>sensuve</strong></span> <span class='ocrx_word' id='word_1_127' title='bbox 3131 739 3321 794; x_wconf 83' lang='lat' dir='ltr'><strong>tem-r&#39;.</strong></span> 
     </span>
    </p>
   </div>
   <div class='ocr_carea' id='block_1_27' title="bbox 1987 827 3226 900">
    <p class='ocr_par' dir='ltr' id='par_1_27' title="bbox 1987 827 3226 900">
     <span class='ocr_line' id='line_1_27' title="bbox 1987 827 3226 900; baseline -0.005 -14"><span class='ocrx_word' id='word_1_128' title='bbox 1987 833 2358 900; x_wconf 88' lang='lat' dir='ltr'><strong>Incomprensa</strong></span> <span class='ocrx_word' id='word_1_129' title='bbox 2387 839 2568 885; x_wconf 88' lang='lat' dir='ltr'><strong>manet</strong></span> <span class='ocrx_word' id='word_1_130' title='bbox 2600 829 2792 895; x_wconf 90' lang='lat' dir='ltr'><strong>virtus,</strong></span> <span class='ocrx_word' id='word_1_131' title='bbox 2824 829 2907 882; x_wconf 91' lang='lat' dir='ltr'><strong>cui</strong></span> <span class='ocrx_word' id='word_1_132' title='bbox 2930 827 3068 884; x_wconf 90' lang='lat' dir='ltr'><strong>linea</strong></span> <span class='ocrx_word' id='word_1_133' title='bbox 3097 827 3226 881; x_wconf 87' lang='lat' dir='ltr'><strong>defit</strong></span> 
     </span>
    </p>
   </div>
   <div class='ocr_carea' id='block_1_28' title="bbox 1987 919 3392 993">
    <p class='ocr_par' dir='ltr' id='par_1_28' title="bbox 1987 919 3392 993">
     <span class='ocr_line' id='line_1_28' title="bbox 1987 919 3392 993; baseline -0.003 -14"><span class='ocrx_word' id='word_1_134' title='bbox 1987 923 2204 989; x_wconf 89' lang='lat' dir='ltr'><strong>Ultima,</strong></span> <span class='ocrx_word' id='word_1_135' title='bbox 2238 937 2398 993; x_wconf 91' lang='lat' dir='ltr'><strong>quam</strong></span> <span class='ocrx_word' id='word_1_136' title='bbox 2421 923 2651 991; x_wconf 86' lang='lat' dir='ltr'><strong>spatium</strong></span> <span class='ocrx_word' id='word_1_137' title='bbox 2682 936 2788 976; x_wconf 91' lang='lat' dir='ltr'><strong>non</strong></span> <span class='ocrx_word' id='word_1_138' title='bbox 2813 919 3172 975; x_wconf 90' lang='lat' dir='ltr'><strong>mensurabile</strong></span> <span class='ocrx_word' id='word_1_139' title='bbox 3205 921 3392 975; x_wconf 89' lang='lat' dir='ltr'><strong>tendit.</strong></span> 
     </span>
    </p>
   </div>
   <div class='ocr_carea' id='block_1_29' title="bbox 1920 1011 3394 1086">
    <p class='ocr_par' dir='ltr' id='par_1_29' title="bbox 1920 1011 3394 1086">
     <span class='ocr_line' id='line_1_29' title="bbox 1920 1011 3394 1086; baseline -0.004 -15"><span class='ocrx_word' id='word_1_140' title='bbox 1920 1011 1932 1019; x_wconf 77' lang='grc'><strong>’</strong></span> <span class='ocrx_word' id='word_1_141' title='bbox 1986 1017 2126 1086; x_wconf 84' lang='lat' dir='ltr'><strong>Ergo</strong></span> <span class='ocrx_word' id='word_1_142' title='bbox 2142 1016 2374 1071; x_wconf 84' lang='lat' dir='ltr'><strong>animam</strong></span> <span class='ocrx_word' id='word_1_143' title='bbox 2391 1017 2606 1081; x_wconf 89' lang='lat' dir='ltr'><strong>factam,</strong></span> <span class='ocrx_word' id='word_1_144' title='bbox 2624 1029 2816 1085; x_wconf 85' lang='lat' dir='ltr'><strong>magno</strong></span> <span class='ocrx_word' id='word_1_145' title='bbox 2829 1023 2881 1069; x_wconf 92' lang='lat' dir='ltr'><strong>et</strong></span> <span class='ocrx_word' id='word_1_146' title='bbox 2896 1014 3096 1070; x_wconf 89' lang='lat' dir='ltr'><strong>factore</strong></span> <span class='ocrx_word' id='word_1_147' title='bbox 3110 1013 3394 1082; x_wconf 89' lang='lat' dir='ltr'><strong>minorem,</strong></span> 
     </span>
    </p>
   </div>
   <div class='ocr_carea' id='block_1_30' title="bbox 1993 1105 3394 1178">
    <p class='ocr_par' dir='ltr' id='par_1_30' title="bbox 1993 1105 3394 1178">
     <span class='ocr_line' id='line_1_30' title="bbox 1993 1105 3394 1178; baseline -0.003 -16"><span class='ocrx_word' id='word_1_148' title='bbox 1993 1109 2351 1178; x_wconf 77' lang='lat' dir='ltr'><strong>Maioremque</strong></span> <span class='ocrx_word' id='word_1_149' title='bbox 2370 1108 2515 1174; x_wconf 90' lang='lat' dir='ltr'><strong>aliis,</strong></span> <span class='ocrx_word' id='word_1_150' title='bbox 2536 1116 2695 1177; x_wconf 89' lang='lat' dir='ltr'><strong>atque</strong></span> <span class='ocrx_word' id='word_1_151' title='bbox 2711 1105 2958 1161; x_wconf 82' lang='lat' dir='ltr'><strong>omnibus</strong></span> <span class='ocrx_word' id='word_1_152' title='bbox 2973 1106 3394 1174; x_wconf 89' lang='lat' dir='ltr'><strong>imperitantem,</strong></span> 
     </span>
    </p>
   </div>
   <div class='ocr_carea' id='block_1_31' title="bbox 1991 1196 3292 1270">
    <p class='ocr_par' dir='ltr' id='par_1_31' title="bbox 1991 1196 3292 1270">
     <span class='ocr_line' id='line_1_31' title="bbox 1991 1196 3292 1270; baseline -0.005 -15"><span class='ocrx_word' id='word_1_153' title='bbox 1991 1200 2306 1270; x_wconf 87' lang='lat' dir='ltr'><strong>Corruptela</strong></span> <span class='ocrx_word' id='word_1_154' title='bbox 2337 1199 2509 1270; x_wconf 88' lang='lat' dir='ltr'><strong>putris</strong></span> <span class='ocrx_word' id='word_1_155' title='bbox 2538 1207 2844 1255; x_wconf 86' lang='lat' dir='ltr'><strong>nascentem</strong></span> <span class='ocrx_word' id='word_1_156' title='bbox 2877 1197 3088 1252; x_wconf 87' lang='lat' dir='ltr'><strong>turbida</strong></span> <span class='ocrx_word' id='word_1_157' title='bbox 3113 1196 3292 1252; x_wconf 88' lang='lat' dir='ltr'><strong>carnis</strong></span> 
     </span>
    </p>
   </div>
   <div class='ocr_carea' id='block_1_32' title="bbox 1990 1288 3329 1362">
    <p class='ocr_par' dir='ltr' id='par_1_32' title="bbox 1990 1288 3329 1362">
     <span class='ocr_line' id='line_1_32' title="bbox 1990 1288 3329 1362; baseline -0.001 -18"><span class='ocrx_word' id='word_1_158' title='bbox 1990 1294 2260 1362; x_wconf 81' lang='lat' dir='ltr'><strong>Concipit,</strong></span> <span class='ocrx_word' id='word_1_159' title='bbox 2291 1307 2354 1346; x_wconf 91' lang='lat' dir='ltr'><strong>ac</strong></span> <span class='ocrx_word' id='word_1_160' title='bbox 2380 1290 2647 1346; x_wconf 85' lang='lat' dir='ltr'><strong>membris</strong></span> <span class='ocrx_word' id='word_1_161' title='bbox 2683 1289 2988 1344; x_wconf 86' lang='lat' dir='ltr'><strong>tabentibus</strong></span> <span class='ocrx_word' id='word_1_162' title='bbox 3011 1288 3329 1344; x_wconf 88' lang='lat' dir='ltr'><strong>interfusam</strong></span> 
     </span>
    </p>
   </div>
   <div class='ocr_carea' id='block_1_33' title="bbox 1994 1379 3187 1451">
    <p class='ocr_par' dir='ltr' id='par_1_33' title="bbox 1994 1379 3187 1451">
     <span class='ocr_line' id='line_1_33' title="bbox 1994 1379 3187 1451; baseline -0.002 -15"><span class='ocrx_word' id='word_1_163' title='bbox 1994 1383 2280 1451; x_wconf 88' lang='lat' dir='ltr'><strong>Participat</strong></span> <span class='ocrx_word' id='word_1_164' title='bbox 2307 1382 2373 1436; x_wconf 91' lang='lat' dir='ltr'><strong>de</strong></span> <span class='ocrx_word' id='word_1_165' title='bbox 2401 1381 2530 1436; x_wconf 75' lang='lat' dir='ltr'><strong>faece</strong></span> <span class='ocrx_word' id='word_1_166' title='bbox 2553 1397 2684 1445; x_wconf 89' lang='lat' dir='ltr'><strong>sua;</strong></span> <span class='ocrx_word' id='word_1_167' title='bbox 2721 1380 2778 1434; x_wconf 88' lang='lat' dir='ltr'><strong>fit</strong></span> <span class='ocrx_word' id='word_1_168' title='bbox 2808 1381 2970 1434; x_wconf 85' lang='lat' dir='ltr'><strong>mixta</strong></span> <span class='ocrx_word' id='word_1_169' title='bbox 2992 1379 3187 1434; x_wconf 89' lang='lat' dir='ltr'><strong>deinde</strong></span> 
     </span>
    </p>
   </div>
   <div class='ocr_carea' id='block_1_34' title="bbox 1991 1470 3284 1540">
    <p class='ocr_par' dir='ltr' id='par_1_34' title="bbox 1991 1470 3284 1540">
     <span class='ocr_line' id='line_1_34' title="bbox 1991 1470 3284 1540; baseline -0.004 -16"><span class='ocrx_word' id='word_1_170' title='bbox 1991 1471 2253 1527; x_wconf 85' lang='lat' dir='ltr'><strong>Peccandi</strong></span> <span class='ocrx_word' id='word_1_171' title='bbox 2286 1483 2472 1526; x_wconf 88' lang='lat' dir='ltr'><strong>natura</strong></span> <span class='ocrx_word' id='word_1_172' title='bbox 2501 1472 2610 1526; x_wconf 94' lang='lat' dir='ltr'><strong>luto</strong></span> <span class='ocrx_word' id='word_1_173' title='bbox 2638 1487 2757 1527; x_wconf 91' lang='lat' dir='ltr'><strong>cum</strong></span> <span class='ocrx_word' id='word_1_174' title='bbox 2781 1471 3020 1540; x_wconf 90' lang='lat' dir='ltr'><strong>simplice</strong></span> <span class='ocrx_word' id='word_1_175' title='bbox 3048 1470 3197 1524; x_wconf 82' lang='lat' dir='ltr'><strong>ﬂatu.</strong></span> <span class='ocrx_word' id='word_1_176' title='bbox 3273 1510 3284 1519; x_wconf 96' lang='lat'><strong>.</strong></span> 
     </span>
    </p>
   </div>
   <div class='ocr_carea' id='block_1_35' title="bbox 1993 1562 3400 1634">
    <p class='ocr_par' dir='ltr' id='par_1_35' title="bbox 1993 1562 3400 1634">
     <span class='ocr_line' id='line_1_35' title="bbox 1993 1562 3400 1634; baseline -0.002 -13"><span class='ocrx_word' id='word_1_177' title='bbox 1993 1566 2098 1622; x_wconf 89' lang='lat' dir='ltr'><strong>Sed</strong></span> <span class='ocrx_word' id='word_1_178' title='bbox 2127 1565 2354 1620; x_wconf 80' lang='lat' dir='ltr'><strong>fortasse</strong></span> <span class='ocrx_word' id='word_1_179' title='bbox 2368 1566 2623 1630; x_wconf 90' lang='lat' dir='ltr'><strong>animam,</strong></span> <span class='ocrx_word' id='word_1_180' title='bbox 2642 1563 2853 1617; x_wconf 91' lang='lat' dir='ltr'><strong>Domini</strong></span> <span class='ocrx_word' id='word_1_181' title='bbox 2873 1562 2993 1634; x_wconf 88' lang='lat' dir='ltr'><strong>quia</strong></span> <span class='ocrx_word' id='word_1_182' title='bbox 3025 1563 3174 1617; x_wconf 81' lang='lat' dir='ltr'><strong>ﬂuxit</strong></span> <span class='ocrx_word' id='word_1_183' title='bbox 3193 1563 3258 1617; x_wconf 89' lang='lat' dir='ltr'><strong>ab</strong></span> <span class='ocrx_word' id='word_1_184' title='bbox 3283 1577 3400 1631; x_wconf 88' lang='lat' dir='ltr'><strong>ore,</strong></span> 
     </span>
    </p>
   </div>
   <div class='ocr_carea' id='block_1_36' title="bbox 1993 1652 3402 1726">
    <p class='ocr_par' dir='ltr' id='par_1_36' title="bbox 1993 1652 3402 1726">
     <span class='ocr_line' id='line_1_36' title="bbox 1993 1652 3402 1726; baseline -0.003 -15"><span class='ocrx_word' id='word_1_185' title='bbox 1993 1657 2383 1726; x_wconf 89' lang='lat' dir='ltr'><strong>Compositam,</strong></span> <span class='ocrx_word' id='word_1_186' title='bbox 2418 1656 2722 1724; x_wconf 85' lang='lat' dir='ltr'><strong>factamque</strong></span> <span class='ocrx_word' id='word_1_187' title='bbox 2748 1670 2942 1724; x_wconf 81' lang='lat' dir='ltr'><strong>neges;</strong></span> <span class='ocrx_word' id='word_1_188' title='bbox 2968 1654 3116 1710; x_wconf 86' lang='lat' dir='ltr'><strong>velut</strong></span> <span class='ocrx_word' id='word_1_189' title='bbox 3161 1655 3274 1724; x_wconf 87' lang='lat' dir='ltr'><strong>ipsa</strong></span> <span class='ocrx_word' id='word_1_190' title='bbox 3303 1652 3402 1708; x_wconf 89' lang='lat' dir='ltr'><strong>Dei</strong></span> 
     </span>
    </p>
   </div>
   <div class='ocr_carea' id='block_1_37' title="bbox 3159 1745 3328 1818">
    <p class='ocr_par' dir='ltr' id='par_1_37' title="bbox 3159 1745 3328 1818">
     <span class='ocr_line' id='line_1_37' title="bbox 3159 1745 3328 1818; baseline 0.012 -20"><span class='ocrx_word' id='word_1_191' title='bbox 3159 1745 3328 1818; x_wconf 91' lang='lat' dir='ltr'><strong>[pars,</strong></span> 
     </span>
    </p>
   </div>
   <div class='ocr_carea' id='block_1_38' title="bbox 1991 1835 3402 1912">
    <p class='ocr_par' dir='ltr' id='par_1_38' title="bbox 1991 1835 3402 1912">
     <span class='ocr_line' id='line_1_38' title="bbox 1991 1835 3402 1912; baseline -0.004 -16"><span class='ocrx_word' id='word_1_192' title='bbox 1991 1841 2150 1912; x_wconf 71' lang='grc'><strong>473</strong></span> <span class='ocrx_word' id='word_1_193' title='bbox 2167 1838 2321 1908; x_wconf 86' lang='lat' dir='ltr'><strong>Quod</strong></span> <span class='ocrx_word' id='word_1_194' title='bbox 2349 1838 2493 1896; x_wconf 90' lang='lat' dir='ltr'><strong>dictu</strong></span> <span class='ocrx_word' id='word_1_195' title='bbox 2520 1837 2695 1893; x_wconf 81' lang='lat' dir='ltr'><strong>scelus</strong></span> <span class='ocrx_word' id='word_1_196' title='bbox 2715 1846 2818 1904; x_wconf 87' lang='lat' dir='ltr'><strong>est,</strong></span> <span class='ocrx_word' id='word_1_197' title='bbox 2848 1844 3014 1892; x_wconf 84' lang='lat' dir='ltr'><strong>tetras</strong></span> <span class='ocrx_word' id='word_1_198' title='bbox 3040 1835 3214 1891; x_wconf 87' lang='lat' dir='ltr'><strong>trahat</strong></span> <span class='ocrx_word' id='word_1_199' title='bbox 3237 1836 3402 1891; x_wconf 80' lang='lat' dir='ltr'><strong>oblita</strong></span> 
     </span>
    </p>
   </div>
   <div class='ocr_carea' id='block_1_39' title="bbox 3087 1929 3327 2003">
    <p class='ocr_par' dir='ltr' id='par_1_39' title="bbox 3087 1929 3327 2003">
     <span class='ocr_line' id='line_1_39' title="bbox 3087 1929 3327 2003; baseline 0 -19"><span class='ocrx_word' id='word_1_200' title='bbox 3087 1929 3327 2003; x_wconf 86' lang='lat' dir='ltr'><strong>[culpas,</strong></span> 
     </span>
    </p>
   </div>
   <div class='ocr_carea' id='block_1_40' title="bbox 1997 2024 3396 2098">
    <p class='ocr_par' dir='ltr' id='par_1_40' title="bbox 1997 2024 3396 2098">
     <span class='ocr_line' id='line_1_40' title="bbox 1997 2024 3396 2098; baseline -0.002 -16"><span class='ocrx_word' id='word_1_201' title='bbox 1997 2028 2059 2082; x_wconf 89' lang='lat' dir='ltr'><strong>Et</strong></span> <span class='ocrx_word' id='word_1_202' title='bbox 2078 2042 2288 2098; x_wconf 90' lang='lat' dir='ltr'><strong>pessum</strong></span> <span class='ocrx_word' id='word_1_203' title='bbox 2304 2027 2554 2081; x_wconf 91' lang='lat' dir='ltr'><strong>damnata</strong></span> <span class='ocrx_word' id='word_1_204' title='bbox 2571 2040 2752 2092; x_wconf 89' lang='lat' dir='ltr'><strong>ruens;</strong></span> <span class='ocrx_word' id='word_1_205' title='bbox 2768 2024 2930 2081; x_wconf 88' lang='lat' dir='ltr'><strong>chaos</strong></span> <span class='ocrx_word' id='word_1_206' title='bbox 2949 2025 3114 2080; x_wconf 86' lang='lat' dir='ltr'><strong>intret</strong></span> <span class='ocrx_word' id='word_1_207' title='bbox 3127 2033 3396 2094; x_wconf 90' lang='lat' dir='ltr'><strong>opertum.</strong></span> 
     </span>
    </p>
   </div>
   <div class='ocr_carea' id='block_1_41' title="bbox 1993 2116 3332 2189">
    <p class='ocr_par' dir='ltr' id='par_1_41' title="bbox 1993 2116 3332 2189">
     <span class='ocr_line' id='line_1_41' title="bbox 1993 2116 3332 2189; baseline -0.004 -14"><span class='ocrx_word' id='word_1_208' title='bbox 1993 2120 2075 2175; x_wconf 90' lang='lat' dir='ltr'><strong>Sit</strong></span> <span class='ocrx_word' id='word_1_209' title='bbox 2105 2136 2190 2176; x_wconf 89' lang='lat' dir='ltr'><strong>res</strong></span> <span class='ocrx_word' id='word_1_210' title='bbox 2221 2119 2308 2174; x_wconf 91' lang='lat' dir='ltr'><strong>illa</strong></span> <span class='ocrx_word' id='word_1_211' title='bbox 2342 2120 2454 2182; x_wconf 89' lang='lat' dir='ltr'><strong>Dei,</strong></span> <span class='ocrx_word' id='word_1_212' title='bbox 2482 2135 2590 2174; x_wconf 91' lang='lat' dir='ltr'><strong>non</strong></span> <span class='ocrx_word' id='word_1_213' title='bbox 2631 2119 2808 2175; x_wconf 86' lang='lat' dir='ltr'><strong>abnuo</strong></span> <span class='ocrx_word' id='word_1_214' title='bbox 2844 2132 3006 2189; x_wconf 65' lang='lat' dir='ltr'><strong>:pars</strong></span> <span class='ocrx_word' id='word_1_215' title='bbox 3039 2127 3217 2172; x_wconf 92' lang='lat' dir='ltr'><strong>tamen</strong></span> <span class='ocrx_word' id='word_1_216' title='bbox 3243 2116 3332 2170; x_wconf 85' lang='lat' dir='ltr'><strong>illa</strong></span> 
     </span>
    </p>
   </div>
   <div class='ocr_carea' id='block_1_42' title="bbox 1814 1110 1918 1165">
    <p class='ocr_par' dir='ltr' id='par_1_42' title="bbox 1814 1110 1918 1165">
     <span class='ocr_line' id='line_1_42' title="bbox 1814 1110 1918 1165; baseline 0 -1"><span class='ocrx_word' id='word_1_217' title='bbox 1814 1110 1918 1165; x_wconf 84' lang='grc'><strong>815</strong></span> 
     </span>
    </p>
   </div>
   <div class='ocr_carea' id='block_1_43' title="bbox 1815 1565 1919 1622">
    <p class='ocr_par' dir='ltr' id='par_1_43' title="bbox 1815 1565 1919 1622">
     <span class='ocr_line' id='line_1_43' title="bbox 1815 1565 1919 1622; baseline 0.01 -2"><span class='ocrx_word' id='word_1_218' title='bbox 1815 1565 1919 1622; x_wconf 72' lang='grc'><strong>820</strong></span> 
     </span>
    </p>
   </div>
   <div class='ocr_carea' id='block_1_44' title="bbox 1419 2207 2076 2267">
    <p class='ocr_par' dir='ltr' id='par_1_44' title="bbox 1419 2207 2076 2267">
     <span class='ocr_line' id='line_1_44' title="bbox 1419 2207 2076 2267; baseline 0.002 -4"><span class='ocrx_word' id='word_1_219' title='bbox 1419 2207 1702 2265; x_wconf 69' lang='grc' dir='ltr'><strong>οιοδδιλΕ</strong></span> <span class='ocrx_word' id='word_1_220' title='bbox 1745 2209 2076 2267; x_wconf 78' lang='lat' dir='ltr'><strong>VETERES.</strong></span> 
     </span>
    </p>
   </div>
   <div class='ocr_carea' id='block_1_45' title="bbox 211 2301 1215 2368">
    <p class='ocr_par' dir='ltr' id='par_1_45' title="bbox 211 2301 1215 2368">
     <span class='ocr_line' id='line_1_45' title="bbox 211 2301 1215 2368; baseline -0.008 -6"><span class='ocrx_word' id='word_1_221' title='bbox 211 2309 330 2364; x_wconf 78' lang='lat'><strong>797.</strong></span> <span class='ocrx_word' id='word_1_222' title='bbox 356 2306 476 2360; x_wconf 72' lang='lat' dir='ltr'><strong>llaec</strong></span> <span class='ocrx_word' id='word_1_223' title='bbox 507 2303 720 2365; x_wconf 87' lang='lat' dir='ltr'><strong>similis,</strong></span> <span class='ocrx_word' id='word_1_224' title='bbox 753 2302 922 2355; x_wconf 87' lang='lat' dir='ltr'><strong>anima</strong></span> <span class='ocrx_word' id='word_1_225' title='bbox 954 2302 1083 2368; x_wconf 89' lang='lat' dir='ltr'><strong>Deo,</strong></span> <span class='ocrx_word' id='word_1_226' title='bbox 1111 2301 1215 2354; x_wconf 88' lang='lat' dir='ltr'><strong>Iso.</strong></span> 
     </span>
    </p>
   </div>
   <div class='ocr_carea' id='block_1_46' title="bbox 212 2371 1717 2445">
    <p class='ocr_par' dir='ltr' id='par_1_46' title="bbox 212 2371 1717 2445">
     <span class='ocr_line' id='line_1_46' title="bbox 212 2371 1717 2445; baseline -0.003 -13"><span class='ocrx_word' id='word_1_227' title='bbox 212 2381 335 2434; x_wconf 80' lang='lat'><strong>798.</strong></span> <span class='ocrx_word' id='word_1_228' title='bbox 354 2378 612 2445; x_wconf 77' lang='lat' dir='ltr'><strong>Utroque,</strong></span> <span class='ocrx_word' id='word_1_229' title='bbox 635 2374 805 2426; x_wconf 87' lang='lat' dir='ltr'><strong>anima</strong></span> <span class='ocrx_word' id='word_1_230' title='bbox 823 2381 869 2426; x_wconf 90' lang='lat' dir='ltr'><strong>et</strong></span> <span class='ocrx_word' id='word_1_231' title='bbox 888 2387 1113 2442; x_wconf 90' lang='lat' dir='ltr'><strong>corpore.</strong></span> <span class='ocrx_word' id='word_1_232' title='bbox 1134 2401 1203 2411; x_wconf 89' lang='lat'><strong><em>—</em></strong></span> <span class='ocrx_word' id='word_1_233' title='bbox 1219 2371 1478 2440; x_wconf 74' lang='lat' dir='ltr'><strong>Figmine,</strong></span> <span class='ocrx_word' id='word_1_234' title='bbox 1505 2373 1717 2444; x_wconf 77' lang='lat' dir='ltr'><strong>ﬁgmen-</strong></span> 
     </span>
    </p>
   </div>
   <div class='ocr_carea' id='block_1_47' title="bbox 150 2451 287 2505">
    <p class='ocr_par' dir='ltr' id='par_1_47' title="bbox 150 2451 287 2505">
     <span class='ocr_line' id='line_1_47' title="bbox 150 2451 287 2505; baseline -0.022 0"><span class='ocrx_word' id='word_1_235' title='bbox 150 2460 216 2505; x_wconf 88' lang='lat' dir='ltr'><strong>to.</strong></span> <span class='ocrx_word' id='word_1_236' title='bbox 249 2451 287 2504; x_wconf 91' lang='lat' dir='ltr'><strong>I.</strong></span> 
     </span>
    </p>
   </div>
   <div class='ocr_carea' id='block_1_48' title="bbox 200 2493 1718 2584">
    <p class='ocr_par' dir='ltr' id='par_1_48' title="bbox 200 2493 1718 2584">
     <span class='ocr_line' id='line_1_48' title="bbox 200 2493 1718 2584; baseline -0.007 -10"><span class='ocrx_word' id='word_1_237' title='bbox 200 2493 338 2574; x_wconf 40' lang='lat'><strong>3-9.9.</strong></span> <span class='ocrx_word' id='word_1_238' title='bbox 367 2517 581 2579; x_wconf 86' lang='lat' dir='ltr'><strong>Umbra,</strong></span> <span class='ocrx_word' id='word_1_239' title='bbox 612 2516 785 2567; x_wconf 87' lang='lat' dir='ltr'><strong>anima</strong></span> <span class='ocrx_word' id='word_1_240' title='bbox 828 2521 1070 2584; x_wconf 85' lang='lat' dir='ltr'><strong>perpetua</strong></span> <span class='ocrx_word' id='word_1_241' title='bbox 1108 2521 1196 2576; x_wconf 87' lang='lat' dir='ltr'><strong>est,</strong></span> <span class='ocrx_word' id='word_1_242' title='bbox 1232 2513 1358 2584; x_wconf 80' lang='lat' dir='ltr'><strong>sicut</strong></span> <span class='ocrx_word' id='word_1_243' title='bbox 1409 2511 1578 2578; x_wconf 83' lang='lat' dir='ltr'><strong>Deus;</strong></span> <span class='ocrx_word' id='word_1_244' title='bbox 1629 2513 1718 2566; x_wconf 89' lang='lat' dir='ltr'><strong>sed</strong></span> 
     </span>
    </p>
   </div>
   <div class='ocr_carea' id='block_1_49' title="bbox 150 2583 1718 2654">
    <p class='ocr_par' dir='ltr' id='par_1_49' title="bbox 150 2583 1718 2654">
     <span class='ocr_line' id='line_1_49' title="bbox 150 2583 1718 2654; baseline -0.006 -8"><span class='ocrx_word' id='word_1_245' title='bbox 150 2595 276 2646; x_wconf 79' lang='lat' dir='ltr'><strong>sicut</strong></span> <span class='ocrx_word' id='word_1_246' title='bbox 300 2592 472 2643; x_wconf 86' lang='lat' dir='ltr'><strong>umbra</strong></span> <span class='ocrx_word' id='word_1_247' title='bbox 498 2588 652 2640; x_wconf 78' lang='lat' dir='ltr'><strong>distat</strong></span> <span class='ocrx_word' id='word_1_248' title='bbox 673 2603 704 2637; x_wconf 92' lang='lat' dir='ltr'><strong>a</strong></span> <span class='ocrx_word' id='word_1_249' title='bbox 735 2598 963 2650; x_wconf 77' lang='lat' dir='ltr'><strong>corpore,</strong></span> <span class='ocrx_word' id='word_1_250' title='bbox 996 2583 1072 2635; x_wconf 89' lang='lat' dir='ltr'><strong>ita</strong></span> <span class='ocrx_word' id='word_1_251' title='bbox 1100 2584 1270 2636; x_wconf 85' lang='lat' dir='ltr'><strong>anima</strong></span> <span class='ocrx_word' id='word_1_252' title='bbox 1293 2583 1448 2636; x_wconf 80' lang='lat' dir='ltr'><strong>distat</strong></span> <span class='ocrx_word' id='word_1_253' title='bbox 1474 2599 1505 2634; x_wconf 91' lang='lat' dir='ltr'><strong>a</strong></span> <span class='ocrx_word' id='word_1_254' title='bbox 1540 2599 1718 2654; x_wconf 88' lang='lat' dir='ltr'><strong>perpe-</strong></span> 
     </span>
    </p>
   </div>
   <div class='ocr_carea' id='block_1_50' title="bbox 149 2657 538 2720">
    <p class='ocr_par' dir='ltr' id='par_1_50' title="bbox 149 2657 538 2720">
     <span class='ocr_line' id='line_1_50' title="bbox 149 2657 538 2720; baseline -0.015 -4"><span class='ocrx_word' id='word_1_255' title='bbox 149 2664 322 2716; x_wconf 78' lang='lat' dir='ltr'><strong>tuitate</strong></span> <span class='ocrx_word' id='word_1_256' title='bbox 354 2657 467 2720; x_wconf 77' lang='lat' dir='ltr'><strong>Dei,</strong></span> <span class='ocrx_word' id='word_1_257' title='bbox 497 2658 538 2711; x_wconf 90' lang='lat' dir='ltr'><strong>l.</strong></span> 
     </span>
    </p>
   </div>
   <div class='ocr_carea' id='block_1_51' title="bbox 215 2723 1215 2794">
    <p class='ocr_par' dir='ltr' id='par_1_51' title="bbox 215 2723 1215 2794">
     <span class='ocr_line' id='line_1_51' title="bbox 215 2723 1215 2794; baseline -0.012 -6"><span class='ocrx_word' id='word_1_258' title='bbox 215 2732 337 2788; x_wconf 82' lang='lat'><strong>800.</strong></span> <span class='ocrx_word' id='word_1_259' title='bbox 367 2729 570 2794; x_wconf 75' lang='lat' dir='ltr'><strong>Corpus</strong></span> <span class='ocrx_word' id='word_1_260' title='bbox 591 2725 842 2786; x_wconf 88' lang='lat' dir='ltr'><strong>solidum,</strong></span> <span class='ocrx_word' id='word_1_261' title='bbox 872 2724 1142 2794; x_wconf 79' lang='lat' dir='ltr'><strong>majestas,</strong></span> <span class='ocrx_word' id='word_1_262' title='bbox 1177 2723 1215 2776; x_wconf 92' lang='lat' dir='ltr'><strong>I.</strong></span> 
     </span>
    </p>
   </div>
   <div class='ocr_carea' id='block_1_52' title="bbox 216 2793 1504 2860">
    <p class='ocr_par' dir='ltr' id='par_1_52' title="bbox 216 2793 1504 2860">
     <span class='ocr_line' id='line_1_52' title="bbox 216 2793 1504 2860; baseline -0.007 -3"><span class='ocrx_word' id='word_1_263' title='bbox 216 2803 338 2857; x_wconf 69' lang='lat'><strong>802.</strong></span> <span class='ocrx_word' id='word_1_264' title='bbox 366 2801 456 2853; x_wconf 83' lang='lat' dir='ltr'><strong>Est</strong></span> <span class='ocrx_word' id='word_1_265' title='bbox 477 2793 688 2860; x_wconf 68' lang='lat' dir='ltr'><strong>Similis,</strong></span> <span class='ocrx_word' id='word_1_266' title='bbox 708 2797 879 2849; x_wconf 89' lang='lat' dir='ltr'><strong>anima</strong></span> <span class='ocrx_word' id='word_1_267' title='bbox 904 2794 1085 2847; x_wconf 78' lang='lat' dir='ltr'><strong>similis</strong></span> <span class='ocrx_word' id='word_1_268' title='bbox 1118 2793 1222 2846; x_wconf 86' lang='lat' dir='ltr'><strong>Deo</strong></span> <span class='ocrx_word' id='word_1_269' title='bbox 1249 2794 1299 2846; x_wconf 86' lang='lat' dir='ltr'><strong>in</strong></span> <span class='ocrx_word' id='word_1_270' title='bbox 1323 2794 1434 2856; x_wconf 83' lang='lat' dir='ltr'><strong>hoc,</strong></span> <span class='ocrx_word' id='word_1_271' title='bbox 1469 2794 1504 2848; x_wconf 92' lang='lat' dir='ltr'><strong>I.</strong></span> 
     </span>
    </p>
   </div>
   <div class='ocr_carea' id='block_1_53' title="bbox 215 2864 1719 2939">
    <p class='ocr_par' dir='ltr' id='par_1_53' title="bbox 215 2864 1719 2939">
     <span class='ocr_line' id='line_1_53' title="bbox 215 2864 1719 2939; baseline -0.005 -13"><span class='ocrx_word' id='word_1_272' title='bbox 215 2873 334 2926; x_wconf 73' lang='lat'><strong>804.</strong></span> <span class='ocrx_word' id='word_1_273' title='bbox 366 2867 668 2939; x_wconf 85' lang='lat' dir='ltr'><strong>I’crpcndit,</strong></span> <span class='ocrx_word' id='word_1_274' title='bbox 704 2867 938 2927; x_wconf 70' lang='lat' dir='ltr'><strong>a’stimat,</strong></span> <span class='ocrx_word' id='word_1_275' title='bbox 977 2864 1238 2920; x_wconf 80' lang='lat' dir='ltr'><strong>discernit.</strong></span> <span class='ocrx_word' id='word_1_276' title='bbox 1264 2893 1331 2903; x_wconf 87' lang='lat'><strong>—-</strong></span> <span class='ocrx_word' id='word_1_277' title='bbox 1365 2865 1506 2930; x_wconf 86' lang='lat' dir='ltr'><strong>Infit,</strong></span> <span class='ocrx_word' id='word_1_278' title='bbox 1552 2865 1719 2936; x_wconf 84' lang='lat' dir='ltr'><strong>loqui—</strong></span> 
     </span>
    </p>
   </div>
   <div class='ocr_carea' id='block_1_54' title="bbox 152 2943 312 3005">
    <p class='ocr_par' dir='ltr' id='par_1_54' title="bbox 152 2943 312 3005">
     <span class='ocr_line' id='line_1_54' title="bbox 152 2943 312 3005; baseline -0.013 -8"><span class='ocrx_word' id='word_1_279' title='bbox 152 2955 248 3005; x_wconf 71' lang='lat' dir='ltr'><strong>tur,</strong></span> <span class='ocrx_word' id='word_1_280' title='bbox 277 2943 312 2996; x_wconf 92' lang='lat' dir='ltr'><strong>I.</strong></span> 
     </span>
    </p>
   </div>
   <div class='ocr_carea' id='block_1_55' title="bbox 215 3007 1124 3078">
    <p class='ocr_par' dir='ltr' id='par_1_55' title="bbox 215 3007 1124 3078">
     <span class='ocr_line' id='line_1_55' title="bbox 215 3007 1124 3078; baseline -0.01 -11"><span class='ocrx_word' id='word_1_281' title='bbox 215 3015 338 3067; x_wconf 73' lang='grc'>805.</span> <span class='ocrx_word' id='word_1_282' title='bbox 361 3010 568 3077; x_wconf 74' lang='lat' dir='ltr'><strong>Opifex,</strong></span> <span class='ocrx_word' id='word_1_283' title='bbox 592 3008 795 3078; x_wconf 74' lang='lat' dir='ltr'><strong>artifex,</strong></span> <span class='ocrx_word' id='word_1_284' title='bbox 833 3007 894 3078; x_wconf 74' lang='lat' dir='ltr'><strong>l.</strong></span> <span class='ocrx_word' id='word_1_285' title='bbox 958 3077 962 3078; x_wconf 17' lang='grc' dir='ltr'><em>ν</em></span> <span class='ocrx_word' id='word_1_286' title='bbox 1083 3076 1091 3078; x_wconf 20' lang='grc'><strong><em>4</em></strong></span> <span class='ocrx_word' id='word_1_287' title='bbox 1121 3051 1124 3058; x_wconf 93' lang='grc'><strong>.</strong></span> 
     </span>
    </p>
   </div>
   <div class='ocr_carea' id='block_1_56' title="bbox 215 3075 1318 3149">
    <p class='ocr_par' dir='ltr' id='par_1_56' title="bbox 215 3075 1318 3149">
     <span class='ocr_line' id='line_1_56' title="bbox 215 3075 1318 3149; baseline -0.005 -13"><span class='ocrx_word' id='word_1_288' title='bbox 215 3084 339 3136; x_wconf 81' lang='lat'><strong>807.</strong></span> <span class='ocrx_word' id='word_1_289' title='bbox 371 3075 480 3144; x_wconf 81' lang='lat' dir='ltr'><strong>llis,</strong></span> <span class='ocrx_word' id='word_1_290' title='bbox 515 3075 708 3149; x_wconf 79' lang='lat' dir='ltr'><strong>ofﬁciis,</strong></span> <span class='ocrx_word' id='word_1_291' title='bbox 741 3075 1318 3149; x_wconf 71' lang='lat' dir='ltr'><strong>prtedictis_rebus,_lso.</strong></span> 
     </span>
    </p>
   </div>
   <div class='ocr_carea' id='block_1_57' title="bbox 215 3146 1718 3216">
    <p class='ocr_par' dir='ltr' id='par_1_57' title="bbox 215 3146 1718 3216">
     <span class='ocr_line' id='line_1_57' title="bbox 215 3146 1718 3216; baseline -0.004 -10"><span class='ocrx_word' id='word_1_292' title='bbox 215 3153 337 3208; x_wconf 89' lang='lat'><strong>808.</strong></span> <span class='ocrx_word' id='word_1_293' title='bbox 371 3146 592 3214; x_wconf 56' lang='lat' dir='ltr'><strong>(Exiere,</strong></span> <span class='ocrx_word' id='word_1_294' title='bbox 613 3166 702 3216; x_wconf 89' lang='lat' dir='ltr'><strong>per</strong></span> <span class='ocrx_word' id='word_1_295' title='bbox 722 3157 904 3201; x_wconf 74' lang='lat' dir='ltr'><strong>cratera</strong></span> <span class='ocrx_word' id='word_1_296' title='bbox 927 3147 1168 3216; x_wconf 75' lang='lat' dir='ltr'><strong>oﬂicia—</strong></span> <span class='ocrx_word' id='word_1_297' title='bbox 1189 3146 1522 3216; x_wconf 87' lang='lat' dir='ltr'><strong>Promptum,</strong></span> <span class='ocrx_word' id='word_1_298' title='bbox 1547 3147 1718 3216; x_wconf 80' lang='lat' dir='ltr'><strong>facile,</strong></span> 
     </span>
    </p>
   </div>
   <div class='ocr_carea' id='block_1_58' title="bbox 149 3221 676 3291">
    <p class='ocr_par' dir='ltr' id='par_1_58' title="bbox 149 3221 676 3291">
     <span class='ocr_line' id='line_1_58' title="bbox 149 3221 676 3291; baseline -0.006 -16"><span class='ocrx_word' id='word_1_299' title='bbox 149 3224 462 3291; x_wconf 60' lang='lat' dir='ltr'><strong>manifeatttm</strong></span> <span class='ocrx_word' id='word_1_300' title='bbox 495 3231 587 3287; x_wconf 88' lang='lat' dir='ltr'><strong>est,</strong></span> <span class='ocrx_word' id='word_1_301' title='bbox 637 3221 676 3273; x_wconf 94' lang='lat' dir='ltr'><strong>I.</strong></span> 
     </span>
    </p>
   </div>
   <div class='ocr_carea' id='block_1_59' title="bbox 219 3287 1720 3357">
    <p class='ocr_par' dir='ltr' id='par_1_59' title="bbox 219 3287 1720 3357">
     <span class='ocr_line' id='line_1_59' title="bbox 219 3287 1720 3357; baseline -0.004 -9"><span class='ocrx_word' id='word_1_302' title='bbox 219 3287 338 3349; x_wconf 70' lang='lat'><strong>809.</strong></span> <span class='ocrx_word' id='word_1_303' title='bbox 374 3291 576 3351; x_wconf 80' lang='lat' dir='ltr'><strong>Modus.</strong></span> <span class='ocrx_word' id='word_1_304' title='bbox 631 3305 868 3344; x_wconf 82' lang='lat' dir='ltr'><strong>mensura</strong></span> <span class='ocrx_word' id='word_1_305' title='bbox 930 3289 1132 3352; x_wconf 86' lang='lat' dir='ltr'><strong>ultima,</strong></span> <span class='ocrx_word' id='word_1_306' title='bbox 1192 3287 1347 3341; x_wconf 86' lang='lat' dir='ltr'><strong>linea.</strong></span> <span class='ocrx_word' id='word_1_307' title='bbox 1379 3317 1448 3328; x_wconf 93' lang='lat'><strong>-—</strong></span> <span class='ocrx_word' id='word_1_308' title='bbox 1477 3287 1720 3357; x_wconf 88' lang='lat' dir='ltr'><strong>Species,</strong></span> 
     </span>
    </p>
   </div>
   <div class='ocr_carea' id='block_1_60' title="bbox 1824 2303 2734 2372">
    <p class='ocr_par' dir='ltr' id='par_1_60' title="bbox 1824 2303 2734 2372">
     <span class='ocr_line' id='line_1_60' title="bbox 1824 2303 2734 2372; baseline 0 -16"><span class='ocrx_word' id='word_1_309' title='bbox 1824 2304 2026 2357; x_wconf 84' lang='lat' dir='ltr'><strong>divisio.</strong></span> <span class='ocrx_word' id='word_1_310' title='bbox 2059 2311 2132 2344; x_wconf 86' lang='lat'><strong>-—‘</strong></span> <span class='ocrx_word' id='word_1_311' title='bbox 2158 2303 2505 2368; x_wconf 85' lang='lat' dir='ltr'><strong>Deterrnihat,</strong></span> <span class='ocrx_word' id='word_1_312' title='bbox 2534 2304 2670 2372; x_wconf 87' lang='lat' dir='ltr'><strong>finit,</strong></span> <span class='ocrx_word' id='word_1_313' title='bbox 2692 2304 2734 2357; x_wconf 93' lang='lat' dir='ltr'><strong>I.</strong></span> 
     </span>
    </p>
   </div>
   <div class='ocr_carea' id='block_1_61' title="bbox 1897 2373 2758 2443">
    <p class='ocr_par' dir='ltr' id='par_1_61' title="bbox 1897 2373 2758 2443">
     <span class='ocr_line' id='line_1_61' title="bbox 1897 2373 2758 2443; baseline -0.002 -15"><span class='ocrx_word' id='word_1_314' title='bbox 1897 2375 2022 2428; x_wconf 88' lang='grc'>810.</span> <span class='ocrx_word' id='word_1_315' title='bbox 2049 2374 2394 2443; x_wconf 84' lang='lat' dir='ltr'><strong>Superfusus,</strong></span> <span class='ocrx_word' id='word_1_316' title='bbox 2427 2375 2692 2439; x_wconf 82' lang='lat' dir='ltr'><strong>dilatatus,</strong></span> <span class='ocrx_word' id='word_1_317' title='bbox 2720 2373 2758 2427; x_wconf 91' lang='grc'>1.</span> 
     </span>
    </p>
   </div>
   <div class='ocr_carea' id='block_1_62' title="bbox 1897 2440 3118 2511">
    <p class='ocr_par' dir='ltr' id='par_1_62' title="bbox 1897 2440 3118 2511">
     <span class='ocr_line' id='line_1_62' title="bbox 1897 2440 3118 2511; baseline -0.002 -14"><span class='ocrx_word' id='word_1_318' title='bbox 1897 2446 2020 2497; x_wconf 86' lang='grc'>811.</span> <span class='ocrx_word' id='word_1_319' title='bbox 2055 2440 2388 2508; x_wconf 78' lang='lat' dir='ltr'><strong>E&#39;xtremuru,</strong></span> <span class='ocrx_word' id='word_1_320' title='bbox 2421 2444 2762 2507; x_wconf 83' lang='lat' dir='ltr'><strong>terininabile,</strong></span> <span class='ocrx_word' id='word_1_321' title='bbox 2797 2441 3043 2511; x_wconf 87' lang='lat' dir='ltr'><strong>finiabile,</strong></span> <span class='ocrx_word' id='word_1_322' title='bbox 3076 2440 3118 2495; x_wconf 89' lang='lat' dir='ltr'><strong>I.</strong></span> 
     </span>
    </p>
   </div>
   <div class='ocr_carea' id='block_1_63' title="bbox 1897 2513 3382 2584">
    <p class='ocr_par' dir='ltr' id='par_1_63' title="bbox 1897 2513 3382 2584">
     <span class='ocr_line' id='line_1_63' title="bbox 1897 2513 3382 2584; baseline 0 -16"><span class='ocrx_word' id='word_1_323' title='bbox 1897 2515 2023 2568; x_wconf 74' lang='lat' dir='ltr'><strong>8I2.</strong></span> <span class='ocrx_word' id='word_1_324' title='bbox 2072 2515 2477 2584; x_wconf 78' lang='lat' dir='ltr'><strong>Incom‘prcnsa,</strong></span> <span class='ocrx_word' id='word_1_325' title='bbox 2513 2513 3053 2584; x_wconf 70' lang='lat' dir='ltr'><strong>incomprehensibilis.</strong></span> <span class='ocrx_word' id='word_1_326' title='bbox 3108 2542 3174 2554; x_wconf 89' lang='lat'><strong>-—</strong></span> <span class='ocrx_word' id='word_1_327' title='bbox 3215 2514 3382 2568; x_wconf 71' lang='lat' dir='ltr'><strong>Linea</strong></span> 
     </span>
    </p>
   </div>
   <div class='ocr_carea' id='block_1_64' title="bbox 1834 2581 2640 2648">
    <p class='ocr_par' dir='ltr' id='par_1_64' title="bbox 1834 2581 2640 2648">
     <span class='ocr_line' id='line_1_64' title="bbox 1834 2581 2640 2648; baseline -0.002 -10"><span class='ocrx_word' id='word_1_328' title='bbox 1834 2586 2102 2639; x_wconf 80' lang='lat' dir='ltr'><strong>terminus.</strong></span> <span class='ocrx_word' id='word_1_329' title='bbox 2127 2617 2193 2629; x_wconf 81' lang='lat'><strong>——-</strong></span> <span class='ocrx_word' id='word_1_330' title='bbox 2233 2581 2389 2648; x_wconf 69' lang='lat' dir='ltr'><strong>De&#39;Iit,</strong></span> <span class='ocrx_word' id='word_1_331' title='bbox 2421 2586 2576 2647; x_wconf 87' lang='lat' dir='ltr'><strong>deest,</strong></span> <span class='ocrx_word' id='word_1_332' title='bbox 2601 2584 2640 2638; x_wconf 91' lang='lat' dir='ltr'><strong>I.</strong></span> 
     </span>
    </p>
   </div>
   <div class='ocr_carea' id='block_1_65' title="bbox 1899 2655 2634 2726">
    <p class='ocr_par' dir='ltr' id='par_1_65' title="bbox 1899 2655 2634 2726">
     <span class='ocr_line' id='line_1_65' title="bbox 1899 2655 2634 2726; baseline 0.001 -20"><span class='ocrx_word' id='word_1_333' title='bbox 1899 2655 2022 2726; x_wconf 74' lang='grc'>815.</span> <span class='ocrx_word' id='word_1_334' title='bbox 2057 2656 2208 2726; x_wconf 82' lang='lat' dir='ltr'><strong>Aliis,</strong></span> <span class='ocrx_word' id='word_1_335' title='bbox 2242 2656 2508 2726; x_wconf 78' lang='lat' dir='ltr'><strong>creaturis,</strong></span> <span class='ocrx_word' id='word_1_336' title='bbox 2532 2655 2634 2707; x_wconf 82' lang='lat' dir='ltr'><strong>Iso.</strong></span> 
     </span>
    </p>
   </div>
   <div class='ocr_carea' id='block_1_66' title="bbox 1900 2723 2948 2792">
    <p class='ocr_par' dir='ltr' id='par_1_66' title="bbox 1900 2723 2948 2792">
     <span class='ocr_line' id='line_1_66' title="bbox 1900 2723 2948 2792; baseline 0 -16"><span class='ocrx_word' id='word_1_337' title='bbox 1900 2725 2025 2778; x_wconf 90' lang='grc'>817.</span> <span class='ocrx_word' id='word_1_338' title='bbox 2060 2723 2406 2789; x_wconf 78' lang='lat' dir='ltr'><strong>&#39;I&#39;abentihus,</strong></span> <span class='ocrx_word' id='word_1_339' title='bbox 2449 2725 2868 2792; x_wconf 83' lang='lat' dir='ltr'><strong>putrescentibus,</strong></span> <span class='ocrx_word' id='word_1_340' title='bbox 2904 2723 2948 2777; x_wconf 92' lang='lat' dir='ltr'><strong>I.</strong></span> 
     </span>
    </p>
   </div>
   <div class='ocr_carea' id='block_1_67' title="bbox 1897 2793 3405 2865">
    <p class='ocr_par' dir='ltr' id='par_1_67' title="bbox 1897 2793 3405 2865">
     <span class='ocr_line' id='line_1_67' title="bbox 1897 2793 3405 2865; baseline 0 -16"><span class='ocrx_word' id='word_1_341' title='bbox 1897 2794 2022 2850; x_wconf 88' lang='grc'>818.</span> <span class='ocrx_word' id='word_1_342' title='bbox 2049 2796 2357 2859; x_wconf 71' lang='lat' dir='ltr'><strong>Participat,</strong></span> <span class='ocrx_word' id='word_1_343' title='bbox 2399 2804 2587 2865; x_wconf 79' lang='lat' dir='ltr'><strong>partem</strong></span> <span class='ocrx_word' id='word_1_344' title='bbox 2619 2796 2741 2865; x_wconf 81' lang='lat' dir='ltr'><strong>facit</strong></span> <span class='ocrx_word' id='word_1_345' title='bbox 2781 2795 2982 2851; x_wconf 79' lang='lat' dir='ltr'><strong>habere.</strong></span> <span class='ocrx_word' id='word_1_346' title='bbox 3019 2825 3087 2836; x_wconf 92' lang='lat'>—</span> <span class='ocrx_word' id='word_1_347' title='bbox 3136 2793 3315 2862; x_wconf 71' lang='lat' dir='ltr'><strong>Faece,</strong></span> <span class='ocrx_word' id='word_1_348' title='bbox 3341 2795 3405 2849; x_wconf 88' lang='lat' dir='ltr'><strong>de</strong></span> 
     </span>
    </p>
   </div>
   <div class='ocr_carea' id='block_1_68' title="bbox 1830 2866 2380 2936">
    <p class='ocr_par' dir='ltr' id='par_1_68' title="bbox 1830 2866 2380 2936">
     <span class='ocr_line' id='line_1_68' title="bbox 1830 2866 2380 2936; baseline -0.002 -17"><span class='ocrx_word' id='word_1_349' title='bbox 1830 2877 2032 2936; x_wconf 79' lang='lat' dir='ltr'><strong>peccato</strong></span> <span class='ocrx_word' id='word_1_350' title='bbox 2059 2868 2306 2936; x_wconf 74' lang='lat' dir='ltr'><strong>corporis,</strong></span> <span class='ocrx_word' id='word_1_351' title='bbox 2343 2866 2380 2936; x_wconf 81' lang='grc' dir='ltr'>Ι.</span> 
     </span>
    </p>
   </div>
   <div class='ocr_carea' id='block_1_69' title="bbox 1899 2935 2500 3003">
    <p class='ocr_par' dir='ltr' id='par_1_69' title="bbox 1899 2935 2500 3003">
     <span class='ocr_line' id='line_1_69' title="bbox 1899 2935 2500 3003; baseline -0.003 -14"><span class='ocrx_word' id='word_1_352' title='bbox 1899 2937 2024 2990; x_wconf 75' lang='grc'>819.</span> <span class='ocrx_word' id='word_1_353' title='bbox 2049 2935 2264 3003; x_wconf 84' lang='lat' dir='ltr'><strong>Natura,</strong></span> <span class='ocrx_word' id='word_1_354' title='bbox 2290 2935 2500 2988; x_wconf 82' lang='lat' dir='ltr'><strong>scilicet.</strong></span> 
     </span>
    </p>
   </div>
   <div class='ocr_carea' id='block_1_70' title="bbox 1899 3005 2688 3071">
    <p class='ocr_par' dir='ltr' id='par_1_70' title="bbox 1899 3005 2688 3071">
     <span class='ocr_line' id='line_1_70' title="bbox 1899 3005 2688 3071; baseline -0.005 -11"><span class='ocrx_word' id='word_1_355' title='bbox 1899 3006 2022 3060; x_wconf 70' lang='lat'><strong>822.</strong></span> <span class='ocrx_word' id='word_1_356' title='bbox 2057 3007 2252 3070; x_wconf 81' lang='lat' dir='ltr'><strong>Oblita,</strong></span> <span class='ocrx_word' id='word_1_357' title='bbox 2281 3005 2621 3071; x_wconf 87' lang='lat' dir='ltr'><strong>circumdata,</strong></span> <span class='ocrx_word' id='word_1_358' title='bbox 2654 3007 2688 3058; x_wconf 95' lang='lat' dir='ltr'><strong>I.</strong></span> 
     </span>
    </p>
   </div>
   <div class='ocr_carea' id='block_1_71' title="bbox 1899 3073 3407 3199">
    <p class='ocr_par' dir='ltr' id='par_1_71' title="bbox 1899 3073 3407 3199">
     <span class='ocr_line' id='line_1_71' title="bbox 1899 3073 3407 3199; baseline -0.004 -68"><span class='ocrx_word' id='word_1_359' title='bbox 1899 3079 2020 3199; x_wconf 60' lang='lat'><strong>8&#39;25].</strong></span> <span class='ocrx_word' id='word_1_360' title='bbox 2065 3077 2284 3132; x_wconf 84' lang='lat' dir='ltr'><strong>Pessum</strong></span> <span class='ocrx_word' id='word_1_361' title='bbox 2335 3076 2632 3144; x_wconf 85' lang='lat' dir='ltr'><strong>perditione,</strong></span> <span class='ocrx_word' id='word_1_362' title='bbox 2686 3078 2837 3131; x_wconf 85' lang='lat' dir='ltr'><strong>male.</strong></span> <span class='ocrx_word' id='word_1_363' title='bbox 2869 3076 3154 3141; x_wconf 84' lang='lat' dir='ltr'><strong>—Chaos,</strong></span> <span class='ocrx_word' id='word_1_364' title='bbox 3203 3073 3407 3144; x_wconf 82' lang='lat' dir='ltr'><strong>voragi-</strong></span> 
     </span>
     <span class='ocr_line' id='line_1_72' title="bbox 1899 3164 2029 3199; baseline 0.008 -1"><span class='ocrx_word' id='word_1_365' title='bbox 1899 3164 1964 3199; x_wconf 82' lang='grc' dir='ltr'>ιιι.</span> <span class='ocrx_word' id='word_1_366' title='bbox 2018 3189 2029 3199; x_wconf 93' lang='grc'><strong>.</strong></span> 
     </span>
    </p>
   </div>
   <div class='ocr_carea' id='block_1_72' title="bbox 1829 3162 2029 3209">
    <p class='ocr_par' dir='ltr' id='par_1_72' title="bbox 1829 3162 2029 3209">
     <span class='ocr_line' id='line_1_73' title="bbox 1829 3162 2029 3209; baseline 0.015 -11"><span class='ocrx_word' id='word_1_367' title='bbox 1829 3162 1964 3209; x_wconf 78' lang='lat' dir='ltr'><strong>item,</strong></span> <span class='ocrx_word' id='word_1_368' title='bbox 1993 3162 2029 3201; x_wconf 92' lang='grc' dir='ltr'>ι.</span> 
     </span>
    </p>
   </div>
   <div class='ocr_carea' id='block_1_73' title="bbox 1903 3217 2778 3289">
    <p class='ocr_par' dir='ltr' id='par_1_73' title="bbox 1903 3217 2778 3289">
     <span class='ocr_line' id='line_1_74' title="bbox 1903 3217 2778 3289; baseline -0.001 -17"><span class='ocrx_word' id='word_1_369' title='bbox 1903 3218 2031 3272; x_wconf 61' lang='lat'><strong>8‘25.</strong></span> <span class='ocrx_word' id='word_1_370' title='bbox 2063 3217 2178 3272; x_wconf 87' lang='lat' dir='ltr'><strong>Non</strong></span> <span class='ocrx_word' id='word_1_371' title='bbox 2203 3218 2400 3282; x_wconf 90' lang='lat' dir='ltr'><strong>abnuo,</strong></span> <span class='ocrx_word' id='word_1_372' title='bbox 2435 3235 2536 3272; x_wconf 85' lang='lat' dir='ltr'><strong>non</strong></span> <span class='ocrx_word' id='word_1_373' title='bbox 2558 3235 2706 3289; x_wconf 85' lang='lat' dir='ltr'><strong>nego,</strong></span> <span class='ocrx_word' id='word_1_374' title='bbox 2739 3219 2778 3271; x_wconf 95' lang='lat' dir='ltr'><strong>l.</strong></span> 
     </span>
    </p>
   </div>
   <div class='ocr_carea' id='block_1_74' title="bbox 1463 3371 2030 3438">
    <p class='ocr_par' dir='ltr' id='par_1_74' title="bbox 1463 3371 2030 3438">
     <span class='ocr_line' id='line_1_75' title="bbox 1463 3371 2030 3438; baseline 0.004 -4"><span class='ocrx_word' id='word_1_375' title='bbox 1463 3371 2030 3438; x_wconf 66' lang='lat' dir='ltr'><strong>COMMENTARIUS.</strong></span> 
     </span>
    </p>
   </div>
   <div class='ocr_carea' id='block_1_75' title="bbox 177 3475 1205 3546">
    <p class='ocr_par' dir='ltr' id='par_1_75' title="bbox 177 3475 1205 3546">
     <span class='ocr_line' id='line_1_76' title="bbox 177 3475 1205 3546; baseline -0.004 -14"><span class='ocrx_word' id='word_1_376' title='bbox 177 3483 186 3493; x_wconf 87' lang='lat'><strong><em>&#39;</em></strong></span> <span class='ocrx_word' id='word_1_377' title='bbox 225 3481 339 3534; x_wconf 80' lang='lat'><strong>798.</strong></span> <span class='ocrx_word' id='word_1_378' title='bbox 369 3478 511 3542; x_wconf 87' lang='lat' dir='ltr'><strong>Put.,</strong></span> <span class='ocrx_word' id='word_1_379' title='bbox 536 3477 786 3546; x_wconf 85' lang='lat' dir='ltr'><strong>junctint;</strong></span> <span class='ocrx_word' id='word_1_380' title='bbox 819 3475 927 3538; x_wconf 86' lang='lat' dir='ltr'><strong>alii,</strong></span> <span class='ocrx_word' id='word_1_381' title='bbox 951 3476 1205 3546; x_wconf 80' lang='lat' dir='ltr'><strong>junctum.</strong></span> 
     </span>
    </p>
   </div>
   <div class='ocr_carea' id='block_1_76' title="bbox 156 3544 1722 3608">
    <p class='ocr_par' dir='ltr' id='par_1_76' title="bbox 156 3544 1722 3608">
     <span class='ocr_line' id='line_1_77' title="bbox 156 3544 1722 3608; baseline -0.005 -2"><span class='ocrx_word' id='word_1_382' title='bbox 156 3599 168 3606; x_wconf 90' lang='lat'><strong>.</strong></span> <span class='ocrx_word' id='word_1_383' title='bbox 226 3552 338 3604; x_wconf 86' lang='lat'><strong>800.</strong></span> <span class='ocrx_word' id='word_1_384' title='bbox 390 3544 598 3601; x_wconf 24' lang='lat' dir='ltr'><strong>&#39;I‘hua‘n.</strong></span> <span class='ocrx_word' id='word_1_385' title='bbox 653 3556 706 3600; x_wconf 89' lang='lat' dir='ltr'><strong>et</strong></span> <span class='ocrx_word' id='word_1_386' title='bbox 750 3546 862 3599; x_wconf 89' lang='lat' dir='ltr'><strong>Gis.</strong></span> <span class='ocrx_word' id='word_1_387' title='bbox 893 3544 1192 3608; x_wconf 80' lang='lat' dir='ltr'><strong>simulatio;</strong></span> <span class='ocrx_word' id='word_1_388' title='bbox 1248 3545 1453 3605; x_wconf 63' lang='lat' dir='ltr'><strong>caeteri.</strong></span> <span class='ocrx_word' id='word_1_389' title='bbox 1484 3546 1722 3598; x_wconf 84' lang='lat' dir='ltr'><strong>imitatio.</strong></span> 
     </span>
    </p>
   </div>
   <div class='ocr_carea' id='block_1_77' title="bbox 156 3615 1730 3686">
    <p class='ocr_par' dir='ltr' id='par_1_77' title="bbox 156 3615 1730 3686">
     <span class='ocr_line' id='line_1_78' title="bbox 156 3615 1730 3686; baseline -0.005 -11"><span class='ocrx_word' id='word_1_390' title='bbox 156 3620 410 3675; x_wconf 84' lang='lat' dir='ltr'><strong>Giselinus</strong></span> <span class='ocrx_word' id='word_1_391' title='bbox 465 3617 689 3686; x_wconf 80' lang='lat' dir='ltr'><strong>putavit,</strong></span> <span class='ocrx_word' id='word_1_392' title='bbox 726 3627 897 3669; x_wconf 90' lang='lat' dir='ltr'><strong>metro</strong></span> <span class='ocrx_word' id='word_1_393' title='bbox 948 3624 1001 3668; x_wconf 88' lang='lat' dir='ltr'><strong>et</strong></span> <span class='ocrx_word' id='word_1_394' title='bbox 1030 3615 1210 3686; x_wconf 84' lang='lat' dir='ltr'><strong>sensui</strong></span> <span class='ocrx_word' id='word_1_395' title='bbox 1234 3629 1533 3684; x_wconf 82' lang='lat' dir='ltr'><strong>repugnare</strong></span> <span class='ocrx_word' id='word_1_396' title='bbox 1561 3617 1730 3668; x_wconf 86' lang='lat' dir='ltr'><strong>imita-</strong></span> 
     </span>
    </p>
   </div>
   <div class='ocr_carea' id='block_1_78' title="bbox 156 3685 1725 3754">
    <p class='ocr_par' dir='ltr' id='par_1_78' title="bbox 156 3685 1725 3754">
     <span class='ocr_line' id='line_1_79' title="bbox 156 3685 1725 3754; baseline -0.003 -11"><span class='ocrx_word' id='word_1_397' title='bbox 156 3693 252 3752; x_wconf 82' lang='lat' dir='ltr'><strong>tio;</strong></span> <span class='ocrx_word' id='word_1_398' title='bbox 283 3685 473 3742; x_wconf 85' lang='lat' dir='ltr'><strong>falsum</strong></span> <span class='ocrx_word' id='word_1_399' title='bbox 497 3698 802 3754; x_wconf 82' lang='lat' dir='ltr'><strong>utrumque.</strong></span> <span class='ocrx_word' id='word_1_400' title='bbox 836 3686 1065 3737; x_wconf 71' lang='lat' dir='ltr'><strong>Czcsurm</strong></span> <span class='ocrx_word' id='word_1_401' title='bbox 1102 3685 1306 3738; x_wconf 85' lang='lat' dir='ltr'><strong>ratione</strong></span> <span class='ocrx_word' id='word_1_402' title='bbox 1335 3700 1476 3751; x_wconf 70' lang='lat' dir='ltr'><strong>smpe</strong></span> <span class='ocrx_word' id='word_1_403' title='bbox 1508 3686 1725 3739; x_wconf 82' lang='lat' dir='ltr'><strong>brevem</strong></span> 
     </span>
    </p>
   </div>
   <div class='ocr_carea' id='block_1_79' title="bbox 157 3755 1730 3826">
    <p class='ocr_par' dir='ltr' id='par_1_79' title="bbox 157 3755 1730 3826">
     <span class='ocr_line' id='line_1_80' title="bbox 157 3755 1730 3826; baseline -0.004 -12"><span class='ocrx_word' id='word_1_404' title='bbox 157 3761 467 3815; x_wconf 84' lang='lat' dir='ltr'><strong>Prudentius</strong></span> <span class='ocrx_word' id='word_1_405' title='bbox 522 3758 788 3826; x_wconf 88' lang='lat' dir='ltr'><strong>producit.</strong></span> <span class='ocrx_word' id='word_1_406' title='bbox 862 3755 1115 3809; x_wconf 85' lang='lat' dir='ltr'><strong>Umbram</strong></span> <span class='ocrx_word' id='word_1_407' title='bbox 1164 3766 1338 3808; x_wconf 91' lang='lat' dir='ltr'><strong>autem</strong></span> <span class='ocrx_word' id='word_1_408' title='bbox 1397 3755 1730 3808; x_wconf 86' lang='lat' dir='ltr'><strong>imitationem</strong></span> 
     </span>
    </p>
   </div>
   <div class='ocr_carea' id='block_1_80' title="bbox 163 3826 1206 3899">
    <p class='ocr_par' dir='ltr' id='par_1_80' title="bbox 163 3826 1206 3899">
     <span class='ocr_line' id='line_1_81' title="bbox 163 3826 1206 3899; baseline -0.002 -21"><span class='ocrx_word' id='word_1_409' title='bbox 163 3832 434 3899; x_wconf 85' lang='lat' dir='ltr'><strong>quamdam</strong></span> <span class='ocrx_word' id='word_1_410' title='bbox 460 3843 580 3883; x_wconf 84' lang='lat' dir='ltr'><strong>esse</strong></span> <span class='ocrx_word' id='word_1_411' title='bbox 607 3826 997 3899; x_wconf 84' lang='lat' dir='ltr'><strong>corporisquis</strong></span> <span class='ocrx_word' id='word_1_412' title='bbox 1014 3827 1206 3899; x_wconf 78' lang='lat' dir='ltr'><strong>neget?</strong></span> 
     </span>
    </p>
   </div>
   <div class='ocr_carea' id='block_1_81' title="bbox 228 3895 1733 3964">
    <p class='ocr_par' dir='ltr' id='par_1_81' title="bbox 228 3895 1733 3964">
     <span class='ocr_line' id='line_1_82' title="bbox 228 3895 1733 3964; baseline -0.005 -10"><span class='ocrx_word' id='word_1_413' title='bbox 228 3902 338 3954; x_wconf 88' lang='lat' dir='ltr'><strong>80t.</strong></span> <span class='ocrx_word' id='word_1_414' title='bbox 374 3901 542 3960; x_wconf 61' lang='lat' dir='ltr'><strong>Muta;</strong></span> <span class='ocrx_word' id='word_1_415' title='bbox 572 3907 642 3956; x_wconf 89' lang='lat' dir='ltr'><strong>at.</strong></span> <span class='ocrx_word' id='word_1_416' title='bbox 676 3897 873 3951; x_wconf 89' lang='lat' dir='ltr'><strong>recenti</strong></span> <span class='ocrx_word' id='word_1_417' title='bbox 904 3910 1059 3947; x_wconf 86' lang='lat' dir='ltr'><strong>manu</strong></span> <span class='ocrx_word' id='word_1_418' title='bbox 1085 3896 1280 3947; x_wconf 74' lang='lat' dir='ltr'><strong>factum</strong></span> <span class='ocrx_word' id='word_1_419' title='bbox 1308 3904 1490 3964; x_wconf 86' lang='lat' dir='ltr'><strong>atque:</strong></span> <span class='ocrx_word' id='word_1_420' title='bbox 1523 3895 1733 3950; x_wconf 82' lang='lat' dir='ltr'><strong>Tertul-</strong></span> 
     </span>
    </p>
   </div>
   <div class='ocr_carea' id='block_1_82' title="bbox 165 3965 1733 4031">
    <p class='ocr_par' dir='ltr' id='par_1_82' title="bbox 165 3965 1733 4031">
     <span class='ocr_line' id='line_1_83' title="bbox 165 3965 1733 4031; baseline -0.003 -8"><span class='ocrx_word' id='word_1_421' title='bbox 165 3971 323 4024; x_wconf 90' lang='lat' dir='ltr'><strong>Iianus</strong></span> <span class='ocrx_word' id='word_1_422' title='bbox 379 3972 474 4024; x_wconf 89' lang='lat' dir='ltr'><strong>lib.</strong></span> <span class='ocrx_word' id='word_1_423' title='bbox 521 3985 554 4024; x_wconf 90' lang='grc' dir='ltr'>ιι</span> <span class='ocrx_word' id='word_1_424' title='bbox 584 3980 764 4020; x_wconf 80' lang='lat' dir='ltr'><strong>contra</strong></span> <span class='ocrx_word' id='word_1_425' title='bbox 797 3966 1141 4028; x_wconf 82' lang='lat' dir='ltr'><strong>Marcionem,</strong></span> <span class='ocrx_word' id='word_1_426' title='bbox 1172 3980 1292 4031; x_wconf 87' lang='lat' dir='ltr'><strong>cap.</strong></span> <span class='ocrx_word' id='word_1_427' title='bbox 1322 3967 1380 4030; x_wconf 87' lang='lat'><strong>9,</strong></span> <span class='ocrx_word' id='word_1_428' title='bbox 1412 3965 1556 4019; x_wconf 87' lang='lat' dir='ltr'><strong>Sicut</strong></span> <span class='ocrx_word' id='word_1_429' title='bbox 1599 3968 1733 4018; x_wconf 88' lang='lat' dir='ltr'><strong>enim</strong></span> 
     </span>
    </p>
   </div>
   <div class='ocr_carea' id='block_1_83' title="bbox 159 4035 1730 4112">
    <p class='ocr_par' dir='ltr' id='par_1_83' title="bbox 159 4035 1730 4112">
     <span class='ocr_line' id='line_1_84' title="bbox 159 4035 1730 4112; baseline -0.003 -20"><span class='ocrx_word' id='word_1_430' title='bbox 159 4043 336 4112; x_wconf 81' lang='lat' dir='ltr'><strong>imago,</strong></span> <span class='ocrx_word' id='word_1_431' title='bbox 361 4058 476 4112; x_wconf 84' lang='lat' dir='ltr'><strong>cum</strong></span> <span class='ocrx_word' id='word_1_432' title='bbox 505 4055 677 4112; x_wconf 80' lang='lat' dir='ltr'><strong>omnes</strong></span> <span class='ocrx_word' id='word_1_433' title='bbox 713 4038 874 4089; x_wconf 83' lang='lat' dir='ltr'><strong>lineas</strong></span> <span class='ocrx_word' id='word_1_434' title='bbox 915 4036 1184 4112; x_wconf 74' lang='lat' dir='ltr'><strong>exprimat,</strong></span> <span class='ocrx_word' id='word_1_435' title='bbox 1216 4035 1444 4112; x_wconf 72' lang='lat' dir='ltr'><strong>veritatis</strong></span> <span class='ocrx_word' id='word_1_436' title='bbox 1487 4037 1533 4112; x_wconf 56' lang='lat' dir='ltr'><strong>ui</strong></span> <span class='ocrx_word' id='word_1_437' title='bbox 1563 4045 1730 4112; x_wconf 77' lang='lat' dir='ltr'><strong>tamen</strong></span> 
     </span>
    </p>
   </div>
   <div class='ocr_carea' id='block_1_84' title="bbox 161 4106 1728 4178">
    <p class='ocr_par' dir='ltr' id='par_1_84' title="bbox 161 4106 1728 4178">
     <span class='ocr_line' id='line_1_85' title="bbox 161 4106 1728 4178; baseline -0.002 -16"><span class='ocrx_word' id='word_1_438' title='bbox 161 4106 306 4178; x_wconf 59' lang='lat' dir='ltr'><strong>care&#39;t,</strong></span> <span class='ocrx_word' id='word_1_439' title='bbox 332 4129 432 4164; x_wconf 74' lang='lat' dir='ltr'><strong>non</strong></span> <span class='ocrx_word' id='word_1_440' title='bbox 459 4110 648 4162; x_wconf 80' lang='lat' dir='ltr'><strong>habens</strong></span> <span class='ocrx_word' id='word_1_441' title='bbox 676 4118 898 4160; x_wconf 87' lang='lat' dir='ltr'><strong>motum:</strong></span> <span class='ocrx_word' id='word_1_442' title='bbox 918 4107 987 4158; x_wconf 92' lang='lat' dir='ltr'><strong>ita</strong></span> <span class='ocrx_word' id='word_1_443' title='bbox 1015 4115 1060 4158; x_wconf 88' lang='lat' dir='ltr'><strong>et</strong></span> <span class='ocrx_word' id='word_1_444' title='bbox 1090 4108 1260 4178; x_wconf 84' lang='lat' dir='ltr'><strong>anima</strong></span> <span class='ocrx_word' id='word_1_445' title='bbox 1279 4106 1449 4178; x_wconf 80' lang='lat' dir='ltr'><strong>imago</strong></span> <span class='ocrx_word' id='word_1_446' title='bbox 1478 4107 1728 4178; x_wconf 76' lang='lat' dir='ltr'><strong>Spiritus,</strong></span> 
     </span>
    </p>
   </div>
   <div class='ocr_carea' id='block_1_85' title="bbox 162 4176 1733 4250">
    <p class='ocr_par' dir='ltr' id='par_1_85' title="bbox 162 4176 1733 4250">
     <span class='ocr_line' id='line_1_86' title="bbox 162 4176 1733 4250; baseline -0.002 -17"><span class='ocrx_word' id='word_1_447' title='bbox 162 4176 309 4233; x_wconf 81' lang='lat' dir='ltr'><strong>solam</strong></span> <span class='ocrx_word' id='word_1_448' title='bbox 334 4182 428 4234; x_wconf 79' lang='lat' dir='ltr'><strong>vim</strong></span> <span class='ocrx_word' id='word_1_449' title='bbox 456 4183 570 4250; x_wconf 80' lang='lat' dir='ltr'><strong>ejus</strong></span> <span class='ocrx_word' id='word_1_450' title='bbox 601 4179 881 4248; x_wconf 77' lang='lat' dir='ltr'><strong>exprimere</strong></span> <span class='ocrx_word' id='word_1_451' title='bbox 899 4192 1000 4229; x_wconf 85' lang='lat' dir='ltr'><strong>non</strong></span> <span class='ocrx_word' id='word_1_452' title='bbox 1033 4176 1208 4239; x_wconf 81' lang='lat' dir='ltr'><strong>valuit,</strong></span> <span class='ocrx_word' id='word_1_453' title='bbox 1233 4176 1287 4228; x_wconf 91' lang='lat' dir='ltr'><strong>id</strong></span> <span class='ocrx_word' id='word_1_454' title='bbox 1313 4186 1405 4241; x_wconf 88' lang='lat' dir='ltr'><strong>est,</strong></span> <span class='ocrx_word' id='word_1_455' title='bbox 1438 4192 1540 4230; x_wconf 88' lang='lat' dir='ltr'><strong>non</strong></span> <span class='ocrx_word' id='word_1_456' title='bbox 1567 4176 1733 4230; x_wconf 86' lang='lat' dir='ltr'><strong>delin-</strong></span> 
     </span>
    </p>
   </div>
   <div class='ocr_carea' id='block_1_86' title="bbox 162 4252 689 4321">
    <p class='ocr_par' dir='ltr' id='par_1_86' title="bbox 162 4252 689 4321">
     <span class='ocr_line' id='line_1_87' title="bbox 162 4252 689 4321; baseline 0.004 -19"><span class='ocrx_word' id='word_1_457' title='bbox 162 4252 336 4317; x_wconf 84' lang='lat' dir='ltr'><strong>quendi</strong></span> <span class='ocrx_word' id='word_1_458' title='bbox 368 4253 505 4321; x_wconf 80' lang='lat' dir='ltr'><strong>felici</strong></span> <span class='ocrx_word' id='word_1_459' title='bbox 511 4259 689 4321; x_wconf 80' lang='lat' dir='ltr'><strong>tatem.’</strong></span> 
     </span>
    </p>
   </div>
   <div class='ocr_carea' id='block_1_87' title="bbox 227 4317 1728 4386">
    <p class='ocr_par' dir='ltr' id='par_1_87' title="bbox 227 4317 1728 4386">
     <span class='ocr_line' id='line_1_88' title="bbox 227 4317 1728 4386; baseline -0.004 -11"><span class='ocrx_word' id='word_1_460' title='bbox 227 4321 339 4375; x_wconf 71' lang='lat'><strong>802.</strong></span> <span class='ocrx_word' id='word_1_461' title='bbox 368 4317 510 4376; x_wconf 77' lang='grc' dir='ltr'>Βυιι.</span> <span class='ocrx_word' id='word_1_462' title='bbox 536 4336 563 4372; x_wconf 92' lang='lat' dir='ltr'><strong>a</strong></span> <span class='ocrx_word' id='word_1_463' title='bbox 598 4320 763 4386; x_wconf 88' lang='lat' dir='ltr'><strong>pritna</strong></span> <span class='ocrx_word' id='word_1_464' title='bbox 793 4333 972 4382; x_wconf 87' lang='lat' dir='ltr'><strong>manu,</strong></span> <span class='ocrx_word' id='word_1_465' title='bbox 1005 4325 1059 4371; x_wconf 88' lang='lat' dir='ltr'><strong>et</strong></span> <span class='ocrx_word' id='word_1_466' title='bbox 1108 4317 1282 4381; x_wconf 93' lang='lat' dir='ltr'><strong>Sich.,</strong></span> <span class='ocrx_word' id='word_1_467' title='bbox 1313 4318 1453 4381; x_wconf 83' lang='lat' dir='ltr'><strong>quia.</strong></span> <span class='ocrx_word' id='word_1_468' title='bbox 1499 4317 1728 4386; x_wconf 77' lang='lat' dir='ltr'><strong>Reliqui,</strong></span> 
     </span>
    </p>
   </div>
   <div class='ocr_carea' id='block_1_88' title="bbox 164 4388 1734 4459">
    <p class='ocr_par' dir='ltr' id='par_1_88' title="bbox 164 4388 1734 4459">
     <span class='ocr_line' id='line_1_89' title="bbox 164 4388 1734 4459; baseline -0.001 -16"><span class='ocrx_word' id='word_1_469' title='bbox 164 4393 310 4459; x_wconf 82' lang='lat' dir='ltr'><strong>quod,</strong></span> <span class='ocrx_word' id='word_1_470' title='bbox 327 4395 512 4446; x_wconf 87' lang='lat' dir='ltr'><strong>eodem</strong></span> <span class='ocrx_word' id='word_1_471' title='bbox 527 4405 710 4444; x_wconf 87' lang='lat' dir='ltr'><strong>sensu.</strong></span> <span class='ocrx_word' id='word_1_472' title='bbox 738 4390 898 4443; x_wconf 88' lang='lat' dir='ltr'><strong>Poeta</strong></span> <span class='ocrx_word' id='word_1_473' title='bbox 916 4389 1225 4454; x_wconf 76' lang='lat' dir='ltr'><strong>imaginem,</strong></span> <span class='ocrx_word' id='word_1_474' title='bbox 1250 4397 1303 4442; x_wconf 90' lang='lat' dir='ltr'><strong>et</strong></span> <span class='ocrx_word' id='word_1_475' title='bbox 1330 4388 1734 4459; x_wconf 82' lang='lat' dir='ltr'><strong>similitudinem</strong></span> 
     </span>
    </p>
   </div>
   <div class='ocr_carea' id='block_1_89' title="bbox 167 4458 1732 4526">
    <p class='ocr_par' dir='ltr' id='par_1_89' title="bbox 167 4458 1732 4526">
     <span class='ocr_line' id='line_1_90' title="bbox 167 4458 1732 4526; baseline -0.003 -12"><span class='ocrx_word' id='word_1_476' title='bbox 167 4458 254 4515; x_wconf 85' lang='lat' dir='ltr'><strong>Dei</strong></span> <span class='ocrx_word' id='word_1_477' title='bbox 284 4463 534 4517; x_wconf 69' lang='lat' dir='ltr'><strong>inanima!</strong></span> <span class='ocrx_word' id='word_1_478' title='bbox 557 4469 753 4514; x_wconf 69' lang='lat' dir='ltr'><strong>nostra:</strong></span> <span class='ocrx_word' id='word_1_479' title='bbox 778 4460 1181 4513; x_wconf 88' lang='lat' dir='ltr'><strong>immortalitate</strong></span> <span class='ocrx_word' id='word_1_480' title='bbox 1206 4475 1274 4512; x_wconf 79' lang='lat' dir='ltr'><strong>ex</strong></span> <span class='ocrx_word' id='word_1_481' title='bbox 1311 4469 1457 4526; x_wconf 88' lang='lat' dir='ltr'><strong>parte</strong></span> <span class='ocrx_word' id='word_1_482' title='bbox 1485 4458 1732 4526; x_wconf 80' lang='lat' dir='ltr'><strong>collocat.</strong></span> 
     </span>
    </p>
   </div>
   <div class='ocr_carea' id='block_1_90' title="bbox 166 4523 1739 4596">
    <p class='ocr_par' dir='ltr' id='par_1_90' title="bbox 166 4523 1739 4596">
     <span class='ocr_line' id='line_1_91' title="bbox 166 4523 1739 4596; baseline -0.001 -12"><span class='ocrx_word' id='word_1_483' title='bbox 166 4531 378 4587; x_wconf 79' lang='lat' dir='ltr'><strong>Faustus</strong></span> <span class='ocrx_word' id='word_1_484' title='bbox 429 4530 698 4592; x_wconf 76' lang='lat' dir='ltr'><strong>Reiensis.</strong></span> <span class='ocrx_word' id='word_1_485' title='bbox 733 4531 826 4584; x_wconf 91' lang='lat' dir='ltr'><strong>lib.</strong></span> <span class='ocrx_word' id='word_1_486' title='bbox 856 4545 871 4583; x_wconf 93' lang='grc' dir='ltr'><strong>ι</strong></span> <span class='ocrx_word' id='word_1_487' title='bbox 901 4531 967 4583; x_wconf 93' lang='lat' dir='ltr'><strong>de</strong></span> <span class='ocrx_word' id='word_1_488' title='bbox 997 4529 1114 4582; x_wconf 89' lang='lat' dir='ltr'><strong>Lib.</strong></span> <span class='ocrx_word' id='word_1_489' title='bbox 1154 4523 1322 4590; x_wconf 41' lang='lat' dir='ltr'><strong>Arb.,_</strong></span> <span class='ocrx_word' id='word_1_490' title='bbox 1341 4543 1456 4596; x_wconf 86' lang='lat' dir='ltr'><strong>cap.</strong></span> <span class='ocrx_word' id='word_1_491' title='bbox 1491 4531 1512 4582; x_wconf 90' lang='grc'>1</span> <span class='ocrx_word' id='word_1_492' title='bbox 1553 4546 1565 4582; x_wconf 91' lang='lat'><strong>:</strong></span> <span class='ocrx_word' id='word_1_493' title='bbox 1602 4523 1739 4594; x_wconf 82' lang='lat' dir='ltr'><strong>Quid</strong></span> 
     </span>
    </p>
   </div>
   <div class='ocr_carea' id='block_1_91' title="bbox 165 4600 1739 4670">
    <p class='ocr_par' dir='ltr' id='par_1_91' title="bbox 165 4600 1739 4670">
     <span class='ocr_line' id='line_1_92' title="bbox 165 4600 1739 4670; baseline -0.001 -17"><span class='ocrx_word' id='word_1_494' title='bbox 165 4617 267 4654; x_wconf 78' lang='lat' dir='ltr'><strong>rem</strong></span> <span class='ocrx_word' id='word_1_495' title='bbox 291 4605 431 4656; x_wconf 84' lang='lat' dir='ltr'><strong>aliud</strong></span> <span class='ocrx_word' id='word_1_496' title='bbox 480 4601 866 4670; x_wconf 83' lang='lat' dir='ltr'><strong>intelligendum</strong></span> <span class='ocrx_word' id='word_1_497' title='bbox 914 4610 986 4652; x_wconf 90' lang='lat' dir='ltr'><strong>est</strong></span> <span class='ocrx_word' id='word_1_498' title='bbox 1017 4601 1168 4652; x_wconf 90' lang='lat' dir='ltr'><strong>etiam</strong></span> <span class='ocrx_word' id='word_1_499' title='bbox 1204 4601 1256 4652; x_wconf 88' lang='lat' dir='ltr'><strong>in</strong></span> <span class='ocrx_word' id='word_1_500' title='bbox 1278 4600 1410 4667; x_wconf 91' lang='lat' dir='ltr'><strong>ipsa,</strong></span> <span class='ocrx_word' id='word_1_501' title='bbox 1461 4615 1559 4667; x_wconf 66' lang='lat' dir='ltr'><strong>qua</strong></span> <span class='ocrx_word' id='word_1_502' title='bbox 1592 4600 1739 4652; x_wconf 85' lang='lat' dir='ltr'><strong>homo</strong></span> 
     </span>
    </p>
   </div>
   <div class='ocr_carea' id='block_1_92' title="bbox 165 4670 1742 4740">
    <p class='ocr_par' dir='ltr' id='par_1_92' title="bbox 165 4670 1742 4740">
     <span class='ocr_line' id='line_1_93' title="bbox 165 4670 1742 4740; baseline 0.001 -18"><span class='ocrx_word' id='word_1_503' title='bbox 165 4676 384 4727; x_wconf 80' lang='lat' dir='ltr'><strong>conditus</strong></span> <span class='ocrx_word' id='word_1_504' title='bbox 431 4682 526 4732; x_wconf 84' lang='lat' dir='ltr'><strong>est,</strong></span> <span class='ocrx_word' id='word_1_505' title='bbox 566 4671 658 4724; x_wconf 87' lang='lat' dir='ltr'><strong>Dei</strong></span> <span class='ocrx_word' id='word_1_506' title='bbox 691 4673 928 4740; x_wconf 86' lang='lat' dir='ltr'><strong>imagine,</strong></span> <span class='ocrx_word' id='word_1_507' title='bbox 978 4671 1077 4722; x_wconf 78' lang='lat' dir='ltr'><strong>nisi</strong></span> <span class='ocrx_word' id='word_1_508' title='bbox 1119 4671 1448 4740; x_wconf 16' lang='lat' dir='ltr'><strong>perennitaﬁtis</strong></span> <span class='ocrx_word' id='word_1_509' title='bbox 1505 4670 1742 4740; x_wconf 86' lang='lat' dir='ltr'><strong>insigne?</strong></span> 
     </span>
    </p>
   </div>
   <div class='ocr_carea' id='block_1_93' title="bbox 167 4739 1456 4810">
    <p class='ocr_par' dir='ltr' id='par_1_93' title="bbox 167 4739 1456 4810">
     <span class='ocr_line' id='line_1_94' title="bbox 167 4739 1456 4810; baseline -0.002 -16"><span class='ocrx_word' id='word_1_510' title='bbox 167 4743 302 4797; x_wconf 87' lang='lat' dir='ltr'><strong>Adde</strong></span> <span class='ocrx_word' id='word_1_511' title='bbox 329 4746 619 4799; x_wconf 72' lang='lat' dir='ltr'><strong>Maximum</strong></span> <span class='ocrx_word' id='word_1_512' title='bbox 654 4739 938 4810; x_wconf 85' lang='lat' dir='ltr'><strong>martyrem</strong></span> <span class='ocrx_word' id='word_1_513' title='bbox 965 4739 1187 4799; x_wconf 77' lang='lat' dir='ltr'><strong>ceut.5.</strong></span> <span class='ocrx_word' id='word_1_514' title='bbox 1213 4754 1332 4807; x_wconf 87' lang='lat' dir='ltr'><strong>cap.</strong></span> <span class='ocrx_word' id='word_1_515' title='bbox 1363 4739 1456 4792; x_wconf 71' lang='grc'><strong>25.</strong></span> 
     </span>
    </p>
   </div>
   <div class='ocr_carea' id='block_1_94' title="bbox 230 4809 1736 4878">
    <p class='ocr_par' dir='ltr' id='par_1_94' title="bbox 230 4809 1736 4878">
     <span class='ocr_line' id='line_1_95' title="bbox 230 4809 1736 4878; baseline 0 -13"><span class='ocrx_word' id='word_1_516' title='bbox 230 4816 345 4869; x_wconf 78' lang='grc'>805.</span> <span class='ocrx_word' id='word_1_517' title='bbox 376 4816 493 4867; x_wconf 85' lang='lat' dir='ltr'><strong>Vat.</strong></span> <span class='ocrx_word' id='word_1_518' title='bbox 521 4817 585 4872; x_wconf 79' lang='grc' dir='ltr'><strong>Α,</strong></span> <span class='ocrx_word' id='word_1_519' title='bbox 613 4828 711 4877; x_wconf 86' lang='lat' dir='ltr'><strong>quo</strong></span> <span class='ocrx_word' id='word_1_520' title='bbox 733 4809 1121 4878; x_wconf 74' lang='lat' dir='ltr'><strong>;rneliusquod.</strong></span> <span class='ocrx_word' id='word_1_521' title='bbox 1145 4813 1336 4865; x_wconf 87' lang='lat' dir='ltr'><strong>Sermo</strong></span> <span class='ocrx_word' id='word_1_522' title='bbox 1351 4819 1431 4864; x_wconf 88' lang='lat' dir='ltr'><strong>est</strong></span> <span class='ocrx_word' id='word_1_523' title='bbox 1449 4809 1515 4864; x_wconf 91' lang='lat' dir='ltr'><strong>de</strong></span> <span class='ocrx_word' id='word_1_524' title='bbox 1539 4811 1736 4866; x_wconf 89' lang='lat' dir='ltr'><strong>anima.</strong></span> 
     </span>
    </p>
   </div>
   <div class='ocr_carea' id='block_1_95' title="bbox 1752 3469 3415 3539">
    <p class='ocr_par' dir='ltr' id='par_1_95' title="bbox 1752 3469 3415 3539">
     <span class='ocr_line' id='line_1_96' title="bbox 1752 3469 3415 3539; baseline -0.002 -10"><span class='ocrx_word' id='word_1_525' title='bbox 1752 3476 1798 3539; x_wconf 90' lang='lat' dir='ltr'><strong>C</strong></span> <span class='ocrx_word' id='word_1_526' title='bbox 1830 3475 2081 3530; x_wconf 89' lang='lat' dir='ltr'><strong>Petavius</strong></span> <span class='ocrx_word' id='word_1_527' title='bbox 2112 3475 2204 3528; x_wconf 90' lang='lat' dir='ltr'><strong>lib.</strong></span> <span class='ocrx_word' id='word_1_528' title='bbox 2238 3491 2314 3539; x_wconf 87' lang='lat' dir='ltr'><strong>Ill,</strong></span> <span class='ocrx_word' id='word_1_529' title='bbox 2346 3489 2463 3539; x_wconf 90' lang='lat' dir='ltr'><strong>cap.</strong></span> <span class='ocrx_word' id='word_1_530' title='bbox 2510 3474 2566 3538; x_wconf 91' lang='lat'><strong>9,</strong></span> <span class='ocrx_word' id='word_1_531' title='bbox 2601 3485 2730 3528; x_wconf 90' lang='lat' dir='ltr'><strong>tom.</strong></span> <span class='ocrx_word' id='word_1_532' title='bbox 2775 3473 2814 3536; x_wconf 85' lang='lat' dir='ltr'><strong>I,</strong></span> <span class='ocrx_word' id='word_1_533' title='bbox 2841 3471 3005 3526; x_wconf 88' lang='lat' dir='ltr'><strong>multa</strong></span> <span class='ocrx_word' id='word_1_534' title='bbox 3033 3471 3087 3524; x_wconf 92' lang='lat' dir='ltr'><strong>in</strong></span> <span class='ocrx_word' id='word_1_535' title='bbox 3119 3469 3256 3524; x_wconf 89' lang='lat' dir='ltr'><strong>hanc</strong></span> <span class='ocrx_word' id='word_1_536' title='bbox 3289 3483 3415 3525; x_wconf 80' lang='lat' dir='ltr'><strong>sen-</strong></span> 
     </span>
    </p>
   </div>
   <div class='ocr_carea' id='block_1_96' title="bbox 1835 3540 3418 3613">
    <p class='ocr_par' dir='ltr' id='par_1_96' title="bbox 1835 3540 3418 3613">
     <span class='ocr_line' id='line_1_97' title="bbox 1835 3540 3418 3613; baseline -0.003 -13"><span class='ocrx_word' id='word_1_537' title='bbox 1835 3548 2051 3601; x_wconf 89' lang='lat' dir='ltr'><strong>tentiam</strong></span> <span class='ocrx_word' id='word_1_538' title='bbox 2094 3561 2409 3613; x_wconf 79' lang='lat' dir='ltr'><strong>cungcreus.</strong></span> <span class='ocrx_word' id='word_1_539' title='bbox 2442 3544 2509 3598; x_wconf 86' lang='lat' dir='ltr'><strong>Et</strong></span> <span class='ocrx_word' id='word_1_540' title='bbox 2541 3547 2898 3612; x_wconf 80' lang='lat' dir='ltr'><strong>pulcherrime,</strong></span> <span class='ocrx_word' id='word_1_541' title='bbox 2929 3542 3022 3607; x_wconf 87' lang='lat' dir='ltr'><strong>ait,</strong></span> <span class='ocrx_word' id='word_1_542' title='bbox 3054 3540 3369 3594; x_wconf 85' lang='lat' dir='ltr'><strong>Prudentius</strong></span> <span class='ocrx_word' id='word_1_543' title='bbox 3396 3556 3418 3596; x_wconf 84' lang='lat'><strong>.&#39;</strong></span> 
     </span>
    </p>
   </div>
   <div class='ocr_carea' id='block_1_97' title="bbox 1840 3617 2848 3685">
    <p class='ocr_par' dir='ltr' id='par_1_97' title="bbox 1840 3617 2848 3685">
     <span class='ocr_line' id='line_1_98' title="bbox 1840 3617 2848 3685; baseline -0.001 -16"><span class='ocrx_word' id='word_1_544' title='bbox 1840 3619 1905 3669; x_wconf 81' lang='lat' dir='ltr'><strong>At</strong></span> <span class='ocrx_word' id='word_1_545' title='bbox 1951 3617 2086 3670; x_wconf 85' lang='lat' dir='ltr'><strong>Deus</strong></span> <span class='ocrx_word' id='word_1_546' title='bbox 2113 3619 2306 3684; x_wconf 85' lang='lat' dir='ltr'><strong>ingens,</strong></span> <span class='ocrx_word' id='word_1_547' title='bbox 2339 3618 2501 3683; x_wconf 81' lang='lat' dir='ltr'><strong>Atque</strong></span> <span class='ocrx_word' id='word_1_548' title='bbox 2529 3620 2848 3685; x_wconf 83' lang='lat' dir='ltr'><strong>superfusus.</strong></span> 
     </span>
    </p>
   </div>
   <div class='ocr_carea' id='block_1_98' title="bbox 1913 3682 3414 3754">
    <p class='ocr_par' dir='ltr' id='par_1_98' title="bbox 1913 3682 3414 3754">
     <span class='ocr_line' id='line_1_99' title="bbox 1913 3682 3414 3754; baseline -0.003 -13"><span class='ocrx_word' id='word_1_549' title='bbox 1913 3687 2039 3741; x_wconf 80' lang='grc'>815.</span> <span class='ocrx_word' id='word_1_550' title='bbox 2091 3682 2340 3754; x_wconf 72' lang='lat' dir='ltr'><strong>Vegetius</strong></span> <span class='ocrx_word' id='word_1_551' title='bbox 2368 3682 2826 3748; x_wconf 79' lang='lat' dir='ltr'><strong>mensuraredisit,</strong></span> <span class='ocrx_word' id='word_1_552' title='bbox 2851 3683 3170 3738; x_wconf 88' lang='lat' dir='ltr'><strong>Claudianus</strong></span> <span class='ocrx_word' id='word_1_553' title='bbox 3197 3682 3414 3736; x_wconf 80' lang='lat' dir='ltr'><strong>Mamer-</strong></span> 
     </span>
    </p>
   </div>
   <div class='ocr_carea' id='block_1_99' title="bbox 1837 3754 3056 3818">
    <p class='ocr_par' dir='ltr' id='par_1_99' title="bbox 1837 3754 3056 3818">
     <span class='ocr_line' id='line_1_100' title="bbox 1837 3754 3056 3818; baseline -0.005 -6"><span class='ocrx_word' id='word_1_554' title='bbox 1837 3767 1919 3812; x_wconf 89' lang='lat' dir='ltr'><strong>lus</strong></span> <span class='ocrx_word' id='word_1_555' title='bbox 1946 3758 2298 3818; x_wconf 70' lang='lat' dir='ltr'><strong>mensurabile,</strong></span> <span class='ocrx_word' id='word_1_556' title='bbox 2317 3757 2597 3811; x_wconf 82' lang='lat' dir='ltr'><strong>Salvianus</strong></span> <span class='ocrx_word' id='word_1_557' title='bbox 2625 3754 3056 3808; x_wconf 83' lang='lat' dir='ltr'><strong>immensurabile.</strong></span> 
     </span>
    </p>
   </div>
   <div class='ocr_carea' id='block_1_100' title="bbox 1909 3825 3414 3893">
    <p class='ocr_par' dir='ltr' id='par_1_100' title="bbox 1909 3825 3414 3893">
     <span class='ocr_line' id='line_1_101' title="bbox 1909 3825 3414 3893; baseline -0.001 -12"><span class='ocrx_word' id='word_1_558' title='bbox 1909 3829 2035 3884; x_wconf 88' lang='lat' dir='ltr'><strong>8I9.</strong></span> <span class='ocrx_word' id='word_1_559' title='bbox 2070 3827 2331 3881; x_wconf 75' lang='lat' dir='ltr'><strong>Wt-itzius</strong></span> <span class='ocrx_word' id='word_1_560' title='bbox 2386 3827 2578 3893; x_wconf 80' lang='lat' dir='ltr'><strong>allegat</strong></span> <span class='ocrx_word' id='word_1_561' title='bbox 2633 3827 2704 3880; x_wconf 84' lang='lat' dir='ltr'><strong>M.</strong></span> <span class='ocrx_word' id='word_1_562' title='bbox 2761 3825 2916 3893; x_wconf 87' lang='lat' dir='ltr'><strong>Derg.</strong></span> <span class='ocrx_word' id='word_1_563' title='bbox 2951 3839 3044 3893; x_wconf 92' lang='lat' dir='ltr'><strong>pro</strong></span> <span class='ocrx_word' id='word_1_564' title='bbox 3080 3827 3329 3890; x_wconf 86' lang='lat' dir='ltr'><strong>peccanti.</strong></span> <span class='ocrx_word' id='word_1_565' title='bbox 3362 3827 3414 3880; x_wconf 84' lang='lat' dir='ltr'><strong>In</strong></span> 
     </span>
    </p>
   </div>
   <div class='ocr_carea' id='block_1_101' title="bbox 1836 3896 3420 3963">
    <p class='ocr_par' dir='ltr' id='par_1_101' title="bbox 1836 3896 3420 3963">
     <span class='ocr_line' id='line_1_102' title="bbox 1836 3896 3420 3963; baseline -0.001 -12"><span class='ocrx_word' id='word_1_566' title='bbox 1836 3899 2063 3962; x_wconf 61' lang='lat' dir='ltr'><strong>Caucln,</strong></span> <span class='ocrx_word' id='word_1_567' title='bbox 2101 3899 2304 3952; x_wconf 85' lang='lat' dir='ltr'><strong>Ilouon.</strong></span> <span class='ocrx_word' id='word_1_568' title='bbox 2352 3906 2407 3950; x_wconf 89' lang='lat' dir='ltr'><strong>et</strong></span> <span class='ocrx_word' id='word_1_569' title='bbox 2455 3897 2601 3958; x_wconf 83' lang='lat' dir='ltr'><strong>Rot..</strong></span> <span class='ocrx_word' id='word_1_570' title='bbox 2647 3897 2903 3963; x_wconf 86' lang='lat' dir='ltr'><strong>peccando</strong></span> <span class='ocrx_word' id='word_1_571' title='bbox 2939 3905 3122 3948; x_wconf 89' lang='lat' dir='ltr'><strong>natura</strong></span> <span class='ocrx_word' id='word_1_572' title='bbox 3145 3896 3239 3950; x_wconf 88' lang='lat' dir='ltr'><strong>luti</strong></span> <span class='ocrx_word' id='word_1_573' title='bbox 3265 3915 3281 3960; x_wconf 87' lang='lat'><strong><em>;</em></strong></span> <span class='ocrx_word' id='word_1_574' title='bbox 3312 3906 3420 3949; x_wconf 87' lang='lat' dir='ltr'><strong>tres</strong></span> 
     </span>
    </p>
   </div>
   <div class='ocr_carea' id='block_1_102' title="bbox 1836 3965 3423 4036">
    <p class='ocr_par' dir='ltr' id='par_1_102' title="bbox 1836 3965 3423 4036">
     <span class='ocr_line' id='line_1_103' title="bbox 1836 3965 3423 4036; baseline -0.004 -13"><span class='ocrx_word' id='word_1_575' title='bbox 1836 3969 1987 4029; x_wconf 87' lang='lat' dir='ltr'><strong>Tor.,</strong></span> <span class='ocrx_word' id='word_1_576' title='bbox 2018 3968 2272 4036; x_wconf 88' lang='lat' dir='ltr'><strong>peccando</strong></span> <span class='ocrx_word' id='word_1_577' title='bbox 2294 3975 2478 4020; x_wconf 85' lang='lat' dir='ltr'><strong>natura</strong></span> <span class='ocrx_word' id='word_1_578' title='bbox 2504 3967 2634 4021; x_wconf 88' lang='lat' dir='ltr'><strong>luto.</strong></span> <span class='ocrx_word' id='word_1_579' title='bbox 2675 3965 2940 4020; x_wconf 70' lang='lat' dir='ltr'><strong>Canchius</strong></span> <span class='ocrx_word' id='word_1_580' title='bbox 2969 3966 3244 4020; x_wconf 88' lang='lat' dir='ltr'><strong>contendit</strong></span> <span class='ocrx_word' id='word_1_581' title='bbox 3263 3968 3423 4020; x_wconf 87' lang='lat' dir='ltr'><strong>casti-</strong></span> 
     </span>
    </p>
   </div>
   <div class='ocr_carea' id='block_1_103' title="bbox 1838 4037 3455 4107">
    <p class='ocr_par' dir='ltr' id='par_1_103' title="bbox 1838 4037 3455 4107">
     <span class='ocr_line' id='line_1_104' title="bbox 1838 4037 3455 4107; baseline -0.001 -13"><span class='ocrx_word' id='word_1_582' title='bbox 1838 4040 2068 4107; x_wconf 76' lang='lat' dir='ltr'><strong>gandum</strong></span> <span class='ocrx_word' id='word_1_583' title='bbox 2117 4039 2309 4106; x_wconf 80' lang='lat' dir='ltr'><strong>peccati</strong></span> <span class='ocrx_word' id='word_1_584' title='bbox 2360 4048 2543 4090; x_wconf 86' lang='lat' dir='ltr'><strong>natura</strong></span> <span class='ocrx_word' id='word_1_585' title='bbox 2571 4039 2689 4102; x_wconf 88' lang='lat' dir='ltr'><strong>luti,</strong></span> <span class='ocrx_word' id='word_1_586' title='bbox 2733 4046 2790 4091; x_wconf 90' lang='lat' dir='ltr'><strong>ut</strong></span> <span class='ocrx_word' id='word_1_587' title='bbox 2832 4037 3028 4107; x_wconf 82' lang='lat' dir='ltr'><strong>peccati</strong></span> <span class='ocrx_word' id='word_1_588' title='bbox 3055 4037 3122 4089; x_wconf 90' lang='lat' dir='ltr'><strong>sit</strong></span> <span class='ocrx_word' id='word_1_589' title='bbox 3168 4037 3455 4101; x_wconf 64' lang='lat' dir='ltr'><strong>praeteriti</strong></span> 
     </span>
    </p>
   </div>
   <div class='ocr_carea' id='block_1_104' title="bbox 1845 4106 3421 4178">
    <p class='ocr_par' dir='ltr' id='par_1_104' title="bbox 1845 4106 3421 4178">
     <span class='ocr_line' id='line_1_105' title="bbox 1845 4106 3421 4178; baseline 0.001 -15"><span class='ocrx_word' id='word_1_590' title='bbox 1845 4106 2100 4178; x_wconf 84' lang='lat' dir='ltr'><strong>temporis</strong></span> <span class='ocrx_word' id='word_1_591' title='bbox 2147 4108 2502 4175; x_wconf 83' lang='lat' dir='ltr'><strong>participium,</strong></span> <span class='ocrx_word' id='word_1_592' title='bbox 2558 4112 2762 4175; x_wconf 85' lang='lat' dir='ltr'><strong>agentis</strong></span> <span class='ocrx_word' id='word_1_593' title='bbox 2817 4106 2965 4161; x_wconf 92' lang='lat' dir='ltr'><strong>verbi</strong></span> <span class='ocrx_word' id='word_1_594' title='bbox 3011 4107 3421 4176; x_wconf 86' lang='lat' dir='ltr'><strong>significatione.</strong></span> 
     </span>
    </p>
   </div>
   <div class='ocr_carea' id='block_1_105' title="bbox 1850 4178 3425 4249">
    <p class='ocr_par' dir='ltr' id='par_1_105' title="bbox 1850 4178 3425 4249">
     <span class='ocr_line' id='line_1_106' title="bbox 1850 4178 3425 4249; baseline -0.003 -15"><span class='ocrx_word' id='word_1_595' title='bbox 1850 4179 2175 4234; x_wconf 80' lang='lat' dir='ltr'><strong>Terentiano</strong></span> <span class='ocrx_word' id='word_1_596' title='bbox 2204 4179 2449 4246; x_wconf 76' lang='lat' dir='ltr'><strong>exetuplo</strong></span> <span class='ocrx_word' id='word_1_597' title='bbox 2477 4194 2540 4232; x_wconf 83' lang='lat' dir='ltr'><strong>ex</strong></span> <span class='ocrx_word' id='word_1_598' title='bbox 2593 4180 3053 4249; x_wconf 77' lang='lat' dir='ltr'><strong>llecyrazpeccato</strong></span> <span class='ocrx_word' id='word_1_599' title='bbox 3078 4178 3202 4231; x_wconf 86' lang='lat' dir='ltr'><strong>mihi</strong></span> <span class='ocrx_word' id='word_1_600' title='bbox 3232 4179 3425 4249; x_wconf 77' lang='lat' dir='ltr'><strong>ignosci</strong></span> 
     </span>
    </p>
   </div>
   <div class='ocr_carea' id='block_1_106' title="bbox 1843 4249 3427 4317">
    <p class='ocr_par' dir='ltr' id='par_1_106' title="bbox 1843 4249 3427 4317">
     <span class='ocr_line' id='line_1_107' title="bbox 1843 4249 3427 4317; baseline -0.001 -13"><span class='ocrx_word' id='word_1_601' title='bbox 1843 4266 2062 4317; x_wconf 73' lang='lat' dir='ltr'><strong>(Equum.</strong></span> <span class='ocrx_word' id='word_1_602' title='bbox 2105 4250 2243 4303; x_wconf 88' lang='lat' dir='ltr'><strong>Idem</strong></span> <span class='ocrx_word' id='word_1_603' title='bbox 2274 4249 2537 4303; x_wconf 84' lang='lat' dir='ltr'><strong>Cauchius</strong></span> <span class='ocrx_word' id='word_1_604' title='bbox 2567 4252 2724 4304; x_wconf 91' lang='lat' dir='ltr'><strong>aliam</strong></span> <span class='ocrx_word' id='word_1_605' title='bbox 2751 4249 3139 4302; x_wconf 86' lang='lat' dir='ltr'><strong>correctionem</strong></span> <span class='ocrx_word' id='word_1_606' title='bbox 3183 4249 3427 4317; x_wconf 78' lang='lat' dir='ltr'><strong>indigitat</strong></span> 
     </span>
    </p>
   </div>
   <div class='ocr_carea' id='block_1_107' title="bbox 1839 4320 3427 4390">
    <p class='ocr_par' dir='ltr' id='par_1_107' title="bbox 1839 4320 3427 4390">
     <span class='ocr_line' id='line_1_108' title="bbox 1839 4320 3427 4390; baseline 0 -18"><span class='ocrx_word' id='word_1_607' title='bbox 1839 4323 2092 4390; x_wconf 84' lang='lat' dir='ltr'><strong>peccantis</strong></span> <span class='ocrx_word' id='word_1_608' title='bbox 2123 4333 2309 4372; x_wconf 82' lang='lat' dir='ltr'><strong>natura</strong></span> <span class='ocrx_word' id='word_1_609' title='bbox 2338 4320 2448 4373; x_wconf 88' lang='lat' dir='ltr'><strong>luti.</strong></span> <span class='ocrx_word' id='word_1_610' title='bbox 2469 4320 2650 4375; x_wconf 84' lang='lat' dir='ltr'><strong>Lectio</strong></span> <span class='ocrx_word' id='word_1_611' title='bbox 2667 4321 2964 4374; x_wconf 89' lang='lat' dir='ltr'><strong>cnmmunis</strong></span> <span class='ocrx_word' id='word_1_612' title='bbox 2989 4333 3092 4372; x_wconf 92' lang='lat' dir='ltr'><strong>non</strong></span> <span class='ocrx_word' id='word_1_613' title='bbox 3111 4330 3197 4390; x_wconf 82' lang='lat' dir='ltr'><strong>est</strong></span> <span class='ocrx_word' id='word_1_614' title='bbox 3226 4320 3427 4390; x_wconf 71' lang='lat' dir='ltr'><strong>sollici—</strong></span> 
     </span>
    </p>
   </div>
   <div class='ocr_carea' id='block_1_108' title="bbox 1845 4389 3428 4460">
    <p class='ocr_par' dir='ltr' id='par_1_108' title="bbox 1845 4389 3428 4460">
     <span class='ocr_line' id='line_1_109' title="bbox 1845 4389 3428 4460; baseline -0.001 -15"><span class='ocrx_word' id='word_1_615' title='bbox 1845 4389 2023 4455; x_wconf 87' lang='lat' dir='ltr'><strong>tanda,</strong></span> <span class='ocrx_word' id='word_1_616' title='bbox 2061 4391 2215 4457; x_wconf 90' lang='lat' dir='ltr'><strong>cujus</strong></span> <span class='ocrx_word' id='word_1_617' title='bbox 2247 4400 2425 4445; x_wconf 88' lang='lat' dir='ltr'><strong>rectus</strong></span> <span class='ocrx_word' id='word_1_618' title='bbox 2447 4404 2521 4444; x_wconf 90' lang='lat' dir='ltr'><strong>est</strong></span> <span class='ocrx_word' id='word_1_619' title='bbox 2550 4406 2762 4454; x_wconf 90' lang='lat' dir='ltr'><strong>sensus,</strong></span> <span class='ocrx_word' id='word_1_620' title='bbox 2793 4391 2847 4460; x_wconf 84' lang='lat' dir='ltr'><strong>fit</strong></span> <span class='ocrx_word' id='word_1_621' title='bbox 2877 4391 3036 4443; x_wconf 75' lang='lat' dir='ltr'><strong>mixta</strong></span> <span class='ocrx_word' id='word_1_622' title='bbox 3084 4389 3266 4443; x_wconf 85' lang='lat' dir='ltr'><strong>deinde</strong></span> <span class='ocrx_word' id='word_1_623' title='bbox 3297 4389 3428 4444; x_wconf 84' lang='lat' dir='ltr'><strong>Pec-</strong></span> 
     </span>
    </p>
   </div>
   <div class='ocr_carea' id='block_1_109' title="bbox 1843 4461 3427 4530">
    <p class='ocr_par' dir='ltr' id='par_1_109' title="bbox 1843 4461 3427 4530">
     <span class='ocr_line' id='line_1_110' title="bbox 1843 4461 3427 4530; baseline -0.001 -17"><span class='ocrx_word' id='word_1_624' title='bbox 1843 4462 1993 4514; x_wconf 87' lang='lat' dir='ltr'><strong>candi</strong></span> <span class='ocrx_word' id='word_1_625' title='bbox 2022 4473 2209 4515; x_wconf 87' lang='lat' dir='ltr'><strong>natura</strong></span> <span class='ocrx_word' id='word_1_626' title='bbox 2236 4463 2344 4514; x_wconf 88' lang='lat' dir='ltr'><strong>tuto</strong></span> <span class='ocrx_word' id='word_1_627' title='bbox 2375 4479 2487 4516; x_wconf 86' lang='lat' dir='ltr'><strong>cum</strong></span> <span class='ocrx_word' id='word_1_628' title='bbox 2527 4463 2759 4530; x_wconf 82' lang='lat' dir='ltr'><strong>simplice</strong></span> <span class='ocrx_word' id='word_1_629' title='bbox 2783 4463 2910 4530; x_wconf 87' lang='lat' dir='ltr'><strong>flatu</strong></span> <span class='ocrx_word' id='word_1_630' title='bbox 2935 4476 2954 4515; x_wconf 90' lang='lat'><strong><em>:</em></strong></span> <span class='ocrx_word' id='word_1_631' title='bbox 2978 4461 3182 4515; x_wconf 78' lang='lat' dir='ltr'><strong>scilicet</strong></span> <span class='ocrx_word' id='word_1_632' title='bbox 3211 4476 3274 4514; x_wconf 83' lang='lat' dir='ltr'><strong>ex</strong></span> <span class='ocrx_word' id='word_1_633' title='bbox 3303 4475 3427 4513; x_wconf 91' lang='lat' dir='ltr'><strong>con-</strong></span> 
     </span>
    </p>
   </div>
   <div class='ocr_carea' id='block_1_110' title="bbox 1839 4530 3423 4601">
    <p class='ocr_par' dir='ltr' id='par_1_110' title="bbox 1839 4530 3423 4601">
     <span class='ocr_line' id='line_1_111' title="bbox 1839 4530 3423 4601; baseline -0.001 -18"><span class='ocrx_word' id='word_1_634' title='bbox 1839 4533 2116 4600; x_wconf 85' lang='lat' dir='ltr'><strong>junctione</strong></span> <span class='ocrx_word' id='word_1_635' title='bbox 2167 4533 2356 4586; x_wconf 75' lang='lat' dir='ltr'><strong>animm</strong></span> <span class='ocrx_word' id='word_1_636' title='bbox 2405 4541 2460 4587; x_wconf 89' lang='lat' dir='ltr'><strong>et</strong></span> <span class='ocrx_word' id='word_1_637' title='bbox 2511 4535 2754 4601; x_wconf 91' lang='lat' dir='ltr'><strong>corporis</strong></span> <span class='ocrx_word' id='word_1_638' title='bbox 2810 4530 3172 4601; x_wconf 58' lang='lat' dir='ltr'><strong>Iityeccatidi</strong></span> <span class='ocrx_word' id='word_1_639' title='bbox 3215 4539 3423 4601; x_wconf 85' lang='lat' dir='ltr'><strong>natura.</strong></span> 
     </span>
    </p>
   </div>
   <div class='ocr_carea' id='block_1_111' title="bbox 1845 4599 3426 4671">
    <p class='ocr_par' dir='ltr' id='par_1_111' title="bbox 1845 4599 3426 4671">
     <span class='ocr_line' id='line_1_112' title="bbox 1845 4599 3426 4671; baseline -0.003 -16"><span class='ocrx_word' id='word_1_640' title='bbox 1845 4599 2009 4656; x_wconf 81' lang='lat' dir='ltr'><strong>mixta</strong></span> <span class='ocrx_word' id='word_1_641' title='bbox 2029 4619 2092 4656; x_wconf 84' lang='lat' dir='ltr'><strong>ex</strong></span> <span class='ocrx_word' id='word_1_642' title='bbox 2121 4603 2230 4656; x_wconf 89' lang='lat' dir='ltr'><strong>luto</strong></span> <span class='ocrx_word' id='word_1_643' title='bbox 2252 4611 2306 4656; x_wconf 89' lang='lat' dir='ltr'><strong>et</strong></span> <span class='ocrx_word' id='word_1_644' title='bbox 2334 4603 2578 4668; x_wconf 84' lang='lat' dir='ltr'><strong>simplice</strong></span> <span class='ocrx_word' id='word_1_645' title='bbox 2608 4599 2798 4671; x_wconf 83' lang='lat' dir='ltr'><strong>spiritu</strong></span> <span class='ocrx_word' id='word_1_646' title='bbox 2819 4619 2830 4654; x_wconf 86' lang='lat'><strong>:</strong></span> <span class='ocrx_word' id='word_1_647' title='bbox 2852 4600 2901 4654; x_wconf 91' lang='lat' dir='ltr'><strong>id</strong></span> <span class='ocrx_word' id='word_1_648' title='bbox 2955 4600 3095 4653; x_wconf 91' lang='lat' dir='ltr'><strong>enim</strong></span> <span class='ocrx_word' id='word_1_649' title='bbox 3141 4608 3222 4652; x_wconf 90' lang='lat' dir='ltr'><strong>est</strong></span> <span class='ocrx_word' id='word_1_650' title='bbox 3264 4599 3426 4650; x_wconf 80' lang='lat' dir='ltr'><strong>mixta</strong></span> 
     </span>
    </p>
   </div>
   <div class='ocr_carea' id='block_1_112' title="bbox 1846 4673 3422 4742">
    <p class='ocr_par' dir='ltr' id='par_1_112' title="bbox 1846 4673 3422 4742">
     <span class='ocr_line' id='line_1_113' title="bbox 1846 4673 3422 4742; baseline -0.003 -16"><span class='ocrx_word' id='word_1_651' title='bbox 1846 4673 1952 4726; x_wconf 87' lang='lat' dir='ltr'><strong>luto</strong></span> <span class='ocrx_word' id='word_1_652' title='bbox 1999 4691 2111 4726; x_wconf 83' lang='lat' dir='ltr'><strong>cum</strong></span> <span class='ocrx_word' id='word_1_653' title='bbox 2163 4674 2390 4742; x_wconf 77' lang='lat' dir='ltr'><strong>simplice</strong></span> <span class='ocrx_word' id='word_1_654' title='bbox 2423 4676 2574 4742; x_wconf 83' lang='lat' dir='ltr'><strong>flatu.</strong></span> <span class='ocrx_word' id='word_1_655' title='bbox 2626 4674 2709 4727; x_wconf 90' lang='lat' dir='ltr'><strong>Iso</strong></span> <span class='ocrx_word' id='word_1_656' title='bbox 2751 4673 3131 4740; x_wconf 87' lang='lat' dir='ltr'><strong>interpretatur</strong></span> <span class='ocrx_word' id='word_1_657' title='bbox 3158 4683 3422 4734; x_wconf 70' lang='lat' dir='ltr'><strong>sumen,</strong></span> 
     </span>
    </p>
   </div>
   <div class='ocr_carea' id='block_1_113' title="bbox 1849 4744 2754 4812">
    <p class='ocr_par' dir='ltr' id='par_1_113' title="bbox 1849 4744 2754 4812">
     <span class='ocr_line' id='line_1_114' title="bbox 1849 4744 2754 4812; baseline -0.001 -16"><span class='ocrx_word' id='word_1_658' title='bbox 1849 4745 1958 4797; x_wconf 90' lang='lat' dir='ltr'><strong>sine</strong></span> <span class='ocrx_word' id='word_1_659' title='bbox 1987 4752 2216 4811; x_wconf 88' lang='lat' dir='ltr'><strong>peccato,</strong></span> <span class='ocrx_word' id='word_1_660' title='bbox 2257 4745 2397 4810; x_wconf 87' lang='lat' dir='ltr'><strong>quod</strong></span> <span class='ocrx_word' id='word_1_661' title='bbox 2424 4759 2526 4795; x_wconf 90' lang='lat' dir='ltr'><strong>non</strong></span> <span class='ocrx_word' id='word_1_662' title='bbox 2562 4744 2754 4812; x_wconf 89' lang='lat' dir='ltr'><strong>probo.</strong></span> 
     </span>
    </p>
   </div>
   <div class='ocr_carea' id='block_1_114' title="bbox 1918 4806 3425 4877">
    <p class='ocr_par' dir='ltr' id='par_1_114' title="bbox 1918 4806 3425 4877">
     <span class='ocr_line' id='line_1_115' title="bbox 1918 4806 3425 4877; baseline -0.005 -9"><span class='ocrx_word' id='word_1_663' title='bbox 1918 4806 2044 4868; x_wconf 55' lang='lat'><strong>82&quot;).</strong></span> <span class='ocrx_word' id='word_1_664' title='bbox 2081 4814 2163 4867; x_wconf 91' lang='lat' dir='ltr'><strong>Iso</strong></span> <span class='ocrx_word' id='word_1_665' title='bbox 2193 4806 2348 4865; x_wconf 85' lang='lat' dir='ltr'><strong>oblita</strong></span> <span class='ocrx_word' id='word_1_666' title='bbox 2376 4806 2924 4877; x_wconf 41' lang='lat' dir='ltr'><strong>reddit-circumdata;</strong></span> <span class='ocrx_word' id='word_1_667' title='bbox 2954 4808 3138 4864; x_wconf 88' lang='lat' dir='ltr'><strong>melius</strong></span> <span class='ocrx_word' id='word_1_668' title='bbox 3168 4806 3425 4863; x_wconf 89' lang='lat' dir='ltr'><strong>maculata</strong></span> 
     </span>
    </p>
   </div>
   <div class='ocr_carea' id='block_1_115' title="bbox 229 4855 2126 4949">
    <p class='ocr_par' dir='ltr' id='par_1_115' title="bbox 229 4855 2126 4949">
     <span class='ocr_line' id='line_1_116' title="bbox 229 4855 2126 4949; baseline -0.001 -13"><span class='ocrx_word' id='word_1_669' title='bbox 229 4855 510 4948; x_wconf 30' lang='lat'><strong>804186.,</strong></span> <span class='ocrx_word' id='word_1_670' title='bbox 569 4855 756 4944; x_wconf 46' lang='lat' dir='ltr'><strong>initat’;</strong></span> <span class='ocrx_word' id='word_1_671' title='bbox 787 4880 850 4934; x_wconf 88' lang='lat' dir='ltr'><strong>ad</strong></span> <span class='ocrx_word' id='word_1_672' title='bbox 883 4855 1052 4945; x_wconf 39' lang='lat' dir='ltr'><strong>orawm,</strong></span> <span class='ocrx_word' id='word_1_673' title='bbox 1092 4855 1228 4949; x_wconf 69' lang='grc' dir='ltr'><strong>ξηῖῑι.</strong></span> <span class='ocrx_word' id='word_1_674' title='bbox 1259 4881 1332 4934; x_wconf 87' lang='lat' dir='ltr'><strong>Ita</strong></span> <span class='ocrx_word' id='word_1_675' title='bbox 1353 4855 1738 4935; x_wconf 42' lang='lat' dir='ltr'><strong>IsoTCiia-niiis</strong></span> <span class='ocrx_word' id='word_1_676' title='bbox 1770 4855 1821 4914; x_wconf 82' lang='lat' dir='ltr'><strong>D</strong></span> <span class='ocrx_word' id='word_1_677' title='bbox 1846 4855 2126 4938; x_wconf 30' lang='lat' dir='ltr'><strong>abido-oliuo:</strong></span> 
     </span>
    </p>
   </div>
   <div class='ocr_carea' id='block_1_116' title="bbox 169 4951 1731 5022">
    <p class='ocr_par' dir='ltr' id='par_1_116' title="bbox 169 4951 1731 5022">
     <span class='ocr_line' id='line_1_117' title="bbox 169 4951 1731 5022; baseline 0.001 -18"><span class='ocrx_word' id='word_1_678' title='bbox 169 4953 323 5012; x_wconf 44' lang='lat' dir='ltr'><strong>Iudae.</strong></span> <span class='ocrx_word' id='word_1_679' title='bbox 355 4957 512 5008; x_wconf 88' lang='lat' dir='ltr'><strong>Lucr.</strong></span> <span class='ocrx_word' id='word_1_680' title='bbox 548 4953 675 5022; x_wconf 87' lang='lat' dir='ltr'><strong>legit</strong></span> <span class='ocrx_word' id='word_1_681' title='bbox 721 4967 785 5005; x_wconf 80' lang='lat' dir='ltr'><strong>ex</strong></span> <span class='ocrx_word' id='word_1_682' title='bbox 814 4962 919 5005; x_wconf 91' lang='lat' dir='ltr'><strong>vet.</strong></span> <span class='ocrx_word' id='word_1_683' title='bbox 953 4953 1074 5005; x_wconf 90' lang='lat' dir='ltr'><strong>cod.</strong></span> <span class='ocrx_word' id='word_1_684' title='bbox 1125 4951 1376 5004; x_wconf 73' lang='lat' dir='ltr'><strong>auter-idet</strong></span> <span class='ocrx_word' id='word_1_685' title='bbox 1425 4951 1731 5019; x_wconf 86' lang='lat' dir='ltr'><strong>conjuncte,</strong></span> 
     </span>
    </p>
   </div>
   <div class='ocr_carea' id='block_1_117' title="bbox 165 5026 514 5094">
    <p class='ocr_par' dir='ltr' id='par_1_117' title="bbox 165 5026 514 5094">
     <span class='ocr_line' id='line_1_118' title="bbox 165 5026 514 5094; baseline 0.003 -18"><span class='ocrx_word' id='word_1_686' title='bbox 165 5026 292 5093; x_wconf 82' lang='lat' dir='ltr'><strong>quu&#39;d</strong></span> <span class='ocrx_word' id='word_1_687' title='bbox 323 5027 514 5094; x_wconf 86' lang='lat' dir='ltr'><strong>placet.</strong></span> 
     </span>
    </p>
   </div>
   <div class='ocr_carea' id='block_1_118' title="bbox 229 5090 1732 5160">
    <p class='ocr_par' dir='ltr' id='par_1_118' title="bbox 229 5090 1732 5160">
     <span class='ocr_line' id='line_1_119' title="bbox 229 5090 1732 5160; baseline -0.001 -12"><span class='ocrx_word' id='word_1_688' title='bbox 229 5090 348 5149; x_wconf 59' lang='grc'>805⁷.</span> <span class='ocrx_word' id='word_1_689' title='bbox 406 5094 667 5150; x_wconf 80' lang='lat' dir='ltr'><strong>Weitz&#39;us</strong></span> <span class='ocrx_word' id='word_1_690' title='bbox 721 5091 922 5144; x_wconf 87' lang='lat' dir='ltr'><strong>invenit</strong></span> <span class='ocrx_word' id='word_1_691' title='bbox 967 5091 1020 5144; x_wconf 91' lang='lat' dir='ltr'><strong>in</strong></span> <span class='ocrx_word' id='word_1_692' title='bbox 1072 5090 1298 5159; x_wconf 83' lang='lat' dir='ltr'><strong>vulgatis</strong></span> <span class='ocrx_word' id='word_1_693' title='bbox 1327 5092 1508 5146; x_wconf 89' lang='lat' dir='ltr'><strong>nescio</strong></span> <span class='ocrx_word' id='word_1_694' title='bbox 1537 5090 1732 5160; x_wconf 90' lang='lat' dir='ltr'><strong>quibus</strong></span> 
     </span>
    </p>
   </div>
   <div class='ocr_carea' id='block_1_119' title="bbox 165 5177 894 5237">
    <p class='ocr_par' dir='ltr' id='par_1_119' title="bbox 165 5177 894 5237">
     <span class='ocr_line' id='line_1_120' title="bbox 165 5177 894 5237; baseline -0.001 -23"><span class='ocrx_word' id='word_1_695' title='bbox 165 5181 423 5237; x_wconf 78' lang='lat' dir='ltr'><strong>rerumque</strong></span> <span class='ocrx_word' id='word_1_696' title='bbox 449 5181 546 5236; x_wconf 91' lang='lat' dir='ltr'><strong>pro</strong></span> <span class='ocrx_word' id='word_1_697' title='bbox 580 5177 894 5237; x_wconf 74' lang='lat' dir='ltr'><strong>morumque.</strong></span> 
     </span>
    </p>
   </div>
   <div class='ocr_carea' id='block_1_120' title="bbox 228 5231 1734 5302">
    <p class='ocr_par' dir='ltr' id='par_1_120' title="bbox 228 5231 1734 5302">
     <span class='ocr_line' id='line_1_121' title="bbox 228 5231 1734 5302; baseline -0.003 -12"><span class='ocrx_word' id='word_1_698' title='bbox 228 5231 348 5292; x_wconf 56' lang='lat'><strong>8061</strong></span> <span class='ocrx_word' id='word_1_699' title='bbox 381 5231 463 5292; x_wconf 78' lang='lat' dir='ltr'><strong>De</strong></span> <span class='ocrx_word' id='word_1_700' title='bbox 489 5236 685 5292; x_wconf 86' lang='lat' dir='ltr'><strong>mentis</strong></span> <span class='ocrx_word' id='word_1_701' title='bbox 715 5233 997 5287; x_wconf 86' lang='lat' dir='ltr'><strong>velocitate</strong></span> <span class='ocrx_word' id='word_1_702' title='bbox 1029 5231 1225 5301; x_wconf 86' lang='lat' dir='ltr'><strong>passim</strong></span> <span class='ocrx_word' id='word_1_703' title='bbox 1249 5240 1520 5298; x_wconf 88' lang='lat' dir='ltr'><strong>auctores,</strong></span> <span class='ocrx_word' id='word_1_704' title='bbox 1544 5241 1598 5287; x_wconf 87' lang='lat' dir='ltr'><strong>et</strong></span> <span class='ocrx_word' id='word_1_705' title='bbox 1621 5232 1734 5302; x_wconf 86' lang='lat' dir='ltr'><strong>plu-</strong></span> 
     </span>
    </p>
   </div>
   <div class='ocr_carea' id='block_1_121' title="bbox 165 5320 430 5362">
    <p class='ocr_par' dir='ltr' id='par_1_121' title="bbox 165 5320 430 5362">
     <span class='ocr_line' id='line_1_122' title="bbox 165 5320 430 5362; baseline -0.004 0"><span class='ocrx_word' id='word_1_706' title='bbox 165 5320 213 5356; x_wconf 71' lang='grc' dir='ltr'><strong>Γέὶ</strong></span> <span class='ocrx_word' id='word_1_707' title='bbox 247 5321 430 5362; x_wconf 69' lang='grc' dir='ltr'>00431εὲ.</span> 
     </span>
    </p>
   </div>
   <div class='ocr_carea' id='block_1_122' title="bbox 229 5322 1735 5445">
    <p class='ocr_par' dir='ltr' id='par_1_122' title="bbox 229 5322 1735 5445">
     <span class='ocr_line' id='line_1_123' title="bbox 229 5322 1735 5445; baseline -0.002 -14"><span class='ocrx_word' id='word_1_708' title='bbox 229 5322 494 5434; x_wconf 56' lang='lat' dir='ltr'><strong>8P0)7e.lﬁaec</strong></span> <span class='ocrx_word' id='word_1_709' title='bbox 515 5393 616 5432; x_wconf 80' lang='lat' dir='ltr'><strong>vos</strong></span> <span class='ocrx_word' id='word_1_710' title='bbox 651 5377 817 5445; x_wconf 79' lang='lat' dir='ltr'><strong>effigia</strong></span> <span class='ocrx_word' id='word_1_711' title='bbox 833 5374 1121 5443; x_wconf 79' lang='lat' dir='ltr'><strong>explanata</strong></span> <span class='ocrx_word' id='word_1_712' title='bbox 1140 5381 1222 5428; x_wconf 84' lang='lat' dir='ltr'><strong>est</strong></span> <span class='ocrx_word' id='word_1_713' title='bbox 1249 5372 1446 5444; x_wconf 89' lang='lat' dir='ltr'><strong>hymno</strong></span> <span class='ocrx_word' id='word_1_714' title='bbox 1464 5373 1528 5427; x_wconf 89' lang='lat' dir='ltr'><strong>I0</strong></span> <span class='ocrx_word' id='word_1_715' title='bbox 1557 5373 1735 5438; x_wconf 88' lang='lat' dir='ltr'><strong>Cath.,</strong></span> 
     </span>
    </p>
   </div>
   <div class='ocr_carea' id='block_1_123' title="bbox 168 5452 378 5505">
    <p class='ocr_par' dir='ltr' id='par_1_123' title="bbox 168 5452 378 5505">
     <span class='ocr_line' id='line_1_124' title="bbox 168 5452 378 5505; baseline 0.029 -11"><span class='ocrx_word' id='word_1_716' title='bbox 168 5458 302 5500; x_wconf 75' lang='lat' dir='ltr'><strong>vers.</strong></span> <span class='ocrx_word' id='word_1_717' title='bbox 324 5452 378 5505; x_wconf 69' lang='grc'>4.</span> 
     </span>
    </p>
   </div>
   <div class='ocr_carea' id='block_1_124' title="bbox 231 5514 1736 5589">
    <p class='ocr_par' dir='ltr' id='par_1_124' title="bbox 231 5514 1736 5589">
     <span class='ocr_line' id='line_1_125' title="bbox 231 5514 1736 5589; baseline 0.001 -19"><span class='ocrx_word' id='word_1_718' title='bbox 231 5519 348 5573; x_wconf 84' lang='grc'>808.</span> <span class='ocrx_word' id='word_1_719' title='bbox 386 5520 541 5589; x_wconf 82' lang='lat' dir='ltr'><strong>Egm.</strong></span> <span class='ocrx_word' id='word_1_720' title='bbox 575 5530 627 5574; x_wconf 88' lang='lat' dir='ltr'><strong>et</strong></span> <span class='ocrx_word' id='word_1_721' title='bbox 658 5516 796 5583; x_wconf 84' lang='lat' dir='ltr'><strong>PaL,</strong></span> <span class='ocrx_word' id='word_1_722' title='bbox 849 5523 1126 5588; x_wconf 81' lang='lat' dir='ltr'><strong>sumptam,</strong></span> <span class='ocrx_word' id='word_1_723' title='bbox 1158 5529 1265 5570; x_wconf 91' lang='lat' dir='ltr'><strong>non</strong></span> <span class='ocrx_word' id='word_1_724' title='bbox 1299 5514 1452 5570; x_wconf 89' lang='lat' dir='ltr'><strong>video</strong></span> <span class='ocrx_word' id='word_1_725' title='bbox 1481 5529 1587 5585; x_wconf 91' lang='lat' dir='ltr'><strong>quo</strong></span> <span class='ocrx_word' id='word_1_726' title='bbox 1610 5529 1736 5571; x_wconf 90' lang='lat' dir='ltr'><strong>sen-</strong></span> 
     </span>
    </p>
   </div>
   <div class='ocr_carea' id='block_1_125' title="bbox 170 5593 684 5662">
    <p class='ocr_par' dir='ltr' id='par_1_125' title="bbox 170 5593 684 5662">
     <span class='ocr_line' id='line_1_126' title="bbox 170 5593 684 5662; baseline 0 -18"><span class='ocrx_word' id='word_1_727' title='bbox 170 5593 218 5638; x_wconf 77' lang='grc' dir='ltr'>ιιι</span> <span class='ocrx_word' id='word_1_728' title='bbox 238 5603 340 5662; x_wconf 67' lang='lat' dir='ltr'><strong>pro</strong></span> <span class='ocrx_word' id='word_1_729' title='bbox 367 5600 684 5662; x_wconf 87' lang='lat' dir='ltr'><strong>promptum.</strong></span> 
     </span>
    </p>
   </div>
   <div class='ocr_carea' id='block_1_126' title="bbox 234 5659 895 5730">
    <p class='ocr_par' dir='ltr' id='par_1_126' title="bbox 234 5659 895 5730">
     <span class='ocr_line' id='line_1_127' title="bbox 234 5659 895 5730; baseline 0.005 -19"><span class='ocrx_word' id='word_1_730' title='bbox 234 5659 568 5730; x_wconf 29' lang='lat' dir='ltr'><strong>809.‘Prag.,</strong></span> <span class='ocrx_word' id='word_1_731' title='bbox 610 5677 667 5714; x_wconf 85' lang='lat' dir='ltr'><strong>ac</strong></span> <span class='ocrx_word' id='word_1_732' title='bbox 698 5675 795 5724; x_wconf 91' lang='lat' dir='ltr'><strong>pro</strong></span> <span class='ocrx_word' id='word_1_733' title='bbox 823 5669 895 5714; x_wconf 89' lang='lat' dir='ltr'><strong>at.</strong></span> 
     </span>
    </p>
   </div>
   <div class='ocr_carea' id='block_1_127' title="bbox 230 5726 1735 5797">
    <p class='ocr_par' dir='ltr' id='par_1_127' title="bbox 230 5726 1735 5797">
     <span class='ocr_line' id='line_1_128' title="bbox 230 5726 1735 5797; baseline 0.004 -17"><span class='ocrx_word' id='word_1_734' title='bbox 230 5726 352 5782; x_wconf 86' lang='lat' dir='ltr'><strong>8t0.</strong></span> <span class='ocrx_word' id='word_1_735' title='bbox 380 5726 614 5786; x_wconf 75' lang='lat' dir='ltr'><strong>Consule</strong></span> <span class='ocrx_word' id='word_1_736' title='bbox 655 5730 987 5795; x_wconf 84' lang='lat' dir='ltr'><strong>Wowerum,</strong></span> <span class='ocrx_word' id='word_1_737' title='bbox 1019 5729 1320 5797; x_wconf 78' lang='lat' dir='ltr'><strong>Ouzelium,</strong></span> <span class='ocrx_word' id='word_1_738' title='bbox 1353 5729 1638 5784; x_wconf 82' lang='lat' dir='ltr'><strong>Meursium</strong></span> <span class='ocrx_word' id='word_1_739' title='bbox 1670 5732 1735 5786; x_wconf 93' lang='lat' dir='ltr'><strong>ad</strong></span> 
     </span>
    </p>
   </div>
   <div class='ocr_carea' id='block_1_128' title="bbox 169 5793 1730 5872">
    <p class='ocr_par' dir='ltr' id='par_1_128' title="bbox 169 5793 1730 5872">
     <span class='ocr_line' id='line_1_129' title="bbox 169 5793 1730 5872; baseline 0.001 -19"><span class='ocrx_word' id='word_1_740' title='bbox 169 5793 372 5856; x_wconf 74' lang='lat' dir='ltr'><strong>Minucii</strong></span> <span class='ocrx_word' id='word_1_741' title='bbox 412 5803 596 5871; x_wconf 84' lang='lat' dir='ltr'><strong>verba,</strong></span> <span class='ocrx_word' id='word_1_742' title='bbox 632 5817 750 5872; x_wconf 79' lang='lat' dir='ltr'><strong>qua:</strong></span> <span class='ocrx_word' id='word_1_743' title='bbox 781 5793 1007 5872; x_wconf 76' lang='lat' dir='ltr'><strong>ascripsi</strong></span> <span class='ocrx_word' id='word_1_744' title='bbox 1037 5803 1090 5858; x_wconf 92' lang='lat' dir='ltr'><strong>in</strong></span> <span class='ocrx_word' id='word_1_745' title='bbox 1115 5812 1236 5860; x_wconf 88' lang='lat' dir='ltr'><strong>nota</strong></span> <span class='ocrx_word' id='word_1_746' title='bbox 1266 5793 1409 5858; x_wconf 83' lang='lat' dir='ltr'><strong>vers.</strong></span> <span class='ocrx_word' id='word_1_747' title='bbox 1453 5801 1487 5856; x_wconf 88' lang='grc'><strong>7</strong></span> <span class='ocrx_word' id='word_1_748' title='bbox 1536 5802 1730 5871; x_wconf 86' lang='lat' dir='ltr'><strong>Apoth.</strong></span> 
     </span>
    </p>
   </div>
   <div class='ocr_carea' id='block_1_129' title="bbox 1918 4950 3424 5009">
    <p class='ocr_par' dir='ltr' id='par_1_129' title="bbox 1918 4950 3424 5009">
     <span class='ocr_line' id='line_1_130' title="bbox 1918 4950 3424 5009; baseline -0.003 -1"><span class='ocrx_word' id='word_1_749' title='bbox 1918 4956 2043 5009; x_wconf 71' lang='lat'><strong>825.</strong></span> <span class='ocrx_word' id='word_1_750' title='bbox 2080 4954 2348 5009; x_wconf 88' lang='lat' dir='ltr'><strong>Giselinus</strong></span> <span class='ocrx_word' id='word_1_751' title='bbox 2398 4954 2469 5008; x_wconf 91' lang='lat' dir='ltr'><strong>ait</strong></span> <span class='ocrx_word' id='word_1_752' title='bbox 2527 4968 2585 5006; x_wconf 87' lang='lat' dir='ltr'><strong>se</strong></span> <span class='ocrx_word' id='word_1_753' title='bbox 2636 4953 2750 5008; x_wconf 93' lang='lat' dir='ltr'><strong>loco</strong></span> <span class='ocrx_word' id='word_1_754' title='bbox 2796 4953 3028 5005; x_wconf 84' lang='lat' dir='ltr'><strong>movisse</strong></span> <span class='ocrx_word' id='word_1_755' title='bbox 3073 4950 3424 5004; x_wconf 74' lang='lat' dir='ltr'><strong>adulterinum</strong></span> 
     </span>
    </p>
   </div>
   <div class='ocr_carea' id='block_1_130' title="bbox 1844 5019 3430 5093">
    <p class='ocr_par' dir='ltr' id='par_1_130' title="bbox 1844 5019 3430 5093">
     <span class='ocr_line' id='line_1_131' title="bbox 1844 5019 3430 5093; baseline -0.003 -15"><span class='ocrx_word' id='word_1_756' title='bbox 1844 5025 2128 5080; x_wconf 91' lang='lat' dir='ltr'><strong>dictionem</strong></span> <span class='ocrx_word' id='word_1_757' title='bbox 2179 5040 2453 5093; x_wconf 86' lang='lat' dir='ltr'><strong>pressum;</strong></span> <span class='ocrx_word' id='word_1_758' title='bbox 2495 5025 2723 5077; x_wconf 85' lang='lat' dir='ltr'><strong>fortasse</strong></span> <span class='ocrx_word' id='word_1_759' title='bbox 2773 5023 2841 5076; x_wconf 88' lang='lat' dir='ltr'><strong>ita</strong></span> <span class='ocrx_word' id='word_1_760' title='bbox 2900 5032 3027 5093; x_wconf 13' lang='lat' dir='ltr'><strong>erat,</strong></span> <span class='ocrx_word' id='word_1_761' title='bbox 3064 5021 3113 5074; x_wconf 91' lang='lat' dir='ltr'><strong>iu</strong></span> <span class='ocrx_word' id='word_1_762' title='bbox 3158 5021 3304 5093; x_wconf 82' lang='lat' dir='ltr'><strong>edit._</strong></span> <span class='ocrx_word' id='word_1_763' title='bbox 3325 5019 3430 5093; x_wconf 84' lang='lat' dir='ltr'><strong>Da-</strong></span> 
     </span>
    </p>
   </div>
   <div class='ocr_carea' id='block_1_131' title="bbox 1847 5089 3424 5162">
    <p class='ocr_par' dir='ltr' id='par_1_131' title="bbox 1847 5089 3424 5162">
     <span class='ocr_line' id='line_1_132' title="bbox 1847 5089 3424 5162; baseline -0.003 -14"><span class='ocrx_word' id='word_1_764' title='bbox 1847 5105 2046 5158; x_wconf 84' lang='lat' dir='ltr'><strong>veutr.,</strong></span> <span class='ocrx_word' id='word_1_765' title='bbox 2068 5089 2188 5149; x_wconf 86' lang='lat' dir='ltr'><strong>nam</strong></span> <span class='ocrx_word' id='word_1_766' title='bbox 2221 5095 2342 5148; x_wconf 87' lang='lat' dir='ltr'><strong>Ald.</strong></span> <span class='ocrx_word' id='word_1_767' title='bbox 2361 5096 2562 5149; x_wconf 89' lang='lat' dir='ltr'><strong>diserte</strong></span> <span class='ocrx_word' id='word_1_768' title='bbox 2583 5093 2741 5147; x_wconf 86' lang='lat' dir='ltr'><strong>habet</strong></span> <span class='ocrx_word' id='word_1_769' title='bbox 2762 5109 2983 5162; x_wconf 84' lang='lat' dir='ltr'><strong>pessum.</strong></span> <span class='ocrx_word' id='word_1_770' title='bbox 3007 5092 3153 5146; x_wconf 90' lang='lat' dir='ltr'><strong>Sich.</strong></span> <span class='ocrx_word' id='word_1_771' title='bbox 3185 5089 3424 5162; x_wconf 38' lang='lat' dir='ltr'><strong>et‘Fabr.</strong></span> 
     </span>
    </p>
   </div>
   <div class='ocr_carea' id='block_1_132' title="bbox 1851 5159 3427 5233">
    <p class='ocr_par' dir='ltr' id='par_1_132' title="bbox 1851 5159 3427 5233">
     <span class='ocr_line' id='line_1_133' title="bbox 1851 5159 3427 5233; baseline -0.003 -15"><span class='ocrx_word' id='word_1_772' title='bbox 1851 5176 1972 5230; x_wconf 90' lang='lat' dir='ltr'><strong>post</strong></span> <span class='ocrx_word' id='word_1_773' title='bbox 2005 5167 2191 5220; x_wconf 88' lang='lat' dir='ltr'><strong>Aldum</strong></span> <span class='ocrx_word' id='word_1_774' title='bbox 2244 5180 2348 5219; x_wconf 90' lang='lat' dir='ltr'><strong>non</strong></span> <span class='ocrx_word' id='word_1_775' title='bbox 2401 5166 2698 5219; x_wconf 78' lang='lat' dir='ltr'><strong>debuerunt</strong></span> <span class='ocrx_word' id='word_1_776' title='bbox 2725 5159 2885 5218; x_wconf 81' lang='lat' dir='ltr'><strong>edere</strong></span> <span class='ocrx_word' id='word_1_777' title='bbox 2924 5179 3165 5233; x_wconf 82' lang='lat' dir='ltr'><strong>pressum.</strong></span> <span class='ocrx_word' id='word_1_778' title='bbox 3228 5159 3427 5214; x_wconf 81' lang='lat' dir='ltr'><strong>Comra</strong></span> 
     </span>
    </p>
   </div>
   <div class='ocr_carea' id='block_1_133' title="bbox 1841 5232 3426 5304">
    <p class='ocr_par' dir='ltr' id='par_1_133' title="bbox 1841 5232 3426 5304">
     <span class='ocr_line' id='line_1_134' title="bbox 1841 5232 3426 5304; baseline -0.006 -12"><span class='ocrx_word' id='word_1_779' title='bbox 1841 5236 2124 5292; x_wconf 83' lang='lat' dir='ltr'><strong>Gnosticos</strong></span> <span class='ocrx_word' id='word_1_780' title='bbox 2169 5245 2223 5290; x_wconf 89' lang='lat' dir='ltr'><strong>et</strong></span> <span class='ocrx_word' id='word_1_781' title='bbox 2271 5235 2616 5300; x_wconf 71' lang='lat' dir='ltr'><strong>Maniehzeos,</strong></span> <span class='ocrx_word' id='word_1_782' title='bbox 2662 5235 2752 5304; x_wconf 88' lang='lat' dir='ltr'><strong>qui</strong></span> <span class='ocrx_word' id='word_1_783' title='bbox 2799 5232 3027 5287; x_wconf 86' lang='lat' dir='ltr'><strong>animam</strong></span> <span class='ocrx_word' id='word_1_784' title='bbox 3076 5232 3426 5287; x_wconf 86' lang='lat' dir='ltr'><strong>substantiam</strong></span> 
     </span>
    </p>
   </div>
   <div class='ocr_carea' id='block_1_134' title="bbox 1845 5304 3426 5373">
    <p class='ocr_par' dir='ltr' id='par_1_134' title="bbox 1845 5304 3426 5373">
     <span class='ocr_line' id='line_1_135' title="bbox 1845 5304 3426 5373; baseline -0.004 -13"><span class='ocrx_word' id='word_1_785' title='bbox 1845 5308 1937 5360; x_wconf 82' lang='lat' dir='ltr'><strong>Dei</strong></span> <span class='ocrx_word' id='word_1_786' title='bbox 1991 5324 2107 5361; x_wconf 81' lang='lat' dir='ltr'><strong>esse</strong></span> <span class='ocrx_word' id='word_1_787' title='bbox 2154 5305 2565 5370; x_wconf 78' lang='lat' dir='ltr'><strong>asseverabant,</strong></span> <span class='ocrx_word' id='word_1_788' title='bbox 2626 5305 2864 5373; x_wconf 88' lang='lat' dir='ltr'><strong>probavit</strong></span> <span class='ocrx_word' id='word_1_789' title='bbox 2911 5305 3166 5358; x_wconf 88' lang='lat' dir='ltr'><strong>hactenus</strong></span> <span class='ocrx_word' id='word_1_790' title='bbox 3196 5304 3426 5373; x_wconf 82' lang='lat' dir='ltr'><strong>animant</strong></span> 
     </span>
    </p>
   </div>
   <div class='ocr_carea' id='block_1_135' title="bbox 1845 5372 3429 5445">
    <p class='ocr_par' dir='ltr' id='par_1_135' title="bbox 1845 5372 3429 5445">
     <span class='ocr_line' id='line_1_136' title="bbox 1845 5372 3429 5445; baseline -0.006 -14"><span class='ocrx_word' id='word_1_791' title='bbox 1845 5394 1951 5432; x_wconf 89' lang='lat' dir='ltr'><strong>non</strong></span> <span class='ocrx_word' id='word_1_792' title='bbox 1979 5393 2098 5433; x_wconf 88' lang='lat' dir='ltr'><strong>esse</strong></span> <span class='ocrx_word' id='word_1_793' title='bbox 2133 5379 2314 5443; x_wconf 88' lang='lat' dir='ltr'><strong>Deum,</strong></span> <span class='ocrx_word' id='word_1_794' title='bbox 2350 5377 2468 5445; x_wconf 87' lang='lat' dir='ltr'><strong>quia</strong></span> <span class='ocrx_word' id='word_1_795' title='bbox 2492 5372 2744 5431; x_wconf 86' lang='lat' dir='ltr'><strong>sordibus</strong></span> <span class='ocrx_word' id='word_1_796' title='bbox 2793 5376 3035 5443; x_wconf 81' lang='lat' dir='ltr'><strong>corpmis</strong></span> <span class='ocrx_word' id='word_1_797' title='bbox 3077 5372 3429 5445; x_wconf 43' lang='lat' dir='ltr'><strong>comprehenf</strong></span> 
     </span>
    </p>
   </div>
   <div class='ocr_carea' id='block_1_136' title="bbox 1846 5443 3428 5518">
    <p class='ocr_par' dir='ltr' id='par_1_136' title="bbox 1846 5443 3428 5518">
     <span class='ocr_line' id='line_1_137' title="bbox 1846 5443 3428 5518; baseline -0.004 -16"><span class='ocrx_word' id='word_1_798' title='bbox 1846 5450 2010 5515; x_wconf 91' lang='lat' dir='ltr'><strong>ditur,</strong></span> <span class='ocrx_word' id='word_1_799' title='bbox 2058 5449 2198 5518; x_wconf 90' lang='lat' dir='ltr'><strong>quod</strong></span> <span class='ocrx_word' id='word_1_800' title='bbox 2241 5464 2269 5502; x_wconf 77' lang='grc' dir='ltr'><strong>ιι</strong></span> <span class='ocrx_word' id='word_1_801' title='bbox 2315 5443 2423 5502; x_wconf 73' lang='lat' dir='ltr'><strong>Deo</strong></span> <span class='ocrx_word' id='word_1_802' title='bbox 2469 5447 2697 5501; x_wconf 90' lang='lat' dir='ltr'><strong>alienum</strong></span> <span class='ocrx_word' id='word_1_803' title='bbox 2747 5457 2847 5510; x_wconf 88' lang='lat' dir='ltr'><strong>est,</strong></span> <span class='ocrx_word' id='word_1_804' title='bbox 2881 5458 3232 5518; x_wconf 57' lang='lat' dir='ltr'><strong>praeterquam</strong></span> <span class='ocrx_word' id='word_1_805' title='bbox 3289 5443 3428 5511; x_wconf 87' lang='lat' dir='ltr'><strong>quod</strong></span> 
     </span>
    </p>
   </div>
   <div class='ocr_carea' id='block_1_137' title="bbox 1847 5516 3427 5580">
    <p class='ocr_par' dir='ltr' id='par_1_137' title="bbox 1847 5516 3427 5580">
     <span class='ocr_line' id='line_1_138' title="bbox 1847 5516 3427 5580; baseline -0.003 -7"><span class='ocrx_word' id='word_1_806' title='bbox 1847 5521 2040 5574; x_wconf 65' lang='lat' dir='ltr'><strong>animae</strong></span> <span class='ocrx_word' id='word_1_807' title='bbox 2071 5516 2308 5573; x_wconf 78' lang='lat' dir='ltr'><strong>collatum</strong></span> <span class='ocrx_word' id='word_1_808' title='bbox 2350 5527 2420 5573; x_wconf 87' lang='lat' dir='ltr'><strong>est</strong></span> <span class='ocrx_word' id='word_1_809' title='bbox 2473 5519 2658 5580; x_wconf 83' lang='lat' dir='ltr'><strong>subito,</strong></span> <span class='ocrx_word' id='word_1_810' title='bbox 2692 5527 2745 5570; x_wconf 87' lang='lat' dir='ltr'><strong>ut</strong></span> <span class='ocrx_word' id='word_1_811' title='bbox 2783 5516 2919 5580; x_wconf 88' lang='lat' dir='ltr'><strong>quod</strong></span> <span class='ocrx_word' id='word_1_812' title='bbox 2966 5533 3067 5568; x_wconf 86' lang='lat' dir='ltr'><strong>non</strong></span> <span class='ocrx_word' id='word_1_813' title='bbox 3119 5523 3246 5577; x_wconf 90' lang='lat' dir='ltr'><strong>erat,</strong></span> <span class='ocrx_word' id='word_1_814' title='bbox 3277 5524 3427 5576; x_wconf 86' lang='lat' dir='ltr'><strong>esset.</strong></span> 
     </span>
    </p>
   </div>
   <div class='ocr_carea' id='block_1_138' title="bbox 1847 5584 3430 5657">
    <p class='ocr_par' dir='ltr' id='par_1_138' title="bbox 1847 5584 3430 5657">
     <span class='ocr_line' id='line_1_139' title="bbox 1847 5584 3430 5657; baseline -0.005 -13"><span class='ocrx_word' id='word_1_815' title='bbox 1847 5592 1950 5646; x_wconf 91' lang='lat' dir='ltr'><strong>hoc</strong></span> <span class='ocrx_word' id='word_1_816' title='bbox 1978 5601 2078 5656; x_wconf 91' lang='lat' dir='ltr'><strong>est,</strong></span> <span class='ocrx_word' id='word_1_817' title='bbox 2111 5592 2285 5644; x_wconf 87' lang='lat' dir='ltr'><strong>anima</strong></span> <span class='ocrx_word' id='word_1_818' title='bbox 2315 5590 2476 5657; x_wconf 73' lang='lat' dir='ltr'><strong>cmpit</strong></span> <span class='ocrx_word' id='word_1_819' title='bbox 2501 5603 2621 5642; x_wconf 85' lang='lat' dir='ltr'><strong>esse</strong></span> <span class='ocrx_word' id='word_1_820' title='bbox 2651 5589 2701 5642; x_wconf 92' lang='lat' dir='ltr'><strong>in</strong></span> <span class='ocrx_word' id='word_1_821' title='bbox 2727 5585 3148 5656; x_wconf 85' lang='lat' dir='ltr'><strong>tempore.Nunc</strong></span> <span class='ocrx_word' id='word_1_822' title='bbox 3177 5584 3430 5652; x_wconf 90' lang='lat' dir='ltr'><strong>quoniam</strong></span> 
     </span>
    </p>
   </div>
   <div class='ocr_carea' id='block_1_139' title="bbox 1846 5657 3432 5731">
    <p class='ocr_par' dir='ltr' id='par_1_139' title="bbox 1846 5657 3432 5731">
     <span class='ocr_line' id='line_1_140' title="bbox 1846 5657 3432 5731; baseline -0.006 -15"><span class='ocrx_word' id='word_1_823' title='bbox 1846 5663 2176 5731; x_wconf 87' lang='lat' dir='ltr'><strong>respondere</strong></span> <span class='ocrx_word' id='word_1_824' title='bbox 2225 5669 2488 5728; x_wconf 88' lang='lat' dir='ltr'><strong>poterant,</strong></span> <span class='ocrx_word' id='word_1_825' title='bbox 2540 5658 2779 5731; x_wconf 82' lang='lat' dir='ltr'><strong>animam</strong></span> <span class='ocrx_word' id='word_1_826' title='bbox 2811 5657 3017 5731; x_wconf 72' lang='lat' dir='ltr'><strong>saltem-</strong></span> <span class='ocrx_word' id='word_1_827' title='bbox 3055 5670 3184 5731; x_wconf 76' lang='lat' dir='ltr'><strong>esse</strong></span> <span class='ocrx_word' id='word_1_828' title='bbox 3226 5660 3432 5731; x_wconf 74' lang='lat' dir='ltr'><strong>partem</strong></span> 
     </span>
    </p>
   </div>
   <div class='ocr_carea' id='block_1_140' title="bbox 1849 5723 3322 5800">
    <p class='ocr_par' dir='ltr' id='par_1_140' title="bbox 1849 5723 3322 5800">
     <span class='ocr_line' id='line_1_141' title="bbox 1849 5723 3322 5800; baseline -0.005 -14"><span class='ocrx_word' id='word_1_829' title='bbox 1849 5723 1966 5795; x_wconf 59' lang='lat' dir='ltr'><strong>Dei&#39;,</strong></span> <span class='ocrx_word' id='word_1_830' title='bbox 1995 5747 2090 5785; x_wconf 88' lang='lat' dir='ltr'><strong>eos</strong></span> <span class='ocrx_word' id='word_1_831' title='bbox 2121 5723 2410 5786; x_wconf 36' lang='lat' dir='ltr'><strong>hac-etiam</strong></span> <span class='ocrx_word' id='word_1_832' title='bbox 2436 5723 2486 5783; x_wconf 85' lang='lat' dir='ltr'><strong>in</strong></span> <span class='ocrx_word' id='word_1_833' title='bbox 2519 5739 2667 5800; x_wconf 87' lang='lat' dir='ltr'><strong>parte</strong></span> <span class='ocrx_word' id='word_1_834' title='bbox 2695 5728 2912 5800; x_wconf 85' lang='lat' dir='ltr'><strong>refellit,</strong></span> <span class='ocrx_word' id='word_1_835' title='bbox 2945 5735 3000 5782; x_wconf 92' lang='lat' dir='ltr'><strong>et</strong></span> <span class='ocrx_word' id='word_1_836' title='bbox 3028 5723 3322 5783; x_wconf 79' lang='lat' dir='ltr'><strong>convincit.</strong></span> 
     </span>
    </p>
   </div>
   <div class='ocr_carea' id='block_1_141' title="bbox 1918 5799 3143 5871">
    <p class='ocr_par' dir='ltr' id='par_1_141' title="bbox 1918 5799 3143 5871">
     <span class='ocr_line' id='line_1_142' title="bbox 1918 5799 3143 5871; baseline 0 -13"><span class='ocrx_word' id='word_1_837' title='bbox 1918 5801 2047 5858; x_wconf 68' lang='lat'><strong>8‘24.</strong></span> <span class='ocrx_word' id='word_1_838' title='bbox 2081 5803 2196 5857; x_wconf 86' lang='lat' dir='ltr'><strong>Vat.</strong></span> <span class='ocrx_word' id='word_1_839' title='bbox 2233 5806 2296 5870; x_wconf 83' lang='lat' dir='ltr'><strong>A,</strong></span> <span class='ocrx_word' id='word_1_840' title='bbox 2332 5803 2506 5871; x_wconf 60' lang='lat' dir='ltr'><strong>Egon,</strong></span> <span class='ocrx_word' id='word_1_841' title='bbox 2545 5800 2597 5854; x_wconf 85' lang='lat' dir='ltr'><strong>Iit</strong></span> <span class='ocrx_word' id='word_1_842' title='bbox 2627 5816 2729 5868; x_wconf 80' lang='lat' dir='ltr'><strong>res,</strong></span> <span class='ocrx_word' id='word_1_843' title='bbox 2755 5814 2862 5855; x_wconf 93' lang='lat' dir='ltr'><strong>non</strong></span> <span class='ocrx_word' id='word_1_844' title='bbox 2895 5799 2964 5856; x_wconf 83' lang='lat' dir='ltr'><strong>ita</strong></span> <span class='ocrx_word' id='word_1_845' title='bbox 2987 5800 3143 5858; x_wconf 76' lang='lat' dir='ltr'><strong>bene.</strong></span> 
     </span>
    </p>
   </div>
  </div>
