3950 6326
539 303 635 361 D87
969 281 974 284 ’
1652 287 1926 346 Αυιιειιι
1966 290 2115 350 PRUl

2227 291 2329 350 lTlI
2367 289 2684 347 CARMINA.
3674 294 3763 351 988

543 420 640 478 3'25
718 412 1134 483 Haudquaquam
1164 407 1387 464 dicenda
1435 406 1529 464 Dei
1562 415 1666 474 est,
1713 421 1832 476 quae
1873 414 2112 475 tempore
2138 411 2193 474 Α

1809 497 2005 568 [ccepit
2033 515 2046 550 τ

715 597 823 652 Nec
853 595 1020 668 prior,
1051 600 1142 646 aut
1185 591 1383 654 senior,
1415 603 1572 659 quam
1620 603 1846 658 primum
1895 588 2114 656 plasma,

1651 679 1916 752 [putanda
1945 687 2046 733 est.

717 783 869 836 Tunc
897 778 1094 834 etenim
1145 777 1334 830 factam
1378 774 1553 841 video,
1583 787 1703 827 cum
1750 772 1930 828 cordis
1958 771 2119 826 amici

724 869 938 924 Intravit
966 883 1216 940 germana
1247 867 1484 934 domum,
1518 865 1737 934 limique
1784 865 2014 920 recentis

723 963 959 1033 Hospita,
985 971 1039 1016 et
1080 962 1189 1030 ipsa
1223 974 1410 1014 recens
1442 959 1677 1012 fraterna
1720 956 1857 1011 sedit
1899 958 1948 1011 in
1976 958 2116 1011 aula.

550 1057 648 1112 850
723 1055 810 1108 llla
854 1053 1066 1124 quidem
1116 1051 1270 1104 ﬂatus
1325 1049 1533 1104 Domini
1589 1057 1708 1102 est:
1740 1047 1831 1102 sed
1877 1047 2116 1118 spiritus,

1855 1139 1940 1210 [et
1967 1139 2048 1194 vis

721 1239 834 1294 Non
877 1246 958 1291 est
1004 1235 1156 1307 plena
1190 1234 1302 1299 Dei,
1337 1242 1483 1288 tanto
1514 1231 1878 1286 moderamine
1929 1231 2113 1296 missa,

721 1332 929 1398 Quanto
964 1327 1097 1382 ﬂans
1127 1326 1294 1382 voluit
1320 1325 1479 1380 ﬂandi
1510 1339 1728 1379 servare
1758 1333 2015 1379 tenorem.

719 1425 813 1478 Est
859 1420 1184 1491 impossibile
1227 1427 1469 1487 spectare
1499 1416 1759 1488 profunda
1799 1415 2078 1471 Sabaoth:

722 1516 825 1572 Sed
857 1513 1126 1585 speculum
1172 1511 1398 1566 Deitatis
1448 1511 1608 1564 homo
1655 1519 1756 1564 est.
1789 1509 1846 1563 lu
1893 1521 2117 1578 corpore

1840 1599 2047 1672 [discas

552 1701 654 1758 855
723 1698 884 1772 474
915 1699 1042 1754 Rern
1072 1712 1174 1752 non
1223 1709 1536 1766 corpoream
1584 1695 1776 1761 solers,
1829 1694 2119 1762 interprete

1789 1783 2050 1857 [Christo,

724 1883 826 1952 Qui
855 1882 1062 1937 Patrem
1086 1879 1356 1950 proprium
1389 1877 1598 1933 mortali
1635 1877 1686 1931 in
1727 1890 1950 1945 corpore
1979 1887 2125 1929 mon-

1861 1968 2044 2040 [strat.

731 2067 1000 2138 Perspice,
1032 2082 1188 2137 quam
1244 2065 1422 2120 varios
1466 2062 1746 2117 fundamus
1791 2061 1857 2115 ab
1903 2075 1998 2115 ore
2035 2072 2125 2113 va-

1841 2153 1859 2223 [
1877 2167 2052 2222 pores.

731 2248 1004 2316 Spiramus
1035 2247 1242 2316 qu0ties
1271 2247 1460 2301 anima:
1489 2245 1767 2300 sufﬂabilis
1799 2259 1980 2299 auras.

2152 1787 2201 1848 B

2390 407 2538 460 Nunc
2564 406 2743 459 ﬂatum
2789 404 3020 481 tepidum
3049 405 3198 461 calor
3223 403 3501 461 exhalatus
3546 408 3744 461 annelat

2223 497 2325 554 840
2399 498 2660 552 Rorantes
2683 497 2903 552 nebulas
2925 497 3041 550 udis
3069 497 3137 551 de
3157 497 3396 551 faucibus
3428 497 3611 552 efﬂans
3635 517 3647 552 :

2395 591 2526 644 Cum
2561 591 2707 656 libet,
2741 591 2792 644 in
2820 589 3051 659 gelidum
3096 589 3305 646 ﬂabrali
3346 590 3542 660 frigore
3572 601 3759 648 ventum

2396 682 2625 752 Spiritus
2652 681 2829 737 existit
2859 683 3052 746 tenuis,
3089 693 3142 734 et
3163 681 3340 736 sibilat
3368 698 3479 737 aer.

2395 773 2545 829 Adde
2573 783 2626 828 et
2667 773 2994 839 distinctum,
3025 789 3181 844 quem
3212 775 3412 830 musica
3453 776 3576 832 tibia
3606 776 3762 831 ﬂatum

2393 863 2640 934 Concipit
2671 882 2684 916 :
2716 873 2807 918 aut
2831 865 2919 919 ille
2947 871 3031 918 est
3065 879 3254 932 presso
3284 865 3640 920 modulamine
3666 883 3765 936 par-

3578 958 3709 1029 [cus.

2395 1045 2555 1120 475
2577 1048 2680 1102 Aut
2699 1046 2955 1103 tumidum
2971 1047 3118 1120 largo
3140 1047 3393 1106 sublimat
3415 1047 3625 1104 ﬂamine
3639 1049 3764 1103 born.

3555 1140 3710 1211 [bna],

2392 1233 2498 1286 Aut
2524 1245 2713 1286 raucos
2745 1231 2939 1301 frangit
2962 1231 3225 1300 modulos,
3255 1241 3340 1286 aut
3400 1233 3520 1285 lene
3534 1243 3765 1296 susurrat,

2394 1321 2498 1375 Aut
2525 1321 2664 1375 exile
2693 1320 2907 1375 trahens
2934 1323 3137 1376 sonitus
3162 1322 3404 1398 producit
3431 1335 3632 1387 acutos,

2394 1413 2500 1466 Aut
2530 1427 2769 1466 murmur
2795 1422 3037 1466 tenerum
3059 1413 3275 1466 sublidit
3301 1427 3433 1466 voce
3455 1413 3672 1467 minuta.

2396 1503 2519 1558 Haec
2548 1519 2666 1558 cum
2691 1512 2746 1558 te
2769 1503 2952 1557 videas
2994 1503 3200 1575 mortali
3226 1503 3278 1556 in
3309 1519 3536 1572 corpore
3587 1518 3742 1572 posse,

2397 1593 2506 1648 Cur
2553 1609 2658 1648 non
2701 1595 2981 1649 [Eternum
3017 1594 3250 1662 potuisse
3290 1593 3573 1648 infundere
3593 1595 3768 1648 eredas.

2397 1687 2616 1755 Qualem
2635 1689 2865 1742 animam
2893 1689 3100 1744 voluit?
3130 1689 3454 1761 prmscriptis
3491 1703 3647 1758 quam
3673 1688 3770 1755 quia

3469 1778 3718 1851 [condens

2394 1875 2624 1941 Efﬂavit,
2657 1875 2891 1944 fuditque
2920 1874 3112 1942 modis,
3143 1875 3207 1927 sit
3267 1873 3426 1936 facta,
3457 1885 3671 1927 necesse
3691 1879 3772 1923 est.

2404 1965 2642 2036 Denique
2672 1966 2831 2018 multa
2866 1967 3030 2036 sapit,
3059 1965 3152 2019 sed
3193 1979 3297 2018 non
3323 1963 3460 2032 sapit
3501 1963 3676 2017 omnia
3697 1976 3773 2013 uo-

2218 1045 2324 1105 845

2221 1595 2324 1650 850

1839 2353 2119 2410 θωδεΑς
2157 2351 2491 2412 VETERES.

626 2452 750 2508 826.
785 2452 1036 2514 Primum.
1073 2452 1256 2516 Adam,
1294 2451 1331 2502 Ι.

559 2527 564 2536 ‘
625 2524 748 2576 827.
774 2522 964 2582 Amici,
997 2523 1140 2584 Adw,
1173 2521 1212 2572 l.

627 2595 750 2647 8:29.
786 2593 842 2646 lu
865 2594 1005 2651 aula,
1037 2593 1339 2657 incorpore,
1367 2589 1402 2654 l.

627 2665 748 2718 850.
786 2663 895 2726 Vis,
929 2663 1115 2716 scilicet
1145 2662 1344 2722 animm,
1382 2658 1420 2711 1.

628 2735 747 2785 832.
784 2733 961 2798 Flans,
997 2732 1148 2785 Deus.
1189 2761 1251 2770 ——
1283 2730 1565 2791 Tenorem,
1599 2727 1841 2791 ordinem,
1867 2726 1906 2778 l.

535 2809 538 2814 ’
634 2805 756 2856 855.
785 2802 1038 2866 Sabaoth,
1077 2802 1209 2854 Deus
1237 2810 1561 2858 exercituum,
1594 2798 1630 2849 I.

625 2872 748 2927 854.
776 2873 966 2937 Homo,
995 2875 1110 2941 quia
1143 2873 1274 2926 Deus
1297 2887 1398 2923 non
1426 2870 1665 2941 potuisset
1697 2869 1872 2934 rideri,
1912 2867 2010 2922 nisi
2036 2881 2122 2934 per

562 2943 835 2996 hominem.
861 2975 928 2982 —
961 2939 1162 3009 lliscas,
1191 2942 1466 3010 intelligas,
1504 2939 1543 2993 1.

560 3072 561 3075 η
629 3014 751 3067 855.
784 3013 896 3068 Non
927 3029 1256 3083 corpoream,
1281 3009 1598 3065 diri'nam.-—
1612 3009 1810 3083 Solers,
1832 3022 2119 3083 saga.r,Apc-

557 3085 704 3149 ritus,
733 3086 810 3139 uel
829 3079 1102 3148 studiosus,
1127 3086 1164 3137 Ι.
1195 3084 1415 3138 Solet-tia
1435 3082 1611 3152 peritia
1632 3081 1907 3134 multarum
1928 3079 2118 3131 artium

558 3153 760 3210 SOLLON
787 3172 945 3222 grrece
971 3158 1204 3218 multum,
1237 3153 1356 3208 Vat.
1383 3154 1445 3205 Δ.

626 3227 747 3281 857.
782 3225 1036 3294 Vapores,
1061 3225 1291 3292 spiritus,
1320 3222 1358 3276 l.

3591 2052 3723 2122 [διε-ξιξ

2399 2151 2492 2207 Vis
2542 2152 2764 2217 animae,
2822 2148 3031 2204 ’certum
3081 2163 3265 2217 sapere
3295 2189 3308 2214 ,
3358 2162 3422 2201 ac
3470 2158 3773 2215 pmnoscert

3541 2239 3719 2312 (iussa.

2301 2448 2424 2502 859.
2456 2449 2703 2512 Anhelat,
2731 2447 3038 2500 Anhelanter
3059 2445 3255 2508 emittit,
3289 2444 3329 2497 1.

2299 2517 2426 2571 840.
2463 2519 2612 2583 Utlis,
2640 2517 2880 2578 humidis,
2913 2517 2950 2569 Ι.

2299 2588 2424 2641 841.
2457 2588 2586 2640 Cum
2621 2588 2769 2651 libet,
2809 2603 2918 2640 cum
2951 2587 3130 2652 placet,
3165 2585 3204 2637 Ι.

2298 2657 2422 2710 844.
2457 2659 2671 2722 Parcus,
2702 2674 2906 2724 parvus,
2940 2657 3250 2716 moderatus,
3282 2653 3321 2707 l.

2297 2726 2422 2782 845.
2480 2727 2668 2796 Largo,
2704 2723 2707 2724 ⁷
2749 2727 3044 2780 abundanti.
3096 2759 3140 2768 -—
3205 2723 3491 2796 Sublimal,
3549 2725 3779 2796 elevat.—

2231 2796 2507 2861 Bombum,
2536 2793 2752 2851 sonitum
2782 2815 2963 2859 cornu,
2981 2799 3057 2850 vel
3080 2797 3247 2858 tibiae;
3273 2804 3318 2846 et
3357 2793 3559 2848 Ennius
3587 2795 3777 2848 sonitum

2227 2868 2409 2934 pedum
2432 2870 2659 2937 appellat
2678 2869 2933 2934 bombum,
2957 2868 2997 2920 Ι.

2296 2937 2418 2990 847.
2452 2939 2620 3003 Exile,
2675 2939 2941 3002 subtiliter,
3002 2938 3188 2990 scilicet
3229 2952 3557 2989 murmur.—
3580 2937 3778 2998 AcuwS,

2225 3007 2346 3060 bene
2373 3019 2628 3073 sonantes,
2665 3009 2706 3065 Ι.

2297 3077 2418 3132 84ὃὶ
2447 3080 2639 3132 Minuta
2665 3119 2679 3141 ,
2711 3077 2912 3147 gracili,
2942 3078 2980 3130 Ι.

2299 3148 2425 3203 850.
2466 3138 2767 3214 Αζιθνηιιῐῖι,
2801 3138 2982 3214 Deum,
3005 3149 3046 3213 l,
3083 3145 3199 3200 Vat.
3221 3147 3284 3200 A.

2298 3217 2421 3273 851.
2458 3220 2725 3285 Condens,
2758 3235 2954 3282 creans,
2986 3219 3025 3272 I.

1868 3327 2416 3386 COMMENTARIUS.

627 3447 751 3502 825.
785 3447 949 3501 Abest
976 3461 1005 3498 a
1039 3445 1189 3512 Prag.
1213 3454 1305 3496 est.

624 3518 746 3572 826.
773 3516 917 3581 Ald.,
953 3515 1235 3584 putattdest
1258 3526 1352 3579 pro
1391 3520 1617 3584 putanda
1644 3527 1733 3584 cst.

627 3586 750 3640 827.
779 3578 928 3652 ΑΜ.⁹
953 3578 1117 3648 ἠιθίθ,
1155 3578 1286 3636 videt
1314 3583 1576 3635 concordis
1624 3579 1806 3652 amici,
1832 3593 1926 3652 pro
1955 3578 2118 3642 uideo,

553 3675 668 3714 cum
699 3658 863 3709 cordis
903 3650 1074 3708 amici.
1124 3653 1299 3723 Prag.,
1332 3653 1592 3705 concordis
1619 3650 1788 3703 amici.
1835 3650 1978 3716 Rau,
2009 3665 2124 3701 cum

555 3729 723 3780 cordis
739 3727 921 3781 amica.

626 3797 749 3852 8'28.
784 3798 970 3850 Anima
1004 3804 1222 3850 vocatur
1255 3807 1504 3863 germana
1549 3793 1725 3846 carnis
1767 3791 1835 3844 ob
1870 3791 2122 3863 unionem

553 3883 646 3923 seu
671 3867 934 3935 copulam,
953 3867 1019 3920 de
1039 3883 1142 3935 qua
1161 3865 1212 3919 in
1237 3859 1433 3936 liymno
1453 3863 1834 3936 Exsequiarnm
1862 3862 1924 3936 lt)
1941 3859 2119 3925 Catb.,

555 3953 693 3992 vers.
725 3930 776 4001 6',
805 3946 856 3990 et
907 3930 1070 4004 prmff
1095 3930 1406 4004 Hantartig.,
1441 3948 1579 3987 vers.
1615 3934 1704 3996 56,
1736 3930 1864 3986 Caro
1895 3932 1947 3984 in
1979 3946 2122 3984 soro-

552 4025 676 4067 rem,
700 4016 801 4059 etc.

622 4079 744 4130 850.
778 4075 1164 4138 Tlteodorctus,
1213 4082 1429 4128 notante
1477 4069 1859 4132 Chamillardo,
1896 4069 2120 4122 Nombte

553 4146 736 4200 Flatus
763 4163 862 4198 non
908 4145 1240 4212 intelligimus
1283 4155 1475 4214 partem
1521 4142 1743 4210 aliquam
1786 4145 2011 4214 essentia:
2042 4141 2120 4214 di:

551 4218 682 4270 vina:
725 4218 1002 4268 secundum
1049 4210 1293 4268 Cerdonis
1339 4223 1384 4266 ct
1427 4213 1702 4264 Marcionis
1751 4211 1975 4274 rabiem,
2032 4210 2120 4261 sed

551 4288 732 4341 animle
769 4295 1004 4338 naturam
1041 4300 1127 4350 per
1155 4286 1206 4336 id
1234 4284 1484 4346 denotari,
1512 4283 1646 4351 quod
1696 4281 1864 4332 anima
1896 4281 2118 4351 spiritus

549 4358 613 4409 sit
635 4355 898 4407 rationalis
927 4365 971 4408 et
1017 4346 1386 4407 intellectualis.
1422 4346 1591 4404 Locus
1631 4364 1800 4417 neque
1828 4365 1854 4400 a
1885 4346 2118 4402 Cltamll-

553 4426 702 4479 lardo
729 4424 1010 4490 indicatur,
1047 4439 1217 4492 neque
1243 4423 1366 4476 mihi
1395 4421 1647 4489 quaerenti
1676 4419 1930 4492 ocatzrrit.

620 4495 744 4550 852.
777 4489 1048 4547 lleinsiani
1098 4489 1302 4560 scripti,
1326 4501 1532 4558 quanto.
1569 4492 1640 4542 lta
1676 4490 1790 4560 Vat.
1829 4491 1891 4550 Λ,
1926 4489 2112 4560 Βςξιικη

548 4566 748 4619 Widm.
785 4580 964 4630 supra,
999 4556 1219 4632 l’ragen;
1251 4556 1498 4632 Aliiicum
1534 4560 1673 4624 Λεὼ,
1708 4556 1927 4621 \Veitz.,
1961 4558 2110 4619 ηιμ,

544 4648 820 4707 quantum.
847 4635 981 4699 Cis.,
1015 4631 1225 4707 quanto.
1258 4632 1311 4707 l_n
1336 4631 1532 4707 Widm.
1565 4645 1747 4698 supra,
1783 4635 1974 4707 (enare,

620 4708 743 4761 855.
783 4705 890 4758 Vox
937 4696 1241 4768 impossibile
1271 4702 1504 4756 Latinior
1525 4709 1604 4755 est
1636 4696 1800 4770 quam
1849 4696 2116 4770 plerisque

549 4777 786 4866 videtur:
811 4791 926 4830 cato
948 4776 1306 4866 adhibuerunt
1327 4769 1679 4838 Quintilianus
1710 4769 1800 4822 lib.
1819 4781 2002 4834 v,cap.
2024 4769 2110 4832 f5,
2140 4805 2191 4866 Β

549 4847 801 4918 Apuleius
829 4857 883 4918 et
912 4847 1020 4899 alii.

617 4919 740 4972 855.
774 4917 892 4970 Aldi
926 4915 1174 4971 mendum
1205 4915 1388 4969 soleres
1413 4928 1509 4978 pro
1539 4913 1713 4965 solers.

617 4987 739 5042 856.
765 4985 1001 5055 Respicit
1047 4987 1110 5038 ad
1141 4986 1188 5037 id
1221 4985 1359 5053 quod
1389 4975 1522 5037 dixit
1546 4982 1810 5055 Christus,
1859 4975 2030 5055 Pater
2055 4979 2108 5030 in

548 5072 625 5108 me
645 5068 740 5120 est,
773 5067 825 5109 et
872 5047 1010 5125 quod
1056 5047 1284 5125 theologi
1317 5057 1483 5120 aiunt,
1516 5062 1567 5125 ct
1596 5049 1917 5125 inusymbolo
1951 5047 2111 5101 Atha-

547 5129 768 5180 nasiano
797 5123 965 5179 exs—tat
999 5144 1011 5178 :
1048 5126 1189 5180 Sicut
1224 5123 1396 5178 anima
1435 5123 1699 5176 rationalis
1727 5130 1771 5172 et
1822 5133 1939 5170 caro
1982 5133 2111 5170 unus

545 5206 614 5248 est
645 5196 815 5260 homo,
844 5199 914 5248 ita
962 5197 1093 5250 Deus
1122 5206 1168 5248 et
1200 5198 1346 5248 homo
1377 5211 1504 5248 unus
1535 5205 1605 5244 est
1641 5191 1888 5260 Christus.

614 5267 738 5320 857.
767 5256 882 5320 νει.
909 5269 970 5326 Δ,
1002 5265 1614 5334 respice;alii,perspice;
1643 5260 1778 5330 apud
1806 5256 2108 5324 Weitzium,

547 5334 720 5403 Egm.,
743 5337 878 5399 PaL,
911 5335 1107 5389 Widm.
1149 5351 1328 5400 supra,
1355 5337 1559 5404 respice.

621 5407 743 5460 859.
795 5406 1177 5458 Chamillardus
1223 5407 1324 5458 huc
1365 5403 1478 5459 loco
1531 5403 1766 5472 agnoscit
1817 5405 2111 5458 naturalem

545 5471 847 5540 rhythmum
882 5477 1024 5530 vocis
1053 5476 1523 5530 animatm.Verum
1553 5471 1617 5528 de
1649 5489 1706 5528 re
1735 5472 1933 5528 musica
1964 5476 2116 5541 paulo

544 5553 662 5621 post
690 5544 1034 5609 Prudentius;
1068 5559 1208 5620 nunc
1235 5556 1436 5621 tantum
1474 5547 1653 5621 [latum
1680 5542 1922 5612 tepidum,
1951 5554 2003 5598 et
2031 5561 2114 5616 ge-

545 5612 707 5686 (idum
729 5612 1128 5686 commemorat,
1161 5627 1212 5670 et
1239 5612 1526 5686 distinguit.
1820 5684 1834 5686 Α
1911 5656 1914 5657 ν
1992 5661 1994 5663 ›

613 5682 739 5762 841..
763 5683 922 5762 ’Μαι-η
953 5687 1258 5762 ingelidtmt;
1286 5689 1371 5742 alii
1391 5682 1510 5762 ἐξῆ
1541 5687 1782 5762 gelidum.
1811 5684 2112 5762 Serchst

549 5747 613 5800 de
638 5751 834 5816 gelido,
859 5747 951 5810 seu
980 5747 1168 5818 frigido
1211 5747 1355 5811 ﬂatu.
1382 5747 1621 5812 Cifanius
1666 5756 1778 5811 lnd.
1808 5755 1965 5812 Lucr.
1998 5758 2050 5812 in
2081 5771 2107 5808 ι

2145 3441 2197 3510 C
2232 3444 2442 3511 longum
2466 3460 2528 3499 ex
2553 3455 2655 3499 vet.
2683 3445 2772 3498 lib.
2806 3446 2929 3514 legit
2951 3446 3190 3514 ﬂabrare,
3222 3455 3277 3499 et
3302 3445 3578 3500 concludit
3613 3463 3638 3500 e
3673 3461 3778 3501 esse

2229 3515 2490 3569 interdum
2522 3516 2733 3583 longum
2788 3516 2837 3569 in
2869 3517 2970 3569 fine
2995 3516 3306 3568 dictionum.
3339 3515 3536 3570 Verum
3566 3533 3679 3571 cum
3701 3533 3777 3572 se-

2225 3594 2414 3648 quatur
2444 3596 2583 3640 muta
2615 3594 2669 3641 et
2693 3587 2910 3654 liquida,
2944 3587 3147 3654 frigore,
3171 3587 3266 3637 hac
3297 3586 3504 3640 ratione
3536 3587 3660 3640 illud
3685 3588 3778 3640 eiu

2223 3654 2441 3722 ﬂabrare
2467 3666 2644 3724 posset
2668 3655 3224 3723 produci.Go|dastus,
3250 3657 3300 3708 in
3325 3657 3462 3709 notis
3489 3658 3555 3710 ad
3588 3658 3779 3711 Colum-

2226 3727 2418 3795 banum
2452 3741 2569 3795 pag.
2599 3729 2718 3792 “:2,
2742 3743 2772 3781 e
2807 3727 3014 3781 duobus
3053 3726 3210 3780 codd.
3261 3727 3544 3794 antiquiss.
3575 3729 3632 3782 S.
3659 3727 3779 3781 Galli

2225 3794 2350 3861 legit
2377 3794 2540 3849 etiam
2578 3799 2816 3864 ﬂabrare.
2851 3798 2900 3850 ltl
2933 3807 3144 3851 secutus
3181 3805 3262 3850 cst
3285 3795 3570 3852 Weitzius.
3599 3797 3778 3850 Widm.

2223 3881 2250 3918 a
2278 3867 2440 3931 prima
2469 3881 2625 3920 manu
2651 3867 2882 3936 ﬂabrari.
2920 3867 3164 3932 Plerique
3187 3877 3382 3919 mss.et
3411 3867 3537 3922 edd.
3561 3869 3780 3935 ﬂabrali:

2223 3935 2311 4006 ita
2332 3938 2493 3989 nostri
2525 3947 2577 3988 et
2605 3935 2838 4002 potiores
2881 3938 3169 3991 lleinsiani.
3203 3937 3244 3988 Α
3272 3939 3398 4004 ﬂatu
3427 3947 3509 3990 est
3549 3941 3778 4006 ﬂabram.

2221 4005 2503 4072 ﬂabellum,
2531 4007 2780 4075 ﬂabralis.
2803 4007 2920 4060 Vat.
2950 4007 3016 4072 Ο,
3045 4007 3373 4074 Egm.,Pal.,
3404 4005 3598 4074 fabrili,
3633 4008 3779 4061 male.

2294 4077 2419 4132 8H.
2448 4079 2564 4130 Ald.
2628 4078 2743 4129 Vat.
2773 4076 2838 4142 A,
2867 4079 2932 4142 Ο,
2955 4079 3107 4143 Man,
3143 4077 3281 4136 Gis..
3306 4076 3525 4142 Weilz.,
3556 4078 3780 4129 modula-

2223 4147 2354 4196 mine
2381 4163 2398 4200 :
2425 4163 2527 4199 non
2551 4148 2813 4214 displicet,
2838 4148 3078 4214 quamvis
3107 4158 3286 4213 postea
3311 4147 3777 4201 iterum‘modulos.

2223 4215 2278 4266 ln
2314 4221 2336 4261 ἰ
2358 4218 2541 4283 ltuan.,
2560 4219 2920 4278 moderamine,
2948 4220 3045 4269 hoc
3068 4226 3147 4269 est
3170 4217 3548 4276 moderatione.
3567 4225 3620 4267 ut
3639 4231 3776 4270 vers.

2222 4287 2342 4338 851.
2373 4289 2524 4349 Pratz.
2555 4298 2608 4341 et
2639 4287 2757 4340 Rat.
2807 4287 3081 4341 adhaerent
3111 4287 3388 4342 Thuaneo.
3420 4286 3470 4340 In
3499 4288 3779 4354 l‘ut..pau-

2219 4371 2337 4419 cus;
2386 4357 2435 4409 in
2471 4358 2646 4421 Frag,
2695 4358 2867 4422 partus
2899 4372 2992 4425 pro
3043 4373 3247 4426 parcus.
3284 4357 3356 4411 De
3407 4362 3501 4410 hac
3527 4357 3782 4409 varietate

2221 4442 2471 4479 Sonarnm
2503 4426 2775 4480 Fabricius
2807 4429 2875 4480 ita
2922 4427 3174 4481 disserit:
3210 4426 3523 4479 Prudentius
3569 4428 3782 4479 musicos

2218 4489 2369 4548 Ianos
2399 4500 2620 4548 nominat
2652 4513 2879 4561 raucum,
2905 4499 3087 4560 lenem,
3117 4498 3318 4558 exilem,
3344 4509 3586 4550 acutum:
3610 4496 3783 4566 quibus

2218 4567 2360 4618 addit
2414 4584 2641 4634 parcunt,
2681 4568 2966 4631 sublimem,
3012 4569 3280 4620 minutum.
3320 4567 3423 4619 Sed
3473 4582 3652 4633 parcus
3697 4567 3783 4618 sub

2220 4639 2338 4698 leui,
2364 4638 2589 4690 sublimis
2610 4639 2702 4692 sub
2723 4648 2892 4700 acuto,
2917 4639 3142 4690 minutus
3170 4637 3262 4690 sub
3283 4637 3404 4690 exili
3431 4638 3786 4706 comprehendi

2220 4718 2398 4772 potest.
2441 4708 2559 4759 ΙΙωο
2616 4708 2886 4761 Fabricius
2925 4710 2975 4760 in
3015 4709 3344 4773 Cotttment.,
3379 4709 3549 4760 verbo
3591 4709 3786 4760 Ilusuza

2218 4792 2596 4839 INSTBIYMENTA,
2631 4789 2818 4831 notans
2845 4795 2873 4832 a
2907 4777 3191 4831 Prudentio
3229 4777 3457 4831 diversis
3500 4778 3634 4830 locis
3681 4778 3787 4830 “qu

2219 4847 2506 4910 numerari,
2544 4849 2788 4914 ﬁstulam,
2817 4849 3126 4912 sambucam,
3152 4848 3352 4908 clielim,
3386 4847 3571 4914 lyram,
3597 4847 3786 4905 tubmu,

2222 4917 2412 4980 tibiam,
2441 4927 2755 4987 tympanum,
2781 4935 2994 4988 organa.
3024 4917 3267 4981 Musims,
3302 4919 3389 4985 qui
3423 4932 3521 4970 suo
3554 4927 3790 4982 tempore

2222 4989 2475 5040 meludias
2521 4989 2795 5042 ediderant
2842 4989 2892 5041 in
2947 4988 3315 5052 Prudentium,
3359 4997 3412 5038 et
3443 4988 3576 5040 alios
3611 4995 3791 5055 poetas

2221 5058 2353 5125 pios,
2381 5069 2619 5112 recenset
2643 5058 2964 5112 Ludovicum
3011 5058 3290 5122 Senﬂium,
3323 5057 3606 5110 Martinum
3645 5058 3790 5122 Agri-

2220 5128 2406 5191 colam,
2441 5128 2696 5181 Joannem
2723 5130 2982 5195 .‘lopsutn,
3014 5128 3270 5180 Joannem
3304 5126 3656 5188 Reuscltium,
3692 5137 3789 5179 Lu-

2219 5211 2336 5251 cam
2393 5198 2716 5261 llordisium,
2768 5200 3134 5253 Sebastiantttn
3191 5196 3790 5258 Forsterttm,Wolt’an-

2218 5282 2338 5335 gum
2384 5269 2643 5335 Figulum.
2681 5269 2811 5322 Vide
2860 5269 3118 5322 lsitlorum
3154 5269 3246 5320 lib.
3280 5283 3333 5319 ιιι
3364 5267 3567 5335 Etym.,
3611 5283 3731 5336 cap.
3764 5268 3790 5317 εἰ

2215 5347 2265 5392 et
2291 5353 2437 5406 seqq.
2467 5339 2535 5391 de
2567 5340 2758 5392 Musica
2791 5349 2843 5392 et
2875 5342 2988 5405 ejus
3018 5337 3242 5391 triformi
3263 5337 3549 5390 divisione.

2288 5409 2413 5462 845.
2454 5408 2676 5461 Verbum
2707 5412 2976 5462 sublimare
3009 5408 3160 5462 Ennii
3211 5416 3263 5459 et
3289 5407 3526 5472 Catonis,
3570 5407 3716 5474 quod
3746 5409 3792 5460 in

2217 5477 2470 5534 obsoletis
2491 5479 2734 5544 habetur,
2785 5481 3108 5533 reduxerunt
3164 5477 3454 5541 Vitruvius,
3510 5479 3790 5545 Apuleius,

2215 5550 2446 5613 Solinus,
2510 5548 2828 5613 Lactantius,
2879 5549 3243 5608 Mamertinus.
3289 5547 3631 5614 Ammianus,
3692 5549 3790 5602 Bia.

2213 5619 2443 5673 crobius.

2283 5691 2405 5744 854.
2435 5689 2627 5745 Bolter.
2654 5689 2822 5755 Prior,
2858 5704 3171 5757 pernoscere.
