3950 6326
523 365 626 426 995

521 571 623 624 925
694 569 903 625 Naturae
931 571 1166 634 illuvies,
1192 571 1484 640 iterumque
1513 573 1843 628 renascimur
1873 573 2014 628 intus

696 661 921 728 Perlusi,
970 672 1025 718 ut
1074 673 1304 718 veterem
1356 664 1648 734 splendens
1697 668 1872 720 anima
1924 676 2085 722 exuat

1797 757 2010 827 [Adam.

691 849 840 915 Quas,
868 847 988 918 quia
1013 849 1287 903 materiam
1314 851 1515 918 peccati
1539 865 1601 904 ex
1637 851 1817 904 fomite
1844 853 2016 904 carnis

689 938 1000 995 Cousociata
1033 940 1212 1005 trahit.
1247 955 1453 995 necnon
1480 941 1639 994 simul
1669 942 1780 1010 ipsa
1804 941 1972 994 sodali

698 1033 787 1088 ESt
815 1034 1137 1090 incentivum
1165 1034 1509 1102 peccaminis,
1545 1033 1780 1101 implicat
1809 1031 1991 1086 ambas

521 1125 623 1183 950
667 1124 896 1182 'Vindex
923 1143 1074 1197 paena
1107 1141 1255 1190 reas,
1308 1135 1591 1195 peccantes
1619 1136 1794 1180 mente
1826 1125 1926 1179 sub
1956 1141 2082 1191 una,

697 1219 1063 1289 Peccandique
1096 1227 1297 1272 cremat
1333 1218 1504 1272 socias
1533 1216 1855 1271 cruciatibus
1896 1216 2082 1284 aequis.

692 1309 852 1382 482
923 1311 1014 1364 llis
1084 1309 1330 1364 crucibus
1401 1307 1645 1362 Christus
1699 1323 1795 1360 nos
1847 1306 2084 1372 liberat,

1671 1398 2016 1469 [incorruptae

693 1493 893 1555 Matris,
920 1501 974 1546 et
1000 1489 1208 1544 innocui
1241 1497 1476 1558 gestator
1507 1488 1772 1556 corporis.
1803 1487 1949 1542 Unus

693 1583 940 1638 Naturam
971 1596 1144 1652 poena:
1181 1581 1510 1649 expositam,
1559 1579 1655 1632 sed
1707 1593 1811 1632 non
1845 1577 2088 1631 vitiorum

700 1673 948 1728 Naturam
985 1670 1276 1740 expositam
1332 1669 1662 1723 contactibus
1702 1668 1848 1721 indui
1890 1668 2033 1722 Iesus
2074 1685 2088 1722 :

698 1770 868 1835 Atque
895 1764 1014 1818 ideo
1041 1777 1210 1831 pinna:
1238 1760 1311 1814 nil
1348 1760 1528 1815 debuit
1561 1776 1574 1810 :
1602 1760 1948 1814 intemeratus
1969 1802 1982 1825 ,

523 1673 627 1731 933

1622 367 1892 423 AURELII
1933 365 2295 424 PRUDENTII
2333 367 2661 423 CARMINA.

701 478 823 534 Inde
847 479 1074 534 secunda
1108 479 1240 535 redit
1265 479 1557 549 generatio,
1582 491 1634 535 et
1658 481 1778 536 inde
1807 480 2014 536 lavatur
2111 489 2166 546 Α

3653 371 3753 427 996

2363 479 2498 549 Quid
2533 479 2734 536 Christi
2768 482 2821 536 in
2853 481 3108 537 membris
3143 483 3348 552 peccati
3379 497 3520 538 sreva
3547 488 3750 544 satelles

2191 571 2294 628 9l0
2366 572 2526 628 I’mna
2572 572 2786 642 ageret?
2812 573 2940 628 quid
2976 586 3118 627 more
3143 573 3376 630 hominis
3405 575 3521 629 sine
3541 579 3752 633 crimine

3459 668 3688 738 [possett

2366 755 2624 810 Nimirum
2651 757 2819 811 cassis
2842 755 3142 822 conatibus,
3172 764 3226 810 et
3256 756 3371 810 sine
3395 758 3579 811 nervis

2368 848 2704 914 Concideret,
2738 847 2935 903 sterilis
2962 848 3161 916 peccati
3190 847 3376 902 fomite
3396 849 3561 904 nullo.

2373 939 2514 992 Mors
2543 939 2700 992 alitur
2727 941 2882 1006 culpa
2914 955 2928 990 :
2959 939 3167 1008 culpam
3191 939 3282 1008 qui
3312 953 3418 994 non
3444 941 3629 1007 habet,
3652 942 3756 1011 ipso

2370 1029 2558 1083 Pastus
2586 1029 2791 1084 deiectu
2824 1038 3048 1084 mortem
3075 1031 3341 1084 consumit
3365 1031 3602 1087 inanem.

2191 1119 2297 1174 945
2373 1120 2463 1174 Sic
2512 1131 2657 1176 mors
2701 1121 2752 1175 in
2802 1121 3008 1176 Domini
3045 1132 3358 1192 consumpta
3407 1132 3490 1176 est
3543 1137 3758 1193 corpore

3438 1212 3659 1285 [Christi

2365 1304 2455 1359 Sic
2474 1305 2650 1372 periit,
2675 1304 2888 1357 solitum
2911 1302 3035 1358 dum
3058 1317 3162 1359 non
3187 1304 3348 1360 habet
3365 1306 3510 1359 arida
3536 1315 3762 1373 pastum.

2367 1395 2590 1463 Suspice
2621 1404 2946 1464 quapropter
2971 1395 3141 1448 solum
3179 1395 3500 1464 inculpabile
3530 1411 3757 1460 numen,

2367 1483 2526 1555 5.83
2551 1484 2810 1540 Virtutem
2837 1485 3028 1553 Patris,
3059 1495 3111 1540 et
3137 1484 3426 1553 Christi,et
3443 1486 3553 1555 jam
3583 1486 3759 1541 desine

2339 1651 2341 1653 ι
3457 1651 3460 1654 ὶ
3477 1576 3699 1646 [nostrze

2368 1667 2621 1722 Invidiam
2661 1668 2896 1724 conﬂare
2932 1668 3156 1734 animai,
3193 1669 3336 1737 quod
3365 1669 3438 1722 sit
3479 1668 3645 1732 Deus,
3683 1680 3763 1722 aut

3533 1761 3699 1830 [quod

701 1855 907 1911 Fraude
929 1867 1138 1917 carens,
1163 1852 1306 1906 omni
1329 1853 1604 1920 Culparum
1628 1852 1907 1920 aspergine
1936 1851 2090 1905 liber.
2125 1857 2166 1914 Β
2197 1850 2303 1907 950
2377 1852 2555 1908 Portio
2584 1865 2751 1922 parva
2781 1852 2898 1920 Dei,
2923 1865 3045 1908 eum
3073 1852 3287 1909 Christo
3311 1851 3593 1908 abscidere
3618 1853 3766 1920 quid-

703 1948 837 2015 Quid
870 1954 1206 2016 peccatorum
1239 1944 1480 2014 prosapia
1511 1957 1733 2012 corpore
1764 1943 1816 1995 in
1847 1942 1940 1996 illo
1959 1983 1973 2008 ,

3488 1943 3700 2014 tunam.

1799 2031 2080 2087 (ἐι.υὸὃῶ
2122 2028 2454 2087 VETERES.

586 2133 708 2187 9‘24.
733 2131 878 2193 Inde,
906 2132 966 2183 de
988 2129 1301 2195 baptismate.
1332 2156 1400 2167 —
1422 2126 1726 2187 Generatiu,
1759 2125 2017 2195 baptismi,
2047 2123 2084 2176 I.

587 2203 709 2256 925.
745 2202 978 2264 llluvies,
1001 2194 1341 2262 inmunditia,
1375 2196 1620 2267 pollutio,
1654 2194 1874 2257 macula,
1913 2194 1948 2245 I.

588 2273 710 2326 926.
746 2271 970 2332 Perlusi,
999 2286 1143 2321 sacro
1169 2268 1390 2328 lavacro,
1432 2267 1469 2318 l.

589 2341 711 2396 927.
739 2341 1030 2402 Materiam,
1061 2339 1387 2398 occasionem,
1423 2337 1459 2388 I.

588 2411 708 2465 9'28.
741 2408 942 2472 Sodali,
977 2409 1196 2479 corpori,
1225 2407 1384 2479 carni,
1417 2405 1456 2458 |.

586 2481 707 2536 919.
742 2472 1102 2543 lncentivuni,
1147 2478 1453 2531 incendium.
1486 2503 1548 2514 -—
1576 2472 1802 2538 Ambas,
1855 2481 2086 2538 naturas,

519 2553 698 2605 anima:
717 2561 762 2603 et
792 2550 1034 2618 corporis,
1069 2549 1109 2602 I.

585 2622 707 2675 950.
737 2613 912 2674 Mente
942 2619 1041 2674 sub
1070 2633 1193 2680 una,
1225 2616 1314 2667 sub
1347 2631 1446 2668 una
1478 2615 1752 2678 voluntate,
1784 2613 1822 2666 I.

586 2691 710 2746 959..
739 2689 1015 2752 Crucibus,
1038 2691 1219 2758 poenis,
1254 2685 1291 2738 Ι.
1458 2755 1467 2758 Α
1803 2701 1834 2758 ς

585 2760 709 2816 955.
735 2759 878 2813 Ιιιηοι
898 2759 981 2825 ui,
1005 2752 1123 2826 quia
1144 2756 1281 2809 solus
1312 2756 1397 2808 ille
1425 2755 1531 2808 sine
1563 2765 1762 2820 peccato
1789 2754 1904 2826 fuit,
1940 2752 1980 2806 Ι.

584 2830 708 2885 93L
740 2824 1064 2899 Expositatn,
1095 2829 1490 2895 manifestatam,
1526 2827 1807 2899 liberatam,

584 2901 706 2956 955.
741 2895 1042 2969 Expositam
1071 2939 1086 2963 ,
1139 2899 1335 2960 datam,
1380 2907 1669 2963 expertem,
1705 2895 1778 2950 vel
1818 2898 2087 2964 jactatam.

2197 2153 2267 2167 -ι
2289 2121 2651 2186 Contactibus,
2677 2123 3075 2194 pollutionibus,
3125 2163 3139 2177 .

2269 2195 2390 2264 956.
2427 2193 2795 2258 lntemerat'us,
2821 2193 3099 2264 integertl.

2270 2263 2393 2318 938.
2426 2265 2695 2332 Prosapia,
2720 2263 3000 2334 generatio,
3034 2263 3073 2317 l.

2266 2336 2389 2389 959.
2425 2335 2674 2397 Satelles,
2702 2351 2909 2400 sequax.
2943 2335 2981 2387 I.

2244 2441 2249 2446 -
2252 2404 2390 2526 341.
2419 2404 2622 2526 fassis,
2645 2406 2834 2469 vacuis,
2863 2404 3114 2458 inanibus.
3146 2431 3215 2443 —
3234 2402 3454 2471 Nervis,
3478 2406 3589 2460 sine
3628 2408 3770 2476 [ον-ῆς

2244 2491 2248 2525 ι
2289 2491 2386 2526 tne.
2450 2514 2462 2526 .

2196 2483 2386 2534 tudine,
2422 2483 2462 2527 ι.

2269 2542 2391 2597 942.
2414 2541 2754 2606 Concideret,
2776 2546 2995 2598 caderet.
3013 2574 3082 2585 —
3103 2541 3335 2612 Sterilis,
3357 2545 3548 2612 inanis,
3579 2547 3770 2602 scilicet

2194 2614 2288 2667 illa
2319 2630 2472 2666 mors.
2504 2641 2574 2652 —
2606 2613 2827 2677 Fomite,
2861 2617 3200 2680 nutrimento,
3229 2617 3270 2670 l.

2261 2684 2384 2738 944.
2419 2683 2606 2736 Pastus
2628 2724 2641 2743 .
2672 2684 2956 2754 genitus,'l.

2262 2754 2383 2824 946.
2422 2755 2601 2817 Arida,
2627 2769 2761 2806 mors
2781 2794 2795 2816 ,
2829 2755 2867 2807 I.
2891 2784 2960 2794 —
2989 2755 3225 2822 Pastum,
3254 2765 3535 2824 peccatum,
3562 2756 3700 2812 Mar.

2263 2823 2386 2900 94].
2417 2824 2660 2900 Suscipe,
2692 2825 2909 2900 honora.
2936 2856 3005 2900 _—
3030 2826 3372 2900 Inculpabile,
3401 2829 3512 2882 sine
3534 2829 3715 2900 culpa,
3728 2827 3767 2882 Ι.

2263 2894 2384 2949 949.
2431 2894 3052 2966 Invidiam,injustitiam,
3088 2895 3130 2950 I.

1863 3000 2416 3060 COMMENTARIUS.

518 3140 544 3184 κ
573 3125 800 3188 secunda
819 3138 974 3178 manu
1002 3123 1165 3177 illato.
1190 3123 1246 3176 In
1273 3122 1387 3175 Vat.
1418 3121 1455 3174 Β
1481 3129 1613 3185 erat,
1641 3122 1842 3173 ducitur
1871 3121 1922 3172 in
1950 3121 2076 3185 tuto,
2115 3122 2158 3184 C
2193 3119 2392 3174 sciolus
2426 3133 2521 3186 pro
2553 3117 2699 3171 Iesus
2731 3119 2902 3183 posuit
2933 3119 3060 3186 ipse.

518 3197 611 3252 sed
658 3196 849 3249 factum
899 3196 1087 3247 dicitur
1126 3195 1177 3245 in
1207 3193 1330 3254 luto,
1368 3194 1416 3244 in
1447 3190 1566 3243 Vat.
1611 3191 1676 3255 ρ,
1727 3191 1892 3253 illuto,
1938 3191 2077 3256 quod

519 3270 748 3329 retineo,
773 3283 798 3316 a
829 3267 994 3317 verbo
1035 3263 1181 3326 illuo,
1214 3279 1242 3314 a
1272 3278 1375 3329 quo
1404 3262 1560 3312 etiam
1593 3270 1673 3312 est
1702 3260 1897 3311 illuvies
1930 3261 2086 3325 paulo

519 3344 670 3405 post,
723 3335 962 3405 quamvis
995 3335 1316 3405 recentiores
1364 3331 1547 3405 malint
1566 3330 1740 3405 illato.
1794 3329 1891 3405 Pro
1940 3329 2086 3381 illuto

522 3397 762 3459 nonnulli
794 3404 1030 3456 scribunt
1078 3403 1259 3454 inluta.
1295 3401 1348 3454 In
1379 3399 1612 3452 At'nob‘o
1643 3399 1734 3450 lib.
1776 3413 1789 3450 ι
1829 3397 2087 3452 adversus

555 3483 705 3528 entes
736 3474 946 3540 legitur,
979 3473 1077 3537 Qui
1105 3487 1194 3540 per
1222 3470 1492 3523 altissimos
1513 3471 1735 3538 gurgites
1761 3472 1933 3536 pedem
1953 3469 2084 3538 fere-

555 3556 603 3596 at
628 3543 844 3596 intutum
997 3566 1002 3570 -

593 3614 714 3666 99.4.
750 3613 1079 3679 Pelagianos,
1116 3619 1364 3678 negantes
1389 3618 1658 3675 peccatum
1687 3609 1958 3676 originale,
1993 3623 2083 3662 re-

521 3685 651 3739 fellit
679 3701 740 3737 ex
767 3684 1046 3754 baptismo,
1073 3698 1177 3751 quo
1204 3683 1760 3754 ren:tscitnur,ntique
1778 3681 1966 3754 mortui
1991 3691 2087 3746 per

559 3751 850 3819 eccatumj
880 3755 1014 3819 quod
1073 3769 1134 3807 εις
1186 3751 1371 3804 Adami
1423 3751 1646 3804 crimine
1698 3751 2081 3804 contraximus.

571 3827 653 3879 ide
683 3826 735 3879 S.
773 3826 1123 3894 Augustinum
1155 3834 1208 3894 et
1237 3823 1530 3887 theologus.

589 3897 711 3949 927.
749 3891 935 3949 Fames
967 3893 1245 3963 peccati'in
1268 3906 1429 3944 oarue
1455 3902 1556 3954 est,
1584 3900 1635 3941 et
1659 3892 1708 3943 in
1739 3891 2080 3963 carncetiam

518 3976 638 4033 post
666 3959 992 4030 baptismatis
1044 3965 1316 4033 lustralem
1349 3963 1542 4013 undam
1597 3970 1853 4013 remanet.
1904 3959 2081 4011 Nihilo

519 4031 693 4085 tamen
727 4035 900 4085 minus
944 4033 1115 4084 anima
1157 4031 1267 4098 ipsa
1299 4040 1517 4097 peccat,
1559 4034 1802 4096 quamvis
1828 4046 1855 4080 a
1888 4043 2084 4081 concu-

520 4103 789 4168 piscentia;
832 4102 1093 4152 illecebris
1141 4103 1202 4153 ad
1235 4111 1506 4167 peccatum
1545 4101 1786 4151 trahatur
1827 4100 1988 4165 :quia
2031 4107 2084 4152 et

522 4170 690 4222 libere
737 4179 920 4235 peccat
948 4211 961 4229 ,
1003 4178 1055 4220 et
1085 4185 1224 4238 srepe
1253 4170 1696 4238 concupiscentia:
1722 4169 1826 4220 vim
1856 4169 1995 4218 acuit
2033 4176 2087 4220 et

521 4240 780 4292 accendit.
814 4240 944 4291 llinc
978 4253 1133 4305 paena
1161 4237 1370 4306 corpori
1403 4248 1454 4290 et
1485 4237 1674 4289 animae
1713 4237 1979 4304 sapienter
2003 4244 2086 4290 est

522 4311 824 4361 constituta.

591 4379 714 4431 928.
747 4378 799 4429 In
826 4376 1002 4443 Prag.,
1041 4376 1243 4438 sodale;
1274 4377 1323 4428 in
1352 4377 1490 4436 Rat”
1523 4376 1732 4429 sodalis.

591 4448 714 4501 9‘29.
752 4449 804 4501 In
837 4446 1104 4500 nonnullis
1145 4447 1293 4506 edd.,
1325 4444 1564 4509 impleat;
1593 4451 1798 4504 corrige
1828 4445 2074 4514 implicat.

2261 3190 2385 3260 958.
2415 3187 2576 3260 Adest
2595 3189 2679 3242 hic
2700 3203 2886 3260 versus
2907 3190 2959 3242 in
2985 3189 3135 3260 Man,
3170 3187 3289 3242 Vat.
3308 3187 3374 3256 Q,
3403 3189 3584 3260 Prag.,
3618 3190 3764 3259 Rat,

2191 3259 2478 3328 etquidem
2509 3259 2624 3313 sine
2682 3259 2837 3312 litura
2872 3269 2922 3313 et
2954 3259 3139 3312 eadem
3169 3273 3328 3312 manu
3352 3299 3366 3320 .
3412 3259 3463 3312 in
3495 3259 3766 3331 plerisque

2192 3329 2424 3385 Weitzii.
2457 3329 2506 3381 in
2537 3327 2772 3381 Giselino
2802 3338 2854 3382 et
2883 3329 3019 3383 aliis.
3055 3329 3237 3383 Abest.
3280 3343 3311 3381 a
3352 3329 3497 3385 Put.
3528 3329 3760 3385 Tbuan..

2188 3369 3326 3464 ὄχᾙῖἰῖ’τ’ἅιηῖὰῖἷὸἰὶἰιὶξὶιἴὰῗξίηὶῖἷῖῖῑὲιὶ.
3351 3369 3506 3453 λῖἑῖ.
3537 3369 3557 3384 ⁸
3573 3369 3760 3395 mm"

2259 3469 2383 3540 959.
2426 3468 2602 3540 Alex,
2633 3469 2878 3537 quidquid
2905 3469 2958 3521 in
2991 3467 3242 3534 membris,
3267 3468 3493 3524 fortasse
3518 3471 3763 3540 quidquid

2193 3549 2236 3594 ct
2267 3539 2318 3590 in
2345 3538 2598 3591 membris.
3380 3573 3382 3576 ν

2259 3607 2381 3661 940.
2415 3607 2632 3671 Weitz.,
2660 3607 2798 3671 Gis.,
2845 3608 3008 3668 Gall.,
3041 3608 3320 3672 Tornaas.,
3349 3607 3494 3670 Rat.,
3549 3611 3768 3664 homini.

2189 3677 2432 3746 Plerique
2445 3678 2850 3747 etvetustiores,
2867 3677 3105 3741 hominis,
3124 3678 3262 3746 quod
3281 3679 3436 3747 longe
3453 3681 3649 3733 melius
3663 3692 3767 3734 est.

2259 3748 2384 3802 942.
2418 3747 2592 3815 Egm.,
2628 3746 2771 3820 Put.,
2798 3759 2852 3802 et
2879 3748 3012 3820 Pal_.,
3045 3751 3360 3820 conciderent
3381 3746 3602 3815 steriles,
3629 3753 3770 3820 quod

2190 3833 2294 3873 non
2323 3820 2576 3887 intelligo.
2618 3817 2744 3883 Alii,
2795 3818 3112 3882 concideret,
3139 3819 3324 3872 sterilis
3344 3823 3539 3887 peccati
3589 3817 3770 3888 fabrile

2189 3888 2354 3954 nullo,
2387 3889 2485 3942 hoc
2513 3899 2590 3942 est
2619 3902 2796 3957 mors,
2826 3903 2943 3957 qua}
2969 3887 3081 3956 ipsa
3127 3888 3315 3942 sterilis
3345 3890 3540 3943 dicitur
3576 3887 3597 3941 :7
3646 3907 3768 3945 nam

2191 3959 2428 4026 sequitur
2457 3974 2591 4012 mors
2619 3956 2778 4010 alitur
2807 3956 2978 4025 culpa.

2262 4030 2382 4082 945.
2416 4028 2485 4084 Ut
2508 4043 2663 4096 supra
2689 4027 2884 4096 hymno
2908 4029 3310 4096 Exsequiarum,
3343 4044 3481 4081 vers.
3512 4029 3573 4082 l7
3599 4040 3655 4084 et
3680 4031 3770 4094 l8.

2189 4099 2389 4220 golere
2415 4107 2625 4152 mortem
2645 4136 2660 4161 ,
2695 4099 2765 4152 ita
2796 4113 2933 4153 nunc
2961 4109 3170 4152 mortem
3203 4100 3433 4152 consumi
3462 4101 3514 4152 in
3555 4116 3771 4170 corpore

2250 4178 2397 4220 tristi.

2250 4170 2397 4222 iristi.

2260 4237 2385 4292 947.
2419 4239 2535 4292 Vat.
2566 4239 2608 4292 Α
2637 4245 2691 4292 et
2721 4237 2779 4304 Β,
2809 4239 3023 4306 suscipe.
3048 4238 3200 4299 Man.
3224 4239 3370 4306 Ald.,
3399 4237 3613 4302 Weitz.,
3645 4239 3766 4293 Gts.

2187 4315 2244 4430 ﬁt
2270 4308 2506 4377 plerique
2526 4309 2741 4377 suspice,
2775 4308 2912 4376 quod
2939 4309 3111 4363 sensui
3159 4311 3327 4378 magis
3359 4317 3656 4379 congruere
3686 4312 3773 4364 vi-

2225 4388 2362 4430 elur.

2225 4388 2362 4431 ellll‘.

2258 4449 2381 4502 948.
2408 4447 2529 4501 Put.
2555 4463 2649 4516 pro
2674 4449 2906 4500 virtutem
2932 4448 3090 4502 habet
3116 4459 3373 4502 naturam.
3409 4449 3609 4502 Contra
3628 4457 3776 4503 stant

455 4566 458 4569 .
522 4514 836 4572 lncentivum
875 4516 1188 4581 adici-tivum
1239 4489 1494 4569 varrtinis
1537 4489 1647 4577 ést,
1690 4489 2076 4570 substan'iivum
2105 4489 2157 4548 D
2185 4516 2363 4579 Aleae,
2394 4517 2528 4571 Urb.
2557 4489 2610 4570 Et
2637 4518 2724 4570 alii
2751 4520 2917 4572 nostri
2949 4534 3068 4573 cum
3101 4517 3218 4574 Vat.
3252 4524 3293 4581 0
3317 4529 3372 4573 et
3393 4518 3571 4572 editis.

521 4591 748 4644 auctoris
801 4587 1098 4655 panegyrici
1126 4585 1478 4639 Constantino
1525 4584 1687 4649 dicti,
1738 4584 2077 4655 Hieronymi,

2257 4588 2382 4641 950.
2411 4587 2682 4657 Ilcinsiani
2705 4603 2889 4642 omnes
2907 4590 3242 4654 vetustiores,
3261 4589 3363 4642 Gil.
3377 4629 3392 4652 ,
3408 4589 3563 4641 Alex.
3578 4631 3590 4651 ,
3611 4590 3772 4657 Urb.,

520 4661 842 4730 Symmachi,
877 4658 1159 4730 Ammiani.

590 4733 712 4784 951.
739 4732 980 4782 Animam
1013 4729 1129 4794 igne
1156 4726 1386 4793 torqueri
1413 4766 1427 4788 ,
1464 4726 1703 4793 quamvis
1727 4725 1795 4777 sit
1833 4723 2080 4792 spiritua-

522 4801 608 4863 lis,
653 4801 840 4851 docent
871 4799 968 4851 SS.
996 4797 1178 4850 Patres
1205 4806 1256 4850 et
1289 4797 1539 4863 theologi,
1573 4809 1871 4862 quanquam
1898 4797 2080 4848 nescio

521 4885 614 4922 cur
647 4870 755 4921 hazc
785 4867 1111 4923 consuetudo
1138 4867 1374 4926 invaluit,
1410 4877 1460 4918 nt
1491 4867 1769 4932 theologos
1797 4880 1824 4916 a
1848 4866 1944 4918 SS.
1985 4865 2082 4918 Pa-

525 4941 690 4992 trihus
713 4939 1076 4991 disc-eruamus
1097 4978 1111 5002 ,
1143 4953 1241 4990 nec
1270 4936 1631 5002 theologorum
1674 4935 1884 4988 nomine
1927 4936 2082 5003 vulgo

521 5009 619 5062 SS.
651 5010 830 5060 Patres
860 5009 1376 5075 comprehendamus
1409 5022 1420 5057 :
1456 5021 1574 5057 nam
1623 5005 1673 5056 hi
1725 5005 1950 5058 maxime
1974 5007 2081 5059 veri

523 5087 646 5131 sunt
677 5080 927 5145 theologi.
954 5078 1079 5141 Sed,
1111 5087 1167 5129 ιιι
1195 5077 1421 5139 aiebam,
1455 5076 1805 5142 qumstioncm
1844 5077 1910 5128 de
1964 5076 2082 5142 igne

519 5163 626 5216 quo
657 5149 846 5198 animae
884 5148 1186 5199 cruciantur
1242 5149 1451 5210 utrique
1479 5148 1716 5212 agitant,
1751 5156 1804 5197 et
1843 5146 2081 5199 nonnihil

517 5215 547 5271 ιι
571 5218 722 5270 nobis
748 5234 805 5268 ea
839 5217 904 5269 de
935 5231 990 5268 re
1018 5217 1212 5270 dictum
1247 5225 1328 5269 est
1357 5221 1405 5268 in
1439 5217 1638 5282 proleg.
1673 5229 1815 5268 num.
1850 5215 1966 5268 167.

587 5290 708 5341 95").
734 5287 786 5340 In
817 5287 930 5338 Vat.
957 5287 998 5337 A
1023 5297 1162 5339 recte
1184 5286 1376 5338 factum
1400 5287 1630 5338 crucibus
1657 5301 1718 5338 ex
1749 5286 2078 5353 cruciatibus,

517 5375 634 5426 qua:
658 5370 734 5410 est
760 5357 956 5424 glossa.
991 5355 1116 5408 Nam
1149 5371 1347 5426 crucem
1373 5396 1388 5419 ,
1421 5365 1473 5408 et
1503 5357 1636 5424 afﬁgi
1666 5357 1802 5407 cruci
1833 5370 2083 5426 procra-

460 5434 469 5451 '
515 5424 649 5481 c'iatu
702 5438 752 5480 et
784 5427 996 5478 cruciari
1024 5426 1222 5493 accipi,
1260 5425 1433 5479 dicam
1469 5426 1535 5478 ad
1568 5429 1820 5496 hymnum
1850 5429 1906 5479 S.
1942 5424 2085 5479 Lau-

515 5500 692 5557 rentii,
723 5512 861 5554 vers.
909 5497 996 5548 21.
1027 5497 1230 5556 Ileins..
1257 5496 1445 5549 Cham.
1483 5495 1732 5550 mendum
1771 5513 1860 5549 nos
1908 5495 2081 5552 librat.

584 5565 706 5618 933.
731 5565 966 5618 Cilanius
993 5581 1057 5618 ex
1083 5569 1241 5621 veteri
1265 5567 1450 5622 codice
1471 5577 1695 5636 gestatur
1722 5584 1816 5635 pro
1839 5575 2081 5635 gestator.

516 5636 628 5689 Ntm
657 5650 870 5702 sequor.

585 5704 704 5755 955.
740 5706 915 5769 Prag.,
961 5707 1241 5771 expositam
1269 5708 1638 5768 contractibus,
1700 5718 1753 5761 ut
1786 5722 1925 5762 vers.
1954 5707 2080 5762 989.

515 5772 704 5827 Melius
731 5774 1043 5827 contactibus
1094 5789 1195 5839 pro
1237 5777 1572 5842 contagione.
1620 5779 1673 5830 In
1724 5781 1844 5834 Itat.
1893 5791 2083 5832 rec-ns

2185 4658 2303 4712 Val.
2335 4661 2397 4724 Q.
2433 4656 2578 4720 Rau,
2609 4656 2824 4722 Weitz.,
2856 4659 3130 4712 abscidere.
3156 4658 3279 4720 Alii,
3312 4658 3639 4713 abscindere.
3679 4656 3775 4714 Ni?

2184 4727 2255 4781 hil
2299 4729 2474 4780 minus
2525 4728 2902 4797 cogitaveram,
2946 4744 3102 4797 quam
3135 4737 3192 4781 ut
3225 4731 3323 4780 hoc
3352 4729 3468 4782 loco
3498 4729 3566 4781 de
3592 4731 3772 4792 cultu,

2181 4807 2235 4866 et
2286 4798 2418 4851 testo
2441 4797 2538 4851 SS.
2575 4795 2765 4850 Cordis
2789 4795 3135 4866 .Iesus,‘quod
3189 4797 3393 4866 publica
3443 4802 3780 4855 auctoritate

2182 4865 2363 4920 Romae
2415 4867 2812 4934 iunumerisque
2842 4869 2961 4920 aliis
2990 4865 3042 4920 ιιι
3075 4865 3390 4921 άιωὸεείὺιιε
3439 4868 3780 4935 celebratur,

2182 4938 2341 5007 verba
2373 4938 2498 4990 mihi
2533 4946 2712 4991 essent
2750 4937 3010 5004 iacienda,
3047 4939 3342 5005 prazsertim
3370 4953 3490 4990 cum
3516 4937 3630 5005 jam
3661 4942 3779 5007 pri-

2183 5006 2301 5060 dem
2332 5021 2489 5060 causa
2517 5007 2658 5059 ﬁnita
2693 5008 2782 5058 sit.
2817 5008 2919 5060 Sed
2971 5009 3187 5061 omnino
3243 5018 3421 5060 tacere
3469 5023 3575 5062 non
3618 5006 3780 5075 licet,

2187 5076 2613 5145 quandoquidem
2640 5090 2823 5129 recens
2849 5077 3113 5143 interpres
3140 5076 3278 5129 male
3302 5077 3654 5131 Prudentium
3696 5081 3781 5133 iu-

2187 5147 2414 5210 tcllexit,
2469 5146 2704 5218 subjecta
2736 5146 2833 5199 hac
2861 5155 3009 5218 _nota
3042 5146 3217 5218 verbis
3243 5146 3367 5218 illis,
3395 5162 3496 5199 cru
3535 5164 3782 5204 CBRISTO

2186 5233 2470 5270 AItSCIDERE
2516 5215 2774 5278 octuouan
2812 5215 2997 5286 :IIa’c,
3047 5217 3239 5286 inquit,
3270 5216 3438 5279 velim,
3493 5221 3779 5272 attendant

2185 5289 2417 5339 nonnulli
2474 5303 2534 5339 ca:
2589 5287 2843 5338 deicrnis
2885 5285 2988 5340 SS.
3022 5285 3202 5340 Cordis
3223 5286 3349 5338 Jesu
3375 5287 3686 5353 cultoribus,
3719 5307 3784 5344 ne

2183 5357 2305 5408 dum
2332 5357 2619 5426 uiuidiorem
2643 5358 2690 5426 in
2719 5371 2770 5407 se
2796 5356 2917 5426 ipsis
2943 5368 2989 5426 et
3014 5357 3064 5408 in
3092 5357 3206 5408 aliis
3230 5373 3349 5426 erga
3381 5354 3648 5410 Christum
3680 5359 3784 5413 Je-

2185 5443 2296 5498 sum
2316 5425 2558 5498 ra/fectum
2584 5425 2821 5498 excitare
2842 5425 3067 5489 student,
3094 5425 3295 5498 corpus
3327 5430 3457 5495 ejus,
3485 5436 3531 5498 et
3559 5444 3784 5483 carnem

2186 5496 2483 5559 dividentes,
2509 5507 2550 5548 et
2577 5496 2626 5547 in
2651 5495 2820 5562 frusta
2849 5505 3095 5557 secantes,
3130 5497 3385 5563 oculisque
3409 5497 3782 5561 subiicientes.

2184 5567 2381 5619 violatae
2409 5566 2624 5635 unitatis
2646 5576 2689 5618 et
2721 5567 3021 5634 integritatis
3051 5567 3120 5635 rei
3139 5578 3466 5635 peraguntur.
3493 5567 3604 5634 Ego
3645 5583 3787 5623 vero

2188 5640 2417 5689 maxime
2447 5634 2664 5690 attendo
2707 5645 2760 5688 et
2806 5629 2981 5699 video,
3027 5629 3369 5688 Prudentium
3427 5629 3783 5706 nequaquam

2189 5720 2346 5773 agere
2371 5708 2438 5760 de
2459 5706 2654 5759 Christi
2686 5720 2930 5772 corpore,
2980 5705 3074 5759 sed
3098 5705 3286 5760 Christi
3315 5706 3531 5760 nomine
3568 5705 3788 5762 intelli-

2187 5789 2315 5842 gere
2369 5776 2624 5840 Verbum,
2674 5785 2728 5829 et
2778 5775 3134 5845 divinitatem,
3167 5783 3224 5830 ut
3248 5792 3391 5832 vers.
3417 5774 3487 5832 29
3510 5778 3728 5842 Apoll).
3765 5793 3790 5834 L
