3950 6326
178 385 301 473 9η

349 467 688 549 Et’resecai'e
722 491 829 544 Deo
850 498 1075 558 partem,
1102 490 1181 544 vel
1210 503 1427 558 carpere
1454 497 1654 544 tantum

350 586 559 640 Numen
580 598 687 636 non
712 583 892 647 liceat,
912 583 1120 649 plenum
1147 582 1245 635 sibi
1266 597 1497 651 semper,
1515 591 1568 637 et
1593 584 1643 635 in
1668 597 1744 637 se.

423 678 515 731 Est
531 690 707 744 operte
722 674 949 743 pretium
968 673 1207 729 nebulosi
1230 674 1488 743 dogmatis
1508 677 1751 727 umbram

350 767 516 840 ἀ,εά
548 766 807 831 Prodere,
852 782 1011 835 quam
1061 775 1246 819 tenues
1286 766 1447 819 atomi
1496 778 1752 833 compage

1458 857 1681 930 [minuta

357 951 645 1005 Instituunt
672 966 684 999 :
714 948 807 1003 sed
839 962 987 1002 cassa
1017 948 1179 1016 cadit,
1213 957 1473 1019 ventoque
1511 949 1752 1019 liquescit

305 1101 315 1111 ,
356 1032 643 1111 Assimilis,
672 1044 821 1096 ﬂuxu
854 1057 953 1096 nec
983 1058 1040 1097 se
1070 1034 1333 1098 sustentat
1362 1043 1527 1097 inani.

358 1139 574 1192 Aerium
606 1136 927 1190 Manichacus
950 1136 1024 1188 ait
1049 1136 1165 1190 sine
1187 1151 1411 1204 corpore
1434 1150 1558 1190 vero

358 1229 713 1283 Pervolitasse
764 1228 947 1289 Deum,
1000 1226 1223 1280 nenda:
1274 1228 1619 1293 phantasma,
1666 1240 1752 1279 ca-

1438 1320 1682 1390 [vamque

358 1412 612 1480 Corporis
637 1409 889 1478 efﬁgiem,
916 1410 988 1465 nil
1019 1410 1402 1464 contrectabile
1443 1410 1749 1465 habentem.

359 1505 437 1558 Ac
466 1503 689 1571 primum
721 1512 921 1570 specta,
954 1516 1017 1553 an
1049 1501 1234 1555 deceat
1275 1502 1559 1571 quidquam
1592 1503 1753 1555 simu-

355 1594 643 1662 Assignare
667 1593 798 1657 Deo,
822 1593 974 1659 cujus
998 1607 1140 1647 mera
1169 1594 1335 1660 gloria
1364 1593 1482 1645 falsi
1564 1593 1750 1665 [latum

363 1684 445 1739 Nil
476 1685 666 1752 recipit
691 1702 701 1735 :
729 1684 980 1737 membris
1002 1683 1089 1737 hic
1113 1698 1170 1737 se
1200 1684 1476 1738 tallacihus
1499 1692 1683 1752 aptans

175 952 277 1007 955

179 1503 285 1560 960

361 1776 609 1843 Fingeret
631 1788 748 1827 esse
776 1774 1041 1828 hominem
1065 1783 1288 1829 ventosa
1314 1774 1571 1829 subdolus
1604 1776 1753 1830 arte?
1804 1802 1805 1805 η

1786 1859 1838 1919 Β

358 1866 605 1921 Mentitus
634 1866 809 1929 toties,
834 1880 951 1919 cum
975 1866 1194 1933 diceret,
1232 1866 1546 1920 inveteratis

1564 378 2007 437 APOTHEOSIS.

3315 362 3435 433 θος

1764 497 1818 557 Α
1843 494 1945 549 965
2020 495 2095 548 Do
2126 494 2329 548 veniam
2363 492 2585 557 morbis,
2626 492 2784 546 simul
2812 498 2866 546 et
2893 500 3107 560 peccata
3139 491 3377 546 remitto.

2032 584 2193 656 485
2223 584 2384 639 Filius
2427 591 2508 637 est
2556 582 2808 644 hominis,
2853 591 3053 649 pestem
3096 578 3187 651 qui
3226 582 3423 651 pellere

3134 671 3351 745 [carnis,
3438 730 3441 735 ,

2030 770 2095 822 Et
2116 769 2375 822 scelerum
2407 782 2574 822 nexus
2604 769 2813 832 laxare,
2839 781 2900 821 ac
2929 768 3137 822 solvere
3162 768 3349 836 possit.

2028 858 2197 927 Surge
2212 857 2424 925 valens,
2449 873 2607 928 surge
2642 861 2923 927 innocuus,
2948 858 3057 929 jam
3085 859 3212 913 tolle
3235 859 3421 928 graba-

3194 953 3350 1025 [ωιτη.

2030 1043 2196 1099 Filius
2223 1043 2325 1099 hoc
2354 1046 2585 1101 hominis
2610 1044 2789 1115 jubco.
2820 1044 3089 1113 Dignusne
3119 1043 3350 1109 videtur,

2035 1136 2136 1202 Qui
2169 1136 2313 1190 testis
2338 1138 2438 1191 sibi
2466 1138 2555 1201 sit,
2588 1152 2774 1205 seque,
2807 1150 2867 1189 ac
2909 1150 3001 1189 sua
3029 1149 3221 1189 carnea
3248 1134 3426 1190 norit?

2030 1226 2188 1293 Quid,
2212 1242 2330 1281 cum
2360 1227 2668 1296 discipulos,
2700 1226 2927 1279 hominis
2954 1226 3078 1294 quid
3102 1225 3265 1280 Filius
3286 1233 3430 1281 esset

2030 1319 2312 1384 Passurus,
2346 1319 2452 1375 ﬁdo
2480 1320 2589 1389 jam
2622 1320 2874 1388 praescius
2900 1334 2994 1374 ore
3026 1320 3307 1373 monebat?

2035 1410 2223 1464 Nonne
2250 1411 2533 1476 fatebatur,
2565 1426 2622 1465 se
2663 1424 2781 1463 cum
2815 1411 3010 1463 virtute
3039 1418 3257 1478 paterna

2035 1499 2166 1556 Esse
2203 1501 2470 1555 hominem
2504 1502 2716 1555 verum?
2746 1500 2883 1571 quod
2916 1500 2961 1553 si
2992 1515 3097 1553 non
3143 1498 3326 1565 credo,
3356 1498 3431 1554 le-

3182 1590 3357 1661 [feIIiL

1859 1684 1965 1738 975
2038 1684 2095 1739 Si
2127 1696 2311 1739 natura
2346 1684 2435 1737 Dei
2467 1699 2585 1751 quae
2612 1683 2699 1749 sit,
2730 1681 3039 1747 Manichaee,
3066 1680 3324 1749 requiris:

2034 1776 2201 1827 Omne
2231 1774 2370 1842 quod
2398 1786 2501 1839 eSt,
2537 1788 2718 1828 verum
2750 1781 2868 1839 est;
2901 1787 3019 1826 nam
3067 1771 3111 1824 si
3142 1770 3432 1826 mendosus

3064 1862 3193 1935 [agit
3214 1862 3360 1932 quid,

1855 1135 1960 1191 970

1478 1954 1760 2012 ϐιΟΞΞίΕ
1798 1952 2132 2013 VETERES.

250 2047 381 2103 955.
422 2048 611 2114 Opera:
642 2049 891 2115 pretium,
928 2062 1121 2099 necesse
1146 2063 1219 2099 vei
1251 2062 1549 2115 congruum,
1580 2047 1624 2099 l.
1656 2051 1673 2070 ‘

248 2118 377 2173 95‘.
423 2118 670 2179 Prodere,
704 2117 945 2184 detegere.
976 2146 1044 2154 —
1074 2116 1275 2177 Atomi,
1308 2117 1482 2167 (ticum
1513 2117 1755 2181 hiereti'ci,

181 2190 317 2259 quod
341 2189 652 2259 omniaquae
680 2195 815 2259 sunt,
861 2202 922 2239 e1:
958 2186 1050 2237 illa
1092 2186 1334 2237 inanitate
1358 2187 1593 2259 formata
1643 2198 1756 2259 sunt

182 2255 292 2327 qua:
320 2266 427 2310 erat
459 2257 526 2308 ibi
558 2257 641 2307 ubi
666 2255 1034 2327 rnodoestaer,
1061 2263 1105 2306 et
1125 2272 1184 2307 ex
1211 2255 1399 2307 atomis
1417 2266 1629 2327 quatuor
1655 2258 1755 2310 cle-

182 2324 353 2382 menta
402 2329 639 2395 formata.
703 2324 768 2377 Et
815 2326 933 2395 inde
978 2340 1125 2377 omne
1176 2342 1360 2393 corpus
1414 2326 1754 2393 phantasma,

184 2394 675 2462 Pastum'appareo;
722 2395 835 2447 inde
882 2394 1237 2465 phantasmata
1293 2395 1439 2461 falsa:
1492 2396 1756 2465 imagines,

185 2484 295 2537 quae
324 2467 608 2537 hominibus
636 2476 900 2537 apparent.
928 2494 998 2505 —
1027 2464 1245 2532 Minuta,
1274 2465 1471 2533 gracili,
1506 2464 1546 2517 Ι.

254 2537 380 2592 955.
413 2536 574 2591 Cassa
606 2537 823 2601 inutilis,
848 2534 887 2586 Ι.

1940 2044 2262 2114 961.‘Mera,
2296 2061 2445 2114 pura.
2471 2073 2540 2084 --
2569 2043 2730 2109 Falsi,
2762 2044 3024 2113 falsitatis,
3052 2040 3093 2099 Ι.

1939 2114 2057 2168 962.
2092 2112 2360 2175 Membris,
2393 2132 2478 2177 an,
2506 2115 2543 2167 1.

1936 2185 2057 2238 965.
2098 2185 2340 2246 Ventosa,
2376 2186 2539 2246 inani,
2566 2184 2685 2237 Vat.
2720 2185 2781 2238 Β.

1933 2254 2057 2308 964.
2102 2254 2432 2317 Inveteratis,
2467 2254 2519 2325 in
2544 2256 2691 2325 veteri
2712 2253 2913 2308 homine
2938 2257 3211 2325 conceptis,
3245 2255 3286 2310 I.

1940 2324 2062 2377 970.
2094 2326 2317 2388 (iarnea,
2348 2324 2590 2385 membra,
2619 2324 2658 2375 I.

1936 2394 2061 2466 972.
2093 2393 2243 2466 fido,
2274 2395 2456 2446 veraci.
2486 2424 2557 2432 —
2586 2393 2851 2466 Monebat,
2882 2395 3238 2466 interrogabat,
3279 2397 3317 2451 I.

1937 2464 2060 2517 975.
2093 2463 2339 2527 Paterna,
2365 2480 2605 2534 superna,
2635 2462 2677 2517 I.

1537 2620 2091 2677 COMMENTARIUS.

192 2718 302 2772 Hoc
337 2717 461 2770 vidit
496 2718 725 2787 princeps
753 2714 1211 2787 generosi‘semjnis
1246 2713 1455 2787 Abram,
1501 2711 1619 2763 Jam
1647 2722 1753 2765 tum

187 2790 405 2859 dignati:
424 2782 580 2840 terras
611 2782 821 2838 inuisere
837 2782 1045 2859 _Chr_isti
1072 2782 1281 2859 ospes
1312 2784 1480 2845 homo,
1519 2791 1573 2835 et
1610 2796 1751 2849 saepe

188 2852 334 2912 alias.
382 2858 577 2911 Probat
616 2865 789 2909 autem
837 2852 1151 2906 Prudentiu:
1202 2856 1427 2905 animam
1470 2866 1571 2904 non
1634 2866 1751 2905 esse

190 2930 487 2997 portionem
528 2928 648 2991 Dei,
694 2940 803 2977 cum
835 2922 1033 2997 Christo
1062 2919 1319 2974 abscftlere
1346 2923 1638 2997 quidquam,
1686 2921 1751 2974 Et

190 2990 415 3051 resecare
456 2996 561 3048 Deo
612 3004 824 3063 partem,
856 2994 929 3046 rel
959 3008 1161 3063 carpere
1191 3001 1383 3045 tantum
1415 2990 1620 3043 Numen
1650 3007 1752 3043 non

192 3070 357 3121 liceat.
383 3067 479 3120 llic
502 3068 640 3119 enim
664 3074 781 3117 erat
800 3063 1147 3132 quorumdam
1183 3063 1552 3132 lizcrcticornm
1578 3075 1748 3124 error,

192 3141 419 3191 animam
446 3150 570 3189 esse
593 3131 1155 3201 partem’substantiae
1194 3131 1307 3199 Dei,
1350 3131 1440 3198 qui
1483 3146 1748 3197 nunquam

1861 2721 1975 2765 rent
2001 2712 2170 2782 facile.
2227 2712 2334 2767 Sed
2376 2711 2615 2766 Gilanius
2643 2712 2757 2782 ipse
2801 2715 3013 2782 agnovit
3044 2715 3298 2769 Lucilium
3330 2715 3419 2774 lib.

1861 2794 2003 2855 xxvn
2034 2781 2131 2855 hac
2160 2795 2465 2855 vocertisurn
2490 2782 2680 2855 fuisse:
2704 2781 2880 2855 litata,
2909 2793 3059 2855 atque
3080 2796 3275 2838 atomos
3306 2786 3407 2855 Epi

1859 2854 2194 2926 curivincere
2223 2854 2404 2926 volim._
2426 2850 2758 2926 Cra’cissans,
2788 2850 3242 2926 inquittiifanins.
3277 2858 3332 2909 id
3353 2850 3407 2926 fc

1858 2922 1926 2972 cit
1956 2920 2185 2973 Lucilius
2209 2936 2226 2972 :
2256 2924 2406 2989 quasi
2433 2936 2558 2975 vero
2580 2935 2681 2974 vox
2742 2920 2921 2976 Latina
2946 2923 3015 2975 sit
3042 2932 3259 2979 atomus.
3292 2920 3408 2981 Prae

1860 2999 2005 3045 tereo
2035 2992 2349 3056 Ausonium,
2384 2992 2738 3060 Apollinarem
2763 2992 3059 3062 Sidonium,
3090 2995 3348 3062 aliosque,
3378 2999 3425 3052 in

1857 3074 2079 3132 quorum
2104 3034 2497 3115 carminihusrid
2522 3078 2711 3115 nomen
2737 3062 3008 3116 inseritur.
3032 3034 3279 3117 Nonnulli
3309 3034 3426 3132 νἰὈΣ

1857 3130 2019 3185 sodiae
2050 3132 2341 3197 scriptores
2386 3148 2418 3183 α
2456 3132 2507 3184 in
2537 3140 2733 3185 atomus
2784 3133 3259 3200 longumindicant
3290 3130 3423 3190 :‘alii

194 3209 523 3261 somniarunt
571 3205 858 3289 altiqmare.
882 3202 1107 3289 animam
1139 3214 1258 3289 esse
1299 3201 1607 3289 particulam
1641 3214 1754 3255 cor-
1781 3226 1826 3289 ρ
1860 3214 1969 3289 ηοιι¹
2005 3202 2173 3281 solum
2228 3202 2411 3282 breve.
2442 3203 2800 3289 prgnuntiant,
2841 3202 2933 3283 sed
2969 3218 3160 3283 .veram
3193 3204 3427 3285 regulam

193 3280 333 3346 poris
353 3286 444 3330 aut
463 3275 641 3327 carnis
670 3272 882 3327 Christi.
922 3271 1084 3339 Igitur
1106 3280 1195 3323 aut
1219 3271 1487 3325 Prudentii
1520 3280 1752 3346 mentem

196 3340 378 3401 recens
409 3348 671 3410 interpres
703 3358 807 3395 non
832 3350 911 3394 est
939 3352 1233 3401 assecutus,
1258 3349 1346 3393 aut
1378 3349 1484 3393 tota
1517 3340 1630 3410 ejus
1662 3354 1747 3410 ar-

198 3417 519 3485 gumentatio
549 3408 651 3466 huc
686 3413 912 3485 denique
948 3410 1137 3464 recidit
1169 3428 1180 3462 :
1214 3408 1753 3485 Prudentiusaiudi-

201 3478 372 3540 vinam
403 3493 645 3538 naturam
674 3478 900 3537 resecari
923 3496 1026 3533 non
1046 3494 1228 3547 posse;
1259 3495 1384 3548 ergo
1406 3482 1491 3549 qui
1513 3478 1755 3534 SS.Cor-

200 3559 250 3610 di
270 3558 389 3609 Jesu
418 3556 618 3608 cultum
647 3552 918 3613 exhibent,
950 3558 1003 3603 et
1027 3551 1143 3617 ejus
1191 3550 1448 3616 imagines
1488 3550 1670 3617 quales
1699 3550 1751 3603 in

203 3626 431 3680 ecclesiis
445 3624 679 3678 ﬁdelium
698 3620 1025 3676 venerationi
1040 3629 1391 3688 exponuntur,
1410 3622 1750 3686 autpingunt,

210 3706 290 3749 aut
311 3697 449 3763 pingi
477 3694 684 3761 iubent,
705 3702 793 3744 aut
824 3692 894 3743 ita
923 3690 1090 3763 pictas
1118 3689 1360 3752 adorant,
1387 3690 1755 3763 corpus__()hri-

216 3767 271 3819 sti
296 3760 347 3818 et
378 3760 593 3819 carnem
620 3762 878 3825 dividunt,
911 3769 965 3814 et
994 3760 1041 3811 in
1069 3760 1231 3812 frusta
1261 3769 1443 3813 secant
1482 3760 1755 3829 oculisque

217 3835 501 3902 subjiciunt,
558 3832 808 3902 adeoque,
846 3830 1064 3902 violatae
1110 3830 1324 3902 unitatis
1361 3838 1413 3883 et
1442 3831 1755 3902 integritatis

218 3906 280 3956 rei
300 3898 467 3972 peragi
500 3898 747 3972 possunt.
770 3900 956 3963 Nemo,
983 3899 1191 3972 opinor,
1225 3898 1346 3952 huic
1382 3900 1752 3972 consecutioni

220 3969 546 4035 favebit,'nisi
574 3972 621 4026 si
648 3970 799 4024 malae
820 3984 994 4023 causa:
1020 3969 1167 4036 pejus
1194 3969 1544 4037 patrocinium
1579 3973 1627 4021 in
1658 3970 1753 4023 ali-

220 4057 308 4109 quo
331 4045 583 4096 advocato
615 4050 884 4109 quaeratur
915 4055 928 4091 :
955 4054 1075 4091 nam
1115 4038 1389 4105 theologus
1438 4049 1749 4107 praeceptor,

220 4108 295 4178 qui
316 4129 403 4166 sna
430 4114 606 4165 studia
632 4108 751 4164 cum
777 4109 1047 4162 Advocato
1074 4108 1376 4176 conjunxit,
1410 4110 1628 4163 minime
1660 4126 1754 4177 po-

220 4184 303 4235 tuit
328 4183 637 4251 discipulum
667 4180 864 4251 docere
908 4180 1041 4251 hanc
1066 4177 1323 4251 arguendi
1341 4180 1619 4251 rationem.
1658 4179 1757 4251 Ve-_

225 4264 321 4304 rum
345 4248 633 4315 haec-satis,
667 4250 806 4319 quod
829 4250 1015 4303 attinet
1043 4248 1106 4300 ad
1140 4249 1478 4302 Prudentium
1515 4249 1655 4302 :alia
1689 4249 1757 4318 (si

222 4326 331 4373 tanti
378 4332 457 4376 est
512 4320 851 4388 semisopitas
898 4320 1220 4386 quaestiones
1269 4320 1527 4386 excitare)
1559 4319 1758 4372 dahunt

224 4389 444 4445 Tetamus
471 4402 527 4445 et
554 4390 903 4457 Marquezius,
933 4388 1120 4455 quibus
1146 4387 1433 4457 adjungere
1460 4389 1589 4442 libet
1613 4389 1756 4443 Moz-

220 4460 338 4513 zium
376 4463 425 4515 in
458 4474 626 4528 Opere
668 4456 773 4527 quo
811 4458 908 4514 SS.
952 4456 1138 4511 Cordis
1162 4457 1285 4510 Jesu
1316 4460 1513 4511 cultum
1541 4469 1757 4512 strenue

220 4530 483 4584 vindicavit
507 4531 607 4583 sub
637 4529 882 4597 auspiciis
910 4528 1227 4597 ﬁdelissima:
1255 4532 1449 4595 reginae
1479 4529 1757 4582 Lusitania:

1860 3271 2089 3344 tradunt,
2113 3274 2161 3325 in
2177 3272 2484 3344 compositis
2496 3271 2696 3344 Graecis
2714 3272 3142 3344 praepositionem
3160 3290 3189 3325 a
3208 3271 3421 3344 corripi,

1856 3351 1913 3392 ut
1964 3341 2014 3393 in
2061 3345 2252 3409 atheos,
2301 3341 2533 3411 apathos.
2584 3343 2773 3395 Putant
2799 3345 2957 3411 aliqui
2997 3343 3207 3397 Judaeos
3249 3341 3423 3399 dictos

1854 3412 2066 3483 apellus,
2102 3412 2389 3483 quasisine
2412 3412 2567 3483 pelle,
2601 3422 2655 3483 et
2690 3412 3034 3483 nihilominus
3061 3424 3205 3467 recte
3227 3417 3421 3483 corripi

1856 3482 2083 3552 primam
2119 3482 2186 3535 ab
2228 3482 2466 3552 Horatio,
2495 3479 2679 3535 Credat
2717 3482 2933 3537 Judieus
2982 3485 3170 3551 apetta.
3222 3479 3427 3552 Oppor-

1855 3551 2034 3604 tnnius
2074 3551 2210 3605 idem
2254 3550 2495 3606 Gilanius
2546 3552 2795 3606 observat
2828 3550 3035 3607 atomos
3077 3570 3107 3607 e
3155 3550 3417 3609 sententia

1858 3620 2255 3694 Epicurqeorutn
2304 3636 2421 3675 esse
2470 3623 2637 3688 prima
2670 3638 2844 3694 rerum
2873 3638 3261 3694 corpora,_qua2
3294 3641 3425 3694 nnn-

1856 3705 2013 3758 quam
2039 3692 2145 3743 sint
2167 3692 2300 3757 visa,
2324 3701 2444 3744 sunt
2468 3700 2666 3755 tamen,
2693 3700 2747 3745 et
2767 3692 2933 3745 instar
2954 3691 3426 3751 minutissimorum

1856 3760 2293 3827 puiviscuiorum,
2325 3762 2375 3815 in
2398 3760 2510 3815 sole
2533 3764 2851 3827 vagantium,
2886 3763 2936 3815 in
2962 3762 3102 3815 inani
3129 3764 3421 3831 jactnntur,

1858 3843 2123 3901 nonﬂvero
2154 3843 2276 3884 sunt
2306 3841 2546 3884 ramenta
2580 3831 2665 3883 illa
2686 3847 2802 3898 quae
2834 3835 2884 3884 in
2908 3832 3020 3887 sole
3041 3833 3283 3901 volitant.

1927 3899 2051 3953 956.
2076 3899 2203 3969 Mar.
2236 3916 2266 3953 a
2298 3903 2465 3969 prima
2500 3916 2679 3964 manu,
2700 3912 2753 3953 at
2783 3902 2984 3965 similis,
3020 3903 3174 3956 male.

1928 3969 2049 4023 958.
2082 3968 2268 4022 Cauam
2286 3985 2380 4038 pro
2403 3970 2568 4037 inani,
2589 3970 2826 4039 pulchre.
2848 3972 3096 4026 Paulinus
3121 3972 3300 4040 Epith.
3329 3973 3425 4029 Ju-

1858 4039 2026 4111 lian”,
2050 4056 2170 4111 cara
2201 4042 2385 4111 mundi
2402 4042 2585 4111 gloria.

1935 4109 2056 4181 960.
2086 4110 2286 4181 _Prag.,
2318 4110 2387 4162 ad
2405 4109 2649 4179 primum.
2682 4111 2821 4181 Lege
2851 4128 2929 4165 ac.

1930 4179 2052 4233 763.
2086 4179 2201 4233 Vat.
2227 4182 2293 4244 A,
2324 4181 2683 4249 ﬁxerit,male,
2705 4179 2801 4250 pro
2820 4181 3049 4253 ﬁngeret.
3080 4180 3268 4252 Aldus,
3283 4200 3427 4241 men~

1860 4249 2011 4314 dese,
2045 4261 2212 4304 ventos
2234 4266 2292 4302 ac
2316 4266 2411 4319 pro
2433 4261 2656 4305 ventosa.

1931 4319 2052 4372 964.
2088 4321 2207 4375 Itat.
2227 4335 2253 4373 a
2276 4320 2508 4376 secunda
2536 4337 2716 4389 manu,
2744 4324 3067 4379 inveteratis.
3100 4323 3281 4396 Prag.,
3305 4327 3427 4389 dum

1861 4404 1956 4457 pro
1985 4406 2117 4442 cum.

1932 4459 2055 4514 965.
2089 4458 2307 4516 Peccata
2337 4466 2585 4518 remittere
2610 4464 2818 4533 phrasis
2843 4464 3202 4520 ecclesiastica
3216 4481 3279 4519 ex
3307 4467 3427 4520 vul-

1860 4540 1978 4595 gata
2010 4534 2251 4587 versione
2271 4532 2584 4600 Bibiiorum,
2610 4532 2664 4590 et
2686 4536 2926 4605 analogia
2948 4536 3222 4599 similium,
3254 4536 3425 4597 remit-

220 4598 559 4667 Ilariae,cujus
588 4596 929 4667 picntissima:
947 4596 1157 4651 feminae
1185 4598 1237 4650 in
1270 4600 1521 4651 hoccnltu
1547 4615 1755 4664 promo-
1786 4597 1836 4656 D
1865 4610 1966 4653 tere
1996 4618 2211 4668 pwnam,
2238 4612 2340 4657 etc.

221 4670 369 4723 vendo
398 4672 674 4739 pietatem,
704 4669 1011 4739 clarissimis
1040 4669 1397 4720 monumentis
1429 4678 1671 4722 lestalam
1704 4678 1758 4724 et

220 4738 755 4805 praestantissimorum
792 4738 1051 4791 artiﬁcum
1081 4738 1321 4791 manibus
1367 4740 1756 4809 consignatam,

219 4810 336 4862 nulla
365 4810 807 4865 delebit-oblivio.

276 4879 389 4933 953.
419 4883 558 4934 Ante
590 4882 731 4931 hunc
758 4894 969 4933 versum
1004 4878 1187 4931 titulus
1214 4889 1297 4932 est
1328 4879 1575 4931 Adversus
1602 4883 1765 4947 phan-

216 4953 505 5019 tasmaticos,
527 4950 615 5018 qui
648 4947 901 5001 Christum
928 4958 1114 5017 negant
1144 4965 1311 5001 verum
1341 4949 1555 5019 hominis
1586 4967 1765 5019 corpus

214 5015 445 5073 habuisse.
496 5015 570 5074 Ita
605 5019 720 5070 Vat.
774 5019 833 5083 Β,
864 5015 1016 5082 Mari,
1051 5020 1195 5084 Ilat.,
1226 5018 1371 5083 Ald.,
1396 5018 1507 5071 Gis.
1563 5019 1583 5070 I
1612 5015 1762 5084 εὐίι..

216 5085 449 5143 Weitzius
470 5101 523 5143 et
554 5089 666 5141 alii.
695 5089 746 5141 in
778 5091 924 5141 Alex.
954 5098 1006 5141 et
1041 5090 1152 5142 Vat.
1182 5094 1218 5140 A
1246 5089 1396 5143 deest
1421 5089 1655 5143 hominis.
1704 5091 1758 5144 In

216 5155 348 5229 Urb.,
378 5158 605 5229 Explicit
636 5158 929 5229 Apotheosis
952 5162 1192 5229 adversus
1219 5175 1388 5211 omnes
1420 5160 1649 5223 liceretea,
1686 5162 1763 5213 in-

213 5228 321 5296 cipit
348 5227 586 5283 adversus
627 5227 954 5281 Manio/neos.
990 5228 1095 5281 Alii
1141 5229 1470 5296 simpliciter,
1506 5229 1756 5283 Aduersus

216 5295 663 5360 Phantasmaticos,
682 5300 821 5367 quod
852 5300 1070 5367 margini
1094 5295 1361 5353 Giselinus
1378 5299 1410 5349 2
1435 5300 1560 5351 edit.
1594 5315 1761 5368 appo-

213 5372 323 5419 suit.
356 5370 861 5424 Deblanichzeorum
882 5370 1068 5423 haeresi
1092 5369 1253 5421 multa
1285 5368 1539 5429 historici,
1573 5378 1627 5421 et
1645 5384 1764 5436 pas-

213 5438 300 5489 sim
342 5442 394 5495 S.
422 5444 750 5507 Augustinus
792 5440 843 5491 in
884 5438 1032 5507 libris
1074 5439 1327 5491 adversus
1354 5437 1589 5490 eosdem.
1623 5439 1762 5493 Inter

216 5508 329 5576 alios
356 5510 492 5562 hunc
514 5506 764 5563 errorem
804 5506 1178 5574 defendebant,
1206 5523 1363 5576 quem
1390 5522 1529 5561 nunc
1561 5508 1762 5563 descri—

215 5574 341 5630 bitet
360 5583 549 5633 evertit
578 5578 917 5631 Prudentius.

275 5648 387 5700 93.6.
411 5648 655 5703 Gitanins
678 5649 731 5700 in
761 5648 939 5701 Indice
962 5648 1198 5712 Lucret.,
1236 5648 1395 5702 verbo
1424 5648 1618 5713 Aron",
1668 5650 1766 5704 mi-

211 5726 365 5779 ratur,
389 5727 493 5771 tam
528 5717 765 5771 studiose
790 5718 986 5772 vitasse
1011 5718 1182 5770 Titum
1208 5719 1520 5771 Lucretium
1553 5726 1651 5771 hoc
1682 5721 1755 5771 uti

215 5786 461 5842 vocabulo
483 5807 498 5840 :
520 5786 703 5853 Credo,
732 5787 828 5854 ait,
872 5789 992 5854 quia
1019 5804 1188 5840 versus
1218 5788 1348 5844 leues
1377 5806 1476 5841 non
1527 5789 1759 5843 admitte-

1936 4672 2060 4725 966.
2094 4672 2245 4739 Stepe
2278 4674 2327 4725 in
2365 4674 2651 4741 Evangelio
2671 4674 2910 4728 Christus
2938 4674 3077 4741 ﬁlius
3099 4673 3316 4726 hominis
3342 4672 3423 4727 di-

1866 4740 2021 4795 citur.
2077 4742 2205 4805 Cur,
2257 4742 2426 4810 inquit
2471 4740 2809 4810 Prudentius,
2843 4740 2945 4799 nisi
2991 4751 3046 4797 ut
3096 4758 3216 4797 eum
3247 4757 3426 4799 verunt

1868 4826 1987 4864 esse
2018 4810 2282 4864 hominem
2308 4813 2692 4881 intelligamus?

1938 4880 2058 4933 967.
2084 4880 2229 4944 Ald.,
2254 4881 2386 4944 Gis.,
2418 4880 2568 4947 Maia,
2602 4894 2646 4935 et
2675 4884 2881 4937 soluere.

1940 4948 2065 5003 968.
2096 4949 2229 5019 ,Vide
2258 4951 2441 5004 Matth.
2475 4967 2591 5019 cap.
2618 4968 2691 5005 ix.

1942 5021 2064 5073 971.
2092 5018 2142 5072 In
2168 5019 2284 5073 Vat.
2318 5024 2361 5074 A
2391 5022 2502 5075 haec
2532 5018 2690 5075 voces
2719 5023 2936 5074 hominis
2975 5021 3097 5090 quid
3122 5021 3261 5090 ﬁlius
3308 5032 3428 5076 esset

1868 5089 2057 5153 :idditre
2104 5099 2227 5143 sunt
2274 5093 2471 5145 recenti
2523 5107 2701 5156 manu,
2775 5092 3041 5160 prioribus
3084 5093 3313 5147 abrasis.
3376 5096 3430 5151 In

1870 5160 2097 5226 Thuan.,
2155 5162 2305 5233 quod
2339 5161 2495 5233 ﬁlius.
2550 5160 2601 5213 Id
2633 5162 2848 5217 Heinsio
2868 5164 3140 5233 placebat,
3170 5163 3292 5233 quia
3315 5164 3429 5229 jam

1869 5233 2137 5298 pra-cessit
2185 5232 2326 5297 quid.
2367 5231 2565 5295 Nostri,
2616 5234 2792 5296 Alex.,
2839 5232 2990 5299 Urb.,
3037 5233 3152 5286 Vat.
3188 5232 3231 5297 ρ
3262 5242 3316 5287 et
3342 5232 3431 5290 alii

1868 5300 1988 5367 quid
2013 5300 2235 5363 habent;
2267 5317 2362 5353 nec
2390 5304 2579 5354 mutari
2604 5318 2819 5358 necesse
2841 5314 2942 5357 est.

1901 5421 1909 5428 ,
1940 5369 2059 5442 975.
2092 5370 2262 5442 Sich.,
2296 5371 2489 5425 Widm.
2518 5386 2699 5440 supra,
2731 5374 2896 5442 Bong.
2927 5373 2994 5426 ad
3020 5388 3168 5428 oram
3194 5388 3432 5440 superna.

1870 5440 1971 5496 Alii
2006 5440 2212 5501 melius,
2251 5452 2483 5509 paterna.
2512 5442 2635 5496 Ald.
2675 5454 2727 5498 et
2763 5440 3026 5509 Torum"
3072 5444 3235 5509 male,
3265 5458 3433 5497 secum

1873 5526 1970 5579 pro
1999 5526 2051 5563 se
2073 5527 2204 5563 cum.

1874 5582 2068 5720 “91714,.
2091 5579 2281 5636 Weitz.
2314 5591 2368 5636 et
2384 5581 2494 5636 Gis.
2526 5582 3010 5653 distinguuntquod
3034 5585 3077 5640 si
3105 5600 3240 5651 non;
3261 5584 3439 5653 credo,

1897 5668 1923 5703 8
1948 5666 1973 5701 e
2019 5668 2031 5701 ι
2061 5688 2073 5702 .

1897 5662 2073 5703 εΙειιιι.

1948 5721 2069 5791 975.
2098 5721 2240 5785 Put.,
2264 5722 2565 5791 Munichiae,
2596 5725 2838 5789 requires.

1943 5790 2066 5844 976.
2094 5791 2291 5860 Scripti
2318 5802 2370 5847 et
2398 5792 2526 5847 editi
2551 5794 2675 5863 agit.
2710 5795 2876 5851 Aldus
2904 5799 2999 5864 ait,
3036 5794 3178 5866 quod
3207 5813 3313 5855 non
3337 5797 3443 5851 di:tr
