3950 6326
1673 335 1946 394 AUIiELII
1988 336 2346 395 PRUDENTII
2388 340 2708 396 CARMINA.

3682 339 3787 397 1000

736 450 844 506 Nec
872 450 1010 507 Deus
1038 463 1151 517 eet;
1177 449 1424 506 mendum
1451 450 1661 506 όίνίιιυε
1689 467 1791 506 non
1820 452 1962 523 capit
1981 466 2128 518 usus,
2164 455 2215 515 Α
2239 454 2343 512 990
2415 456 2756 523 Multimodis,
2789 454 3163 524 hominemque
3186 452 3417 509 hominis
3443 453 3508 510 de
3532 465 3712 510 morte
3731 456 3790 509 le-

736 544 935 615 Objicis
960 554 1163 599 aeterno
1198 542 1439 607 Domino,
1475 543 1613 614 quod
1664 543 1900 598 lubricus
1940 546 2004 599 ad
2038 561 2134 599 nos

736 635 1298 704 Venerit,assimulans
1322 634 1487 701 aliud,
1510 652 1665 707 quam
1696 653 1855 693 verus
1878 637 2128 693 habebat.

736 726 1091 793 Obmutesce,
1142 724 1330 783 furor:
1364 726 1594 798 linguam
1620 767 1636 795 ,
1681 730 1830 783 canis
1869 727 2128 798 improbe,

1856 820 2062 892 [morde

736 911 851 981 Ipse
879 918 1045 979 tuam,
1085 910 1263 969 lacero
1286 926 1606 970 consumens
1630 913 1790 968 verba
1823 914 2022 983 palato.

735 1002 973 1058 Latranti
1002 1001 1213 1059 obsistit
1242 1002 1532 1069 Mattheus,
1568 1003 1872 1073 rab'emque
1905 1002 2129 1058 refellit:

644 1172 647 1173 ν
737 1092 900 1168 4⁸6
935 1094 1035 1165 Qui
1067 1103 1216 1153 notat
1259 1110 1414 1153 omne
1450 1109 1617 1166 genus
1660 1095 1889 1151 carnalis
1930 1096 2131 1165 stirpis,

1788 1185 1873 1260 [ad
1901 1200 2065 1257 usque

731 1274 1058 1347 Corporeum
1084 1275 1377 1345 Christum,
1410 1292 1504 1349 per
1528 1291 1621 1334 ses
1649 1287 1869 1349 septena
1895 1280 2133 1336 virorum

736 1365 960 1425 Nomina
986 1367 1337 1437 descendens,
1370 1378 1424 1428 et
1448 1384 1638 1427 venam
1666 1372 1941 1443 sanguinis
1971 1372 2064 1429 alti

733 1459 812 1516 Ex
836 1460 1002 1516 atavis
1025 1460 1183 1532 longo
1214 1468 1398 1518 texens
1424 1476 1518 1531 per
1548 1470 1829 1519 stemmata
1862 1463 1970 1519 lllo.

733 1552 1003 1623 Septimus
1030 1552 1380 1609 hebdomade
1404 1553 1555 1610 venit
1580 1553 1940 1625 superaddere
1967 1564 2133 1611 sexta:

736 1644 885 1701 IIunc
912 1660 1194 1702 numerum
1225 1645 1504 1701 Christus:
1533 1646 1800 1716 placidum
1847 1647 1936 1715 qui
1965 1648 2133 1702 conli-

1723 1739 2057 1810 [cit’annum,

733 1826 934 1885 Cuncta
967 1829 1327 1885 remittentem
1354 1829 1711 1885 contractibus
1741 1830 2028 1901 illaqueata

558 727 664 785 080

2168 1828 2217 1887 B

3481 545 3732 618 [ventem

2418 640 2755 710 Imperfectus
2785 641 2925 695 enim
2960 640 3118 695 limus
3144 638 3384 694 mortalis
3411 645 3525 693 erat
3548 647 3674 694 tunc
3697 656 3709 691 :

2416 730 2571 804 48³1
2606 732 2697 787 Vir
2725 731 2868 787 solus
2900 732 3164 802 perlectus
3195 730 3380 797 adest,
3407 732 3576 802 'atque
3614 725 3793 803 integei

3505 822 3537 895 ;[
3553 822 3695 877 Iesus
3723 839 3734 877 :

2415 914 2515 971 Cui
2539 915 2665 971 nihil
2704 933 2768 971 ex
2802 925 3004 986 septem
3036 915 3269 985 septenis
3299 912 3495 979 defuit,
3517 928 3584 969 ex
3611 929 3711 984 quo

2424 1007 2709 1064 Perliceret
2740 1009 2959 1065 mortale
2983 1023 3149 1079 genus
3178 1008 3374 1063 virtute
3406 1007 3649 1079 perenni.

2274 1096 2380 1156 995
2425 1098 2521 1155 Hic
2552 1098 2640 1155 ille
2671 1109 2771 1168 est,
2794 1099 2945 1155 nobis
2965 1101 3052 1170 qui
3078 1100 3301 1170 septima
3325 1097 3544 1153 sabbata
3569 1095 3792 1167 complet,

2417 1190 2485 1247 Ut
2514 1204 2638 1248 caro
2666 1201 2845 1250 nostra
2876 1192 2987 1249 Deo
3010 1192 3221 1249 tandem
3242 1194 3443 1249 sociata
3469 1191 3738 1262 quiescat,

2412 1279 2582 1347 Quam
2614 1280 2694 1337 bis
2723 1290 2871 1339 terna
2896 1283 3047 1337 malls
3070 1283 3330 1337 vexabant
3360 1281 3585 1337 sabbata
3612 1281 3767 1334 noxis.

2418 1371 2706 1437 Curramus
2736 1373 2875 1427 notis
2902 1371 3152 1443 gradibus
3172 1413 3185 1437 ,
3216 1384 3508 1443 regumque
3533 1382 3796 1441 sequamur

2415 1462 2729 1535 Progeniem
2782 1462 3099 1518 :Christum
3144 1462 3384 1517 invenies
3428 1460 3494 1516 de
3527 1473 3692 1515 carne
3728 1472 3800 1528 pa-

3500 1550 3742 1622 [rentum

2242 1645 2382 1702 1000
2428 1645 2714 1701 Elﬂuxisse
2745 1644 3051 1708 hominum;
3083 1644 3170 1712 qui
3200 1643 3271 1697 sit
3299 1642 3606 1703 desemine
3631 1640 3797 1706 David,

2418 1737 2596 1807 Stirpe
2622 1737 2883 1791 recensita
2924 1734 3282 1789 numerandus
3311 1734 3588 1804 sanguinis
3633 1735 3797 1787 hmres.

2420 1828 2580 1895 Quid,
2607 1841 2727 1883 cum
2746 1827 3112 1900 sanctiloquus
3138 1825 3378 1881 revoluto
3396 1826 3639 1896 germine
3658 1824 3800 1879 Lucas

1845 1940 2130 1997 GLOSSE
2170 1940 2512 1997 VETERES.

630 2034 755 2090 977.
777 2033 1045 2096 Mendum,
1084 2035 1272 2103 falsum
1318 2034 1397 2086 hic
1425 2050 1515 2099 pro
1546 2034 1826 2086 inuidacio.
1861 2032 1965 2088 Sed
1999 2050 2141 2087 men-

563 2108 680 2161 dam
711 2105 762 2159 in
794 2108 1068 2175 scriptura;
1100 2106 1233 2159 unde
1259 2105 1527 2159 emendare
1554 2104 1786 2166 dicimus,
1816 2104 2048 2158 mendam
2076 2107 2139 2158 de

563 2176 691 2231 libro
714 2175 910 2237 (odere.
942 2177 981 2227 I.
1274 2190 1277 2191 ν

637 2245 763 2299 978.
798 2245 1078 2308 Lubricus,
1106 2260 1335 2310 serpens,
1362 2243 1480 2296 Vat.
1502 2244 1568 2296 A.

633 2314 757 2367 980.
793 2312 981 2378 Furor,
1008 2314 1228 2377 insania,
1263 2314 1303 2367 Ι.

632 2383 756 2436 981.
793 2382 1013 2446 Laeero,
1045 2382 1287 2447 lacerato,
1316 2380 1356 2435 I.

632 2452 757 2506 982.
782 2451 1041 2518 Latranti,
1078 2452 1187 2514 an,
1221 2452 1258 2505 I.

630 2524 754 2577 985.
789 2524 962 2587 Notat,
998 2521 1195 2585 scribit,
1230 2521 1267 2573 Ι.

636 2591 760 2663 981.
782 2592 884 2663 Sex
908 2603 1253 2659 septena,se.r
1275 2599 1481 2663 septem,
1508 2592 1849 2663 quadraginta
1877 2606 1923 2652 et
1947 2596 2071 2662 duo,
2098 2595 2131 2648 1.

636 2661 760 2717 985.
790 2660 1009 2727 Vcnam,
1046 2663 1296 2726 ordinem,
1322 2661 1359 2716 I.
1522 2660 1525 2661 ⁷
1654 2706 1657 2709 ,

632 2733 759 2789 986.
788 2731 1099 2804 Stemmata,
1127 2733 1495 2804 generationes,
1520 2734 1596 2787 vel
1624 2736 1864 2791 circulos.
1888 2765 1958 2777 -—-
1995 2736 2133 2804 Filo,

568 2805 847 2929 sositlione;
876 2800 1019 2870 ﬁlum
1038 2800 1264 2887 appellat
1286 2804 1633 2874 genealogiam
1662 2806 1828 2874 ipsam
1857 2800 2137 2861 hebdoma;

604 2891 666 2929 ts.
707 2914 722 2928 .
1038 2894 1043 2897 ι

604 2891 666 2936 I8.
685 2891 722 2928 Ι.
1038 2894 1043 2897 “

636 2944 760 3001 988.
790 2942 914 3012 Qui,
944 2957 1203 2997 numerus.
1232 2970 1295 2984 —-
1329 2944 1563 3012 Annum,
1588 2947 1878 3016 jubilceum,
1910 2948 1950 3002 I.

2319 2032 2444 2089 989.
2474 2031 2867 2095 Contractibus,
2898 2029 3132 2098 peccatis.
3159 2059 3227 2068 ——
3251 2029 3557 2095 Illaqueata,
3596 2028 3800 2097 deriput,

2247 2120 2360 2171 qua:
2399 2102 2631 2155 diabolus
2672 2102 3052 2168 illaqueaverat,
3095 2098 3323 2152 Christus
3360 2099 3561 2151 aniens
3609 2100 3799 2151 remisit.

2274 2192 2444 2326 ³Ϊέὶξδῦ.
2481 2242 2885 2326 Hominemque,
2920 2256 3112 2293 omnem
3139 2240 3427 2311 Ehominem.
3460 2269 3528 2278 —
3559 2238 3802 2299 Hominis,

2246 2314 2674 2443 ϐἡξῦδίίίξειηυε,
2728 2383 2950 2434 humana
2999 2398 3134 2444 caro,
3183 2382 3302 2446 quia
3354 2379 3586 2433 nondum
3616 2381 3805 2446 septima

2248 2454 2568 2507 hebdomuda
2592 2455 2843 2521 completa
2874 2461 2981 2505 erat
3011 2452 3062 2503 in
3092 2452 3313 2504 Christo.
3347 2479 3416 2490 —
3444 2450 3702 2513 Mortalis,
3731 2464 3803 2517 per

2248 2540 2403 2594 pecca
2418 2538 2534 2591 ‘um,
2562 2525 2600 2576 I.
2802 2528 2805 2529 ⁷

2320 2596 2442 2649 995.
2487 2594 2725 2661 Septem,
2751 2594 2801 2645 in
2831 2593 3043 2659 septima
3064 2592 3252 2660 requie,
3281 2591 3318 2645 I.

2321 2664 2444 2719 995.
2488 2660 2737 2724 Sabbata,
2764 2663 3139 2730 requiem,quia
3164 2664 3370 2714 sabbato
3383 2660 3805 2728 Chrislusrequie-

2249 2735 2404 2857 vitbiu
2447 2734 2715 2856 Isepulcro;
2750 2748 2836 2802 per
2864 2736 2997 2801 quod
3029 2732 3261 2801 perennis
3287 2733 3482 2799 requies
3539 2732 3721 2785 tradita
3747 2739 3806 2782 est

2246 2820 2310 2857 no
2347 2822 2409 2858 ts.
2472 2843 2485 2855 .

2396 2846 2409 2867 θ
2448 2843 2485 2856 Ι.

2232 2922 2241 2931 .
2317 2875 2444 2928 997.
2488 2873 2684 2940 Quam,
2718 2889 2937 2925 carnem.
2963 2902 3031 2911 —
3057 2871 3142 2925 Bis
3171 2883 3341 2940 terna,
3374 2890 3481 2940 sex,
3508 2875 3543 2927 I.

2319 2945 2477 2999 1001.
2522 2946 2824 3008 liecensita,
2858 2955 3149 3009 numerata,
3179 2942 3219 2996 I.

1952 3055 2503 3115 COMMENTARIUS.

571 3176 735 3252 plicat
764 3192 783 3252 :_
802 3188 921 3228 nam
942 3172 1015 3226 de
1054 3170 1333 3226 mendacio
1346 3172 1621 3240 agitur,et,
1641 3174 1795 3240 paulo
1832 3183 1959 3229 ante
1992 3174 2141 3230 Non-
2171 3178 2216 3240 C
2251 3189 2527 3252 numerum
2557 3174 2836 3252 mysticum
2868 3171 3125 3236 assumit,
3160 3179 3217 3224 ut
3247 3171 3396 3225 locus
3426 3171 3495 3224 sit
3518 3169 3807 3240 allegoriam

574 3247 637 3302 ite
666 3247 932 3303 fatebatur.
972 3255 1078 3297 etc.

686 3316 772 3368 78.
808 3314 861 3366 In
890 3313 1045 3379 Man,
1079 3312 1233 3365 obicis
1263 3325 1381 3365 cum
1424 3312 1582 3365 unico
1611 3314 1648 3365 i.
1674 3314 1745 3366 Ita
1779 3312 1876 3366 luit
1906 3314 1956 3367 in
1990 3314 2146 3379 Aldo,

580 3383 670 3454 qui
703 3392 885 3454 postea
914 3382 1139 3454 mutavit
1170 3382 1219 3433 in
1249 3380 1444 3454 objicis.
1480 3382 1589 3454 Hoc
1619 3383 1736 3436 loco
1757 3384 1986 3454 lubricus
2009 3387 2148 3439 valet

618 3450 949 3523 hantasticus,
974 3459 1037 3523 ut
1068 3450 1208 3504 illico
1234 3452 1543 3523 explicatur.
1562 3452 1661 3506 Pro
1692 3453 1882 3522 fallaci.
1902 3453 2151 3523 Virgilius

618 3471 949 3515 nantasttcus,
975 3471 1032 3505 ιιι
1068 3471 1208 3504 ttucu
1234 3471 1543 3518 explicatur.
1562 3471 1661 3506 l’I'O
1692 3471 1882 3522 (artaci.
1908 3471 2075 3523 Vttgtu

580 3471 684 3578 ῗίὺ.
709 3539 758 3575 xr
790 3540 801 3572 :
836 3520 1187 3588 Nequidquam
1214 3521 1405 3590 patrias
1432 3524 1630 3575 tentasti
1676 3524 1894 3576 lubricus
1922 3534 2075 3577 artes.

653 3594 776 3649 980.
811 3592 959 3652 Ald.,
998 3590 1112 3643 \'at.
1145 3591 1209 3655 A,
1238 3590 1528 3645 obtttutisre.
1555 3591 1722 3647 Aldus
1751 3596 1996 3648 secundis
2010 3596 2152 3649 curis

580 3662 889 3721 relermavit
906 3661 1203 3716 obmutesce.

655 3734 779 3790 982.
805 3733 988 3788 Audax
1005 3742 1272 3785 corrector
1289 3732 1338 3784 in
1370 3732 1496 3786 Rat.
1524 3733 1649 3787 fecit
1666 3732 1922 3789 Mattheus
1945 3734 2153 3789 latranti

585 3807 768 3867 obstat,
800 3804 1013 3874 putabat
1033 3803 1191 3874 scribi
1213 3803 1408 3857 debere
1436 3802 1731 3870 Matthazus,
1762 3814 1818 3858 ut
1849 3820 2032 3859 revera
2068 3816 2151 3860 est

586 3877 643 3932 in
667 3872 821 3940 Aldo,
846 3872 1055 3936 Cham.,
1088 3872 1291 3937 Teolio,
1320 3873 1413 3927 sed
1443 3883 1627 3927 contra
1661 3884 1914 3929 metrum.
1942 3876 2044 3929 Alii
2066 3892 2152 3929 er-

585 3961 655 4015 go
680 3960 799 3999 cum
830 3943 949 3997 Val.
969 3944 1045 4015 ΔΩ,
1079 3942 1312 4015 [μαιμναηιὶ
1340 3944 1531 4015 obsistit
1564 3944 1842 4010 Mattheus,
1872 3945 2157 4014 rabiemque

584 4012 792 4082 refellit,
841 4022 900 4064 ut
951 4012 1292 4081 dissyllabum
1331 4015 1398 4065 sit
1447 4012 1723 4066 Mattheus.
1757 4016 1885 4069 Mar.
1920 4030 1947 4068 a
1989 4012 2156 4082 prima

588 4097 769 4145 manu,
802 4083 961 4145 Bong.
987 4096 1014 4132 a
1042 4082 1207 4146 prima
1232 4097 1407 4147 manu,
1440 4085 1584 4137 Sich.
1613 4093 1666 4137 et
1687 4084 1908 4147 Widm.,
1934 4087 2154 4138 obsistet.

586 4150 719 4204 Mar.
745 4166 772 4202 a
797 4151 962 4216 prima
979 4159 1154 4219 inanti,
1174 4152 1391 4219 refellat.
1418 4152 1686 4206 Giselinus
1703 4156 1829 4207 edit.
1854 4155 1888 4205 9
1905 4155 1966 4207 ad
1985 4170 2154 4219 oram,

586 4219 823 4274 Latranli
849 4218 1037 4270 obsistit
1064 4217 1353 4281 Matutinus,
1380 4231 1425 4273 et
1455 4238 1544 4274 ora
1558 4225 1766 4289 refellit,
1785 4225 1963 4277 invitis
1996 4217 2153 4276 codd.

589 4304 720 4362 mss.
752 4290 807 4342 In
859 4288 1276 4362 llatii::rt.__vet's.
1328 4290 1432 4342 104
1464 4288 1708 4344 similiter
1758 4293 2037 4362 legendum
2074 4304 2158 4348 est

588 4358 913 4423 Chananeus,
938 4372 1041 4409 non
1068 4356 1406 4420 Chananwus,
1431 4370 1486 4412 ut
1517 4376 1729 4416 carmen
1755 4356 1977 4418 constet.

658 4432 784 4485 980.
812 4428 988 4495 Prag.,
1020 4428 1153 4484 stilo.
1190 4436 1245 4481 et
1272 4442 1427 4496 supra
1458 4429 1656 4497 glossa,
1690 4432 1743 4483 id
1771 4445 1864 4495 est,
1901 4435 2006 4498 ﬁlo.
2041 4434 2152 4488 I'Ioc

588 4515 770 4555 verum
794 4510 905 4561 est;
940 4512 1059 4549 nam
1089 4502 1301 4551 carmen
1350 4515 1453 4553 non
1489 4501 1681 4566 patitur
1709 4502 1845 4554 stilo.
1892 4505 1962 4557 De
1990 4511 2153 4558 stem-

585 4580 726 4626 mate
749 4571 865 4624 vide
897 4572 1144 4639 hymnum
1168 4569 1196 4621 7
1227 4568 1401 4631 Cath.,
1437 4576 1573 4623 vers.
1607 4572 1695 4623 8i.

655 4643 779 4696 937.
805 4637 974 4703 Sich.,
1008 4637 1194 4691 Weitz.
1228 4648 1279 4692 et
1324 4640 1487 4693 nostri
1516 4685 1529 4707 ,
1580 4640 1922 4694 hebdomadam
1956 4643 2142 4707 Aldus,

586 4713 854 4769 Giselinus
902 4719 956 4764 et
999 4710 1125 4772 alii,
1158 4709 1499 4781 hebdomadi,
1528 4711 1667 4778 quod
1695 4713 1832 4781 apud
1864 4712 2145 4767 Weitzium

586 4783 746 4839 habet
777 4784 945 4835 Palat.
990 4780 1307 4833 Prudentius
1352 4794 1451 4834 sex
1499 4791 1714 4848 septena
1763 4783 1997 4836 virorum
2050 4799 2145 4837 no-

585 4858 745 4916 “Illl'l,
777 4870 895 4920 qui:
925 4852 1199 4904 Matthmus
1230 4856 1494 4917 numerat,
1530 4852 1908 4920 interpetatur
1936 4869 2029 4909 sex
2059 4855 2151 4907 he—

583 4925 872 4976 bdomadas
900 4938 962 4975 cx
982 4931 1203 4989 scptetn,
1219 4922 1409 4988 quibus
1426 4936 1596 4974 annus
1622 4923 1820 4988 jubilmi
1838 4925 2145 4979 constabat:

582 4992 822 5045 Christus
854 4993 1063 5045 additus
1094 4992 1370 5058 septimam
1407 4992 1792 5045 hebdomadam
1837 4996 2144 5062 complevit.

583 5063 811 5115 Matthzci
842 5062 1001 5115 verba
1028 5071 1297 5133 suntcap.
1330 5078 1364 5126 ι,
1404 5063 1502 5133 i7_:
1534 5062 1715 5116 Omnes
1745 5065 1913 5133 itaque
1942 5081 2149 5133 genera-

582 5133 743 5185 tiones
779 5135 837 5183 ab
881 5132 1135 5204 Abraham
1163 5148 1317 5204 usque
1358 5133 1425 5183 ad
1460 5131 1625 5204 David
1652 5131 1994 5199 genera—tiones
2020 5152 2150 5204 qua-

582 5203 858 5272 tunrtlecint
878 5217 895 5253 :
914 5209 959 5253 et
988 5202 1052 5252 ad
1081 5202 1239 5253 David
1266 5218 1421 5272 usque
1443 5203 1508 5254 ad
1530 5202 2153 5272 transmigratinnem'Ba-
2198 5252 2204 5257 .

582 5271 778 5343 lit/lanis
802 5271 1552 5343 generationesquntuordecint
1568 5284 1644 5327 :et
1659 5290 1690 5323 a
1714 5271 2155 5342 transmigratione

581 5339 852 5410 Babylonis
877 5356 1031 5410 usque
1049 5342 1113 5391 ad
1128 5339 1380 5393 Christum
1397 5344 1739 5411 generationes
1754 5339 2151 5411 quatuordecim.

584 5411 676 5465 Ila:
702 5422 825 5464 sunt
879 5426 969 5465 sex
1002 5420 1235 5479 septena:
1260 5418 1653 5479 generationes,
1681 5428 1771 5468 seu
1801 5429 1896 5466 SEX
1932 5425 2149 5481 septena

584 5481 799 5533 nomina
848 5483 1101 5534 virorum.
1156 5481 1262 5534 Sed
1311 5483 1598 5536 notandum
1630 5493 1828 5549 tamen,
1862 5500 1891 5536 a
1921 5484 1976 5538 S.
2012 5487 2149 5536 Mat-

584 5551 722 5603 ιιι.ρο
751 5552 921 5603 solum
951 5551 1214 5604 recenseri
1242 5551 1308 5603 ab
1340 5552 1640 5605 Abrahamu
1681 5552 1744 5605 ad
1776 5554 2041 5606 Christum
2085 5555 2152 5606 40

582 5620 758 5682 viros;
798 5621 910 5692 sive
935 5621 1192 5692 esciderit
1236 5620 1409 5688 aliqua
1452 5623 1742 5690 generatio,
1779 5634 1833 5677 ut
1860 5623 2019 5692 aliqui
2054 5640 2182 5690 pu-.

480 5708 487 5712 ⁴
583 5696 781 5763 tarum,
814 5690 925 5742 sive
951 5688 1277 5763 idcmhomo
1303 5688 1995 5763 hiscense.itur,itnnquaiu
2028 5688 2150 5750 linis

584 5756 740 5812 unius
780 5758 1143 5827 generationis
1168 5799 1182 5827 ,
1224 5766 1279 5815 et
1319 5760 1635 5835 principium
1682 5756 1924 5822 alterius.
1986 5765 2151 5823 Poeta

2256 3244 2702 3308 interpretationi.

2324 3316 2447 3370 988.
2477 3316 2722 3383 Plerique
2768 3327 2920 3377 mss.,
2976 3312 3249 3383 placidum.
3278 3312 3401 3364 Vat.
3433 3315 3475 3383 Q
3499 3352 3515 3383 ,
3547 3310 3809 3383 placitum.

2254 3385 2469 3440 Teolius
2497 3400 2561 3439 ex
2592 3381 2697 3437 uno
2723 3383 2843 3438 Vat.
2877 3384 3108 3447 glossam
3150 3382 3329 3449 adjicit
3376 3399 3390 3435 :
3433 3381 3699 3433 Jubilatum
3724 3427 3740 3450 ,
3766 3382 3811 3432 iu

2254 3472 2352 3527 quo
2382 3456 2753 3527 periChristum
2779 3454 2947 3527 omnia
2975 3462 3177 3520 peccata
3197 3453 3539 3527 dimittuntur.
3563 3450 3812 3527 Giseiinus

2255 3522 2421 3589 notat,
2449 3524 2895 3595 Chrysnstomum
2921 3522 3425 3595 interpretationem
3449 3522 3807 3595 Prudentianae

2255 3596 2542 3649 assimilem
2565 3592 2640 3647 'ad
2670 3592 2899 3647 Matthmi
2949 3594 3120 3646 locum
3150 3594 3245 3645 cit.
3277 3593 3521 3647 attulisse
3548 3611 3561 3646 :
3598 3608 3717 3646 nam
3744 3592 3809 3643 al-

2254 3666 2486 3733 legorice
2532 3679 2779 3719 numeros
2827 3664 3154 3728 septenarios
3203 3663 3364 3733 trahit
3410 3662 3489 3733 ad
3528 3678 3626 3716 sex
3676 3663 3809 3727 dies,

2256 3732 2448 3805 quibus
2474 3744 2682 3790 creatus
2709 3744 2793 3805 est
2820 3735 2986 3795 orbis,
3018 3746 3151 3805 quos
3180 3732 3412 3805 appellat
3443 3732 3561 3786 dies
3582 3746 3809 3799 operum,

2256 3802 2456 3860 laboris
2483 3815 2537 3860 et
2565 3804 2896 3858 miseriarum
2916 3844 2930 3867 ,
2959 3816 2986 3854 a
3015 3802 3208 3871 quibus
3236 3802 3476 3855 Christus
3505 3817 3604 3857 nos
3634 3804 3807 3871 liberat

2257 3884 2313 3931 et
2354 3875 2601 3931 exsolvit.
2653 3873 2822 3929 Juthi
2861 3870 3210 3927 celebrabant
3234 3872 3372 3925 diem
3404 3874 3713 3940 septimum,
3738 3870 3813 3939 qui

2259 3946 2535 4001 sabbatum
2575 3954 2709 4007 erat,
2740 3959 2934 3996 annum
2980 3943 3612 4011 septimum,'quianuus
3639 3943 3813 3995 sabba-

2259 4017 2393 4070 ticus
2423 4016 2716 4077 dicebatur,
2766 4023 2820 4067 et
2846 4028 3041 4066 annum
3081 4012 3307 4079 jubilmi,
3350 4013 3465 4065 sive
3496 4011 3815 4065 remissionis

2260 4086 2589 4141 hebdomade
2639 4086 2859 4152 septima
2888 4096 3167 4142 annorum,
3199 4082 3404 4152 scilicet
3437 4098 3580 4135 anno
3608 4082 3816 4151 quadra-

2262 4158 2464 4222 gesimo
2494 4170 2633 4208 nono
2662 4151 2843 4208 mense
2873 4153 3119 4220 septimo.
3154 4152 3283 4205 Vide
3314 4151 3481 4207 Levit.
3518 4168 3641 4205 xxv.
3679 4152 3815 4204 Putat

2261 4221 2525 4279 nonnemo
2551 4235 2760 4294 poetam
2786 4225 3054 4291 respicere
3076 4223 3138 4275 ad
3167 4237 3361 4294 annum
3391 4222 3658 4294 placidum
3680 4221 3811 4294 Isaia:

2262 4310 2368 4356 ut,
2400 4297 2453 4348 εἰ.
2491 4292 2563 4347 Ita
2591 4312 2619 4361 (ι
2647 4294 2800 4347 iidem
2832 4308 3058 4357 censeo;
3101 4293 3193 4345 sed
3225 4294 3291 4343 ab
3320 4293 3437 4359 ipso
3471 4292 3604 4344 Isaia
3634 4292 3820 4344 indica-

2262 4373 2345 4416 tur
2396 4380 2567 4417 annns
2605 4365 2882 4431 jubilmus,
2932 4364 3019 4432 qui
3061 4373 3214 4432 typus
3246 4361 3344 4415 fuit
3374 4364 3499 4415 anni
3544 4361 3820 4415 Christiani

2262 4449 2357 4486 seu
2388 4438 2642 4499 temporis
2661 4435 2973 4499 evangelici.

2336 4504 2457 4558 992.
2502 4498 2619 4557 Rat.
2654 4504 2768 4558 sine
2796 4498 2970 4567 litura,
3008 4504 3095 4557 ille
3119 4517 3216 4569 pro
3241 4501 3407 4555 Iesus.
3445 4502 3722 4556 Mariettus
3766 4498 3822 4550 ad

2182 4586 2229 4643 ι)
2258 4588 2399 4628 vers.
2432 4573 2569 4628 1058
2596 4586 2808 4628 veretur
2835 4575 3059 4643 ineptias
3089 4568 3320 4627 recentis
3348 4573 3674 4627 correctoris
3694 4612 3706 4635 ,
3739 4568 3817 4638 qui

2256 4660 2318 4699 ex
2353 4643 2460 4698 IIIC
2485 4643 2634 4698 facile
2658 4645 2854 4713 protuit
2885 4644 2903 4696 I
2912 4658 3065 4698 acere
3090 4643 3197 4696 ille.

2323 4715 2446 4769 9:)5.
2492 4712 2767 4769 Sabbatum
2828 4715 3017 4783 accipit
3057 4729 3150 4779 pro
3205 4712 3559 4766 hebdomada.
3608 4712 3817 4764 Perstat

2254 4784 2395 4839 enim
2425 4786 2475 4839 in
2509 4785 2691 4838 eadem
2717 4785 2965 4850 allegoria
2995 4784 3062 4837 de
3088 4783 3419 4837 hebdomada
3450 4793 3601 4837 sexta
3632 4790 3687 4835 et
3708 4796 3821 4848 sep~

2259 4854 2408 4922 tima,
2440 4870 2596 4925 quam
2626 4853 2873 4908 Christus
2900 4854 3202 4923 complevit.

2328 4923 2468 4979 998(
2501 4928 2652 4993 I'rag.
2683 4969 2697 4993 ,
2732 4928 2888 4978 noctis
2918 4941 3012 4993 pro
3050 4925 3200 4977 notis.
3234 4923 3377 4990 Ald.,
3414 4933 3609 4992 tergum
3642 4936 3737 4991 pro
3764 4936 3829 4971 re~

2260 5012 2381 5064 gum
2404 5013 2422 5049 :
2446 4997 2759 5049 mendosum
2795 5005 3093 5063 utrumque.

2333 5064 2456 5120 999.
2502 5067 2619 5119 Put.
2638 5105 2652 5129 ,
2678 5075 2731 5119 et
2762 5064 2913 5133 Egm.
2940 5079 2969 5117 a
2993 5064 3225 5133 secunda
3256 5078 3415 5116 manu
3437 5107 3453 5129 ,
3485 5064 3663 5117 minus
3688 5062 3829 5119 bene.

2219 5160 2224 5171 ο
2261 5137 2323 5190 de
2346 5138 2495 5189 corde
2522 5151 2616 5204 pro
2639 5136 2701 5189 de
2725 5151 2891 5187 carne.

2333 5206 2490 5262 1000.
2526 5203 2652 5259 'Iiat.
2683 5247 2696 5269 ,
2728 5206 2898 5259 Oxon.
2928 5244 2943 5267 ,
2986 5204 3108 5258 [ἴοι.
3140 5244 3153 5267 ,
3181 5203 3337 5256 Turr.
3373 5203 3478 5256 duo
3503 5244 3517 5267 ,
3549 5203 3830 5254 hominem;

2266 5290 2370 5331 non
2426 5278 2598 5344 placet
2630 5276 2868 5331 Heinsio.
2911 5275 3094 5329 Melius
3135 5283 3280 5327 certe
3306 5282 3391 5327 est
3417 5272 3685 5326 hominum
3729 5285 3834 5323 Cum

2262 5348 2497 5415 optimis.
2528 5348 2580 5399 In
2623 5348 2771 5400 Alex.
2808 5356 2981 5399 tamen
3005 5344 3263 5409 homines,
3297 5344 3385 5412 qui
3409 5355 3494 5397 cst
3522 5357 3701 5396 error.

2337 5416 2492 5472 1001.
2535 5416 2782 5470 Nonnulli
2802 5426 3009 5470 veteres
3038 5414 3277 5468 scribunt
3304 5409 3580 5472 recenseta,
3616 5422 3677 5465 ut
3704 5409 3833 5463 Valt.

2265 5486 2307 5539 Β
2339 5527 2353 5549 ,
2386 5488 2428 5551 Q
2451 5527 2466 5550 ,
2498 5487 2623 5541 Mar.
2655 5527 2668 5550 ,
2716 5487 2834 5540 Rat.
2884 5487 2957 5539 Ita
2986 5485 3143 5539 etiam
3180 5483 3346 5536 Aldus
3370 5484 3665 5536 excuderat
3697 5498 3710 5533 :
3752 5478 3833 5531 sed

2265 5557 2569 5610 emendavit
2618 5557 2886 5610 recensita.
2938 5557 2992 5609 ltt
3036 5554 3154 5608 Vat.
3188 5554 3263 5618 ρ,
3310 5553 3689 5615 nutrierandos;
3733 5563 3833 5602 cur.

2270 5636 2442 5692 rupte.

2333 5695 2489 5751 1002.
2534 5697 2710 5767 Prag.,
2742 5698 2895 5757 male,
2921 5696 3089 5767 quod;
3129 5698 3243 5763 lege
3267 5695 3429 5767 quid.
3459 5694 3579 5748 Ald.
3608 5732 3625 5752 .
3657 5692 3830 5760 Εεηιον

2262 5765 2471 5837 Nonis,
2494 5765 2757 5825 vocabulo
2779 5765 2976 5824 Graeco
3004 5767 3213 5828 Latino.
3246 5766 3559 5838 sanctilogus
3598 5770 3702 5835 pro
3730 5775 3821 5818 san
