3950 6326
446 252 583 311 1005

618 363 881 429 Quorsum
911 360 1070 432 igitur
1096 359 1224 415 limo
1260 365 1407 415 tanta
1437 358 1764 429 indulgentia
1793 365 1976 413 nostro
2042 359 2096 418 Α

619 453 884 523 Contigit,
914 462 974 508 ut
1003 452 1213 508 Domini
1240 453 1484 508 manibus
1513 461 1790 518 tractatus,
1824 452 2024 504 honora

621 547 785 618 59o
816 546 944 600 Arte
969 559 1120 600 sacer
1146 545 1314 612 ﬁeret,
1346 554 1486 600 tactu
1511 544 1620 613 jam
1652 543 1845 600 nobilis
1873 539 2025 612 ipso?

624 637 877 692 Decrerat
902 637 1153 708 quoniam
1179 636 1448 692 Christum
1478 638 1618 692 Deus
1649 638 1958 705 incorrupto

447 727 584 786 1010
621 727 934 784 Admiscere
968 729 1082 783 solo
1107 745 1122 784 :
1157 728 1357 782 sanctis
1379 729 1520 798 quod
1548 727 1747 798 ﬁngere
1770 727 1934 782 vellet

626 821 849 893 Dignum
880 821 1064 877 habuit
1089 821 1288 891 digitis,
1321 829 1376 877 et
1421 822 1644 878 charum
1685 821 1920 877 condere
1948 820 2031 890 pi-

1772 912 1790 984 [
1807 927 1962 982 gnus.

632 1010 881 1064 Destituit
910 1015 1097 1064 natura
1120 1005 1334 1077 quidem
1357 1006 1628 1062 destructa
1657 1016 1857 1060 coactae

635 1100 868 1155 Telluris
895 1101 1141 1166 formam,
1168 1101 1434 1170 mortique
1455 1099 1682 1154 obnoxia
1707 1099 1868 1153 cessit
1894 1116 1905 1150 :

629 1194 736 1251 Sed
769 1205 952 1249 natura
980 1197 1069 1250 Dei
1103 1211 1372 1264 nunquam
1401 1194 1677 1261 solvenda,
1700 1193 1953 1247 caducam

458 1289 597 1346 1045
637 1289 904 1343 Tellurem
936 1299 1120 1342 nostro
1151 1288 1385 1342 vitiatam
1415 1289 1661 1356 primitus
1692 1301 1788 1340 usu

634 1383 768 1436 Esse
789 1398 938 1436 suam
975 1383 1160 1448 voluit,
1192 1397 1258 1436 ne
1281 1382 1390 1451 jam
1415 1381 1668 1435 vitiabilis
1701 1389 1868 1435 esset.

639 1475 883 1530 Christus
907 1485 1086 1530 nostra
1111 1491 1236 1531 caro
1261 1485 1344 1530 est
1370 1494 1382 1530 :
1409 1476 1538 1529 mihi
1567 1475 1811 1540 solvitur,
1832 1481 1886 1527 et
1909 1470 2040 1526 mihi

637 1637 830 1692 Solvor
863 1644 1034 1690 morte
1055 1652 1202 1702 mea,
1234 1637 1431 1692 Christi
1463 1617 1658 1692 virtute
1678 1565 1967 1704 mitia-git.

638 1727 770 1783 Cum
817 1729 1040 1783 moritur
1090 1728 1369 1796 Christus,
1410 1745 1530 1786 cum
1576 1730 1826 1786 ﬂebiliter
1861 1739 2040 1783 tumu-
2070 1755 2123 1817 Β

1811 1821 1974 1886 lalur,

1811 1821 1974 1886 lalur,

465 1908 608 1966 1050
645 1911 727 1966 Me
758 1909 949 1966 video:
977 1926 1009 1966 e
1037 1913 1244 1969 tumulo
1271 1928 1390 1967 cum
1410 1912 1520 1983 jam
1552 1820 1857 1967 remeabilis
1880 1922 2038 1977 astat,

1555 238 1832 296 AURELII
1869 234 2236 295 PRUDENTII
2273 233 2606 291 CARMINA.

3579 223 3722 280 1001

2302 351 2460 423 49],
2491 349 2668 406 Cerno
2695 345 2863 402 Deum
2889 361 2903 399 :
2932 343 2978 399 si
3000 342 3366 400 membrorum
3391 339 3718 414 phantasma

3260 433 3522 506 [meorum
3547 441 3658 495 est,

2311 537 2375 592 Et
2416 522 2728 606 phantasma
2771 529 2868 586 Dei
2914 536 3045 585 est:
3089 524 3323 582 mendax
3372 523 3428 578 in
3473 532 3726 592 utraque,

3277 615 3521 688 [necesse
3547 623 3657 674 est,

2317 721 2400 778 Sit
2429 720 2673 775 Christus
2700 714 2880 787 specie
2898 753 2916 780 ,
2947 711 2993 768 si
3019 709 3265 766 Christus
3297 705 3484 761 fallere
3514 704 3686 759 novit.

2325 813 2381 870 Si
2421 827 2530 868 non
2569 822 2731 865 verus
2758 808 2917 863 homo
2945 811 3046 869 est,
3084 816 3241 868 quem
3277 812 3424 854 mors
3462 796 3737 850 hominem

3276 887 3492 962 [probat
3522 887 3667 962 ipsa,

2145 995 2280 1052 1055
2320 996 2430 1050 Nec
2471 1007 2633 1049 verus
2664 991 2806 1046 Deus
2835 996 2936 1053 est,
2969 985 3149 1056 operis
3177 997 3336 1053 quem
3367 980 3537 1052 gloria
3561 979 3740 1050 prodit

2329 1087 2460 1140 Esse
2492 1086 2687 1148 Deum;
2717 1083 2795 1136 vel
2821 1080 2980 1135 crede
3007 1078 3166 1142 mori,
3193 1075 3280 1128 vel
3305 1074 3496 1129 adesse
3527 1071 3738 1135 refelle,

2319 1179 2386 1232 Et
2412 1177 2623 1247 gemina
2650 1189 2834 1230 verum
2866 1172 3144 1227 Christum
3178 1170 3386 1222 ratione
3415 1175 3638 1236 negato.

2329 1270 2457 1323 Nam
2481 1268 2608 1338 quid
2631 1265 2989 1336 magniﬁcum,
3012 1263 3054 1316 si
3079 1277 3183 1316 non
3207 1269 3287 1314 cst
3309 1269 3554 1314 mortuus
3573 1258 3740 1321 Iesus,

2326 1361 2389 1414 Et
2415 1360 2586 1415 redit?
2609 1359 2701 1413 illa
2725 1358 2818 1412 Dei
2847 1356 3018 1410 virtus
3047 1353 3408 1408 memorabilis
3437 1359 3543 1415 est,
3581 1359 3641 1404 ut

2065 1461 2069 1474 '
2150 1453 2291 1510 1060
2331 1454 2548 1529 Occisus
2577 1451 2762 1506 redeat
2789 1449 3020 1518 superis,
3053 1455 3340 1516 surgatque
3373 1443 3639 1514 sepultus.

2335 1546 2571 1615 Quisque
2617 1546 2781 1600 Deum
2816 1541 3099 1598 Christum
3146 1539 3262 1596 vult
3309 1539 3525 1604 dicere,
3585 1535 3745 1599 dicat,

3410 1629 3683 1705 [eumdem

2326 1732 2458 1788 Esse
2497 1730 2789 1794 hominem,
2836 1743 2904 1784 ne
2943 1729 3195 1797 maiestas
3223 1739 3315 1778 sua
3350 1723 3502 1778 fortia
3540 1720 3746 1791 perdat.

2336 1823 2513 1879 Nosco
2535 1865 2548 1890 ,
2593 1836 2769 1879 meum
2811 1821 2865 1876 in
2905 1818 3122 1876 Christo
3151 1831 3346 1888 corpus
3382 1826 3748 1883 consurgere:

3403 1906 3559 1978 [quid
3593 1917 3680 1959 ne

1765 2111 2052 2170 GLOSSIE
2090 2112 2436 2169 VETERES.

542 2247 699 2304 1056.
740 2249 1003 2314 Quorsum
1025 2288 1042 2312 ,
1069 2247 1240 2310 unde,
1271 2263 1382 2298 cur.
1411 2275 1483 2285 —
1505 2244 1677 2308 Limo,
1703 2247 1868 2312 carni,
1902 2247 1942 2300 1.

543 2318 701 2372 1037.
747 2319 990 2380 Honora,
1024 2315 1334 2377 honorabili,
1363 2316 1403 2369 1.

540 2387 699 2442 1039.
747 2388 996 2441 Decrerat
1020 2429 1032 2452 ,
1077 2387 1384 2438 decreverat.
1420 2414 1489 2424 —
1515 2385 1830 2454 lncorrupto
1861 2429 1875 2453 ,
1900 2387 2054 2458 virgi-

474 2459 576 2513 nali
603 2467 746 2510 utero
765 2500 778 2518 .
805 2458 842 2511 l.

545 2529 702 2583 1010.
747 2527 894 2594 Solo,
916 2528 1062 2579 carni
1095 2525 1300 2592 Marim,
1334 2525 1371 2578 I.

543 2600 701 2653 1044.
745 2597 1023 2666 Nunquam
1055 2597 1331 2663 solvenda,
1351 2611 1464 2664 qua:
1479 2611 1739 2667 nunquam
1762 2597 2052 2667 resolvitur,

475 2669 550 2722 uel
575 2665 893 2723 destituitur.
918 2698 989 2710 --
1015 2667 1282 2723 Caducam
1302 2711 1318 2737 ,
1341 2665 1608 2721 mortalem
1637 2682 1840 2723 carnem
1859 2707 1877 2735 ,
1909 2668 1949 2722 1.

2234 2247 2393 2368 1017.
2433 2245 2560 2370 Mibli
2588 2245 2831 2314 solvitur,
2862 2254 3068 2316 prapter
3107 2261 3185 2298 me
3222 2245 3461 2299 moritur.
3492 2273 3570 2288 -
3597 2244 3744 2313 Mihi,

2234 2333 2296 2370 an
2322 2334 2376 2370 er
2400 2333 2502 2370 me.
2564 2356 2576 2369 .

2231 2326 2376 2386 apter
2400 2333 2502 2383 me,
2539 2326 2576 2370 Ι.

2163 2334 2376 2389 propter
2400 2334 2502 2383 me,
2539 2334 2576 2370 ι.

2240 2388 2397 2442 1050.
2442 2387 2546 2450 Me.
2567 2401 2864 2440 carnem.—~
2885 2384 3230 2450 Remeabilis,
3249 2402 3497 2452 remeare,
3519 2389 3686 2453 exire,
3711 2387 3744 2440 1.

2238 2457 2400 2512 1055.
2424 2457 3353 2527 Operistresurrectionisr-Prodit,
3379 2458 3703 2527 manifestat,
3720 2457 3753 2510 1.

2242 2528 2401 2582 1056.
2438 2525 2591 2591 Mori,
2619 2525 2896 2593 Christum,
2933 2527 2975 2581 l.

2243 2599 2404 2654 1057.
2439 2599 2657 2667 Negato,
2693 2599 2828 2667 quod
2858 2612 2948 2651 nec
2975 2597 3118 2652 Deus
3146 2596 3232 2666 sit,
3263 2613 3355 2653 nec
3382 2598 3561 2666 horno,
3587 2598 3628 2653 Ι.

2243 2669 2405 2724 1058.
2437 2669 2793 2738 Magniﬁcum,
2829 2669 2972 2738 fecit,
3003 2667 3044 2724 l.

1817 2873 2387 2931 COMMENTARIUS.

480 3017 755 3076 l-leinsiani
777 3029 894 3070 cum
921 3011 1148 3068 Weitzio
1173 3022 1226 3066 et
1252 3012 1427 3078 lsone,
1451 3013 1618 3081 fabro.
1667 3013 1798 3068 Illud
1826 3029 1930 3068 non
1955 3012 2063 3068 dis-

481 3091 689 3162 plicet_,
735 3095 791 3162 et
818 3084 1014 3162 placuit
1039 3082 1420 3162 Cliamillardo.
1469 3084 1548 3136 Ad
1579 3099 1720 3138 vers.
1757 3085 1861 3138 7‘78
1910 3083 2059 3162 dixi,

481 3152 625 3228 saepe
657 3152 1002 3211 Prudentium
1027 3152 1368 3228 conﬁrmare.
1396 3168 1596 3228 corpus
1618 3169 1747 3228 esse
1767 3154 2061 3228 Opus‘dex-

480 3221 578 3284 me
607 3227 700 3280 Dei
728 3270 741 3292 ,
772 3228 1001 3278 animam
1028 3224 1135 3275 oris
1165 3241 1176 3294 _:
1213 3221 1459 3294 Finxerat
1481 3222 1576 3276 hoc
1594 3221 1819 3294 digitis,
1838 3225 2065 3276 animam

483 3300 761 3368 sufﬂaverat
786 3312 903 3368 _ore._
938 3291 1244 3368 Lactantius
1276 3293 1369 3368 lib.
1394 3308 1453 3368 tt,
1478 3308 1596 3368 cap.
1623 3291 1688 3348 13
1714 3312 1726 3345 :
1767 3292 1911 3368 Ficta
1932 3295 2064 3368 enim

483 3355 693 3435 corpore
720 3365 926 3435 spiravit
955 3364 999 3416 ei
1029 3355 1253 3435 animum
1292 3361 1352 3414 de
1380 3355 1522 3435 uituli
1547 3355 1694 3435 'fonte
1731 3365 1941 3435 spiritus
1961 3365 2062 3416 sui.

483 3432 753 3494 Creterum’
777 3444 919 3486 totus
952 3435 1036 3485 hic
1077 3433 1226 3486 locus
1262 3432 1532 3500 pertinere
1562 3432 1775 3489 videtur
1803 3434 1866 3486 ad
1899 3435 2066 3488 solius

484 3507 725 3577 corporis
766 3504 1148 3577 ellectjpnem;
1196 3501 1381 3577 itaque
1423 3507 1619 3577 rectius
1671 3506 1877 3577 dicetur
1927 3504 2069 3577 [aevo

487 3572 645 3650 quam
695 3575 875 3650 flabra.
906 3572 1244 3650 Vetustiores
1274 3572 1461 3639 Optimi
1506 3575 1706 3650 habent
1737 3575 1903 3644 fabro.
1927 3572 2072 3628 ‘Vide

486 3643 732 3721 glossas',
762 3656 813 3701 et
819 3645 977 3721 _inlra
1009 3644 1077 3721 de
1105 3643 1232 3721 limo
1260 3660 1286 3721 :_
1299 3652 1544 3721 tractatus
1567 3645 1766 3721 honora
1791 3655 1899 3698 arte
1927 3660 2072 3721 sacer

487 3715 653 3791 ﬁeret,
683 3728 788 3774 etc.
819 3715 1038 3771 Teolius
1063 3715 1192 3782 legit
1218 3715 1378 3791 etiam
1402 3717 1685 3791 {abro,_sed
1711 3731 1814 3770 non
1847 3729 1974 3770 vere
2000 3716 2075 3770 ait

488 3786 675 3847 omnes
703 3790 843 3844 Vatt.
879 3797 1073 3856 praeter
1102 3801 1264 3856 unum
1297 3786 1494 3842 habere
1515 3787 1683 3854 fabro.

558 3861 715 3916 1038.
759 3855 891 3913 Vat.
914 3861 978 3921 A,
1011 3855 1288 3922 mendose,
1318 3859 1473 3910 tactui
1491 3857 1674 3910 nobilis
1693 3871 1790 3926 pro
1811 3864 1950 3909 tactu
1962 3857 2073 3927 jam

491 3932 695 3986 nobilis.

493 4071 540 4124 Β
563 4000 720 4054 1059.
763 3998 881 4050 Rat.
912 4037 927 4060 ,
975 3998 1188 4051 decrevit
1225 3999 1484 4067 quoniam.
1539 3998 1691 4067 Prag.
1719 4035 1737 4062 ,
1784 3997 1941 4051 Pater
1974 4011 2072 4066 pro

545 4086 648 4124 eus.

545 4086 648 4124 cus.

569 4137 726 4192 1040.
769 4137 933 4203 Doug.
960 4176 974 4200 ,
1017 4135 1129 4189 Gis.
1159 4177 1174 4200 ,
1227 4137 1384 4203 velle;
1432 4139 1611 4191 caeteri
1662 4138 1808 4192 vellet
1860 4138 2071 4192 melius.

495 4211 716 4264 Summa
739 4207 991 4273 capitum,
1025 4206 1217 4273 quibus
1241 4207 1563 4261 Manichaeos
1584 4207 1695 4262 sive
1719 4210 2074 4262 Phantasma-

496 4280 630 4334 ticos
655 4277 969 4330 Prudentius
992 4288 1277 4345 oppugnat,
1313 4277 1429 4332 haec
1449 4288 1532 4332 est
1558 4297 1568 4329 :
1603 4278 1656 4332 1°
1686 4280 1953 4334 Christum
1979 4279 2075 4333 ha-

496 4350 675 4404 buisw
704 4361 895 4419 verum
919 4361 1145 4419 corpus,
1178 4346 1480 4419 conﬁcrrit‘ex
1513 4351 1706 4404 muniis
1729 4367 1847 4419 qua:
1874 4350 2072 4413 obivit,

445 4427 448 4430 '
496 4435 559 4476 ex
596 4419 767 4471 verbis
792 4417 981 4485 quibus
1003 4432 1060 4469 se
1081 4415 1312 4470 hominis
1337 4415 1501 4471 ﬁlium
1530 4421 1688 4478 dixit;
1715 4415 1778 4472 Ξῖ)
1797 4438 1858 4475 ex
1875 4422 2075 4474 Christi

495 4489 842 4562 genealogiis,
890 4501 1124 4562 arguens
1167 4488 1326 4562 simili
1354 4492 1539 4562 modo
1588 4492 1842 4545 allirmari
1877 4507 2070 4562 posse,

495 4559 693 4616 ChriSli
727 4567 975 4630 parentes
1018 4559 1159 4611 aeria
1190 4559 1456 4630 habuisse
1495 4576 1750 4627 corpora,
1801 4564 1844 4614 si
1879 4561 2078 4613 Christi

496 4649 689 4699 Corpus
729 4628 902 4684 solum
957 4628 1054 4682 fuit
1092 4629 1324 4694 aerium;
1373 4634 1432 4684 5°
1482 4633 1531 4685 in
1576 4634 1763 4686 eadem
1797 4631 2077 4702 hypothesi

496 4706 678 4772 negari
735 4702 933 4771 pariter
984 4715 1138 4768 posse
1190 4701 1477 4763 concludit,
1519 4702 1786 4756 Christum
1835 4713 2077 4772 nostrum

2177 3029 2208 3068 a
2252 3014 2420 3084 prima
2459 3028 2638 3078 manu,
2686 3012 2821 3068 Urb.
2867 3020 2923 3068 et
2959 3012 3083 3084 alii,
3111 3011 3345 3084 mendaa:_
3362 3013 3415 3065 in
3436 3021 3663 3084 utraque
3687 3027 3764 3084 ne-

2177 3081 2310 3137 cesse
2351 3094 2422 3138 est
2461 3086 2522 3139 sit
2563 3085 2794 3139 Christus
2834 3084 3020 3154 specie.
3061 3082 3400 3154 Put.,__Ald.,
3433 3083 3550 3136 Pal.
3587 3093 3640 3137 et
3662 3081 3763 3154 alii,

2176 3156 2399 3209 mendax
2429 3157 2481 3209 in
2508 3163 2735 3226 utroque
2762 3151 2958 3209 necesse
2986 3162 3062 3226 est,
3095 3151 3420 3226 sitCItristus
3449 3154 3637 3222 specie.
3667 3151 3763 3208 Sed

2181 3236 2306 3279 tunc
2335 3227 2523 3280 melius
2551 3225 2670 3280 cum
2708 3225 2888 3295 Egm.,
2915 3225 3136 3279 mendax
3159 3225 3210 3277 in
3239 3234 3456 3292 utroque
3477 3239 3675 3277 necesse
3697 3232 3764 3275 est

2176 3298 2244 3350 sit
2271 3296 2500 3350 Christus
2530 3297 2742 3364 species.
2769 3295 2893 3351 Mihi
2927 3295 3095 3364 magis
3116 3296 3310 3364 placet,
3333 3297 3388 3348 in
3413 3304 3634 3361 utraque
3658 3307 3762 3361 spe-

2178 3367 2274 3426 cie,
2304 3367 2402 3421 hoc
2431 3376 2515 3421 est
2537 3368 2590 3420 in
2618 3367 2784 3437 specie
2811 3366 3032 3437 hominis
3060 3375 3104 3437 et
3130 3365 3246 3430 Dei,
3277 3365 3509 3419 mendax
3535 3374 3591 3420 et
3611 3365 3764 3437 phan-

2179 3447 2348 3491 tasma
2376 3455 2390 3490 :
2417 3453 2571 3506 quam
2597 3434 2882 3491 lectionem
2909 3435 3175 3506 Giselinus
3202 3450 3423 3506 quoque
3436 3434 3762 3506 approbavit.

2179 3508 2384 3561 Bonan.
2421 3504 2602 3576 parum
2634 3509 2895 3576 apposite.
2941 3505 3009 3576 Et
3041 3504 3347 3573 phantasma
3391 3504 3488 3576 Dei
3519 3504 3760 3566 utendas,

2175 3579 2232 3631 in
2273 3575 2485 3647 utraque
2512 3575 2716 3633 necesse,
2739 3588 2812 3632 est
2843 3577 2908 3631 sit
2947 3575 3178 3630 Christus
3203 3594 3225 3630 ε
3266 3577 3415 3630 ecies.
3457 3575 3762 3630 Gallandius

2177 3649 2306 3700 citat
2342 3651 2532 3700 Aldum
2564 3663 2657 3700 nro
2686 3658 2936 3700 utraaue.
2981 3649 3033 3700 in
3075 3662 3180 3700 uuo
3221 3594 3344 3700 {eeo
3386 3655 3625 3700 utroaue.
3665 3645 3762 3700 Eae

2177 3649 2306 3703 citat
2342 3645 2532 3702 Aldum
2564 3663 2657 3715 pro
2686 3658 2898 3714 utraque
2920 3689 2936 3713 ,
2981 3649 3033 3702 in
3075 3662 3195 3716 quo,
3221 3645 3344 3716 lego
3386 3655 3625 3715 utroque.
3665 3645 3766 3716 Ego

2177 3719 2392 3786 quidem
2439 3734 2710 3785 nunquam
2750 3721 2802 3774 in
2844 3717 3070 3773 diversis
3101 3715 3221 3770 Aldi
3267 3715 3769 3786 exemplaribusile-

2178 3785 2416 3844 ctionum
2450 3790 2866 3857 discrepantiam
2897 3787 3112 3842 inveni.
3165 3786 3362 3842 Verum
3410 3785 3626 3844 etiamsi
3665 3785 3768 3839 hac

2178 3861 2409 3914 varietas
2425 3862 2476 3914 in
2498 3860 2728 3914 diversis
2743 3859 3136 3927 exemplaribus
3156 3867 3450 3919 constaret.
3474 3873 3584 3912 non
3604 3865 3768 3927 tamen

2180 3939 2381 3984 certum
2423 3939 2795 3992 argumentum
2826 3930 2875 3984 id
2902 3924 3079 3996 esset,
3121 3927 3350 3996 duplicis
3389 3924 3765 3996 editionisAl-

2179 3999 2339 4054 diuae.
2372 4001 2511 4055 Nihil
2541 4000 2682 4054 enim
2707 4000 2934 4069 facilius,
2966 4013 3123 4069 quam
3151 3995 3210 4053 ut
3230 3999 3370 4054 inter
3391 3995 3762 4069 excudendum

2178 4069 2340 4124 verba
2372 4072 2595 4140 aliquot,
2626 4071 2670 4124 si
2700 4066 3211 4138 libeat,'mutentur,
3259 4070 3334 4124 ita
3361 4081 3418 4123 ut
3446 4071 3501 4122 in
3532 4067 3759 4136 ejusdem

2182 4141 2435 4216 editionis
2461 4141 2856 4216 exemplaribus
2877 4141 3431 4216 varianteslectiones
3451 4143 3759 4216 appareant;

2181 4211 2323 4280 quod
2368 4212 2420 4265 in
2463 4208 2850 4283 antiquissimis
2889 4212 3076 4266 Bibliis
3122 4210 3446 4281 Moguntinis
3488 4208 3767 4278 centigisse

2181 4290 2328 4349 puto.

2259 4351 2419 4422 1051.
2448 4352 2626 4421 Prag.,
2655 4355 2815 4414 male,
2849 4353 2956 4420 ipse
2987 4366 3083 4422 pro
3113 4352 3249 4422 ipsa.

2256 4421 2414 4476 1055.
2458 4417 2578 4476 Vat'.
2616 4417 2698 4486 Α,
2745 4417 3021 4485 mendose,
3068 4417 3175 4475 huic
3223 4436 3320 4492 pro
3360 4439 3470 4476 nec.
3511 4421 3566 4476 In
3597 4417 3771 4492 Teolio

2187 4502 2417 4546 metrum
2443 4502 2752 4563 corruptum
2780 4502 2894 4558 est,
2929 4489 3267 4563 transpositis
3295 4493 3474 4548 verbis
3501 4492 3613 4546 Nec
3644 4489 3770 4544 Deus

2186 4578 2332 4615 verus
2370 4573 2459 4616 est.

2260 4633 2417 4688 1058.
2451 4632 2630 4701 Prag.,
2662 4632 2750 4686 ille
2777 4649 2870 4701 pro
2898 4630 3064 4686 Iesus.
3095 4632 3226 4687 Vide
3253 4648 3396 4687 vers.
3432 4630 3560 4688 992.

2259 4705 2417 4758 1059.
2451 4704 2618 4756 Aldus
2651 4706 2925 4766 mendose,
2955 4713 3000 4756 et
3021 4703 3151 4757 redit
3177 4703 3270 4756 illa
3296 4703 3388 4756 Dei
3412 4707 3588 4774 justus
3619 4714 3712 4772 pro
3730 4704 3772 4752 et

496 4771 615 4854 esse
673 4775 1060 4867 redeniplt‘orenlt
1108 4779 1179 4852 et.
1201 4783 1561 4867 servatorem;
1606 4775 1668 4826 1°
1707 4771 2077 4867 peculiari
2110 4777 2356 4867 Dred‘it‘?
2378 4776 2487 4867 illa1
2508 4775 2595 4827 Dei
2622 4777 2780 4857 uirtus
2809 4775 3155 4867 memorabilis
3189 4782 3389 4867 astuta.

496 4846 722 4905 ratione,
748 4859 848 4911 qua
877 4845 1012 4896 Deus
1040 4843 1310 4896 hominem
1340 4859 1403 4896 ex
1437 4844 1563 4897 limo
1598 4845 1855 4907 condidit,
1886 4843 2082 4912 colligit

496 4915 545 4966 id
578 4916 771 4966 factum
798 4954 813 4978 ,
846 4913 968 4980 quia
1002 4924 1232 4966 aeternus
1259 4913 1374 4981 ejus
1409 4913 1571 4967 Filius
1609 4915 1894 4982 aliquando
1920 4929 2086 4969 Carne

497 4984 727 5037 humana
761 4993 903 5037 esset
937 4984 1271 5047 induendus;
1305 4985 1360 5038 5°
1391 5002 1453 5038 ex
1497 4987 1908 5040 resurrectione.

573 5055 726 5108 1046.
770 5054 914 5119 Ald.,
951 5054 1088 5120 PaL,
1121 5072 1207 5108 nec
1231 5058 1364 5125 jam.
1393 5057 1516 5125 Alii,
1544 5073 1605 5109 ne
1621 5061 1758 5126 jam,
1779 5071 2086 5126 congruen-

497 5127 620 5177 tius.

570 5197 727 5248 1017.
774 5193 844 5248 Ex
875 5192 1043 5258 Epist.
1075 5194 1138 5246 ad
1178 5196 1332 5249 Rom.
1363 5213 1438 5262 Iv,
1476 5198 1543 5251 55
1576 5215 1588 5249 :
1626 5198 1724 5263 Qui
1752 5198 1968 5250 traditus
2009 5207 2083 5250 est

498 5276 700 5335 propter
729 5265 914 5318 delicta
942 5274 1137 5326 nostra.
1161 5276 1207 5318 et
1223 5269 1500 5322 resurrexit
1521 5281 1726 5338 prapter
1745 5269 2082 5338 justi/icatio-

499 5351 609 5388 nem
642 5346 885 5388 nostram.

571 5407 729 5459 1οι18.
771 5409 827 5459 5.
863 5405 1176 5459 Ambrosius
1208 5407 1299 5460 lib.
1335 5424 1370 5461 ιι
1403 5410 1468 5464 de
1515 5408 1751 5463 Sacram.
1783 5451 1797 5475 ,
1838 5424 1955 5477 cap.
2011 5408 2084 5462 6:

498 5474 798 5528 Remedium
849 5483 1023 5546 datum
1059 5489 1150 5539 est,
1202 5490 1255 5530 ut
1295 5480 1444 5531 homo
1483 5474 1790 5546 morere/ur,
1826 5492 1872 5532 et
1907 5474 2082 5531 resur-

497 5555 651 5611 geret.
698 5587 709 5598 .
758 5585 770 5599 .
817 5585 829 5597 .
857 5550 944 5597 sed
974 5545 1201 5601 Christus
1231 5551 1415 5602 invenit
1447 5545 1899 5614 resurrectionem,
1937 5563 2040 5604 etc.

571 5618 724 5687 1050.
754 5614 900 5687 Ald"
930 5627 974 5687 et
1003 5623 1201 5671 tumulo
1231 5638 1322 5687 pro
1355 5638 1380 5672 e
1410 5627 1626 5675 tumu’o.

568 5683 728 5738 1052.
761 5684 904 5739 Vati.
930 5686 999 5756 Α,
1021 5689 1090 5754 Q,
1117 5683 1276 5756 Μαι-ζ,
1296 5691 1479 5761 Prag.,
1495 5694 1645 5760 Rau,
1664 5693 1885 5761 Weits.,
1901 5692 2078 5760 Alex"

1821 5825 1837 5851 ³

2267 4845 2425 4899 1061.
2451 4844 2593 4909 Rat.,
2627 4845 2846 4915 quique;
2867 4845 3009 4915 Gis.,
3033 4844 3270 4915 quisqui’.
3296 4843 3432 4915 Vera
3458 4843 3625 4898 lectio
3647 4842 3774 4912 quis-

2193 4933 2308 4986 que.
2351 4916 2544 4969 Confer
2581 4914 2836 4986 hymnum
2866 4916 2895 4967 7
2925 4914 3082 4968 Cath.
3131 4914 3270 4969 vers.
3298 4914 3425 4969 216.
3460 4915 3582 4968 \‘at.
3616 4917 3662 4969 A
3690 4923 3775 4983 pro

2193 4988 2362 5041 dicere
2384 4987 2541 5038 habet
2567 4985 2760 5039 discere
2783 5001 2902 5039 cum
2931 4987 3127 5056 glossa,
3160 4987 3214 5038 id
3243 4994 3314 5038 est
3339 4987 3564 5040 credere.

2266 5058 2424 5111 1062.
2454 5057 2572 5128 Eat.
2595 5061 2670 5128 AA,
2703 5066 2973 5128 corrupte,
3005 5073 3066 5110 ne
3096 5059 3378 5128 majestate.

2269 5128 2423 5181 1065.
2468 5126 2700 5179 Titulnm
2747 5139 2868 5181 ante
2907 5127 3047 5181 hunc
3091 5126 3303 5182 versum
3339 5141 3443 5180 non
3487 5128 3774 5192 agnoscunt

2195 5199 2390 5253 Boher.
2429 5199 2588 5264 prior.
2617 5197 2758 5262 Put.,
2788 5199 2966 5264 Alex.,
3013 5198 3163 5261 Urb.,
3192 5197 3312 5251 Vat.
3343 5200 3386 5251 Α
3412 5215 3425 5249 :
3456 5196 3597 5266 quod
3627 5193 3771 5266 Heiu-

2195 5271 2307 5324 sius
2331 5262 2537 5336 probat,
2563 5267 2683 5333 quia
2713 5270 2824 5321 hmc
2852 5262 3030 5321 omnia
3062 5268 3125 5322 ad
3155 5262 3615 5322 Phantasmaticos
3646 5262 3770 5336 rele-

2191 5335 2402 5393 runtur.
2434 5338 2788 5391 Nihilominus
2809 5354 2930 5392 eum
2954 5339 3228 5392 ascribunt
3255 5338 3346 5391 alii
3376 5347 3608 5391 veteres.
3633 5335 3767 5391 Bat.,

2192 5408 2270 5462 De
2301 5411 2667 5462 resurrectione
2695 5412 2883 5461 carnis.
2916 5408 3068 5472 Maia,
3113 5405 3190 5461 De
3220 5410 3589 5461 resurrectione
3615 5402 3771 5472 curuis

2190 5483 2446 5532 humanae.
2491 5481 2560 5531 Ita
2606 5477 2752 5542 Ald.,
2795 5479 2982 5541 Weit.,
3026 5469 3138 5533 Gis.
3181 5479 3204 5532 1
3251 5478 3336 5531 ed.
3369 5478 3473 5532 Sed
3508 5482 3560 5530 in
3591 5469 3768 5529 edin?

2190 5551 2302 5604 Gis.
2331 5550 2395 5602 ad
2427 5565 2596 5609 oram,
2624 5546 2970 5601 Resurrectio.
3002 5548 3155 5618 Egm.
3188 5549 3254 5602 ad
3281 5563 3472 5617 marg..
3507 5549 3581 5600 De
3609 5554 3771 5618 resur-

2187 5630 2431 5674 recttoue.
2472 5620 2796 5673 'l‘rithemius
2838 5612 3092 5688 tanquam
3139 5618 3333 5674 librum
3376 5612 3645 5674 diversum
3683 5612 3776 5668 bos

2189 5706 2387 5760 paucos
2413 5703 2599 5746 VCI'SUS
2626 5698 2893 5746 recenset.
