3950 6326
202 251 317 311 1005

1562 254 1782 311 ΛΡΟΤΗ
1792 255 2003 315 EOSIS.

3300 273 3435 329 1006

349 364 641 435 Desperare
656 366 849 437 iubes?
876 369 1108 437 veniam,
1137 370 1330 440 quibus
1358 369 1453 424 ille
1477 372 1687 426 revenit
1775 382 1830 442 Α
1859 376 1994 432 1075
2032 375 2197 433 Debet
2241 377 2387 433 enim
2434 391 2582 436 mors
2617 379 2755 435 victa
2793 378 2974 447 ﬁdem,
3023 393 3090 436 ne
3135 381 3321 440 fraude
3350 399 3437 441 se-

200 462 314 521 1065
346 459 558 515 Calcata
587 458 654 515 de
678 469 874 529 morte,
897 463 1031 530 viis;
1059 462 1197 533 quod
1219 460 1504 529 credimus,
1523 463 1624 518 hoc
1644 472 1743 519 est.

346 552 503 625 5.92
541 552 608 609 Et
656 562 799 609 totus
838 555 1045 611 veniam
1084 574 1097 611 :
1130 571 1228 613 nec
1256 556 1395 613 enim
1434 558 1629 622 minor,
1656 564 1750 611 aut

1312 652 1491 725 [alius,
1515 667 1676 724 quam

344 742 493 799 Nunc
527 757 680 809 sum,
724 744 1018 801 restituar:
1052 744 1225 801 vultus
1247 789 1262 815 ,
1301 746 1483 816 vigor,
1516 756 1572 801 et
1600 746 1747 802 color

1488 840 1673 912 [ίάεω.

340 932 435 998 Qui
454 933 612 989 modo
626 934 775 1003 vivit,
798 935 928 1001 erit;
954 948 1052 990 nec
1064 948 1149 990 me
1164 936 1246 991 vel
1269 936 1448 1004 dente,
1468 937 1549 991 vel
1571 951 1747 1007 ungue

342 1022 665 1081 Fraudatum
690 1034 930 1109 revomet
952 1026 1200 1096 patefacti
1222 1028 1362 1083 fossa
1389 1029 1635 1099 sepulcri.

194 1116 309 1173 1070
343 1118 441 1184 Qui
468 1120 642 1189 jubet,
670 1129 727 1176 ut
758 1120 995 1189 redeam,
1039 1134 1145 1175 non
1174 1120 1362 1177 reddet
1390 1122 1565 1177 debile
1592 1121 1746 1191 quid-

1453 1212 1632 1284 [qnam
1658 1229 1673 1267 :

338 1301 466 1358 Nam
495 1303 543 1359 si
573 1303 819 1359 debilitas
848 1303 1007 1374 redit,
1038 1304 1354 1359 instauratio
1384 1318 1489 1359 non
1517 1314 1619 1359 est.

339 1394 488 1461 Quod
516 1411 672 1452 casus
717 1396 913 1467 rapuit,
954 1396 1096 1466 quod
1131 1397 1373 1464 morbus,
1406 1396 1548 1467 quod
1591 1395 1747 1451 dolor

1449 1489 1666 1561 [hausit,

336 1579 484 1647 Quod
512 1583 779 1636 truncavit
800 1582 936 1638 edax
959 1584 1166 1638 senium
1191 1582 1480 1653 populante
1499 1592 1742 1651 veterno,

3177 474 3367 546 [pulcri

2035 564 2243 623 Reddat
2266 572 2474 622 curtum
2505 566 2701 637 aliquid
2727 583 2741 633 ;
2769 568 3011 636 quamvis
3035 564 3143 636 jam
3172 575 3320 622 curta
3348 584 3440 625 vo-

3219 659 3371 734 [ηι-ἱῑ

2029 756 2287 825 Corpora,
2316 754 2560 811 debilitas
2587 761 2785 823 tamen,
2814 764 2867 810 et
2895 754 3147 810 violentia
3169 756 3343 810 morbi

2035 847 2217 904 Virtus
2244 849 2430 904 mortis
2456 857 2606 913 erat;
2639 847 2847 913 reddet,
2878 848 3016 918 quod
3047 846 3401 917 particulatim

2031 938 2327 994 Sorbuerat
2352 952 2672 1010 quocunque
2700 940 2880 1006 modo,
2903 954 2969 994 ne
2998 947 3239 994 mortuus
3260 940 3436 994 omnis

1855 1030 1992 1090 1080
2030 1031 2146 1087 Non
2174 1032 2378 1097 redeat,
2402 1033 2445 1087 si
2476 1032 2601 1103 quid
2625 1032 2781 1101 pleno
2804 1031 2871 1087 de
2900 1046 3123 1102 corpore
3150 1030 3309 1086 desit.
3360 1046 3363 1049 ·

2027 1124 2213 1180 Pellite
2253 1124 2414 1180 corde
2442 1134 2665 1191 metum,
2696 1139 2815 1181 mea
2853 1125 3127 1192 membra,
3152 1132 3207 1177 et
3235 1122 3437 1178 credite

3134 1212 3369 1282 [vosmet

2024 1309 2158 1364 Cum
2184 1307 2399 1364 Christo
2436 1308 2675 1364 rediture
2699 1307 2847 1374 Deo;
2882 1322 3005 1362 nam
3036 1321 3133 1361 vos
3155 1306 3297 1375 gerit
3322 1304 3433 1371 ille,

2029 1398 2190 1471 593
2220 1398 2288 1454 Et
2313 1413 2495 1456 secum
2528 1408 2745 1456 revocat
2773 1416 2789 1453 z
2819 1398 3036 1454 morbos
3068 1394 3235 1451 ridete
3261 1394 3434 1449 mina-

3215 1488 3327 1560 [ces
3350 1505 3364 1553 ;

2029 1583 2262 1640 lntlictos
2291 1598 2447 1640 casus
2477 1586 2838 1649 contemnite;
2865 1591 3001 1638 tetra
3030 1582 3275 1651 sepulcra

338 1672 507 1731 Omne
541 1677 831 1732 revertenti
866 1687 1109 1747 reparata
1141 1676 1197 1731 in
1227 1676 1464 1733 membra
1493 1676 1706 1733 redibit.
1776 1668 1825 1729 Β
1856 1674 1994 1731 1085
2031 1675 2317 1745 Despuite;
2339 1689 2633 1748 exsurgens
2652 1690 2759 1747 quo
2783 1674 3029 1732 Christus
3050 1673 3430 1743 provocat,ite.

1464 1869 1756 1929 GLOSSE
1796 1870 2135 1929 VETERES.

239 2072 381 2127 1064.
414 2072 662 2135 Veniam,
683 2086 967 2142 resurgam,
997 2070 1036 2142 1.

238 2144 383 2199 1072.
418 2143 625 2207 Hausit,
660 2141 989 2212 consumpsit,
1010 2141 1059 2212 il.

238 2212 380 2267 1075.
411 2214 583 2281 Edax,
608 2211 1261 2282 consumens.—Velerno,
1290 2215 1487 2282 morbo,
1520 2215 1562 2269 1.

238 2282 375 2339 1075.
411 2283 585 2349 Victa,
632 2300 663 2336 a
703 2281 922 2338 Christo.
946 2282 1265 2350 -—Fraude,
1308 2302 1371 2340 ne
1408 2287 1606 2357 [aretur
1633 2286 1735 2341 ali-

1848 2078 1997 2146 quid,
2027 2076 2069 2131 l.

1919 2146 2077 2202 1076.
2110 2146 2353 2212 Curtum,
2380 2147 2561 2211 debile,
2586 2146 2689 2203 lso.

1919 2216 2078 2273 1085.
2109 2216 2363 2283 Minaces,
2392 2219 2512 2287 quia
2541 2220 2704 2273 solent
2724 2225 2935 2273 mortem
2963 2218 3167 2286 minari,
3201 2217 3305 2274 lso.

1500 2480 2065 2542 COMMENTARIUS.

234 2678 379 2735 1066.
408 2678 665 2733 Ostendit
694 2686 872 2747 poeta,
902 2678 1351 2734 resurrectionem
1384 2679 1561 2735 carnis
1592 2680 1732 2735 futu-

176 2763 273 2820 ram
304 2750 353 2803 in
383 2750 579 2805 eodem
606 2751 824 2803 omnino
850 2762 1074 2818 corpore
1096 2792 1109 2813 ,
1147 2749 1213 2820 in
1242 2764 1346 2820 quo
1386 2749 1549 2805 homo
1576 2750 1726 2805 vixit.

176 2817 233 2873 Ut
262 2822 391 2873 enim
430 2819 670 2875 traditur
709 2821 759 2873 in
802 2817 1025 2874 concilio
1063 2817 1323 2875 Toletano
1354 2837 1459 2886 xvt,
1489 2820 1734 2876 Christus

172 2892 377 2963 ejusdem
400 2892 599 2963 carnis,
628 2907 727 2961 qua
750 2892 1074 2963 occubuerat,
1104 2892 1312 2963 veritate
1329 2900 1589 2963 resumpta
1616 2908 1734 2946 sur-

175 2961 318 3025 rexit,
344 2962 652 3031 exemplum
676 2961 829 3016 nobis
857 2975 948 3014 sua
974 2962 1366 3017 resurrectione
1395 2961 1727 3031 impendens,

1842 2684 2043 2751 proleg.
2086 2681 2379 2751 Spiegelius
2417 2680 2716 2734 Comment.
2763 2680 2946 2751 hymn.
2995 2679 3249 2751 Cathem._
3272 2682 3429 2751 Omni

1844 2749 1969 2805 hora
1998 2753 2061 2805 ad
2089 2749 2234 2807 vers;
2258 2752 2345 2813 94,
2370 2751 2481 2814 Quo
2510 2752 2647 2818 gravi
2678 2749 3126 2819 carmine,inquit,
3148 2760 3192 2803 et
3216 2749 3429 2814 Christi,

1843 2830 1890 2876 et
1912 2824 2079 2879 carnis
2110 2823 2349 2875 humana:
2378 2821 2791 2873 resurrectionem
2824 2820 3139 2874 Prudentius
3165 2823 3429 2884 confessus

1840 2903 1933 2946 est.
1970 2892 2227 2947 Enmdcm
2267 2892 2438 2946 locum
2486 2906 2513 2943 a
2558 2890 2728 2943 Fabro
2755 2891 2857 2944 sub
2899 2892 3111 2945 nomine
3156 2893 3427 2959 cujusdam

1838 2974 2129 3018 sanctorum
2170 2963 2222 3016 in
2255 2963 2426 3029 primo
2466 2961 2530 3014 ad
2572 2959 2794 3013 Paulum
2841 2961 3229 3015 commentario
3262 2962 3429 3015 advo-

177 3039 223 3082 ut
257 3023 573 3096 credamus,
622 3046 721 3086 nos
760 3032 916 3086 etiam
961 3043 1358 3087 resurrecturus
1404 3023 1732 3087 in'veridicw
1761 3023 1805 3086 C
1839 3035 1947 3087 cari
1968 3033 2106 3089 idem
2125 3023 2421 3103 Spiegelius
2444 3029 3179 3103 monet.Veramapo_theosin
3200 3033 3423 3103 Christi,

178 3104 321 3155 carnis
351 3103 657 3168 substantia,
690 3106 739 3156 in
765 3119 866 3173 qua
895 3119 1029 3155 nunc
1053 3119 1227 3155 sumus
1258 3113 1301 3157 et
1331 3104 1562 3158 vivimus.
1616 3104 1733 3157 lna-

178 3184 301 3235 nem,
329 3181 381 3227 et
406 3174 717 3228 damnatam
745 3173 1091 3228 subtilitatem
1127 3174 1478 3241 quorumdam
1508 3174 1574 3228 de
1603 3188 1729 3228 vera

177 3246 571 3307 resurrectione,
605 3244 811 3299 etiamsi
851 3258 1046 3313 corpus
1074 3242 1215 3299 idem
1254 3258 1478 3307 numero
1509 3259 1612 3299 non
1642 3246 1730 3311 sit,

178 3322 579 3369 contemnamus.

236 3381 381 3455 1069.
410 3386 563 3453 Ald.,
612 3383 731 3439 Vat.
762 3384 830 3452 ρ,
874 3385 1006 3439 Mar.
1045 3399 1077 3440 ι
1109 3386 1280 3455 prima
1321 3398 1502 3453 manu,
1544 3384 1729 3441 Cham.

176 3452 313 3515 male,
340 3452 589 3509 removet.

239 3523 379 3596 1076.
422 3526 618 3591 Aldus,
666 3525 887 3596 voravit,-
926 3525 1115 3580 melius
1160 3525 1279 3593 alii,
1322 3528 1531 3580 vorarit.
1577 3526 1730 3596 Prag.

175 3592 312 3664 male,
339 3596 595 3660 forarent,
623 3596 707 3649 vel
733 3595 941 3664 [οταν-ει.

234 3663 377 3719 1078.
408 3666 619 3731 Gisel.,
652 3663 780 3730 erit;
802 3666 1004 3734 caeteri,
1032 3674 1160 3720 erat.
1199 3667 1361 3736 Bong.
1393 3677 1447 3722 et
1480 3675 1733 3736 praestan-

175 3732 317 3805 tiores
346 3736 642 3799 Heinsiani,
674 3736 875 3791 reddat.
917 3732 1108 3802 Palat”
1148 3732 1337 3792 reddit:
1371 3732 1518 3804 Aldl,
1542 3736 1729 3805 Weit.,

176 3798 293 3869 Gis.,
312 3807 483 3871 Alex.,
514 3798 648 3862 Urb.
682 3815 736 3862 et
757 3807 842 3861 alii
866 3810 1052 3873 nostri,
1078 3798 1271 3861 reddet.

238 3872 375 3930 1079.
410 3878 533 3931 ΑΙόί
564 3891 716 3932 error
752 3879 1105 3946 quodcunque.
1149 3878 1329 3933 Heins.
1362 3890 1414 3934 et
1445 3878 1533 3934 alii
1566 3881 1733 3934 inter-

175 3953 387 4065 gt'tnigunt
427 3948 720 4015 sorbuerat,
761 3964 1055 4018 quocunque
1097 3951 1267 4003 modo.
1306 3951 1406 4006 Alii
1438 3950 1647 4015 melius,
1680 3960 1735 4005 ut

234 4028 243 4062 ι
283 4033 315 4065 ι.

172 4026 315 4067 etllﬂl.

236 4082 375 4139 1081.
405 4090 560 4157 Ald.,
594 4089 866 4154 mendose,
895 4106 1003 4142 meo
1032 4105 1129 4158 pro
1161 4108 1289 4143 mea.
1316 4092 1550 4157 Thuan.,
1581 4107 1732 4144 mem-

178 4148 269 4216 δη,
295 4160 475 4213 credite
502 4148 628 4214 sine
656 4168 722 4225 et,
754 4148 893 4229 quod
918 4148 1086 4213 metro
1112 4176 1216 4214 non
1242 4161 1515 4215 adversari
1539 4148 1647 4216 dixi
1678 4162 1730 4215 in

1837 3105 1953 3159 sive
1975 3101 2363 3159 deiticationem
2396 3101 2628 3155 hominis
2655 3102 2925 3155 concludit
2957 3101 3300 3171 Prudentius,
3334 3116 3428 3157 ex-

1878 3178 2010 3229 osita
2055 3174 2479 3234 resurrectione,
2520 3186 2622 3240 qua
2659 3171 2937 3237 Christus,
2981 3187 3141 3225 verus
3194 3173 3332 3226 Deus
3375 3184 3429 3227 et

1878 3191 2010 3229 08|la
2055 3191 2449 3229 resurrecuonc
2466 3213 2479 3234 ,
2520 3191 2622 3240 qua
2659 3191 2904 3226 blll‘ISlus
2923 3214 2937 3237 ,
2981 3191 3141 3225 verus
3194 3191 3332 3226 υθυε
3375 3191 3429 3227 ει

1836 3191 2021 3312 Βοωο,
2042 3247 2355 3314 resurrexit,
2379 3250 2433 3298 et
2453 3243 2697 3297 homines
2720 3257 2901 3298 secum
2926 3252 3268 3310 resurgentes
3290 3243 3429 3299 caelo

1846 3316 2071 3371 invehit.

1911 3386 2071 3443 1081.
2101 3386 2292 3456 Bong.,
2324 3394 2370 3439 et
2395 3392 2548 3456 atra;
2590 3383 2701 3456 alii,
2738 3392 2887 3439 tetra.
2928 3382 3005 3437 Ex
3036 3383 3195 3456 editis
3227 3393 3429 3439 tantum

1838 3456 1945 3511 vidi
1970 3454 2279 3524 Cellarium,
2317 3455 2406 3525 qui
2438 3454 2668 3509 tenuerit
2703 3466 2749 3508 et
2783 3463 2917 3525 atra,
2949 3463 3003 3507 et
3036 3454 3277 3525 Teolium
3308 3465 3429 3524 post

1838 3528 2150 3589 Cellarium,
2178 3523 2420 3596 quamvis
2451 3525 2667 3579 Teolius
2692 3540 2759 3580 ex
2797 3524 2941 3579 Vatt.
2964 3523 3137 3596 codd.
3169 3523 3425 3596 nihilno-

1841 3599 2052 3653 taverit.
2087 3593 2320 3666 Uterque
2349 3595 2567 3650 Heinsio
2592 3596 2868 3649 adhaerere
2897 3595 3101 3666 solent;
3130 3594 3225 3647 sed
3250 3593 3347 3649 hac
3369 3594 3425 3649 in

1840 3683 1899 3723 re
1924 3669 2168 3723 Heinsius
2195 3665 2315 3722 cum
2348 3668 2556 3721 caeteris
2600 3666 2787 3729 sensit,
2821 3679 2993 3733 neque
3022 3665 3184 3718 ullam
3210 3667 3425 3717 varian-

1842 3746 1948 3795 tem
1988 3738 2271 3793 lectionem
2312 3735 2634 3793 observavit.
2667 3734 2782 3789 Non
2813 3733 3018 3799 dubito,
3058 3735 3186 3803 quin
3235 3748 3422 3789 verum

1840 3810 1909 3863 sit
1940 3818 2090 3863 tetra.
2301 3805 2314 3818 ’

1913 3879 2068 3935 1085.
2108 3878 2300 3942 Oxon.,
2340 3877 2600 3948 despicite.
2644 3874 2718 3929 lta
2763 3875 2949 3948 Urbin.
2986 3874 3108 3948 Alii,
3149 3873 3422 3948 despuite;

1839 3950 1933 4005 sed
1966 3950 2107 4011 Put.,
2138 3950 2290 4003 Alex.
2329 3957 2383 4002 et
2409 3943 2680 4002 veterrimi
2714 3947 2951 4000 scribunt
2991 3945 3230 4013 dispuite.
3272 3943 3422 4008 Ald.,

1840 4030 1889 4075 et
1917 4037 2149 4090 surgens.
2181 4019 2235 4073 In
2265 4018 2402 4090 Ἶρι.
2423 4019 2503 4090 A,
2535 4015 2677 4070 Finit
2706 4016 3117 4090 ApotheosisLid
3160 4024 3243 4090 est
3277 4015 3427 4090 deiﬁ-

1840 4080 2071 4144 catiofln
2103 4091 2255 4154 Man,
2284 4088 2424 4143 Finit
2450 4080 2570 4142 liber
2598 4080 2914 4158 Apotheosis.
2943 4086 2996 4140 In
3019 4085 3170 4151 Urb.,
3199 4080 3428 4155 Explicit

1843 4170 2019 4215 contra
2042 4160 2375 4215 Manichazos.

1663 5159 1923 5212 πίεν
1942 5178 2170 5185 ----*-
2180 5176 2422 5185 α’*
