3950 6326
214 387 353 447 1009

384 499 645 555 Perversa
682 498 887 564 nigram
915 505 1033 551 vota
1063 496 1267 564 culpam
1305 498 1580 551 traxerint.

389 593 577 645 Armat
606 588 799 643 deinde
824 587 1188 656 parricidalem
1218 602 1431 640 manum

240 685 310 742 15
387 684 593 746 Frater,
620 683 856 753 probata:
892 680 1188 735 sanetitatis
1220 680 1478 744 aemulus;

387 779 651 834 Germana
675 792 839 831 curvo
864 775 998 830 colla
1032 775 1227 843 frangit
1258 790 1282 827 s
1302 775 1470 829 trculo
1492 816 1505 839 ,

386 870 637 925 Mundum
670 877 935 923 recentem
962 866 1109 922 czede
1138 866 1291 937 tingit
1320 866 1516 936 impia,

385 964 517 1018 Sero
543 962 887 1031 expiandum,
926 960 1038 1029 jam
1065 968 1457 1022 senescentem,
1488 972 1643 1014 sacro

383 1056 583 1109 Cruore
609 1053 807 1108 Christi
836 1068 943 1122 quo
978 1061 1285 1121 peremptor
1310 1051 1562 1107 concidit.

230 1148 305 1202 20
384 1148 526 1201 Mors
556 1147 722 1215 prima
752 1146 914 1213 coepit
942 1145 1242 1199 innocentis
1279 1145 1521 1209 vulnere,

378 1240 554 1294 Cessit
575 1239 764 1293 deinde
796 1240 1070 1292 vulnerato
1100 1237 1339 1291 innoxio.

380 1333 481 1387 Per
510 1334 709 1386 crimen
742 1347 788 1383 οι
806 1338 877 1397 ta,
912 1330 1165 1384 dissoluta
1205 1338 1285 1383 est
1310 1329 1565 1393 crimine;

380 1425 511 1478 Abel
531 1422 670 1493 ψιυά
701 1432 824 1477 ante
849 1421 1095 1491 perculit,
1119 1420 1391 1474 Christum
1429 1416 1645 1487 dehinc,

380 1514 546 1568 Finita
577 1524 629 1568 et
659 1514 769 1581 ipsa
799 1522 899 1580 est,
936 1512 1053 1565 linis
1082 1520 1320 1565 exortem
1347 1522 1557 1579 petens.

228 1605 302 1659 23
382 1606 521 1677 Ergo
548 1621 613 1659 ex
644 1604 833 1658 futuris
865 1603 1034 1671 prisca
1064 1601 1227 1671 coepit
1264 1602 1465 1667 fabula,

381 1697 648 1765 Factoque
680 1695 853 1764 primo
883 1709 970 1749 res
1002 1703 1179 1747 notata
1206 1703 1288 1748 est
1316 1693 1522 1758 ultima,

378 1783 453 1843 Ut
486 1790 573 1843 ille
603 1788 787 1842 mortis
810 1787 1090 1840 inchoator
1113 1786 1349 1840 rusticus

373 1879 531 1950 [‘97
564 1877 765 1933 insulsa
796 1886 950 1932 terra:
975 1876 1222 1931 deferens
1244 1875 1515 1939 libamina,

1351 381 1893 439 llAMARTlGENl/E
1934 382 2317 437 PREFATIO.

1810 506 1857 560 Α

3326 382 3463 443 1010

2068 480 2335 565 Deumque
2368 510 2543 549 rerum
2573 503 2901 549 mortuarum
2933 492 3215 565 deputans,

1927 588 1995 643 50
2068 590 2273 642 Raslris
2300 590 2507 642 redacta
2539 590 2695 659 digna
2722 588 2887 642 sacris
2911 587 3175 652 crederet,

2028 682 2035 689 “
2068 681 2304 733 Viventis
2334 691 2483 733 atrox
2516 681 2794 733 a‘tnttlator
2822 680 3029 732 hostiae.

2062 772 2307 839 Agnosco
2341 786 2549 838 nempe,
2584 786 2739 841 quem
2773 770 2936 837 figura
2963 771 3076 824 htec
3100 769 3353 837 denotet,

2065 862 2195 927 Quis
2219 862 2511 928 fratricida,
2545 863 2661 930 quis
2694 871 2999 931 peremptor
3021 862 3233 918 invidus

2068 955 2234 1010 Pravo
2260 970 2533 1009 sacrorum
2558 954 2895 1022 disciplinam
2916 954 3139 1022 dividat,

1922 1047 1992 1103 55
2064 1048 2297 1101 Mactare
2327 1048 2448 1101 dum
2473 1063 2531 1101 se
2562 1055 2682 1100 vota
2713 1055 2897 1101 censet
2925 1047 3146 1103 rectius.

2062 1142 2317 1207 Marcion,
2343 1144 2455 1196 arvi
2485 1143 2650 1197 forma
2675 1143 3087 1212 corruptissimi,

2061 1238 2241 1301 Docet,
2281 1236 2459 1290 Duitas
2485 1237 2789 1305 discrepare
2814 1251 2842 1288 a
2874 1236 3084 1305 spiritu,

2060 1326 2224 1398 498
2252 1328 2633 1381 Containinatte
2658 1327 2795 1380 dona
2818 1328 2997 1381 carnis
3024 1328 3278 1395 oll'erens,

2066 1419 2129 1472 Et
2156 1420 2467 1487 segregatim
2501 1434 2694 1473 numen
2726 1428 2982 1474 aeternum
3007 1420 3212 1474 colens.

1917 1514 1986 1570 40
2058 1514 2157 1579 Qui
2198 1515 2242 1567 si
2274 1514 2537 1582 quiescat,
2570 1528 2669 1567 nec
2696 1523 3002 1568 monentem
3033 1514 3282 1583 negligat,

2057 1605 2247 1659 Pacem
2290 1606 2525 1675 quietam
2557 1606 2741 1674 diligat
2764 1606 3108 1675 germanitas,

2059 1696 2254 1761 Unum,
2290 1707 2447 1765 atque
2471 1697 2646 1750 vivum
2674 1696 2814 1751 fassa
2852 1697 3092 1751 vivorum
3125 1696 3312 1751 Deum.

2060 1788 2155 1841 llic
2182 1803 2239 1841 se
2265 1786 2468 1841 caduco
2491 1786 2746 1840 dedicans
2787 1785 3064 1856 mysterio,

2053 1877 2325 1932 Summam
2356 1876 2612 1946 profanus
2637 1876 2827 1931 dividit
2853 1876 3202 1932 substantiam
3220 1916 3235 1943 ,

1482 1966 1769 2024 GLOSSA‘J
1812 1970 2152 2026 VETERES.

268 2064 352 2119 15.
386 2062 685 2127 Traxerint,
718 2060 936 2127 trahent,
971 2061 1201 2124 trahunt,
1236 2063 1275 2115 I.

268 2136 357 2190 15.
404 2134 666 2198 Probitas,
709 2130 950 2185 laudata.
984 2160 1055 2171 —
1080 2130 1349 2199 Emulus,
1381 2132 1649 2197 inimicus,
1682 2133 1765 2187 in-

192 2207 361 2267 vidus,
394 2206 433 2257 Ι.

266 2278 352 2329 17.
378 2275 577 2343 Tingit,
609 2274 832 2342 fwdavit,
862 2275 938 2327 vel
968 2274 1173 2340 polluit,
1206 2273 1246 2327 1.

266 2347 354 2399 18.
391 2342 743 2412 Expiaudnm,
764 2346 931 2407 ipsum
955 2344 1222 2407 mundum,
1251 2342 1289 2396 Ι.

265 2416 352 2469 t9.
387 2415 715 2483 Peremptor,
743 2414 998 2477 diabolus,
1022 2413 1089 2476 l.,
1113 2413 1236 2466 Rat.

261 2485 354 2538 2t.
396 2482 590 2547 Cessit,
621 2485 748 2537 victa
770 2492 860 2535 est.
885 2513 953 2523 —
982 2484 1224 2547 lnnoxio,
1247 2482 1468 2546 Christo,
1496 2482 1535 2537 Ι.

264 2556 353 2607 22.
404 2555 654 2618 Crimen,
702 2552 850 2607 Cain.
892 2582 961 2594 —
1008 2553 1282 2619 Crimine,
1326 2551 1662 2620 Iudaeorum,
1704 2555 1759 2608 in

199 2624 404 2681 Christo
428 2625 565 2691 facta
594 2625 669 2677 rel
697 2633 999 2693 perpetrato,
1023 2623 1127 2679 lso.

259 2697 348 2748 2i.
387 2694 524 2761 Ipsa.
548 2711 703 2759 mors,
740 2694 776 2747 Ι.

259 2766 349 2820 25.
378 2765 596 2831 Fabula,
629 2764 873 2829 narratio,
900 2764 939 2817 l.

1798 2065 1846 2126 Β

1945 2063 2031 2119 26.
2062 2064 2352 2132 Factoque,
2390 2080 2539 2133 opere
2560 2063 2717 2127 malo,
2751 2064 2790 2117 l.

1944 2135 2036 2189 27.
2068 2135 2337 2197 Rusticus,
2366 2132 2612 2202 agricola,
2644 2135 2697 2187 id
2720 2144 2793 2188 est
2820 2132 2969 2198 Cain,
2996 2132 3033 2187 Ι.

1943 2206 2035 2260 28.
2062 2205 2288 2271 lnsulsa,
2324 2206 2531 2271 rustica,
2563 2206 2602 2258 Ι.

1946 2274 2035 2329 50.
2067 2275 2326 2341 Redacla,
2354 2275 2605 2339 laborata,
2636 2275 2675 2329 l.

1946 2347 2036 2398 51.
2079 2346 2403 2409 ιλΕηιυΙτδιοτ,
2437 2346 2694 2410 inimicus,
2729 2344 2769 2397 Ι.

1943 2412 2032 2467 56.
2065 2417 2212 2480 Arui,
2240 2416 2580 2483 pinguedinis,
2616 2416 2668 2467 id
2694 2423 2790 2476 est,
2825 2414 3049 2483 hwrcsis,
3082 2414 3203 2471 Rat.

1946 2483 2032 2537 57.
2065 2482 2262 2547 Duitas,
2296 2482 2589 2551 duplicitas,
2612 2485 2672 2549 l.,
2695 2485 2810 2537 Vat.
2836 2483 2898 2537 T.
2920 2482 3309 2554 Duplicatos,ttt
3325 2488 3451 2543 alter

1866 2564 1993 2608 esset
2020 2555 2156 2609 Deus
2184 2556 2389 2615 animw,
2420 2563 2465 2606 et
2494 2556 2627 2607 alter
2657 2555 2905 2623 corporis,
2936 2553 3091 2623 Prag.

1945 2624 2033 2678 40.
2066 2626 2187 2690 Qui,
2224 2624 2482 2678 Marcion.
2515 2656 2581 2663 ——
2606 2624 2931 2690 Munentem,
2965 2641 3063 2691 me,
3088 2626 3123 2679 Ι.

1942 2694 2030 2765 42.
2060 2696 2247 2759 Fossa,
2278 2696 2533 2765 confessa,
2557 2696 2631 2748 rel
2657 2696 2924 2763 conﬁtens,
2959 2694 2997 2747 l.

1939 2764 2028 2819 45.
2054 2766 2289 2831 Caduco,
2328 2766 2485 2831 malo,
2518 2764 2559 2819 Ι.

1535 2851 2090 2910 COMMENTARIUS.

196 2960 337 3004 tasse
388 2947 579 3003 melior
606 2958 689 3003 est
735 2947 894 3000 lectio
922 2946 1091 3013 Wid.,
1127 2956 1285 3001 certa.
1308 2945 1429 3001 Sive
1458 2957 1621 3011 recta,
1655 2948 1768 3003 sive

195 3030 329 3073 certa
364 3021 661 3081 scribatur,
703 3017 1013 3083 intelligitur
1052 3018 1160 3086 lege
1202 3027 1338 3069 certa
1378 3032 1471 3071 seu
1514 3028 1680 3083 recta,
1717 3018 1768 3073 in

194 3091 446 3144 ablativo.
512 3090 733 3142 Notatur
779 3087 1046 3141 :emulatio
1102 3102 1201 3155 qua
1258 3086 1384 3140 Cain
1444 3087 1651 3141 diversa
1701 3088 1768 3143 ab

194 3161 362 3215 Abele
387 3175 603 3213 munera
640 3157 916 3212 oﬁ'erebat.
954 3157 1104 3210 Recte
1131 3157 1324 3210 olferre
1369 3157 1766 3225 intelligendum

196 3242 294 3293 est,
342 3232 559 3283 secluso
589 3242 842 3297 perverso
882 3237 1026 3294 voto,
1073 3239 1125 3281 et
1152 3228 1294 3295 quod
1323 3227 1515 3281 attinet
1544 3229 1607 3281 ad
1638 3229 1768 3283 alias

195 3301 441 3354 sacrificii
487 3303 647 3366 leges.

265 3351 899 3433 irb.vaota‘irBrowerus,
934 3367 1247 3423 Venantium
1291 3368 1662 3432 Fortunatum,
1709 3379 1767 3424 ut
1796 3351 1843 3413 ί)
1879 3351 2233 3426 ῘΙέὲῖιξείξι-ιῖἱᾚί
2256 3351 2446 3427 ῗξιῖ.Ἀ

197 3441 317 3494 alibi
359 3456 464 3493 non
504 3454 646 3503 raro,
679 3441 756 3493 sic
804 3440 963 3491 etiam
989 3439 1123 3505 eleg.
1158 3440 1213 3504 2,
1249 3439 1337 3491 lib.
1385 3454 1456 3501 Ix,
1498 3439 1769 3492 Prudentii

199 3510 419 3579 vestigia
474 3511 769 3577 pressisse,
830 3508 968 3579 quod
1013 3510 1253 3563 docuerit
1296 3508 1517 3579 Abelem
1564 3511 1774 3579 sarculo

195 3578 361 3634 fuisse
390 3583 736 3635 exstinctum.
770 3578 869 3631 Alii
902 3578 1004 3631 alio
1050 3579 1208 3632 modo
1250 3578 1482 3631 occisum
1522 3578 1769 3641 tradunt,

196 3650 311 3705 sive
340 3650 541 3714 gladio,
564 3651 677 3702 sive
706 3648 859 3712 falce,
890 3648 1003 3701 sive
1026 3647 1186 3710 ferro,
1213 3648 1325 3701 sive
1352 3648 1637 3715 lapidibus,
1663 3649 1775 3703 sive

197 3722 467 3783 manibus,
500 3726 611 3774 sive
635 3718 920 3772 morsibus.
953 3718 1080 3782 Qua:
1102 3719 1279 3772 omnia
1314 3732 1432 3769 cum
1462 3720 1771 3784 conjectura

198 3790 373 3843 solum
409 3790 727 3854 probentur,
763 3802 867 3841 non
901 3797 1100 3842 temere
1128 3796 1279 3855 poeta
1311 3788 1520 3840 sarculo
1568 3787 1771 3841 exstin-

198 3871 337 3913 ctum
387 3860 535 3921 dicit,
567 3876 672 3928 quo
698 3858 1050 3911 instrumento
1082 3856 1431 3928 agricultores
1464 3858 1529 3909 ad
1579 3857 1771 3911 herbas

199 3931 414 3983 inutiles
445 3926 755 3983 evellendas
782 3935 1019 3981 utuntur.
1048 3928 1267 3981 Abelem
1299 3942 1326 3979 a
1350 3926 1515 3979 Caino
1537 3928 1770 3981 Occisum

202 4000 383 4065 plures
412 4003 632 4066 pictura:
656 3999 704 4051 in
733 3998 1057 4051 cmmeteriis
1082 4007 1319 4050 veterum
1348 3996 1769 4050 Christianorum

200 4072 473 4124 exhibent.
538 4069 668 4123 Vide
726 4069 796 4122 cl.
866 4068 1220 4122 Mamachiutn
1284 4077 1413 4122 tom.
1475 4068 1519 4120 ll
1589 4069 1767 4134 Antiq.

202 4140 419 4203 Christ.,
445 4155 564 4207 pag.
590 4141 678 4193 50.

270 4211 355 4265 19.
396 4211 516 4263 Vat.
548 4215 613 4270 A,
646 4209 819 4263 minus
842 4208 1003 4272 bene,
1037 4216 1314 4278 perempto.
1375 4277 1392 4278 ί
1455 4277 1459 4278 ί
1597 4253 1611 4266 .

267 4279 356 4334 20.
390 4280 513 4332 Vat.
565 4282 629 4342 A,
677 4279 855 4347 Egm.,
887 4277 1044 4332 Torr.
1090 4294 1246 4341 unus,
1280 4288 1331 4329 et
1372 4277 1487 4330 Pal.
1531 4292 1557 4327 a
1601 4277 1770 4345 prima

201 4364 379 4416 manu,
421 4366 567 4413 sors;
596 4352 680 4402 alii
710 4365 866 4401 mors.
902 4349 1091 4416 Bong.,
1124 4348 1362 4412 vulneris,
1395 4347 1553 4400 male.

270 4422 355 4475 2i.
390 4422 582 4488 Scripti
637 4431 689 4473 et
720 4419 847 4472 editi
897 4419 1039 4481 libri,
1083 4418 1249 4471 cessit.
1292 4418 1442 4485 Apud
1488 4416 1767 4471 Wcitzium

202 4491 269 4545 Μ.
304 4493 459 4553 lterg.
487 4491 611 4556 legit
639 4500 818 4541 cessat.
851 4490 1035 4543 Melius
1068 4498 1150 4541 est
1179 4488 1344 4541 cessit.

266 4562 354 4614 24.
402 4564 629 4622 Bonon.,
663 4560 863 4626 ﬁnitet,
899 4574 1196 4626 perperam.

265 4634 358 4685 26.
392 4630 549 4695 Man,
577 4630 709 4696 facta
733 4629 897 4697 primo
919 4638 1101 4681 contra
1132 4637 1378 4681 metrum.

264 4704 355 4756 5t.
383 4695 611 4759 Bonum,
655 4695 971 4760 immolator,
1009 4699 1144 4751 male
1175 4715 1186 4748 :
1219 4713 1337 4750 nam
1369 4696 1495 4749 Cain
1536 4712 1637 4751 non
1670 4695 1766 4749 fuit

201 4772 504 4825 immolator
530 4770 715 4822 hostiae
764 4769 1007 4831 viventis,
1040 4770 1131 4821 sed
1176 4768 1470 4821 aemulator.
1520 4767 1607 4819 Ait
1636 4766 1768 4819 Pru-

200 4843 429 4903 dentius,
473 4841 571 4892 hac
618 4838 919 4891 narratione
950 4838 1015 4891 de
1056 4839 1241 4900 Caino,
1284 4839 1369 4902 qui
1401 4839 1627 4890 victima:
1664 4837 1767 4890 fra-

199 4922 361 4966 terna:
390 4910 649 4972 :ernulus,
682 4908 892 4961 fratrem
927 4918 1094 4960 morti:
1147 4908 1351 4970 allecit,
1384 4907 1624 4960 den0tari
1654 4923 1764 4960 rem

198 4982 466 5044 futuram;
500 4995 653 5048 quam
677 4980 698 5031 '3
722 4978 997 5030 Marcionis
1028 4978 1291 5040 lta'resim,
1318 4978 1405 5043 qui
1434 4978 1764 5044 disciplinam

198 5067 468 5106 sacrorum
495 5064 744 5117 perverse
776 5049 973 5108 divisit,
1002 5056 1053 5117 et
1081 5061 1275 5099 numen
1300 5056 1553 5117 ajternutn
1590 5050 1639 5097 in
1663 5049 1767 5099 duo

198 5122 516 5192 segregavit.
545 5120 660 5192 Cur_
682 5118 996 5192 autem,_qui
1029 5116 1194 5192 Deum
1240 5116 1448 5192 inditus
1483 5116 1723 5192 dividunt
1747 5160 1761 5180 ,

197 5185 378 5245 initae
407 5200 520 5244 toto
550 5188 784 5256 prologo,
809 5196 863 5240 et
890 5188 937 5238 itt
965 5190 1133 5250 primo
1156 5186 1401 5239 carminis
1422 5201 1573 5237 versu
1601 5185 1764 5239 Caino

197 5270 603 5329 comparentur,
641 5274 743 5309 non
776 5258 901 5329 satis
944 5256 1221 5329 capticant
1249 5257 1581 5319 interpretes.
1630 5257 1762 5329 lim.

196 5324 405 5386 dandus
425 5340 519 5383 aut
550 5327 739 5380 littera:
766 5327 1019 5380 versionis
1045 5324 1183 5379 LXX
1210 5325 1554 5390 interpretum
1583 5326 1764 5378 adhae-

198 5403 282 5465 sit,
308 5402 449 5469 quod
482 5398 615 5453 Cain
645 5411 748 5448 non
774 5405 913 5469 recte
935 5396 1191 5469 diviserit,
1226 5405 1315 5448 aut
1345 5397 1514 5469 solum
1548 5394 1765 5469 divisio-

198 5465 652 5526 nem'etscbisnia
682 5468 915 5519 omnium
941 5467 1309 5519 haereticorum
1337 5465 1602 5531 pr0ptiutn
1628 5465 1765 5518 Mar-

198 5543 407 5594 cionitis
446 5539 655 5607 objicit.
699 5535 955 5589 Lauretus
1005 5537 1056 5589 in
1090 5535 1231 5589 Silva
1284 5535 1651 5607 aIIt-goriarum
1699 5550 1763 5607 ex

200 5611 292 5665 SS.
335 5606 582 5663 l’atribus
610 5607 841 5659 ostendit
880 5606 1100 5659 Cainum
1134 5619 1251 5659 esse
1288 5606 1505 5673 ligurum
1544 5606 1766 5670 peccati,

202 5681 526 5747 peccatoris,
579 5676 909 5738 Jatlzeorunt,
959 5676 1136 5747 pop-ili
1193 5675 1765 5747 lta'retieorum,_alius

202 5743 478 5805 haereticos
507 5749 841 5819 generantis,
873 5747 1021 5819 pravi
1060 5746 1355 5819 dogmatis,
1389 5746 1451 5819 et
1472 5743 1617 5819 prmi
1646 5759 1767 5819 sen-

201 5836 304 5873 sus.
330 5823 382 5875 S.
417 5814 759 5880 Ambrosius,
789 5818 840 5869 in
873 5815 964 5870 lib.
998 5816 1104 5869 ldo
1146 5814 1273 5870 Cain
1303 5826 1351 5869 et
1381 5815 1531 5879 Abel,
1567 5828 1684 5883 cap.
1715 5814 1763 5879 ί,

1874 2949 2005 3002 duas
2034 2958 2204 3005 sectas
2232 2952 2551 3011 considerat.
2595 2953 2693 3006 sub
2722 2952 2946 3005 duorum
2980 2952 3199 3006 fratrum
3234 2953 3449 3011 nomine

1873 3019 2101 3091 invicem
2152 3033 2505 3091 repugnantes
2533 3033 2584 3075 et
2616 3024 2912 3076 contrarias
2957 3022 3077 3075 sibi.
3129 3023 3277 3077 llunc
3321 3026 3449 3078 Atu-

1872 3089 2041 3144 brosii
2074 3091 2245 3144 locum
2279 3089 2537 3146 imitatum
2574 3093 2914 3146 Prudentium
2960 3100 3105 3161 puto.

1945 3160 2035 3214 '52.
2068 3162 2213 3226 Ald.,
2245 3179 2375 3229 qutr.
2410 3163 2594 3216 Melius
2636 3164 2837 3225 caeteri,
2867 3160 3035 3229 quem.

1944 3232 2035 3286 55.
2072 3234 2246 3295 Alex.,
2284 3234 2429 3295 Ald.,
2461 3233 2595 3294 Gis.,
2642 3233 2792 3295 Faln,
2823 3232 3020 3285 Widm.
3064 3247 3243 3298 supra,
3276 3233 3449 3300 fratri-

1873 3301 2012 3355 cida.
2064 3302 2217 3365 Man,
2249 3302 2401 3367 Urb.,
2450 3302 2630 3369 Prag.,
2675 3301 2887 3366 \Veitz.,
2935 3301 3106 3365 Sich.,
3164 3304 3444 3369 parricida.

2460 3414 2471 3434 ,
2485 3372 2790 3491 ([ratricida,
2824 3372 2961 3440 quod
2991 3373 3157 3440 magis
3188 3375 3379 3437 placet.

2508 3443 2620 3491 ιίς.-
2671 3443 2871 3491 ditidit.
2926 3441 3217 3491 Heinsrani.
3264 3444 3379 3491 Alea

1951 3440 2036 3493 5i.
2074 3442 2226 3504 Fab.,
2266 3444 2453 3509 Bnng.,
2485 3440 2620 3505 Gis.,
2671 3443 2871 3496 ditidit.
2926 3441 3217 3505 Heinstani,
3264 3444 3444 3507 AleL.

1881 3509 2010 3564 Urb.
2043 3521 2091 3563 et
2125 3512 2311 3569 nostri,
2344 3512 2431 3563 alii
2460 3512 2669 3572 dividat,
2704 3522 2757 3564 ut
2786 3527 2942 3576 supra
2970 3512 3187 3564 denotet.

1948 3581 2033 3633 56.
2064 3580 2185 3633 Ald.
2218 3592 2270 3633 et
2301 3580 2456 3643 Urb.,
2490 3582 2763 3645 mendose,
2784 3583 2894 3633 Arii
2924 3598 3019 3647 pro
3044 3582 3177 3633 arui.
3222 3580 3444 3635 Marcio-

1878 3666 1998 3702 nem
2048 3651 2463 3716 corruptissimis
2526 3651 2758 3704 moribus
2809 3652 2971 3702 fuisse
3035 3651 3281 3702 traditum
3340 3660 3442 3705 est.

1876 3718 2269 3772 Chamillardus
2317 3719 2499 3786 objicit
2548 3730 2744 3785 poetae,
2795 3719 2933 3784 quod
2993 3720 3337 3785 penultimam
3390 3721 3444 3772 in

1878 3789 2112 3841 Marcion
2167 3789 2505 3854 produxerit:
2539 3799 2592 3840 et
2625 3789 2923 3854 exemplum
2952 3787 3167 3840 adducit
3197 3804 3262 3841 ex
3296 3788 3444 3841 libris

1876 3870 2063 3911 contra
2100 3858 2416 3911 Marcinnent
2447 3858 2544 3909 sub
2576 3856 2885 3910 Tertulliani
2916 3858 3169 3909 nomine:
3208 3855 3332 3909 lla'c
3358 3874 3444 3909 vo-

1877 3928 1947 3980 bis
1978 3945 2064 3993 per
2101 3929 2404 3979 Marrioncm
2428 3926 2649 3979 Cerdone
2684 3928 2944 3995 magistro.
2975 3925 3169 3996 Verum
3198 3926 3308 3993 alii,
3349 3927 3439 3996 qui

1878 3998 2143 4065 ργοδοάξειε
2182 3998 2381 4049 indices
2408 3996 2712 4061 conticiunt,
2742 4006 2923 4049 contra
2955 3995 3147 4049 docent
3190 4007 3298 4051 tres
3328 3995 3443 4050 oin-

1878 4082 1973 4121 nes
1996 4069 2201 4121 vocales
2227 4068 2276 4119 iu
2300 4067 2529 4119 Marcion
2553 4080 2671 4119 esse
2696 4067 3085 4135 producendas.
3103 4067 3243 4119 Sane
3265 4082 3444 4120 exent-

1876 4140 2017 4205 plutn
2048 4154 2108 4191 ex
2142 4137 2469 4189 Tcrtutliano
2498 4145 2671 4203 potest
2718 4138 2784 4189 ita
2818 4137 3007 4203 accipi,
3038 4145 3095 4187 ut
3132 4152 3224 4204 pes
3252 4138 3443 4191 tertius

1874 4204 1943 4260 sit
1990 4207 2272 4275 Sponda-us
2303 4207 2432 4259 facta
2479 4206 2731 4275 synreresi
2780 4221 2843 4259 ex
2876 4206 2973 4275 cio.
3008 4204 3096 4258 Sic
3127 4207 3444 4262 Prudentius

1876 4273 2030 4329 inl‘ra'
2050 4291 2185 4328 vers.
2217 4276 2318 4329 £29
2348 4281 2417 4328 ait
2447 4273 2773 4337 Marcionita,
2817 4276 2905 4327 ubi
2938 4273 3133 4329 Marcio
3162 4290 3241 4330 est
3284 4292 3443 4343 spon-

1875 4347 2038 4397 tlrrus.
2075 4345 2207 4399 Vide
2236 4346 2304 4398 ibi
2340 4344 2592 4399 notanda.
2623 4346 2773 4411 Quod
2804 4346 2848 4397 si
2877 4347 3193 4400 auctoritate
3222 4363 3307 4400 res
3332 4348 3444 4401 hazc

1873 4416 2065 4469 Conlici
2098 4417 2338 4479 deberet,
2367 4432 2469 4468 non
2510 4416 2867 4470 'l‘ertnllianus
2890 4418 3284 4470 commentitius
3316 4419 3443 4471 Pru-

1872 4486 2074 4549 dentio,
2101 4485 2193 4538 sed
2227 4486 2543 4539 Prudentius
2566 4486 2894 4539 'l‘ertulliano
2913 4488 3279 4539 commentitio
3300 4497 3443 4540 esset

1878 4555 2262 4619 prmfcrendus.
2300 4558 2489 4609 Ultima
2522 4571 2648 4609 vero
2672 4558 2728 4609 in
2776 4555 3008 4607 Marcion
3047 4557 3352 4623 corripitur,
3386 4565 3442 4607 ut

1873 4626 1925 4678 in
1958 4627 2175 4678 dwmon.
2225 4627 2352 4678 Vide
2384 4626 2588 4688 Prolt-g.

1945 4698 2033 4750 57.
2060 4696 2175 4748 Vat.
2199 4696 2262 4756 A,
2283 4696 2459 4763 Ptag.,
2492 4695 2628 4755 PaL,
2659 4696 2831 4763 Egm.,
2858 4692 3438 4755 ducta;Aldus,Alex.,

1874 4767 2055 4819 ductas
2079 4783 2095 4829 ;
2120 4766 2276 4827 Mar.,
2313 4762 2428 4816 llat.
2455 4775 2505 4816 et
2534 4766 2643 4827 alii,
2676 4762 2877 4817 Daitas.
2909 4764 2982 4815 lla
3014 4772 3169 4816 vocat
3213 4778 3305 4815 eos
3348 4765 3437 4828 qui

1874 4839 2005 4889 duos
2034 4836 2344 4888 asserebant
2368 4850 2489 4888 e-se
2510 4836 2658 4887 deos.
2688 4834 2933 4886 Fortasse
2956 4833 3147 4885 melius
3170 4833 3434 4884 scribetur

1871 4908 1986 4959 sine
2007 4913 2290 4965 eumtnate,
2317 4905 2469 4956 Docet
2498 4902 2676 4956 Duitas
2695 4904 2979 4972 discrepare
2997 4920 3026 4953 α
3048 4904 3251 4970 spiritu.
3286 4900 3440 4954 Glos-

1871 4992 1942 5029 sa!
1976 4977 2162 5039 ineptae
2192 4985 2365 5027 sunt.-

1943 5047 2029 5098 41.
2071 5044 2337 5097 lleinsiaui
2371 5043 2577 5109 scripti,
2630 5044 2816 5109 quieta.
2867 5042 3042 5108 Alex.,
3100 5041 3227 5097 Urb.
3258 5053 3307 5096 et
3351 5042 3439 5093 alii

1873 5116 2061 5177 nostri,
2095 5114 2337 5181 quietam,
2362 5130 2479 5166 cum
2505 5112 2692 5173 Gisel.,
2723 5112 2871 5176 Ald.,
2907 5112 3094 5167 Weitz.

1942 5183 2030 5238 A2.
2063 5183 2238 5249 Prag.,
2284 5189 2444 5255 festa.
2488 5182 2607 5236 Vat.
2640 5186 2705 5248 A,
2748 5183 2990 5236 virorum.
3035 5182 3254 5252 Corrige
3300 5182 3440 5248 {assa

1873 5265 1925 5310 ct
1946 5255 2185 5306 tirorum.

1943 5326 2031 5378 45.
2070 5323 2191 5376 Post
2226 5322 2364 5377 hunc
2394 5338 2601 5375 versum
2644 5323 2695 5376 in
2721 5324 2898 5378 multis
2926 5337 3055 5377 mss.
3086 5323 3236 5377 adest
3273 5321 3439 5381 alius,

1874 5396 1923 5448 in
1962 5397 2114 5456 Man,
2165 5392 2308 5458 Rat.,
2342 5394 2520 5458 Prag.,
2553 5392 2767 5457 Weitz.,
2803 5392 2915 5447 Gis.
2958 5403 3010 5448 et
3050 5393 3187 5456 aliis,
3236 5390 3440 5446 scilcet

1864 5464 1924 5521 ,11
1934 5465 1978 5515 ic
2005 5465 2091 5532 qui
2114 5464 2293 5516 caduci
2316 5480 2419 5516 rem
2443 5460 2629 5517 laboris
2655 5464 2889 5531 offerens.
2916 5463 3021 5517 Sed
3050 5465 3103 5517 in
3126 5464 3260 5516 Mar.
3291 5460 3440 5515 deest

1874 5550 1973 5591 vox
2012 5534 2113 5597 hic,
2145 5536 2194 5587 in
2240 5534 2489 5603 Pragens.
2518 5534 2660 5599 prius
2700 5535 2913 5600 ponitur
2941 5533 3065 5597 Hic,
3114 5534 3199 5599 qui
3238 5532 3441 5596 caduci,

1876 5614 1983 5660 tntn
2019 5603 2117 5656 Hic
2161 5621 2209 5657 sc
2241 5602 2455 5658 caduco.
2505 5605 2671 5657 Abest
2708 5604 2774 5656 ab
2812 5604 2986 5668 Μαι,
3038 5603 3193 5669 Urb.,
3226 5602 3344 5656 Vat.
3376 5603 3442 5664 Α,

1872 5676 2017 5739 Ald.,
2050 5676 2222 5741 Egtn.,
2253 5673 2415 5727 Palat.
2442 5682 2497 5729 et
2541 5674 2837 5728 Heinsianis
2863 5674 3279 5741 exemplaribus.
3304 5670 3442 5724 Teo-

1874 5747 1989 5806 lius,
2016 5746 2103 5812 qui
2153 5752 2305 5811 negat
2365 5745 2527 5797 ullum
2561 5745 2937 5799 Vaticanorum
2974 5743 3256 5813 agnovisse
3302 5741 3444 5797 buuo

1872 5830 2104 5882 versum,
2138 5829 2239 5869 non
2276 5814 2487 5871 videtur
2520 5814 2835 5870 observasse
2864 5816 3103 5872 codicem
3126 5813 3374 5868 Marictti.
