3950 6326
449 301 578 362 1011

482 422 553 478 45
626 420 836 485 Malum,
874 420 1198 488 bonumque,
1228 431 1325 471 ceu
1355 416 1580 470 duorum
1612 431 1870 486 separatis

627 512 865 579 ltegnum
905 509 1149 572 deorum,
1177 515 1388 577 sceptra
1418 506 1701 562 committit
1730 508 1836 563 duo
1862 526 1875 573 ;

628 607 790 659 Deum
822 619 942 658 esse
971 602 1219 669 credens,
1247 617 1405 670 quem
1437 601 1628 655 fatetur
1668 602 1985 671 pessimum,

623 694 750 748 Cain
779 703 1055 759 cruentus,
1078 693 1302 747 unitatis
1333 692 1568 757 invidus,

620 787 799 842 Mundi
828 786 1072 848 colonus,
1100 784 1407 839 immolator
1428 782 1738 853 squalidus;
1812 840 1815 843 .

480 881 548 935 50
619 878 782 946 Cujus
802 879 1021 932 litamen
1050 877 1252 941 sordet,
1278 886 1332 931 et
1359 885 1553 931 terram
1584 876 1740 947 sapit,

619 972 841 1026 Terram
866 971 1049 1025 caduci
1073 970 1335 1040 corporis,
1361 984 1549 1023 venam
1575 978 1804 1038 putrem,

620 1064 855 1118 Humore
886 1064 1054 1118 denso
1087 1062 1487 1134 conglobatam,
1518 1072 1571 1116 et
1599 1063 1817 1131 pulvere
1844 1080 1859 1117 :

619 1155 814 1209 Natura
845 1154 998 1224 cujus
1025 1154 1211 1209 fraude
1243 1154 1397 1208 ﬂoret
1426 1152 1608 1219 fertili,

621 1247 866 1301 Fecunda
894 1247 1122 1303 fundens
1153 1247 1435 1300 noxiorum
1473 1244 1724 1311 crimina,

1550 299 1824 355 AURELII
1867 299 2234 357 PRUDENTII
2277 298 2602 356 CARMINA.

2047 420 2194 478 A55

3567 292 3711 350 1012

2302 418 2463 487 499
2492 416 2799 483 Animaeque
2823 403 2983 466 vitam
3012 409 3133 465 labe
3152 408 3333 463 carnis
3359 417 3569 465 enecat.

2301 508 2438 562 Caro
2469 508 2519 561 in
2542 520 2779 559 sororem
2807 502 2907 557 tela
2932 510 3167 556 mentem
3196 499 3411 571 dirigit:

2303 600 2449 655 Mens
2479 600 2531 653 in
2560 599 2782 653 cerebro
2814 596 3105 651 ventilatur
3131 593 3305 661 ebrio,

2304 692 2384 747 Ex
2408 707 2512 760 quo
2534 690 2742 745 furores
2763 688 3104 743 succulentos
3133 684 3338 755 colligit

2306 783 2521 838 Madens
2556 794 2767 837 veneno
2794 780 3035 850 corporis
3064 778 3415 850 lymphatico.

2130 874 2200 931 60
2309 876 2474 931 Deum
2508 888 2797 943 perennem
2832 871 2984 926 findit
3006 872 3061 925 in
3084 870 3220 926 duos
3251 870 3382 925 deos
3410 888 3421 922 :

2307 970 2479 1026 Audet
2512 983 2694 1024 secare
2722 982 2915 1023 numen
2947 965 3259 1021 insecabile.

2303 1062 2433 1118 Cain
2455 1068 2782 1133 peremptor,
2815 1059 3087 1128 denegans
3114 1072 3282 1112 unum
3302 1055 3494 1123 Deum,

2303 1154 2435 1211 Cain
2462 1154 2773 1225 triumphat,
2801 1160 2975 1209 morte
3006 1150 3187 1207 fratris
3213 1148 3416 1206 allitus.

1746 1335 2033 1396 GLOSStE
2071 1340 2409 1399 VETERES.

510 1428 598 1485 46.
623 1428 944 1495 Committit,
970 1430 1163 1497 ﬁrmat,
1198 1427 1238 1480 Ι.

508 1500 599 1553 48.
631 1501 782 1563 Cain,
820 1497 1072 1561 Marcion,
1101 1497 1139 1550 1.

510 1571 598 1626 50.
625 1572 863 1624 Litamen
888 1610 901 1631 ,
932 1570 1139 1623 oblatio.
1167 1597 1237 1608 --
1274 1568 1503 1635 Sordet,
1538 1571 1677 1638 fetet.
1721 1595 1792 1606 —
1840 1566 2015 1637 Sapit,

441 1658 676 1711 saporem
706 1652 959 1695 terrenum
991 1640 1167 1702 habet,
1198 1639 1240 1694 Ι.

510 1714 600 1766 51.
634 1712 853 1773 Venam,
880 1712 1067 1765 scilicet
1088 1711 1245 1779 sapit,
1269 1710 1310 1765 l.

510 1784 597 1837 57.
630 1781 811 1847 Ebrio,
842 1784 1040 1846 insano,
1074 1781 1113 1835 l.

2194 1434 2283 1488 58.
2316 1430 2684 1495 Succulentos,
2713 1429 3030 1499 pumicatos,
3062 1426 3139 1481 vel
3162 1426 3393 1491 insanos,
3426 1424 3467 1481 Ι.

2198 1504 2287 1559 59.
2318 1501 2688 1573 Lymphatico,
2723 1499 3004 1573 furenti”.

2196 1574 2281 1629 65.
2314 1568 2468 1638 Cirin,
2495 1568 2745 1637 Marcion,
2771 1571 2885 1628 l.—
2908 1568 3244 1638 Triumphat,
3269 1570 3406 1623 malo
3434 1568 3718 1639 triumpho,

2126 1654 2172 1698 et
2220 1645 2356 1698 malo
2398 1660 2488 1698 suo
2537 1642 2830 1711 mulctatus,
2865 1641 2988 1697 Vat.
3035 1640 3102 1695 A.
3131 1638 3425 1708 —Alitus,
3473 1638 3717 1708 nutritus,

2058 1770 2107 1831 Β
2136 1716 2203 1781 1.,
2229 1716 2351 1769 Vat.
2382 1715 2446 1769 Α.

1795 1868 2359 1928 COMMENTARIUS.

511 1986 601 2042 16.
634 1986 811 2054 Prag.,
844 2004 1000 2058 regna
1029 1986 1285 2051 duorum;
1320 2000 1501 2058 supra,
1555 1985 2013 2058 divorumtiillarw

440 2074 602 2129 regna
631 2056 1107 2128 divorumfsupra,
1139 2060 1379 2129 duorum.
1405 2057 1559 2129 Rau,
1591 2056 2016 2129 Bong.._A_VVidnt.

442 2125 627 2198 supra,
652 2145 805 2199 regna
832 2125 1085 2182 divorum.
1119 2129 1264 2194 Ald.,
1298 2127 1513 2199 Wcitz.,
1543 2125 1737 2192 Palat.,
1768 2125 1967 2199 Widm.
1991 2144 2021 2184 a

428 2197 614 2269 ‘prima
658 2197 838 2269 manu,
863 2215 1075 2269 regnum
1102 2200 1344 2269 duorum.
1384 2197 2019 2269 Gis.,_regnumdeorum.

442 2265 748 2324 'Assentitur
771 2268 1009 2322 Giselino
1034 2268 1309 2321 Heinsius:
1333 2282 1503 2335 neque
1524 2267 1575 2319 id
1594 2265 1721 2319 mihi
1744 2266 2020 2334 displicet:

444 2354 567 2410 nam
588 2355 744 2410 regna
772 2348 825 2391 et
854 2340 1088 2391 divorum
1116 2348 1288 2410 metro
1313 2345 1639 2410 repugnant;
1669 2336 1887 2410 duorum
1915 2338 2024 2403 jam

446 2404 759 2463 dictum’est
785 2421 944 2461 versu
977 2406 1269 2474 superiori:
1296 2407 1396 2460 nisi
1421 2407 1766 2473 interpungas
1791 2404 1890 2457 hoc
1916 2422 2031 2459 mo-

451 2479 522 2533 do
553 2476 774 2541 Malum,
805 2477 1089 2546 bonumque
1122 2491 1213 2528 ceu
1251 2478 1469 2531 duorum
1509 2491 1749 2546 separatis
1775 2475 2028 2546 Regnum,

451 2550 675 2602 duorum
711 2558 911 2617 sceptra
961 2545 1227 2601 committit
1275 2548 1396 2599 duo.
1431 2546 1486 2600 ln
1528 2545 1647 2600 Vat.
1695 2548 1765 2617 ξ.
1791 2545 1946 2617 Alex.
1978 2556 2031 2601 ct

452 2618 584 2675 Urb.
609 2613 1095 2687 exstat'utrumque
1117 2634 1328 2687 regnum
1360 2626 1413 2671 et
1438 2619 1689 2687 duorum.
1708 2613 2031 2672 Chamillar-

448 2688 548 2743 dus
595 2698 649 2744 et
691 2690 953 2743 Cellarius
1002 2686 1218 2742 Heinsio
1248 2688 1541 2743 adhaerent.
1588 2686 1761 2752 Sich.,
1814 2701 2030 2756 regnum

449 2761 684 2814 divorum
709 2769 892 2814 contra
923 2767 1176 2813 metrum.

519 2832 611 2885 51.
637 2830 757 2885 Vat.
788 2832 853 2894 A,
883 2831 1043 2895 male,
1079 2839 1215 2883 terra
1242 2828 1452 2885 caduci.

519 2901 608 2956 54.
641 2901 906 2955 Cauchius
935 2902 1153 2969 conjicit
1181 2900 1470 2954 noxiarum.

518 2972 608 3026 56.
631 2969 791 3037 Caro,
824 2988 966 3024 soror
987 2973 1186 3032 mentis,
1234 2983 1289 3024 ut
1318 2985 1477 3038 supra
1502 2969 1699 3039 Apoth.
1728 2988 1871 3029 vers.
1900 2969 2028 3035 827,

448 3058 563 3097 cum
588 3044 754 3096 cordis
780 3044 931 3095 amici
961 3040 1179 3095 Intravit
1201 3057 1441 3111 germana
1462 3042 1695 3109 domum,
1723 3051 1827 3099 etC.

2131 1988 2277 2053 Put.,
2310 1987 2479 2053 Roth,
2507 1996 2615 2040 tres
2636 1986 2816 2052 T0rr.,
2860 1986 2995 2039 cadit
3022 1993 3299 2053 perempta,
3326 1984 3533 2039 scilicet
3562 2000 3721 2041 mens

2131 2058 2433 2113 Marcioais.
2492 2057 2724 2119 Thuan.,
2777 2056 2914 2110 cadit
2963 2067 3268 2126 peremptor.
3328 2055 3517 2120 Aldus,
3571 2056 3722 2109 cadet

2133 2139 2435 2199 peremptor.
2468 2127 2667 2199 Widm;
2719 2127 2783 2199 ad
2838 2141 3018 2199 oram,
3050 2143 3215 2199 mens
3256 2136 3529 2199 perempta,
3556 2128 3728 2191 cadit,

2135 2196 2322 2253 contra
2352 2208 2599 2253 metrum.
2627 2197 2842 2251 Teolius
2881 2197 3097 2267 Heinsio
3145 2196 3391 2267 inhreret,
3422 2196 3575 2251 Cadit
3610 2214 3730 2267 per-

2136 2281 2332 2336 empta,
2388 2268 2629 2337 quamvis
2657 2276 2880 2330 aStruat,
2910 2266 3044 2320 duos
3071 2266 3226 2320 codd.
3260 2266 3397 2321 Vatt.
3424 2267 3499 2321 illi
3520 2269 3728 2335 favere,

2137 2350 2363 2394 caeteros
2390 2347 2674 2406 peremptor
2703 2337 2973 2405 prmferre.
3007 2344 3063 2390 ut
3092 2337 3141 2390 in
3179 2337 3432 2406 Vulgatis.

2207 2409 2293 2462 65.
2328 2410 2473 2471 Ald.,
2500 2408 2681 2471 Fabr.,
2707 2408 2843 2465 Gis.,
2870 2407 3049 2461 illitas.
3074 2408 3309 2472 Thuan.,
3339 2406 3731 2471 Rot.,Cauch.,

2138 2490 2249 2535 tres
2276 2479 2457 2543 anr.,
2494 2479 2719 2543 Bonon.,
2752 2478 2935 2530 oblitus
2963 2478 3031 2530 ab
3054 2477 3244 2541 oblino,
3273 2478 3413 2546 quod
3445 2480 3734 2544 amplexus

2138 2558 2220 2605 est
2251 2549 2515 2615 lleinsins,
2565 2558 2619 2602 et
2648 2563 2767 2602 cum
2812 2547 3026 2602 Heinsio
3082 2549 3427 2618 recentiores.
3476 2548 3734 2618 Plerique

2139 2622 2349 2684 halitus,
2398 2628 2485 2671 aut
2540 2619 2692 2671 alitus
2722 2633 2841 2673 cum
2895 2620 3070 2686 glossa
3128 2617 3349 2672 ridicula
3398 2617 3735 2674 nutritusut

2141 2690 2261 2744 Vat.
2293 2690 2358 2753 A,
2386 2688 2560 2753 Alex.,
2586 2688 2743 2747 Urb..
2768 2689 2922 2752 Man,
2964 2689 3143 2755 Prag..
3182 2688 3322 2751 Rat.,
3370 2688 3565 2743 Weitz.
3626 2689 3737 2743 Me-

2142 2771 2279 2815 lrum
2311 2774 2415 2813 non
2449 2759 2648 2826 patitur
2672 2760 2825 2811 alitus
2846 2774 2941 2826 pro
2972 2760 3219 2812 nutritus.
3252 2758 3362 2827 Ego
3379 2760 3589 2821 accipio
3618 2761 3738 2812 alli-

2142 2841 2218 2885 tus
2245 2829 2313 2883 ab
2335 2830 2517 2893 allino,
2547 2844 2655 2898 quo
2677 2828 2839 2883 verbo
2862 2844 2989 2882 usus
3017 2838 3103 2883 est
3126 2830 3337 2892 Cicero,
3380 2839 3431 2882 et
3478 2829 3737 2885 Horatius

2142 2904 2196 2957 in
2226 2905 2355 2956 Arte
2388 2901 2617 2967 poetica,
2666 2900 2930 2969 incomptis
2978 2898 3157 2953 attinet
3205 2908 3376 2952 atrum
3419 2899 3739 2954 Transverso

2143 2974 2340 3025 calamo
2369 2972 2611 3039 signum;
2643 2979 2696 3023 et
2734 2982 2924 3023 sensus
2956 2978 3038 3022 est
3069 2969 3207 3025 idem
3253 2984 3316 3022 ac
3338 2970 3390 3023 in
3421 2970 3612 3023 oblitus
3643 2980 3739 3025 aut

2142 3044 2324 3106 illitas,
2351 3041 2451 3095 hoc
2482 3049 2563 3096 est
2586 3040 2904 3094 maculatus.
2939 3039 3122 3094 Omitti
3153 3051 3328 3094 autem
3346 3040 3518 3095 altera
3538 3056 3573 3094 e
3602 3041 3739 3095 dna-

518 3114 608 3192 _57.
649 3113 794 3174 Διά..
844 3109 1278 3192 Μῃνηιρτθεέηκ
1322 3113 1524 3192 prima.
1555 3129 1735 3179 manu,
1770 3113 1971 3192 Widm.
2006 3128 2034 3165 a
2066 3124 2111 3187 ρ
2144 3114 2243 3192 bus
2307 3109 2950 3192 consonantibusmfacile
3013 3110 3203 3192 potuit.
3275 3110 3507 3165 Isidorus
3557 3112 3738 3192 lib“:

448 3184 620 3252 prima
651 3198 833 3246 manu,
865 3182 1119 3235 illecebro.
1148 3182 1275 3247 Alii,
1316 3183 1370 3233 in
1395 3182 1619 3248 cerebro,
1668 3184 1810 3251 quod
1838 3198 2032 3239 sensus

452 3252 673 3320 ﬂagitat.
710 3252 923 3315 Weitz.,
958 3252 1203 3304 illicebro.

521 3324 611 3376 59.
642 3322 819 3388 Prag.,
844 3321 1165 3391 lymphatici,
1198 3336 1303 3375 non
1326 3321 1396 3374 ita
1424 3323 1575 3377 bene.

520 3391 610 3445 6t).
645 3392 872 3455 Bonum,
897 3392 1064 3460 fundit
1087 3392 1139 3443 in
1160 3392 1311 3456 duos,
1344 3394 1500 3447 male.

518 3462 609 3516 61.
660 3461 806 3527 Ald.,
875 3477 1098 3525 nomen;
1140 3464 1375 3526 rectius,
1421 3479 1627 3517 numen.
1687 3465 1937 3520 Heinsius
1985 3475 2040 3521 et

450 3530 664 3599 Cltatn.,
693 3532 1009 3601 insecabile?
1036 3534 1390 3601 interrogans.
1806 3554 1819 3571 -

521 3602 607 3657 62.
658 3601 875 3675 Weitz.,
917 3600 1142 3667 Widm.,
1183 3600 1378 3675 ﬂung”
1428 3602 1610 3669 Fabr.,
1662 3605 1839 3671 Alex.,
1888 3606 2036 3675 Rat.,

452 3672 586 3728 Mar.
612 3689 643 3727 a
672 3674 905 3745 secunda
936 3688 1116 3739 manu,
1168 3672 1317 3727 Cain
1354 3687 1659 3745 peremptor.
1691 3676 1808 3730 Vat.
1839 3678 1906 3743 A,
1937 3672 2037 3733 Bo;

2149 3184 2348 3253 Etym.,
2378 3198 2496 3249 cap.
2521 3183 2611 3246 27,
2636 3196 2701 3236 ex
2730 3180 3008 3253 Victorino
3051 3182 3146 3245 ait,
3173 3193 3381 3238 veteres
3412 3196 3518 3236 non
3561 3181 3739 3247 dupli-

2147 3252 2299 3309 casse
2328 3254 2549 3316 litteras,
2578 3253 2671 3307 sed
2695 3266 2853 3321 supra
2881 3252 3112 3307 sicilicos
3134 3254 3467 3320 apposuisse,
3500 3262 3556 3307 ut
3575 3253 3735 3307 sella.

2147 3326 2306 3391 ser‘a,
2367 3324 2583 3377 as‘eres.
2616 3323 2673 3376 In
2704 3323 2937 3392 antiquis
2970 3326 3323 3378 marmoribus
3354 3338 3505 3389 saepe
3525 3322 3731 3377 deside‘

2147 3406 2294 3449 ratur
2319 3410 2422 3447 una
2445 3408 2475 3446 e
2507 3393 2715 3447 duabus
2744 3393 3163 3448 consonantibus
3183 3410 3302 3463 qua:
3326 3395 3377 3448 in
3403 3396 3579 3462 aliqua
3603 3408 3735 3448 voce

2146 3475 2329 3519 essent
2358 3464 2711 3529 duplicanda}.
2740 3464 3060 3518 Prudentius
3082 3465 3401 3519 Marcionem
3423 3480 3545 3518 cum
3567 3463 3739 3518 Caino

2147 3536 2396 3590 confert:
2431 3534 2484 3587 in
2516 3534 2705 3588 eodem
2739 3549 2864 3588 vero
2890 3535 3157 3588 Marciane
3206 3551 3394 3590 rursus
3444 3535 3582 3589 inter
3610 3550 3739 3588 car-

2152 3622 2271 3660 nem
2299 3615 2350 3659 et
2377 3613 2610 3659 mentem
2637 3603 2948 3673 distinguit;
2982 3619 3197 3660 carnem
3230 3607 3443 3661 nomine
3471 3604 3625 3659 Caini
3659 3606 3740 3659 in-

2153 3676 2360 3743 telligit,
2382 3674 2523 3744 quod
2553 3674 2693 3730 male
2708 3676 3114 3745 triumphaverit
3139 3676 3206 3732 de
3226 3686 3427 3742 mente,
3457 3691 3575 3730 eam
3605 3692 3740 3743 prue-

2144 3747 2358 3816 cipitem
2392 3745 2626 3799 trahens.

452 3755 604 3810 non.,
648 3745 826 3815 Prag.,
861 3744 994 3799 Mar.
1022 3760 1049 3797 a
1075 3745 1243 3813 prima
1267 3761 1429 3800 manu
1460 3744 1605 3813 nan,
1637 3762 1819 3816 supra,
1852 3748 2029 3818 Egm.,

466 3834 1275 3856 W“mf'ﬁ?u
1320 3841 1357 3855 is

456 3884 3737 3904 Μ

1515 4014 2630 4129 HAMARTIGENIA.

1754 4220 2459 4246 *δ”*-

634 4328 796 4402 500
867 4326 985 4394 Quo
1012 4334 1064 4381 te
1090 4325 1388 4397 praecipitat
1434 4324 1614 4381 rabies
1671 4333 1781 4392 tua,
1840 4322 2042 4391 perllde

1805 4414 1932 4470 Cain
1949 4456 1963 4480 ,

1805 4415 1932 4470 Cain

632 4513 838 4569 Divisor
866 4509 1178 4580 blaSpheme
1208 4509 1346 4565 Dei?
1395 4507 1490 4564 tibi
1519 4415 1776 4563 conditori
1796 4522 1933 4562 unus

2326 4325 2441 4379 Non
2484 4324 2670 4393 liquet,
2702 4332 2755 4379 et
2783 4324 2964 4380 biﬁda:
2995 4325 3225 4395 caligant
3254 4327 3433 4380 nubila
3467 4327 3622 4381 lucis.

2321 4415 2591 4472 insincera
2621 4417 2763 4473 acies
2792 4417 2899 4472 duo
2930 4432 3022 4485 per
3047 4417 3517 4488 divortia‘scntper

2148 4511 2181 4563 5
2324 4508 2624 4581 Spargitur,
2657 4512 2711 4566 in
2740 4510 2968 4581 geminis
2994 4510 3162 4565 visum
3206 4510 3461 4565 frustrata
3492 4510 3693 4580 figuris.

1768 4620 2055 4679 GLOSSA‘I
2095 4623 2434 4681 VETERES.

524 4742 580 4799 1.
608 4741 759 4809 Cain,
793 4738 1117 4801 Marcionita,
1152 4735 1189 4788 l.

455 4883 475 4941 Ι
523 4811 579 4869 5.
610 4804 820 4883 Liquet,
852 4810 1228 4881 manifestatur,
1254 4814 1407 4879 patet.
1438 4834 1509 4848 -
1535 4804 1720 4873 Lucis,
1750 4805 2032 4871 oculorum,

480 4898 564 4939 so.

2063 4737 2120 4799 D
2214 4737 2267 4792 4.
2292 4736 2581 4804 lnsincera,
2612 4738 2832 4806 impura,
2862 4752 2963 4790 non
2993 4752 3141 4803 pura.
3171 4766 3238 4777 ——
3266 4737 3446 4801 Acies,
3478 4739 3634 4794 nisus.
3662 4763 3733 4780 --

2145 4807 2399 4870 Divortia,
2430 4808 2730 4873 deviamina,
2760 4807 3074 4875 diverticula,
3120 4808 3160 4864 1.

2216 4878 2268 4932 5.
2302 4877 2594 4943 Frustrata,
2630 4878 2743 4947 ipsa
2770 4879 2922 4946 acies,
2958 4879 2994 4931 Ι.

1794 4989 2361 5050 COMMENTARIUS.

522 5106 576 5160 1.
606 5106 988 5168 Argumentum
1032 5102 1210 5169 aperis
1239 5100 1395 5156 titulo
1422 5100 1736 5169 exprimitur
1774 5103 2028 5158 Adversus

452 5175 808 5237 Marcionitas,
840 5174 925 5241 qui
958 5173 1085 5225 duos
1124 5173 1244 5226 deos
1294 5188 1400 5226 esse
1450 5173 1717 5242 afﬁrmant,
1772 5173 1824 5228 in
1880 5176 2027 5242 Rat.,

451 5246 633 5315 Prag.,
664 5246 899 5307 Tltuan.,
949 5244 1145 5315 Oxon”
1177 5243 1333 5315 Alex.
1388 5243 1442 5297 In
1466 5244 1640 5315 ludo,
1673 5244 2030 5315 aﬁirmabant;

450 5311 688 5382 VatLA,
737 5324 982 5367 asserunt.
1036 5311 1145 5385 Gis.
1190 5312 1404 5377 28dit.,
1454 5311 1861 5385 Hamartigenia,
1913 5316 2030 5371 aliis

451 5386 685 5447 omissis,
719 5396 773 5440 et
814 5385 878 5438 ad
908 5400 1055 5439 oram
1092 5383 1283 5437 Duitte.

521 5456 576 5507 2.
608 5456 787 5526 Lupus
817 5455 1174 5510 Ferrariensis
1204 5454 1455 5525 epist.20
1478 5454 1544 5511 ad
1584 5456 1855 5513 Altuinum
1894 5455 2030 5511 hunc

450 5540 667 5598 tersum
699 5536 751 5580 et
782 5527 902 5598 ejus
945 5536 1216 5598 auctorem
1274 5526 1374 5581 hoc
1429 5525 1602 5598 elogio
1656 5527 2029 5597 prosequitur:

453 5594 661 5667 Grtecus
705 5594 911 5667 quidam
960 5596 1163 5651 ercos
1207 5594 1540 5654 nLasrnnuus
1593 5594 1757 5652 dicere
1808 5594 2041 5667 correpta

454 5666 735 5742 penultima
774 5665 898 5742 mihi
939 5677 1228 5742 constanter
1260 5671 1593 5742 asseruit....._
1625 5668 1819 5723 Tamen
1854 5665 2038 5742 Aure-

457 5731 558 5788 lius
584 5732 914 5805 Prudentius,
949 5738 1036 5807 qui
1059 5737 1199 5806 apud
1229 5739 1494 5811 plerosque
1518 5740 1945 5797 vehementissime
1967 5756 2040 5795 ce-

2141 5105 2385 5169 lebratur,
2418 5105 2473 5157 id
2501 5120 2686 5159 nomen
2714 5105 2788 5158 sic
2809 5106 2993 5174 posuit,
3030 5120 3241 5161 DIVISOR
3269 5123 3579 5164 BLASPHEME
3628 5128 3737 5165 nrt.

2142 5174 2278 5228 Hinc
2308 5176 2465 5243 igitur
2492 5176 2639 5245 longe
2662 5176 2857 5242 lateque
2879 5179 3119 5241 manavit,
3160 5188 3213 5229 ut
3269 5193 3629 5244 erumpamus,
3690 5198 3742 5234 ct

2138 5261 2441 5318 anserinum
2464 5257 2725 5299 accentum
2748 5247 2798 5301 in
2832 5249 3109 5314 penultima
3154 5248 3351 5318 syllaba
3402 5253 3734 5307 sortirentur.

2139 5316 2318 5385 Lupus
2347 5326 2620 5371 accentum
2648 5332 2766 5371 cum
2813 5319 3028 5388 syllabae
3059 5316 3353 5387 quantitate
3399 5323 3689 5376 confundit
3723 5343 3735 5375 :

2140 5403 2259 5440 nam
2289 5388 2574 5453 penultima
2615 5389 2665 5442 in
2724 5388 3044 5454 blasphemus
3100 5399 3182 5442 est
3226 5392 3408 5459 longa,
3471 5404 3733 5447 accentus

2138 5473 2270 5512 vero
2301 5468 2379 5511 est
2414 5459 2463 5510 in
2489 5459 2923 5527 antepcnultima.
2968 5459 3097 5513 Vide
3125 5460 3329 5527 Proleg.

2217 5528 2267 5583 5.
2297 5528 2639 5600 Eerertull.
2675 5528 2807 5583 lib.t
2866 5530 3122 5584 adversus
3171 5531 3453 5593 Marciam,
3514 5548 3636 5600 cap.
3665 5534 3736 5587 9..

2149 5597 2264 5665 Quo
2294 5598 2495 5668 {acilius
2531 5600 2654 5653 duos
2686 5602 2804 5653 deos
2843 5602 2963 5653 claci
2992 5603 3302 5668 perspexisse
3330 5618 3382 5653 se
3408 5597 3738 5656 existimave-

2143 5677 2283 5742 runt.
2336 5668 2505 5742 Unum
2531 5671 2662 5722 enim
2689 5687 2789 5723 non
2828 5671 3020 5741 integre
3062 5673 3315 5724 viderant.
3375 5670 3735 5742 Lipptcnlt’bus

2141 5740 2291 5794 etiam
2316 5741 2591 5807 singularis
2620 5742 2825 5797 lucerna
2850 5740 3119 5798 numerosa
3146 5753 3236 5797 est.
