3950 6326
142 998 153 1009 .

60 992 236 1057 ηαιο

106 1126 137 1139 ν*

163 318 318 378 1015

1556 324 1597 377 11
1605 323 2097 387 AMARTIGENIA.

346 436 637 492 Terrarum
666 433 764 490 tibi
788 434 959 491 forma
999 436 1191 507 duplex
1222 438 1449 505 obludit,
1478 450 1536 494 ut
1562 456 1755 497 excors
1780 446 1839 506 ll,

353 529 636 585 Dividuum
668 544 901 599 regnare
929 530 1095 586 Deum
1128 546 1290 600 super
1318 533 1517 588 aethera
1550 535 1759 589 credas.

349 620 479 676 Bina
507 620 659 688 boni,
694 630 859 691 atque
882 621 1005 676 mali
1034 620 1297 691 glomerat
1317 624 1629 680 discrimina
1651 640 1768 680 sor-

1532 716 1699 789 [dens

350 802 447 859 Hic
493 802 726 859 mundus
754 825 768 862 :
796 802 1018 860 domino
1060 806 1157 861 sed
1205 806 1397 862 caelum
1425 808 1765 879 obtemperat

1586 905 1695 978 [uni

351 991 469 1047 Non
494 991 697 1047 idcirco
721 991 856 1047 duos
885 994 1122 1051 retinent
1145 997 1387 1055 cmlestia
1414 1015 1590 1069 reges,

359 1084 513 1151 Quod
542 1084 650 1139 duo
678 1094 802 1139 sunt
826 1098 992 1155 Opera
1024 1087 1285 1145 humanas
1311 1092 1565 1162 agitantia
1592 1108 1767 1150 curas.

226 1188 233 1191 '
266 1180 294 1189 ‘
352 1177 598 1233 Exterior
622 1186 871 1234 terrenus
899 1180 1063 1235 homo
1092 1191 1191 1249 est,
1226 1185 1315 1256 qui
1358 1186 1481 1240 talia
1509 1201 1758 1253 cernens,

350 1268 606 1339 Conjicit,
643 1284 763 1325 esse
793 1270 898 1326 duo
929 1275 1197 1330 variarum
1248 1277 1465 1331 numina
1496 1294 1697 1345 rerum,

356 1362 490 1416 Dum
511 1371 657 1432 putat
676 1378 796 1419 esse
816 1365 1005 1433 Deum,
1031 1367 1123 1438 qui
1142 1384 1303 1437 prava
1326 1370 1597 1427 efﬁnxerit
1617 1374 1770 1444 olim,

356 1459 515 1531 501
548 1459 614 1512 Et
644 1460 734 1527 qui
777 1470 923 1518 recta
968 1461 1152 1519 itidem
1200 1465 1441 1522 condens
1479 1468 1769 1539 induxerit,

1484 1562 1489 1629 Ι
1512 1561 1702 1617 ambos

169 1456 242 1510 15

356 1647 612 1698 Autumat
641 1658 761 1699 esse
784 1643 915 1701 deos
949 1656 1138 1703 natura
1166 1649 1378 1720 diSpare
1406 1668 1670 1708 summos.

348 1737 479 1806 Quae
508 1738 722 1793 tandem
758 1749 946 1795 natura
972 1752 1150 1810 potest
1178 1747 1477 1802 consistere
1504 1748 1725 1820 duplex,

352 1832 457 1887 Aut
485 1845 710 1900 regnare
732 1831 823 1886 diu
849 1851 860 1887 :
890 1849 1049 1903 quam
1079 1836 1198 1891 fons
1240 1838 1443 1894 divisus
1468 1840 1535 1895 ab
1574 1858 1699 1898 arce

354 1921 604 1992 Separat,
637 1924 951 1995 alternaque
987 1927 1199 1996 apicum
1230 1930 1432 1987 ditione
1462 1934 1697 1989 recidit?

171 2010 243 2068 20
354 2015 463 2069 Aut
488 2030 626 2070 unus
648 2015 789 2071 Deus
810 2027 915 2084 est,
937 2032 1116 2074 rerum
1138 2020 1225 2075 cui
1256 2035 1464 2077 summa
1492 2036 1729 2094 potestas
1752 2046 1764 2080 :

357 2107 423 2160 At
478 2102 759 2175 quae'jam
817 2108 923 2163 duo
979 2118 1126 2177 sunt,
1188 2112 1501 2167 minuuntur
1555 2114 1770 2185 dispare

1428 2205 1694 2278 [summo.

354 2290 524 2347 Porro
546 2290 678 2347 nihil
698 2306 986 2363 summum,
1019 2294 1122 2351 nisi
1142 2294 1316 2364 plenis
1336 2297 1537 2355 viribus
1561 2316 1722 2355 unum
1750 2321 1763 2355 :

3321 344 3459 402 1014

2043 448 2313 507 Distantes
2367 455 2659 524 quoniam,
2716 457 2997 527 proprium
3054 458 3178 515 dum
3231 464 3460 533 quisque

3129 553 3147 623 [
3178 556 3393 611 revulso

2054 634 2303 692 Vindicat
2333 638 2579 708 imperio,
2605 656 2704 697 nec
2732 656 2963 711 summa,
3002 660 3102 700 nec
3130 648 3307 701 omnia
3341 663 3468 718 pos-

3201 740 3209 809 1
3245 751 3393 809 sunt,

2053 822 2147 876 Jus
2159 825 2366 879 varium
2384 841 2491 880 non
2505 834 2589 881 est
2601 828 2813 895 plenum
2834 847 2846 883 :
2862 831 2983 899 quia
3000 845 3104 887 non
3122 831 3283 887 habet
3303 833 3461 900 alter,

2053 910 2320 982 Quidquid
2377 915 2561 986 diSpar
2626 918 2824 985 habet,
2880 923 3148 977 cumulum
3208 924 3465 979 discretio

3164 1014 3182 1087 [
3200 1018 3391 1086 carpit.

2052 1096 2160 1152 Nos
2212 1099 2424 1167 plenum
2477 1102 2593 1157 sine
2639 1114 2787 1174 parte
2832 1106 2997 1161 Deum
3049 1118 3345 1175 testamur,
3411 1118 3467 1164 et

3184 1213 3346 1252 unum
3376 1215 3388 1249 ζ

3184 1213 3346 1252 unum
3376 1215 3388 1249 :

2058 1278 2114 1333 In
2140 1293 2247 1347 quo
2268 1278 2515 1337 Christus
2537 1282 2696 1352 inest,
2730 1284 2869 1338 idem
2899 1302 3108 1356 quoque
3142 1198 3365 1358 [plenus,
3410 1296 3467 1342 et

3196 1380 3213 1449 [
3234 1396 3391 1447 unus,

2058 1465 2219 1535 502
2292 1466 2392 1533 Qui
2423 1468 2581 1537 viget,
2614 1483 2677 1523 ac
2707 1469 2870 1539 viguit
2911 1486 3075 1541 super
3103 1473 3301 1536 omnia,
3350 1474 3467 1542 qui-

2999 1565 3017 1637 [
3039 1582 3141 1635 que
3177 1568 3391 1635 vigebit,

2056 1652 2376 1722 Participem
2408 1655 2612 1709 nullum
2646 1657 2844 1711 collato
2875 1658 3079 1715 findere
3111 1676 3316 1728 passus.

2059 1748 2276 1803 Summa
2308 1759 2630 1817 potestatum
2660 1752 2916 1821 simplex,
2948 1754 3241 1810 dominatio
3265 1771 3466 1822 rerum,

2067 1843 2331 1896 Virtutum
2362 1844 2594 1899 sublime
2620 1854 2799 1914 caput,
2832 1845 2952 1901 lous
2979 1849 3167 1902 unicus
3202 1849 3370 1915 orbis,

2057 1939 2324 1993 Naturalis
2354 1954 2511 2008 apex,
2544 1940 2884 2011 generisque,
2919 1951 2972 1997 et
2991 1943 3212 2013 originis
3243 1952 3468 2000 auctor:

2063 2034 2134 2085 Ex
2166 2048 2272 2101 quo
2302 2042 2492 2088 cuncta
2534 2033 2725 2100 ﬂuunt,
2757 2044 2811 2088 et
2835 2036 2948 2105 lux,
3003 2045 3058 2090 et
3106 2046 3367 2106 tempora,
3418 2045 3473 2094 et

2318 2186 2325 2191 ,
3208 2128 3391 2197 [annL

2058 2219 2121 2272 Et
2150 2234 2425 2286 numerus,
2456 2221 2545 2291 qui
2576 2229 2694 2291 post
2724 2220 2923 2290 aliquid
2954 2220 3101 2276 dedit
3122 2236 3243 2277 esse
3271 2237 3472 2277 secun-

3180 2310 3396 2381 [dum:

1872 816 1943 871 25

1878 1651 1947 1705 50

1877 2219 1945 2272 55

1500 2410 1790 2471 GLOSSA‘I
1830 2417 2173 2475 VETERES.

244 2501 299 2555 6.
330 2500 571 2565 Obludit,
594 2502 786 2557 illudit.
810 2500 1124 2566 -—Excors,
1154 2500 1359 2565 stultus,
1390 2502 1497 2556 sine
1527 2508 1705 2571 corde,
1730 2508 1769 2563 1.

250 2572 627 2645 §._Glomerat.
663 2571 1317 2645 colligite-Discrimina,
1348 2571 1696 2645 discretiones,
1732 2578 1773 2633 l.

252 2642 341 2695 11.
378 2643 664 2712 Agitantia,
696 2642 963 2709 mouentia,
993 2642 1033 2695 Ι.

254 2714 341 2766 15.
378 2710 625 2781 Conjicit.
660 2714 874 2779 divinat,
907 2714 947 2767 Ι.

252 2782 343 2838 15.
374 2784 583 2848 itidem,
609 2785 813 2852 iterum,
841 2785 878 2838 Ι.

371 2854 614 2927 Dispare,
640 2866 892 2927 separata,
924 2854 966 2908 Ι.

254 2925 347 2998 18.
380 2924 633 2998 Abarce,
662 2923 702 2979 η’
724 2927 992 2998 dignitate,
1032 2923 1071 2978 l.
1100 2924 1385 2995 Principio,
1418 2926 1538 2981 Vat.
1570 2929 1637 2984 A.

258 2996 345 3050 19.
375 2996 625 3064 Apicum,
657 2996 1021 3051 celsiiudinum
1059 2998 1430 3051 summitatum.
1469 2998 1505 3051 I.

252 3066 345 3122 31.
378 3068 485 3121 Aut
505 3083 645 3136 quae,
670 3069 800 3122 nihil
826 3084 1099 3128 summum,
1130 3069 1227 3123 nisi
1259 3084 1437 3133 unum,
1473 3069 1591 3125 Vat.
1628 3071 1780 3125 Δ.-

188 3137 432 3202 Summo,
480 3140 791 3212 summitate,
822 3140 954 3195 Mar.
982 3140 1297 3210 —-Dispare
1347 3155 1579 3208 summo,
1622 3158 1774 3212 sepa-

192 3219 303 3263 rata
327 3211 641 3276 summitate,
672 3210 716 3263 Ι.

263 3280 353 3333 2⁸2.
386 3280 584 3345 Unum,
614 3282 787 3350 fuerit,
816 3280 858 3335 Ι.

262 3351 350 3407 25.
388 3351 643 3421 Revulso,
674 3361 931 3424 separato,
962 3354 1001 3407 l.

1813 3340 1862 3404 C

1949 2513 2043 2636 [24.
2076 2514 2353 2637 VinIdicat,
2412 2515 2981 2585 usurpat.-—Omnia,
3041 2515 3231 2569 scilicet
3289 2519 3473 2585 facere,

2001 2602 2128 2637 esse.
2188 2600 2269 2637 so.

1888 2600 1964 2637 vet
2001 2602 2128 2651 esse,
2166 2600 2269 2640 ISO.

1957 2657 2048 2711 25.
2081 2657 2321 2720 Varium,
2356 2657 2591 2719 duorum,
2626 2658 2667 2711 Ι.

1955 2727 2046 2781 26.
2084 2726 2392 2791 Cumulum,
2438 2728 2830 2796 plenitudinem,
2864 2731 2942 2783 vel
2969 2728 3327 2795 summitatem,
3360 2730 3398 2781 Ι.

1958 2796 2047 2851 29.
2085 2798 2258 2863 Viget,
2286 2800 2507 2865 vigorem
2542 2809 2692 2866 tenet,
2726 2800 2765 2852 l.

1960 2868 2048 2923 50.
2084 2868 2311 2933 Collato,
2336 2871 2627 2936 conjuncta.
2663 2899 2731 2908 —
2756 2869 2997 2931 Fthere,
3028 2872 3272 2935 amicitia,
3300 2870 3340 2925 1.

1962 2940 2051 2992 51.
2084 2939 2327 3001 Summa,
2380 2940 2641 2992 summitas
2672 2950 2743 2995 est
2765 2939 2868 3004 ille,
2900 2942 3202 2994 sublimitas.
3234 2971 3302 2979 ——
3330 2941 3473 2997 Sim-

1893 3010 2034 3077 plex,
2063 3011 2234 3073 unica,
2268 3009 2308 3062 l.

1964 3081 2052 3134 55.
2087 3082 2257 3148 Apcx,
2289 3082 2553 3135 summitas
2592 3080 2787 3151 capilli,
2848 3091 2895 3135 et
2937 3082 3142 3150 ponitur
3200 3098 3293 3150 pro
3339 3084 3477 3137 omni

1894 3152 2203 3215 summitate,
2234 3152 2272 3206 1.

1968 3222 2054 3276 55.
2088 3220 2322 3291 Aliquid,
2352 3224 2617 3277 unitatem.
2640 3252 2710 3266 —-
2742 3223 3065 3290 Secundum,
3113 3223 3167 3276 id
3194 3232 3267 3277 est
3290 3223 3481 3292 ﬁlium,

1898 3302 1943 3346 et
1965 3293 2191 3363 angelos,
2243 3302 2288 3346 et
2338 3294 2585 3359 homines,
2622 3294 2661 3348 I.

1546 3441 2103 3500 COMMENTARIUS.

268 3534 318 3588 6.
351 3534 549 3603 Bong.,
580 3532 813 3597 obludit;
844 3548 1027 3603 supra,
1054 3533 1244 3587 illudit.

266 3605 318 3659 9.
349 3604 523 3658 Aldus
555 3604 691 3675 male
723 3604 1049 3675 interpungit
1089 3603 1171 3657 hic
1214 3606 1431 3659 mundus
1459 3604 1665 3659 dommo
1694 3620 1790 3674 pro

199 3675 277 3730 hic
307 3678 533 3729 mundus
552 3691 570 3728 :
599 3674 828 3727 domino.

268 3749 359 3803 11.
396 3747 590 3815 Bong.,
628 3745 867 3799 nonnulli
898 3746 1065 3815 vulg.,
1100 3745 1203 3799 duo
1232 3746 1355 3800 sint.

272 3818 356 3871 i4.
395 3818 542 3881 Rat.,
572 3816 865 3885 efﬂuxerat;
906 3817 1022 3882 alii,
1053 3818 1324 3885 efﬁnxerit.

272 3887 361 3944 17.
393 3889 506 3944 Gis.
543 3890 568 3943 1
604 3887 734 3941 edit.
784 3888 851 3941 ad
903 3903 1075 3951 oram,
1134 3888 1305 3952 Sich.,
1356 3886 1556 3941 Widm.
1606 3903 1789 3956 supra,

200 3960 369 4027 Bong.
403 3959 469 4013 ad
499 3974 688 4027 marg.,
715 3968 945 4013 constare
986 3959 1255 4028 biformis;
1286 3958 1490 4023 caueri,
1523 3962 1794 4014 consistere

202 4031 415 4083 duplex.

271 4048 577 4169 ἵξιῗελρίεεδ
618 4114 716 4167 pro
759 4114 971 4155 summo
1004 4100 1229 4155 honore.
1286 4100 1555 4167 Horatius,
1592 4101 1685 4155 lib.
1714 4116 1789 4168 ιιι,

204 4172 301 4226 oda
334 4171 426 4233 21,
464 4169 717 4223 Trementi
744 4188 920 4241 regum
950 4172 1139 4239 apices,
1182 4188 1340 4241 neque
1380 4171 1599 4225 militum
1627 4189 1791 4225 arma.

274 4242 365 4296 20.
407 4240 485 4295 En
529 4240 817 4295 nervosum
870 4240 1263 4310 argumentum
1290 4258 1394 4309 quo
1435 4242 1529 4297 SS.
1587 4243 1792 4309 Patres,

207 4313 445 4381 theologi
490 4320 544 4365 et
592 4311 893 4380 philoSOplii
945 4313 1036 4366 Dei
1088 4315 1346 4366 unitatem
1405 4313 1791 4367 demonstrant.

208 4383 351 4437 Deus
378 4390 469 4437 aut
501 4396 639 4435 unus
668 4392 772 4449 est,
804 4392 895 4436 aut
925 4384 968 4437 si
1009 4384 1186 4451 plures
1216 4393 1363 4445 sunt,
1403 4382 1517 4450 jam
1542 4399 1647 4437 non
1673 4392 1798 4438 sunt

210 4454 305 4507 dii.
335 4453 729 4508 Chamillardus
762 4452 959 4507 frustra
988 4454 1196 4507 laborat
1228 4455 1277 4507 id
1308 4456 1580 4521 explicare
1612 4473 1623 4507 :
1674 4470 1795 4507 nam

208 4525 408 4580 clarius
432 4522 759 4579 Prudentius
788 4525 1045 4588 carmine,
1101 4540 1259 4593 quam
1314 4526 1429 4592 ipse
1476 4525 1797 4592 interpreta-

211 4596 378 4659 tione,
413 4605 505 4648 aut
550 4594 950 4649 commentariis
995 4610 1105 4649 rem
1156 4596 1392 4650 coniicit.
1446 4595 1596 4660 Quod
1629 4597 1674 4649 si
1703 4595 1796 4649 SS.

212 4666 432 4721 Palmm
455 4666 805 4719 auctoritates
830 4665 1127 4730 desideras,
1154 4667 1432 4734 theologos
1462 4666 1661 4734 poteris
1683 4682 1803 4719 cou-

214 4738 419 4798 sulere,
465 4737 555 4803 qui
600 4751 691 4790 eas
723 4737 1049 4790 exscribunt.
1097 4737 1322 4806 Egregie
1371 4738 1429 4791 S.
1477 4736 1800 4790 Athanasius

1967 3536 2056 3609 28,
2094 3535 2412 3609 Prudentius
2454 3536 2528 3589 ait
2563 3550 2659 3590 nos
2690 3535 3038 3609 fateriDeum
3070 3555 3256 3606 unum,
3286 3555 3480 3609 quant-

1897 3607 1986 3678 vis
2005 3606 2233 3659 diversa!
2263 3606 2367 3658 sint
2391 3621 2666 3678 personae:
2701 3608 2819 3674 quia
2846 3607 3074 3662 Verbum
3103 3610 3275 3678 (idem
3301 3606 3385 3664 dic
3415 3611 3484 3668 de

1899 3676 2097 3745 Spiritu
2132 3686 2312 3748 sancto
2338 3677 2354 3741 )
2384 3690 2501 3729 cum
2536 3675 2692 3730 Patre
2726 3686 2912 3745 regnat
2933 3675 3205 3748 majestate
3236 3681 3325 3733 sub
3357 3697 3481 3748 una,

1898 3748 1999 3801 hoc
2025 3758 2126 3809 e~t,
2158 3746 2397 3813 ejusdem
2430 3754 2511 3800 est
2543 3756 2745 3800 natura:
2774 3763 2832 3800 ac
2864 3746 3195 3803 substantize.

1967 3817 2056 3893 29.
2086 3817 2230 3893 Ald.,
2255 3834 2355 3870 non
2383 3817 2538 3882 bene,
2564 3819 2747 3888 quippe
2766 3818 2965 3887 vigebit.
2996 3817 3107 3874 Gis.
3127 3830 3179 3874 et
3194 3820 3277 3873 alii
3314 3823 3480 3893 vulg.,

1898 3897 1945 3941 el
1962 3888 2139 3955 viguit.

1971 3960 2058 4013 51.
2086 3958 2228 4021 Put.,
2266 3958 2418 4026 Egm.
2453 3958 2516 4011 ad
2546 3974 2717 4013 oram.
2754 3958 2971 4013 Summa
2995 3970 3302 4028 potestatum
3326 3962 3485 4017 Pater

1901 4039 1995 4102 est,
2028 4030 2167 4098 quod
2194 4029 2875 4102 Heinsioet_Chamillardo
2907 4045 3011 4085 non
3054 4033 3319 4102 displicet,
3363 4034 3487 4102 quia

1901 4100 2040 4173 lucc,
2066 4108 2121 4153 ut
2154 4108 2357 4173 putant,
2391 4099 2457 4155 de
2481 4100 2589 4155 Deo
2630 4101 2790 4155 Patre
2814 4102 3085 4173 dicuntur.
3119 4099 3297 4173 Longe
3327 4099 3485 4159 aliter

1900 4172 2093 4245 sentio.
2152 4170 2360 4245 Etenim
2396 4173 2523 4245 haec
2577 4173 2755 4225 omnia
2800 4172 2865 4225 ad
2915 4187 3055 4227 vers.
3089 4175 3155 4229 57
3186 4170 3390 4245 accipio
3420 4176 3489 4231 de

1902 4241 2016 4309 ipsa
2065 4252 2255 4294 natura
2299 4242 2499 4295 divina.

1973 4314 2059 4366 5:4.
2097 4312 2385 4373 Arnobius,
2418 4313 2511 4365 lib.
2544 4328 2601 4376 It,
2636 4328 2756 4383 pag.
2811 4311 2917 4366 Ηυξ
2975 4314 3075 4369 Ille
3128 4320 3269 4368 salus
3318 4334 3491 4371 rerum

1902 4382 2041 4456 gens
2076 4385 2322 4443 omnium,
2358 4384 2595 4436 virtutum
2633 4382 2807 4451 eaput,
2832 4384 3155 4456 benignitatis
3172 4388 3483 4456 ctcolumen,

1902 4453 1970 4507 Et
1998 4468 2153 4527 supra
2180 4472 2201 4527 Ξ
2240 4459 2486 4507 bonorum
2518 4456 2745 4527 omnium
2786 4455 2927 4527 solus
2950 4453 3132 4527 caput.

1975 4526 2061 4579 55.
2099 4526 2152 4578 lu
2178 4526 2321 4589 Rat,
2356 4528 2551 4593 generis
2575 4526 2691 4579 sine
2718 4543 2834 4593 que.
2871 4526 2947 4579 Ex
2980 4526 3081 4581 hcc
3119 4529 3237 4580 loco
3267 4528 3489 4595 aliisque

1903 4596 2166 4649 similibus
2219 4596 2618 4649 Petziviuslmn.
2667 4597 2726 4661 ll,
2765 4597 2853 4649 lib.
2901 4612 2974 4662 iv,
3007 4612 3122 4664 cap.
3171 4598 3225 4661 5,
3277 4599 3489 4664 probat,

1904 4672 2104 4736 generis
2133 4684 2324 4719 nomen
2361 4682 2453 4733 pro
2502 4679 2688 4718 natura
2742 4668 2876 4719 sumi
2912 4668 3174 4720 interdum
3219 4667 3395 4721 sidere
3422 4668 3491 4722 ab

1908 4737 2104 4790 Hilario
2136 4750 2181 4791 ei
2211 4737 2519 4795 Prudentio,
2549 4737 2739 4803 quibus
2770 4738 3007 4805 adjungit
3029 4737 3334 4790 Facundum
3360 4739 3491 4792 Iler-

215 4819 350 4889 orat.
379 4806 828 4899 adver‘susjidola,
855 4807 1131 4899 niJuthlitudo
1154 4809 1437 4899 numinum,
1460 4807 1673 4860 nullitas
1708 4825 1804 4860 uu-
1830 4840 1883 4899 Β
1910 4808 2238 4899 ιῐιίειίρειιεριη
2270 4822 2333 4859 ex
2360 4808 2638 4899 Eustailiio
2662 4808 3017 4899 Antigclien'o,
3054 4808 3338 4899 Eusebium
3370 4807 3493 4863 vul-

212 4882 432 4941 minum,
465 4894 495 4931 a
521 4878 807 4932 Prudentia
850 4879 1131 4933 adhibetur
1157 4879 1348 4933 subtile
1392 4890 1792 4945 argumentum,

216 4950 266 5003 in
288 4950 493 5004 scholis
524 4947 806 5005 usitatum:
856 4950 998 5017 quod
1032 4952 1075 5004 si
1108 4950 1287 5019 plures
1331 4948 1402 5002 dii
1432 4959 1629 5013 essent,
1680 4952 1804 5002 uni-

216 5023 413 5090 cuique
433 5023 648 5074 deesset
674 5020 953 5088 perfectio,
987 5036 1105 5089 qua:
1130 5022 1181 5074 in
1222 5020 1804 5090 omniumcollectione

216 5089 505 5157 reperitur.
541 5091 599 5147 S.
632 5091 883 5156 lreumus,
918 5090 1011 5145 lib.
1047 5107 1102 5153 ll,
1136 5107 1254 5159 cap.
1296 5092 1346 5156 l,
1378 5089 1567 5144 eadem
1601 5092 1805 5145 ratione

220 5164 425 5217 utitur:
456 5162 629 5217 Deerit
664 5162 794 5214 enim
824 5163 1099 5226 unicuique
1122 5178 1293 5216 eorum
1327 5170 1519 5228 partem
1545 5163 1807 5215 minimam

220 5235 446 5299 habenti,
470 5235 539 5286 ad
566 5234 996 5301 comparationem
1017 5234 1242 5286 omnium
1265 5231 1576 5301 reliquorum
1602 5251 1617 5297 ;
1638 5244 1683 5286 et
1705 5232 1809 5286 sol—

222 5316 364 5357 ectur
388 5306 749 5369 omnipotentis
777 5304 1078 5373 appellatio.

291 5376 382 5430 21.
418 5375 559 5437 Gis.,
588 5375 845 5445 Dougan,
891 5376 1004 5428 llat.
1043 5390 1071 5427 a
1122 5375 1288 5443 prima
1331 5390 1510 5443 manu,
1568 5385 1653 5427 aut
1703 5377 1809 5444 qui.

226 5446 409 5511 Alcm,
440 5447 617 5510 Sich.,
643 5446 767 5500 Rat.
793 5461 822 5499 a
846 5446 1077 5501 secunda
1102 5461 1280 5507 manu,
1305 5445 1536 5510 Thuan.,
1570 5447 1811 5513 autquia.

227 5517 352 5587 Alii,
406 5529 495 5571 aut
521 5532 655 5587 quis.
690 5516 796 5571 Pro
824 5533 1023 5571 summo
1054 5516 1207 5571 Alex.
1238 5532 1266 5569 a
1316 5518 1487 5585 prima
1528 5531 1709 5581 manu,
1765 5525 1817 5570 et

230 5585 372 5651 80L,
412 5585 633 5642 summa.

300 5658 388 5711 22.
425 5661 605 5727 Prag.,
637 5661 781 5723 πῖθι..
822 5658 1037 5724 Weitz.,
1064 5658 1194 5714 Mar.
1220 5674 1318 5729 pro
1348 5659 1560 5713 diversa
1592 5657 1819 5713 lectione

236 5743 398 5781 usum.
434 5732 560 5795 Alii,
604 5748 782 5785 unum.

303 5800 393 5857 ξι.
424 5803 543 5858 Vat.
576 5805 643 5871 A,
671 5804 829 5871 male,
869 5804 1058 5859 indicat
1087 5817 1187 5872 pro
1216 5803 1459 5858 vindicat.

1796 5918 1861 5931 ,εο-

1908 4893 1974 4946 go
2009 4879 2340 4931 Einissenum
2374 4886 2757 4943 nuncupatum,
2782 4877 3168 4931 Tertullianum
3193 4886 3249 4933 et
3272 4880 3430 4937 alios.

1979 4949 2067 5002 54.
2096 4949 2147 5001 In
2174 4948 2289 5000 Vat.
2328 4950 2390 5013 Δ,
2423 4962 2664 5016 tempora,
2698 4948 2839 5012 anni,
2871 4962 2975 5000 non
3020 4948 3172 5001 bene.

1983 5022 2070 5074 55,
2099 5024 2135 5071 Α
2174 5019 2316 5091 Duo,
2337 5021 2424 5091 qui
2448 5034 2643 5069 summa
2675 5026 2977 5091 potestatum
3008 5018 3226 5089 simplex
3246 5029 3341 5084 est,
3401 5036 3495 5091 per

1914 5090 2142 5144 Verbum
2175 5089 2353 5143 omnia
2397 5089 2532 5143 facta
2582 5098 2723 5142 sunt.
2770 5088 2909 5142 Inter
2932 5100 3109 5143 creata
3133 5105 3259 5145 vero
3284 5088 3497 5148 suntea

1913 5176 2030 5231 qua:
2072 5172 2421 5215 numerantur
2478 5175 2575 5212 suo
2620 5160 2828 5214 ordine.
2873 5159 3007 5214 Nam
3058 5160 3198 5215 Deus
3246 5164 3496 5231 princeps

1916 5242 1967 5286 et
1990 5245 2174 5286 anetor
2198 5233 2401 5285 numeri
2433 5246 2538 5283 non
2573 5240 2749 5299 potest
2796 5232 3066 5285 numerari
3093 5248 3105 5284 :
3136 5247 3309 5298 neque
3353 5236 3498 5287 enim

1920 5313 2001 5356 est
2038 5304 2174 5356 Deus
2206 5306 2425 5371 primus,
2470 5302 2607 5355 Deus
2638 5303 2924 5365 secundus,
2961 5304 3097 5356 Deus
3144 5304 3364 5356 tertius:
3398 5319 3498 5359 ne-

1920 5389 2023 5439 que
2054 5374 2213 5427 Pater
2243 5384 2322 5427 est
2348 5386 2569 5426 numero
2601 5374 2824 5439 primus,
2854 5384 2944 5427 aut
2964 5373 3198 5427 anterior
3225 5372 3381 5441 Filio,
3408 5382 3500 5432 aut

1924 5443 2090 5498 Filius
2109 5445 2375 5499 secundus
2398 5458 2641 5509 numero,
2670 5454 2723 5497 et
2752 5445 3012 5510 posterior
3043 5445 3218 5498 Patre.
3259 5445 3326 5499 Ut
3353 5447 3499 5501 enim

1923 5515 1975 5568 in
1999 5515 2242 5585 symbolo
2268 5515 2627 5569 Atlianasiano
2658 5515 2871 5581 dicitur,
2897 5517 2948 5569 in
2980 5514 3075 5567 hac
3102 5515 3337 5570 trinitate
3364 5517 3500 5571 nihil

1923 5587 2085 5656 prius,
2110 5596 2197 5638 aut
2225 5586 2494 5655 posterius.
2524 5585 2585 5638 Et
2612 5586 2852 5652 quamvis
2881 5585 3121 5639 noonulli
3156 5587 3384 5652 theologi
3407 5604 3501 5643 ve-

1923 5672 2033 5711 ram
2060 5658 2389 5726 prioritatem
2420 5657 2641 5723 originis
2688 5658 2826 5711 inter
2864 5670 3147 5725 personam
3206 5658 3500 5726 producen-

1925 5735 2029 5781 tem
2052 5736 2104 5781 et
2134 5727 2439 5795 productam
2468 5738 2757 5797 agnoscant
2801 5744 2861 5781 ac
2888 5738 3154 5789 tueantur,
3209 5738 3387 5783 tamen
3435 5746 3499 5785 ea

1922 5813 2028 5855 non
2050 5797 2213 5855 ellicit
2243 5814 2539 5866 numerum,
2574 5801 2661 5869 qui
2689 5810 2798 5870 post
2814 5798 3009 5871 aliquid
3030 5797 3171 5861 dedit
3194 5815 3499 5858 essetcona-
