3950 6326
457 287 594 343 1015

1583 275 1857 331 AURELll
1900 272 2262 331 PRUDENTII
2298 271 2620 328 CARMINA.

3570 261 3710 322 1016

637 398 784 453 Unus
798 396 940 452 enim
961 395 1208 464 princeps
1229 389 1437 447 numeri
1458 398 1560 454 est,
1583 403 1684 444 nec
1704 387 2030 444 dinumerari
2061 390 2116 450 Α
2137 386 2207 441 45
2313 386 2442 452 Quis
2467 384 2671 438 dixisse
2701 381 2835 436 duos
2863 393 2976 436 rem
3006 377 3288 446 majestate
3318 376 3418 431 sub
3445 391 3544 432 una

635 497 861 550 Tantum
887 507 1024 548 unus
1054 493 1190 562 potis
1242 500 1364 546 est:
1424 491 1522 556 sic,
1576 504 1695 544 cum
1749 489 1921 553 Pater,
1971 501 2033 542 ac

1624 589 1642 659 [
1667 589 1804 643 Deus
1827 589 1964 642 alter

639 696 755 751 Non
773 695 861 760 sit,
876 694 1002 750 item
1013 693 1258 748 Christus
1273 707 1379 747 non
1399 692 1724 761 sitgemtore
1747 690 2031 757 secundus,

639 797 798 869 503
824 795 930 851 Aut
960 809 1184 850 numero
1221 793 1486 860 anterior,
1516 791 1602 846 cui
1635 789 1799 845 Filius
1844 790 2032 845 unicus

1723 891 1835 963 [uni
1863 899 1966 956 est,

460 1005 530 1061 40
642 1002 740 1058 llle
753 1000 915 1065 Deus,
930 996 1225 1067 meritoque
1243 995 1381 1050 Deus
1398 1011 1410 1047 :
1425 993 1547 1062 quia
1565 993 1785 1062 primus,
1807 1000 1862 1050 et
1879 1007 2034 1048 unus:

644 1104 701 1158 ln
728 1101 922 1157 virtute
949 1114 1044 1153 sua
1072 1098 1302 1168 primus;
1337 1105 1444 1148 tum
1471 1094 1672 1164 primus
1699 1094 1752 1146 in
1783 1093 1894 1159 illo,

644 1209 812 1277 Quem
839 1203 1058 1276 genuit:
1081 1200 1208 1273 quid
1229 1199 1371 1255 enim
1395 1197 1595 1264 didert,
1611 1197 1887 1267 generatio
1914 1195 2041 1250 sim—

1792 1287 1933 1358 [plex
1950 1285 1974 1338 Y

648 1399 823 1455 Unum
857 1409 1068 1464 semper
1099 1392 1200 1447 erit
1226 1391 1464 1462 gignens,
1494 1398 1654 1460 atque
1681 1403 1818 1444 unus
1846 1391 1913 1444 ab
1941 1404 2046 1443 uno

651 1503 789 1556 Ante
813 1496 977 1552 chaos
1003 1494 1233 1564 genitus,
1258 1505 1610 1562 numeroque,
1634 1499 1687 1545 et
1715 1501 1954 1559 tempore
1980 1490 2045 1544 li-

1837 1583 1976 1654 [ber.

2318 475 2668 545 Regnantem,
2697 472 3072 542 propriamque
3095 467 3221 535 sibi,
3247 476 3499 539 retroque
3522 485 3713 536 peren-

3500 562 3646 634 [nem

2318 660 2497 725 Ausit,
2525 669 2578 714 et
2607 657 2764 712 unius
2793 664 2994 710 naturae
3021 654 3269 710 scindere
3291 654 3472 709 vires?

2321 753 2482 825 504
2500 750 2746 821 Nunquid
2774 749 3078 819 adoptivum
3097 748 3312 818 genitor
3338 745 3441 801 sibi
3471 747 3713 813 sumpsit,

3407 839 3486 910 [ut
3513 839 3649 894 alter

2323 937 2540 994 Esterni
2567 935 2776 1007 generis
2806 947 3081 988 numerum
3110 939 3369 1001 praestare
3397 930 3622 986 duorum

2132 1030 2215 1086 v50
2324 1029 2549 1094 Debeat,
2577 1035 2633 1082 et
2659 1027 2929 1097 geminum
2960 1023 3166 1078 distans
3198 1021 3451 1076 inducere
3481 1019 3722 1074 numen?

2321 1125 2513 1180 Forma
2543 1123 2712 1176 Patris
2739 1122 2849 1174 veri
2877 1134 3035 1174 verus
3061 1125 3165 1172 stat
3194 1116 3379 1180 Filius,
3411 1129 3472 1168 ac
3499 1129 3557 1168 se

2322 1217 2497 1272 Unum
2521 1215 2622 1268 rite
2641 1212 2845 1282 probat,
2867 1211 2988 1264 dum
3013 1209 3237 1263 formam
3259 1217 3437 1261 servat
3457 1204 3719 1258 eamdem.

2324 1308 2440 1363 Non
2471 1320 2621 1360 amor
2649 1305 2848 1358 ascitus
2877 1302 3077 1364 sociat,
3119 1314 3218 1354 nec
3243 1299 3414 1367 jungit
3446 1307 3724 1366 utrumque

2328 1399 2614 1468 Conjurata
2643 1397 2802 1458 ﬁdes;
2832 1394 3004 1462 pietas
3027 1391 3119 1446 sed
3147 1398 3312 1452 certa,
3341 1404 3615 1459 genusque

2157 1493 2226 1549 55
2335 1492 2532 1559 Unum,
2561 1487 2704 1560 quod
2747 1488 2888 1542 Deus
2933 1494 3034 1553 est,
3070 1497 3333 1539 summam
3361 1491 3642 1538 revocatur
3667 1480 3726 1539 ad

3459 1575 3661 1648 [unam.

1781 1722 2068 1780 GLOSSIE
2105 1725 2446 1786 VETERES.

547 1872 638 1928 '56.
701 1871 847 1927 Unus
892 1871 1056 1938 enim,
1087 1869 1206 1938 quia
1255 1869 1318 1922 ab
1370 1883 1471 1922 uno
1508 1867 1804 1921 inchoamus
1857 1882 2052 1939 semper
2087 1873 2137 1934 Β
2232 1871 2323 1926 45.
2364 1870 2529 1936 Duos,
2551 1868 2743 1922 scilicet
2769 1866 2969 1939 deosJ.

481 1958 766 2008 numerum,
797 1940 836 1995 l.

552 2013 638 2068 58.
697 2005 996 2077 Secundus,
1048 2027 1107 2065 ac
1150 2010 1286 2065 Deus
1326 2007 1486 2063 Pater
1515 2025 1616 2063 non
1644 2009 1709 2063 sit
1757 2008 1863 2078 ipse
1902 2007 2059 2064 Pater

486 2086 710 2138 anterior
739 2098 968 2147 numero,
995 2082 1037 2136 1.

551 2157 642 2209 40.
689 2154 854 2217 Unus,
889 2151 1054 2205 Filius
1082 2151 1262 2217 Pater,
1295 2150 1333 2205 Ι.

556 2225 645 2278 45.
685 2224 768 2278 Ab
796 2238 921 2287 uno,
955 2222 1130 2286 Patre,
1160 2222 1202 2275 1.

557 2293 644 2347 44.
685 2293 884 2358 Chaos,
908 2293 1168 2354 mundum,
1195 2290 1519 2360 principium.
1541 2287 1980 2359 —Numeroque,
2003 2308 2060 2345 eo

488 2363 621 2433 quod
649 2364 712 2416 sit
737 2380 867 2417 unus
888 2364 1046 2429 filius,
1078 2359 1207 2414 sicut
1237 2377 1366 2412 unus
1394 2359 1587 2433 genitor
1616 2368 1710 2415 est.
1734 2390 1804 2403 -
1825 2361 1892 2414 Et
1922 2371 2060 2415 tem-

485 2428 640 2508 pore,
670 2433 724 2486 id
751 2441 845 2499 est,
876 2428 1095 2502 (equotes
1123 2433 1176 2484 in
1209 2428 1532 2500 temporibus,
1567 2429 1606 2483 l.

2233 1940 2321 1995 46.
2369 1935 2552 2003 Retro,
2582 1939 2644 1991 ab
2676 1939 2841 2004 initio,
2879 1936 2995 1988 Vat.
3023 1935 3084 1988 Α.

2233 2012 2323 2066 47.
2365 2011 2535 2072 Ausit,
2563 2025 2714 2062 ausus
2745 2018 2836 2070 est,
2862 2005 2901 2060 l.

2238 2083 2323 2136 58.
2368 2081 2707 2149 Adoptivum,
2739 2076 2955 2141 Filium,
2988 2076 3029 2128 l.

2236 2151 2328 2205 50.
2371 2144 2604 2210 Distans,
2635 2151 2740 2202 alio
2769 2150 2917 2201 modo
2946 2156 3104 2211 stans,
3130 2144 3171 2198 1.

2238 2223 2327 2276 51.
2371 2220 2509 2286 Stat,
2541 2216 2634 2280 ρὰ,
2679 2219 2719 2271 1.

2239 2291 2326 2346 5‘2.
2367 2283 2564 2355 Unum,
2599 2289 2812 2342 Filium.
2842 2319 2912 2329 -
2937 2288 3077 2352 Rite,
3108 2286 3372 2341 veraciter.
3405 2314 3466 2326 —
3493 2283 3738 2340 Formam

2168 2361 2435 2427 eamdem,
2464 2361 2796 2414 substantiam
2826 2359 3018 2424 Patris,
3049 2359 3085 2412 Ι.
3420 2360 3422 2362 ’

2243 2429 2329 2485 55.
2374 2432 2561 2498 Amor,
2589 2430 2818 2501 adaptio,
2848 2429 2889 2483 1.

1839 2580 2397 2637 COMMENTARIUS.

493 2710 634 2771 dum,
659 2703 725 2758 de
755 2715 859 2770 quo
886 2699 1119 2768 loquitur
1147 2696 1464 2771 Prudentius
1491 2713 1503 2748 :
1536 2709 1597 2749 ac
1625 2698 1795 2748 solum
1821 2710 1885 2771 ea
1920 2697 2058 2764 prio-

492 2766 630 2832 ritas'
663 2766 925 2844 signiﬁcat
948 2766 1226 2844 personam
1261 2766 1638 2844 producentem
1669 2781 1789 2844 esse
1821 2767 1869 2819 id
1901 2783 1928 2820 a
1959 2781 2064 2844 quo

495 2856 579 2901 est
611 2837 834 2914 persona
871 2837 1144 2914 producta,
1177 2853 1282 2892 non
1312 2837 1567 2914 vicissim,
1590 2844 1672 2914 _et
1700 2839 1799 2889 hoc
1821 2852 1978 2890 sensu
2012 2840 2062 2890 in

495 2907 755 2971 Trinitate
779 2920 897 2966 sunt
931 2912 1120 2980 prima,
1158 2907 1388 2980 secunda
1412 2916 1463 2960 et
1487 2907 1637 2980 tertia
1664 2922 1913 2980 persona,
1949 2922 2064 2974 quae

496 3001 678 3041 revera
709 2992 831 3036 sunt
859 2976 966 3035 tre's
1007 2993 1246 3048 persona:
1272 2979 1551 3032 distinctm.
1595 2976 1822 3030 Sanctus
1862 2977 2070 3046 Grego-

497 3058 611 3111 rius
649 3053 917 3124 Nyssenus
963 3051 1175 3124 disertis
1204 3047 1378 3102 verbis
1408 3047 1655 3124 affirmat,
1687 3048 1829 3099 nullo
1860 3048 1907 3099 id
1959 3063 2070 3124 ser-

498 3141 656 3180 mone
685 3116 1062 3192 comprehendi
1087 3133 1264 3187 posse,
1297 3116 1740 3192 quemadmodum
1776 3132 1858 3192 res
1887 3117 2071 3192 eadem

497 3186 848 3249 numerabilis
877 3192 945 3244 sit
987 3201 1041 3243 et
1073 3186 1350 3241 numerum
1386 3189 1566 3254 fugiat.
1619 3186 1848 3254 Consule
1895 3186 2077 3238 lauda-

501 3264 615 3318 tum
651 3263 918 3313 l’etavium
951 3261 1045 3312 lib.
1076 3273 1170 3320 xu,
1208 3267 1336 3308 tom.
1368 3253 1578 3321 ll,’cap.
1614 3253 1699 3317 15,
1730 3255 1815 3307 ubi
1841 3257 2076 3320 explica-

2166 2698 2586 2767 generationem,
2614 2711 2858 2765 quanam
2885 2696 3180 2751 differentia
3213 2709 3336 2750 esse
3364 2701 3543 2764 potest
3570 2695 3625 2749 in
3655 2707 3743 2748 na-

2171 2779 2309 2829 tura,
2347 2769 2398 2820 in
2435 2769 2650 2832 virtute,
2685 2768 2738 2821 in
2771 2767 3089 2833 majestate?

2237 2840 2325 2893 45.
2373 2839 2522 2905 Egm.
2555 2852 2584 2889 a
2611 2853 2770 2891 manu
2794 2838 2984 2904 prima,
3007 2853 3204 2902 semper
3232 2845 3398 2890 erunt.

2246 2910 2335 2963 45.
2379 2909 2638 2974 Repetere
2660 2908 2745 2960 hic
2769 2909 2916 2973 plura
2942 2923 3220 2973 possemus
3241 2923 3301 2958 ex
3325 2908 3572 2976 symbolo
3589 2907 3746 2963 Atha-

2175 2981 2416 3044 ttasiano,
2444 2986 2504 3030 ut
2531 2995 2633 3030 non
2657 2989 2754 3031 tres
2775 2979 2971 3040 teterni,
2995 2979 3084 3030 sed
3106 2994 3237 3029 unus
3265 2985 3506 3040 internus,
3532 2996 3631 3032 non
3660 2989 3747 3030 tres

2173 3053 2267 3116 dii,
2297 3051 2387 3103 sed
2417 3067 2546 3103 unus
2571 3050 2718 3106 Deus.
2747 3065 2877 3101 unus
2896 3046 3075 3110 Pater,
3110 3064 3210 3100 non
3239 3057 3338 3098 tres
3364 3059 3556 3116 patres.
3585 3060 3686 3101 etc.

2245 3123 2333 3174 47.
2367 3122 2529 3188 Magis
2561 3119 2757 3171 arridet
2787 3120 3163 3188 scindereieuin
3197 3117 3351 3188 Man,
3379 3119 3521 3178 llat.,
3541 3118 3748 3173 Weitz..

2181 3192 2338 3251 Urb..
2369 3187 2526 3257 quam
2553 3190 2840 3242 exscindere
2872 3204 2987 3242 cum
3019 3187 3164 3250 Put.,
3191 3187 3427 3248 Thuan..
3455 3188 3575 3242 Ald.

2249 3260 2339 3313 48.
2372 3261 2482 3314 Hoc
2509 3259 2650 3314 aliud
2674 3259 2960 3323 estdogina
2990 3259 3309 3312 catholicum
3343 3275 3355 3308 :
3389 3259 3638 3324 Verbum,
3669 3266 3743 3310 at-

503 3343 590 3385 tur
615 3340 818 3384 natur-zu
862 3330 1055 3400 divinae
1099 3302 1438 3400 singularitas
1467 3302 1727 3400 etruuitas
1777 3302 2077 3378 numerica.
2105 3302 2149 3364 Ο
2183 3347 2284 3400 que
2305 3302 2599 3385 adeoJesus
2615 3302 3043 3400 CitristitsFiliits
3061 3328 3232 3381 Patris
3253 3337 3332 3381 est
3355 3302 3638 3393 naturalis:
3654 3302 3750 3381 non

503 3401 761 3465 Theologi
797 3402 945 3451 aiunt
985 3399 1035 3450 in
1073 3396 1486 3465 pr0prietatihus
1525 3393 1759 3465 relativis
1798 3409 2078 3448 numerum

504 3463 772 3532 adhiberi,
796 3484 900 3522 non
930 3469 981 3521 in
1004 3466 1281 3520 absolutis.
1308 3464 1479 3519 Simili
1503 3463 1659 3516 modo
1675 3463 1731 3516 S.
1762 3465 2084 3531 Augustinus

503 3551 662 3596 tract.
695 3540 760 3594 59
789 3539 839 3593 in
868 3537 1022 3591 Joan.
1048 3553 1062 3590 :
1095 3534 1208 3587 Hoc
1231 3535 1340 3588 solo
1363 3549 1628 3586 numerum
1642 3534 1923 3599 insinuant,
1947 3536 2084 3604 quod

505 3611 574 3664 ad
603 3611 813 3662 invicem
842 3617 956 3662 sunt
981 3624 1000 3670 ;
1030 3623 1129 3659 non
1158 3607 1294 3673 quod
1317 3607 1384 3657 ad
1412 3622 1464 3657 se
1489 3614 1622 3657 sunt.

579 3682 668 3736 59.
718 3681 931 3733 Minime
959 3677 1138 3732 dubito
1181 3678 1305 3744 quin
1334 3675 1608 3744 legendum
1639 3674 1709 3726 sit
1737 3690 1856 3727 cttm
1887 3675 2004 3727 Rat.
2034 3683 2088 3730 et

506 3753 640 3807 Mar.
665 3766 692 3804 a
719 3749 950 3804 secunda
976 3763 1171 3802 manu:
1198 3747 1298 3800 Aut
1320 3763 1526 3799 numero
1547 3746 1793 3807 anterior,
1817 3747 1898 3797 cui
1923 3745 2088 3800 Filius

506 3825 688 3877 unicus
716 3822 801 3874 uni
827 3831 920 3873 est.
953 3820 1156 3874 Sensus
1186 3829 1288 3884 est,
1322 3818 1462 3885 quod
1493 3815 1655 3869 Filius
1689 3833 1790 3868 non
1821 3825 1903 3868 est
1933 3816 2088 3869 Patre

507 3894 793 3961 posterior,
826 3892 978 3943 Pater
1007 3906 1109 3942 non
1141 3899 1223 3942 est
1252 3890 1488 3942 anterior
1523 3886 1807 3961 Filiorsed
1841 3886 1977 3939 Deus
2008 3895 2090 3940 est

509 3957 650 4016 unus
682 3962 882 4026 primus
911 3961 962 4012 in
985 3961 1180 4011 virtute
1209 3975 1324 4019 sua,
1351 3961 1554 4026 printus
1586 3959 1636 4009 in
1666 3957 1756 4009 illo
1778 3972 1934 4022 quem
1965 3966 2090 4009 ante

511 4033 677 4084 chaos
714 4031 920 4095 genuit.
951 4039 1202 4085 et.unum
1249 4038 1375 4082 sunt
1400 4029 1622 4095 gignens
1650 4037 1702 4078 et
1730 4028 1962 4091 genitus,
1995 4041 2093 4078 uu-

510 4114 768 4164 meroque
810 4109 861 4149 et
905 4109 1140 4161 tempore
1184 4097 1334 4150 liber.
1385 4099 1440 4150 S.
1465 4097 1772 4164 Fulgentius
1820 4096 1869 4146 in
1905 4095 1995 4149 ιιι).
2025 4095 2092 4148 de

514 4169 646 4222 Fide
672 4168 735 4219 ad
761 4167 975 4219 Petrum
1006 4166 1238 4218 Verbum
1273 4166 1539 4219 Prudentii
1586 4165 1844 4224 adhibuit,
1879 4176 2093 4218 senten-

512 4241 745 4304 tiamque
771 4236 1018 4302 explicuit
1044 4252 1056 4286 :
1079 4234 1272 4286 Nullus
1293 4235 1474 4288 horum
1502 4246 1645 4286 extra
1666 4235 1928 4300 quemlibet
1960 4237 2095 4302 ipso-

512 4325 629 4360 rum
653 4303 764 4360 est:
793 4307 912 4374 quia
945 4321 1089 4357 nemo
1111 4303 1269 4356 alium
1293 4304 1529 4371 prtecedit
1559 4306 1852 4358 wternitate,
1883 4316 1978 4374 aut
2001 4321 2091 4357 ea:-

517 4378 648 4432 cedit
666 4372 1032 4440 maqnitudinc,
1053 4382 1141 4426 aut
1163 4384 1369 4438 superat
1391 4383 1634 4444 potestate
1653 4390 1669 4423 :
1690 4375 1808 4442 quia
1830 4390 1919 4426 nec
1934 4372 2090 4438 Filio,

516 4464 607 4501 nec
635 4446 834 4516 Spiritu
860 4453 1056 4508 sancto,
1078 4454 1322 4511 quantum
1341 4446 1408 4496 ad
1428 4444 1822 4516 naturgedivinm
1849 4444 2094 4496 unitatem

522 4513 761 4584 pertinet,
791 4524 877 4568 aut
918 4528 1202 4575 ANTEBIOB,
1242 4525 1329 4568 aut
1368 4515 1533 4574 maior
1571 4513 1724 4564 Pater
1763 4521 1857 4575 est,
1886 4523 2004 4584 etc.
2040 4515 2094 4567 In

518 4583 640 4642 Vat.
664 4591 707 4639 A
731 4585 984 4639 tuendum
1009 4595 1092 4638 est
1107 4586 1339 4639 interior.
1360 4585 1412 4636 In
1431 4584 1548 4637 aliis
1564 4599 1696 4638 mss.
1719 4593 1772 4635 et
1797 4583 1917 4634 edd.
1946 4598 1961 4636 ξ
1993 4584 2096 4635 Au-

2185 3398 2497 3469 adoptivus;
2527 3417 2591 3454 ex
2623 3414 2730 3468 quo
2760 3400 2933 3461 capite
2965 3398 3274 3469 Marcionita
3308 3414 3412 3450 non
3445 3409 3652 3466 poterat
3677 3413 3751 3450 as-

2185 3467 2388 3534 serere,
2411 3482 2499 3523 aut
2525 3467 2766 3539 arguere,
2787 3470 3010 3522 alterum
3034 3467 3253 3521 alterius
3283 3471 3517 3535 generis,
3543 3471 3653 3522 sive
3675 3483 3752 3520 ua-

2188 3553 2318 3594 turm
2343 3556 2620 3595 numerum
2647 3540 2872 3592 duorum
2900 3548 3174 3606 prrcstare,
3199 3550 3251 3592 et
3273 3540 3546 3606 geminum
3574 3553 3755 3592 numen

2189 3611 2462 3665 inducere.
2509 3611 2831 3664 Prudentius
2869 3609 3135 3676 prmcipue
3167 3612 3401 3677 loquitur
3436 3611 3503 3662 de
3534 3609 3755 3667 Chiislo,

2188 3692 2449 3751 quatenus
2491 3692 2573 3736 est
2605 3681 2743 3732 Deus
2785 3696 2797 3729 :
2843 3694 2961 3751 nam
2984 3679 3437 3751 ismpeﬂltristum
3470 3695 3568 3751 pro
3601 3677 3758 3731 Verbo

2189 3748 2402 3819 accipit.
2439 3752 2572 3805 llinc
2598 3758 2825 3816 arguunt
2857 3748 3107 3819 theologi,
3136 3748 3427 3811 Christum,
3459 3750 3621 3801 etiam
3645 3763 3758 3816 qua-

2191 3818 2344 3875 tenus
2365 3832 2447 3874 est
2471 3823 2649 3883 homo,
2681 3835 2781 3871 non
2815 3833 2934 3871 esse
2963 3818 3127 3871 lilium
3161 3819 3467 3886 adoptivum
3495 3819 3590 3872 Dei
3622 3837 3631 3868 :
3661 3827 3758 3871 ete-

2191 3897 2298 3943 nim
2332 3892 2468 3944 lilius
2497 3891 2777 3958 adoptivus
2807 3899 2890 3942 est
2921 3904 3143 3956 persona
3186 3900 3435 3941 extranea
3474 3886 3760 3955 adoptanti.

2194 3963 2319 4015 Erat
2361 3971 2482 4014 tunc
2527 3963 2576 4013 in
2631 3975 2778 4012 more
2818 3963 3067 4025 positum,
3107 3965 3164 4011 ut
3205 3960 3557 4022 imperatores
3609 3959 3758 4010 lilium

2193 4033 2420 4100 aliquem
2445 4030 2663 4084 alterius
2684 4029 2894 4100 generis
2917 4029 3015 4100 sibi
3039 4029 3370 4095 adoptarent.
3397 4029 3535 4100 et_ad
3562 4025 3760 4100 imperii

2153 4147 2156 4152 .
2196 4097 2394 4169 partem
2423 4109 2776 4154 assumerent.
2803 4098 2914 4152 Huc
2941 4098 3163 4151 fortasse
3189 4100 3422 4150 aliimum
3448 4097 3760 4169 Prudentius

2194 4166 2442 4224 advertit.
2493 4169 2662 4223 Genus
2707 4183 2798 4229 pro
2839 4179 3025 4221 natura
3076 4185 3232 4236 supra
3271 4179 3424 4233 poeta
3463 4166 3757 4236 usurpavit;

2196 4245 2490 4305 eodemque
2516 4240 2785 4293 vocabulo
2809 4238 2887 4290 nsi
2915 4246 3041 4291 sunt
3067 4234 3244 4305 plures
3274 4239 3376 4292 SS.
3392 4237 3600 4295 Patres.
3634 4234 3762 4304 quod

2197 4328 2339 4378 szepe
2366 4311 2712 4374 reiieteuduiu
2745 4317 2827 4363 est
2852 4319 3034 4362 contra
3060 4309 3251 4361 Clerici
3279 4307 3633 4375 sophismata.
3665 4306 3764 4378 Vox

2199 4376 2288 4433 illa
2302 4382 2590 4447 adoptivum
2609 4382 2875 4448 reperitur
2892 4379 2940 4430 in
2965 4377 3481 4448 concil.Bracareusi
3501 4393 3538 4441 ι,
3558 4376 3761 4444 cap.l$:

2205 4451 2670 4518 Adoptivafemina
2705 4449 2946 4507 ascititia.
2977 4458 3030 4501 et
3062 4450 3112 4500 in
3140 4447 3467 4501 Collectioue
3507 4458 3764 4500 canonum

2203 4524 2258 4574 S.
2281 4521 2486 4573 Martini
2519 4520 2878 4576 Bracarensis.
2911 4521 2965 4572 lu
2994 4520 3238 4572 oratione
3268 4519 3546 4574 matutina.
3577 4531 3694 4586 quae
3738 4527 3764 4564 a

2203 4592 2382 4643 multis
2415 4591 2668 4651 Ausonio,
2719 4606 2748 4642 a
2800 4589 3066 4642 nonnullis
3095 4588 3396 4644 S.Paulino
3443 4587 3763 4641 ascribitur:

519 4659 672 4711 terior
691 4671 902 4730 numero
917 4665 1014 4730 est,
1034 4656 1116 4708 cui
1145 4653 1307 4730 ilius
1329 4655 1613 4730 u_nirus_uni
1636 4663 1728 4716 est,
1752 4655 1890 4730 quod
1916 4656 2096 4730 nescio
2129 4667 2178 4726 ι)
2204 4661 2390 4729 Stirpis
2421 4662 2666 4729 ηάοριξυω
2691 4658 2896 4712 metiore
2929 4676 3151 4730 propage
3179 4660 3444 4711 σοιεηάαε,

518 4743 617 4797 qua
644 4727 848 4780 ratione
866 4727 1033 4797 possit
1049 4725 1329 4797 explicari.
1355 4726 1688 4797 Latinitatein
1709 4724 1855 4797 vocis
1871 4725 2098 4797 anterior

518 4794 651 4852 satis
681 4798 918 4850 defendit
943 4796 1105 4849 Olaus
1133 4795 1440 4848 Borrichlus
1473 4796 1522 4847 in
1556 4794 1824 4847 Analectis
1848 4796 1910 4846 ad
1936 4795 2096 4861 (logi.

520 4868 745 4922 taliones
766 4867 831 4920 de
854 4865 1030 4934 lingua
1050 4867 1231 4918 Latina
1253 4875 1434 4918 contra
1450 4864 1695 4917 Vessium
1720 4873 1770 4917 et
1787 4865 2094 4927 Cellarium,

522 4954 585 4992 es
609 4938 749 4990 .lulio
781 4936 992 4990 Caesare
1031 4938 1082 4988 in
1116 4936 1332 5003 optimis
1357 4936 1771 5000 exeruplaribus,
1805 4935 2095 4998 Prisciano,

520 5006 1119 5076 Symmachg,‘Sulpieio
1137 5006 1359 5073 aliisque
1386 5005 1694 5072 aequalibus.
1715 5005 2097 5076 Proprietatem

520 5073 778 5143 loquendi-
793 5073 964 5128 Filius
986 5076 1163 5128 unicus
1182 5079 1268 5128 uni
1293 5085 1365 5128 est
1387 5083 1530 5128 recte
1560 5077 1759 5127 notavit
1788 5074 2002 5127 Teclius
2034 5092 2097 5128 ex

519 5148 575 5200 S.
599 5147 799 5201 Tltoma
831 5155 961 5207 part.
1001 5147 1050 5207 l,
1084 5153 1271 5213 quaest.
1297 5147 1384 5208 51,
1411 5156 1512 5196 art.
1535 5145 1568 5196 ‘2
1595 5157 1610 5198 :
1641 5145 1864 5197 Dicimus
1896 5147 2099 5198 unicum

521 5216 736 5282 Filium,
762 5217 882 5286 quia
910 5233 1012 5268 non
1045 5226 1171 5286 sunt
1189 5214 1358 5282 plures
1381 5215 1478 5283 ﬁlii
1506 5216 1561 5286 in,
1589 5215 1771 5286 diuinis
1795 5232 1811 5267 :
1841 5231 1997 5280 neque
2023 5226 2099 5267 tu.-

522 5303 635 5340 men
665 5283 880 5340 dicimus
909 5287 1112 5338 unicum
1140 5283 1325 5349 Deum,
1357 5286 1478 5353 quia
1510 5284 1738 5354 pluribus
1768 5286 2002 5338 divinitus
2030 5295 2101 5339 est

523 5373 824 5410 communis.

595 5426 683 5481 42.
723 5426 1010 5481 Generatio
1056 5425 1282 5494 simplex
1321 5433 1404 5478 est
1451 5429 1724 5495 generatio
1767 5436 1967 5481 aeterna
2010 5442 2103 5493 per

524 5499 1062 5552 communicationem
1089 5497 1330 5564 ejusdem
1361 5506 1585 5560 naturae,
1618 5512 1720 5550 non
1754 5513 1845 5563 per
1875 5498 2096 5550 divisio-

525 5583 668 5630 nem,
703 5576 794 5620 aut
823 5567 1316 5633 multiplicationem
1348 5567 1596 5621 essentia:
1628 5584 1640 5620 :
1674 5582 1791 5620 nam
1826 5565 1987 5621 Filius
2014 5577 2097 5621 est

526 5637 756 5701 genitus,
792 5651 894 5690 nou
925 5645 1157 5701 creatus,
1188 5648 1278 5691 aut
1307 5639 1498 5692 factus.
1554 5638 1678 5692 ldeo
1711 5648 1860 5705 poeta
1895 5638 2098 5692 theolo-

526 5717 627 5770 gus
648 5713 818 5774 rogat,
842 5707 978 5760 inter
997 5707 1229 5775 genitum
1251 5718 1304 5764 et
1325 5717 1667 5775 generantem
1692 5723 1782 5776 per
1803 5708 2096 5778 simplicem

2395 4726 2582 4784 Filium
2629 4744 2748 4783 esse
2795 4730 3047 4795 formam,
3094 4726 3211 4781 sive
3255 4728 3538 4792 imaginem
3582 4726 3766 4791 Patris,

2203 4802 2383 4855 monui
2427 4803 2475 4854 in
2508 4802 2701 4866 Apoth.
2753 4800 2825 4852 Ex
2855 4815 2960 4868 quo
2989 4799 3285 4865 colligitur,
3316 4798 3505 4852 Filium
3535 4797 3768 4868 ejusdem

2203 4887 2321 4926 esse
2351 4886 2468 4925 cum
2502 4871 2656 4923 l'atre
2684 4866 2888 4922 naturae
2918 4887 2931 4921 :
2971 4886 3071 4922 non
3103 4869 3242 4922 enim
3282 4871 3513 4936 perlecta
3544 4869 3661 4920 haec
3701 4866 3771 4918 si-

2205 4943 2444 4995 militudo
2489 4950 2542 4992 et
2590 4941 2726 4992 ratio
2782 4940 3023 5007 imaginis
3071 4942 3366 4992 c0usistere
3411 4947 3598 5005 posset
3650 4939 3772 4989 inter

2204 5019 2336 5064 (luas
2365 5012 2643 5064 distinctas
2673 5019 2906 5063 naturas.
2941 5010 3138 5062 Confer
3169 5009 3464 5076 theologos,
3493 5007 3772 5071 probantes

2207 5082 2458 5134 unitatem
2495 5080 2743 5134 essentia:
2780 5082 2832 5133 in
2877 5080 3045 5132 tribus
3079 5078 3343 5146 personis.
3374 5078 3622 5131 Petavius
3652 5085 3769 5146 toni.

2207 5151 2292 5212 lV,
2319 5152 2408 5204 lib.
2435 5167 2488 5214 ιι,
2515 5166 2632 5218 cap.
2660 5153 2746 5212 ll,
2772 5159 2824 5202 et
2849 5149 2938 5201 lib.
2972 5166 3041 5210 tv,
3067 5145 3185 5216 cap.
3205 5149 3291 5208 15,
3322 5147 3597 5218 observat,
3625 5145 3770 5200 simili

2204 5232 2516 5288 argumento
2564 5237 2687 5273 llStlS
2729 5220 3110 5284 Athanasium,
3158 5219 3443 5280 Basiliutn,
3489 5217 3770 5288 Cyrillum;

2205 5285 2297 5345 sed
2323 5291 2710 5359 adjungendaiu
2737 5305 2859 5343 esse
2886 5300 3141 5356 praeterea
3169 5287 3367 5341 divina:
3393 5285 3768 5359 generationis,

2206 5363 2287 5414 vel
2331 5355 2692 5429 productionis
2731 5355 3092 5412 substantialis
3127 5359 3418 5422 rationem,
3458 5372 3581 5424 qum
3613 5355 3663 5429 id
3697 5369 3770 5429 rev

2207 5424 2388 5499 quirit,
2421 5443 2476 5486 ut
2505 5432 2642 5500 quod
2673 5433 2859 5483 eodem
2889 5431 3047 5482 modo
3078 5429 3406 5496 producitur,
3440 5443 3546 5500 non
3592 5424 3772 5500 simili-

2212 5493 2444 5558 tudinem
2486 5493 2691 5566 solum,
2733 5500 2826 5555 sed
2865 5493 3193 5554 identita‘tem
3235 5501 3396 5554 etiam
3436 5497 3636 5554 habeat
3654 5493 3769 5551 sub-

2205 5575 2430 5630 stantia}.

2275 5645 2363 5700 55.
2397 5645 2588 5714 Bong.,
2618 5652 2911 5711 revocatus;
2939 5641 3150 5717 reliqui,
3179 5649 3460 5696 revocatur.
