3950 6326
478 253 616 314 1019

651 457 839 512 Libera
871 472 936 512 ne
967 464 1204 512 tenerum
1238 462 1481 524 penetret
1530 451 1807 506 meditatio
1831 452 2051 520 coelum,

651 549 792 603 Neve
823 549 984 601 Deum
1012 543 1567 616 rapidiscomprendat
1595 543 1844 598 sensibus
1867 557 2050 596 unum.

650 639 928 710 Spargitur
955 638 1008 692 in
1036 636 1221 692 bifidas
1249 637 1520 692 malesana
1552 635 1783 690 intentio
1809 635 1983 700 luces,

654 731 719 784 Et
746 729 984 799 duplices
1011 730 1238 800 geminis
1279 729 1581 784 auctoribus
1612 726 1839 784 exstruit
1869 741 2014 782 aras.

477 823 546 880 95
653 822 704 876 Si
737 821 840 876 duo
862 830 984 876 sunt
1013 821 1192 892 igitur,
1219 835 1316 876 cur
1344 837 1450 876 non
1477 829 1601 875 sunt
1627 821 1792 874 multa
1815 819 2034 874 deorum

658 912 868 970 Millia?
921 928 1018 968 cur
1044 928 1265 968 numero
1298 913 1475 968 Deitas
1527 920 1780 968 contenta
1827 911 2062 982 gemello

1839 1003 1942 1076 [est
1968 1005 1992 1057 ?

653 1098 734 1153 An
756 1111 864 1153 non
900 1096 953 1151 in
983 1095 1205 1167 populos
1225 1096 1468 1165 dispersa
1496 1096 1743 1151 examina
1774 1096 1956 1150 divum

660 1192 906 1250 Fundere
935 1199 1054 1250 erat
1077 1191 1289 1261 melius,
1326 1190 1692 1262 mundumque
1722 1192 1948 1263 implere
1975 1206 2065 1247 ca-

1247 1275 1256 1284 ’
1782 1285 1991 1357 [pacem

653 1377 914 1434 Semideis
936 1377 1137 1448 passim
1167 1375 1316 1431 nullo
1341 1375 1654 1432 discrimine
1682 1377 1957 1441 monstris,

656 1472 789 1539 Quis
831 1470 938 1526 fera
960 1470 1234 1526 barbaries
1258 1469 1529 1540 perituros
1573 1477 1770 1524 mactat
1802 1468 2068 1524 honores?

655 1565 879 1619 Dissona
913 1563 1204 1619 discretum
1234 1562 1469 1616 retinent
1505 1561 1552 1616 si
1595 1561 1813 1616 numina
1849 1561 2066 1628 caelum,

663 1657 926 1713 Convenit
953 1666 1008 1711 et
1040 1655 1267 1720 nebulis,
1293 1653 1626 1720 et.iontibus,
1660 1662 1714 1708 et
1743 1653 1990 1708 reboanti

653 1750 885 1815 Oceano,
915 1756 971 1803 et
999 1748 1168 1812 silvis,
1199 1755 1254 1802 et
1280 1745 1538 1813 collibus,
1571 1754 1626 1800 et
1652 1745 1955 1814 speluncis,

664 1842 1019 1907 Fluminibus,
1047 1841 1238 1907 ventis,
1271 1839 1602 1905 fornacibus,
1634 1847 1794 1910 atque
1834 1838 2064 1894 metallis

489 1936 590 1994 105
660 1934 949 2004 Assignare
969 1931 1100 1989 deos
1124 1932 1404 2003 proprios:
1437 1945 1534 1986 sua
1561 1929 1752 1999 cuique
1778 1930 1919 1998 jura.

659 2027 822 2099 508
860 2025 976 2092 Vel,
1026 2025 1071 2080 si
1118 2024 1348 2094 gentiles
1403 2021 1586 2078 sordet
1619 2021 1928 2077 venerarier
1954 2035 2071 2075 um-

1817 2113 1963 2186 [bras
1981 2155 1996 2178 ,

665 2212 734 2267 Et
761 2211 958 2280 placet,
986 2222 1108 2264 esse
1135 2207 1271 2262 duos
1298 2207 1525 2276 sceptris
1546 2205 1836 2260 socialibus
1861 2220 2068 2276 aequos,

663 2303 759 2358 Dic
781 2316 898 2374 age,
922 2301 1042 2371 quis
1073 2309 1244 2355 terras
1270 2298 1492 2353 ditionis
1519 2307 1666 2354 sorte
1690 2299 1957 2355 retentet?

483 1472 585 1531 100

1609 248 1888 304 AURELII
1929 247 2290 305 PRUDENTII
2321 247 2653 304 'CARMINA.

476 370 542 427 90
651 367 744 422 Est
767 363 1249 436 glaucoma,aciem
1264 361 1400 433 quod
1421 360 2038 430 tegmineveletaquoso,
2069 362 2125 424 Α

3601 251 3735 310 1031*

2326 361 2454 428 Quis
2486 369 2633 430 regat
2662 375 2937 432 aequoreas
2966 369 3164 418 aeterna
3185 362 3308 432 lege
3336 364 3601 433 procellas
3621 367 3646 418 ?

2161 453 2264 508 110
2337 452 2450 508 Ede
2470 453 2812 508 cohzcredum
2844 454 3150 508 distinctum
3186 453 3275 522 jus
3303 454 3667 513 dominorum.

2339 543 2506 608 Unus,
2531 546 2632 610 ais,
2661 543 2797 598 tristi
2822 545 3021 600 residet
3047 545 3289 600 sublimis
3320 545 3374 601 in
3403 563 3544 614 arce,

2336 637 2537 692 Auctor
2564 637 2848 708 nequitiae,
2882 639 3146 694 scelerum
3188 637 3359 703 Deus,
3416 654 3593 710 asper,
3643 643 3737 698 ini.

2736 714 2754 729 ⁸
3476 733 3628 804 [ειυυε
3663 754 3675 789 =

2335 820 2458 889 Qui,
2489 819 2845 892 quodcunque
2871 820 3066 876 malum
3099 821 3293 877 vitioso
3318 822 3490 878 fervet
3520 826 3569 878 iu
3594 828 3739 893 orbe,

2339 913 2508 980 Sevit,
2535 921 2591 968 et
2611 911 2842 980 anguino
2865 911 3135 966 medicans
3162 927 3300 968 nova
3327 915 3538 969 semine
3564 931 3739 985 succo,

2169 1008 2271 1065 115
2343 1008 2543 1062 Rerum
2579 1003 2893 1075 principium
2926 1003 3114 1058 mortis
3143 1004 3212 1059 de
3243 1005 3432 1060 fomite
3455 1009 3633 1062 traxit.

2341 1099 2460 1170 ipse
2488 1096 2667 1168 opifex
2702 1095 2884 1150 mundi
2918 1105 3136 1163 terram,
3167 1111 3338 1164 mare,
3369 1098 3550 1153 sidera
3581 1099 3704 1154 fecit
3730 1119 3741 1152 :

2341 1189 2594 1247 Condidit
2635 1189 2750 1260 ipse
2805 1188 3100 1254 hominem,
3138 1187 3402 1244 lutulenta
3431 1202 3488 1246 et
3517 1194 3748 1248 membra

3493 1286 3686 1357 [coegit

2348 1376 2636 1447 Effigians,
2670 1373 2815 1445 quod
2859 1372 3083 1430 morbus
3130 1373 3290 1440 edat,
3342 1375 3486 1443 quod
3539 1379 3752 1434 crimine

3498 1469 3685 1540 [multo

2351 1558 2596 1623 Sordeat,
2625 1558 2840 1614 informi
2869 1559 3109 1616 tumulus
3137 1558 3279 1631 quod
3309 1559 3433 1616 tabe
3471 1562 3718 1616 resolvat.
3805 1557 3808 1559 λ

2173 1653 2279 1712 120
2352 1653 2453 1707 Ast
2479 1652 2568 1706 alii
2602 1652 2814 1721 pietatis
2839 1665 3012 1716 amor,
3039 1652 3415 1722 placidumque
3445 1653 3690 1708 medendi

2313 1745 2474 1818 509
2523 1743 2798 1814 Ingenium
2825 1785 2840 1809 ,
2897 1759 3149 1800 recreans
3190 1745 3470 1811 homines,
3522 1746 3754 1802 mortalia

3454 1854 3693 1894 servans.

3454 1854 3690 1894 servans.

2351 1928 2700 1985 Testamenta
2726 1927 2831 1983 duo
2855 1927 3131 1982 ﬂuxerunt
3157 1928 3402 1998 principe
3430 1838 3690 1998 iitroque;

2353 2021 2602 2079 Tradidit
2639 2022 2740 2078 iste
2785 2035 2984 2076 novum
3026 2021 3215 2076 melior
3236 2061 3251 2086 ,
3281 2033 3436 2077 vetus
3465 2022 3595 2076 illud
3624 2035 3759 2076 acer-

3582 2116 3698 2171 bus.

3582 2116 3698 2171 bus.

2360 2209 2487 2266 Hac
2516 2218 2605 2266 tua
2631 2251 2647 2277 ,
2696 2207 2968 2276 Marcion,
3003 2208 3205 2278 gravis,
3259 2216 3314 2263 et
3349 2115 3630 2269 dialectica
3670 2223 3763 2264 vox

3567 2301 3702 2372 [esu

1799 2390 2086 2448 GLOSSAT.
2125 2393 2443 2451 VETERES

556 2515 647 2571 90.
680 2512 990 2579 Glaucoma,
1020 2508 1226 2579 albugo,
1268 2505 1456 2578 caligo.
1480 2535 1552 2548 -—
1591 2505 1797 2572 Aciem,
1854 2522 2070 2562 acumen

490 2587 646 2651 uisus,
681 2585 719 2639 l.

558 2647 648 2712 9i.
675 2655 965 2715 Tcnerum,
989 2649 1190 2711 subtile,
1220 2648 1568 2711 intrectabile,
1609 2647 1686 2700 vel
1715 2663 1947 2702 serenum
1966 2690 1980 2716 ,
2028 2647 2068 2700 i.

558 2728 645 2782 92.
673 2722 1054 2792 Compreudat,
1085 2720 1357 2792 intelligat,
1387 2719 1428 2772 l.

560 2798 647 2851 95.
681 2789 930 2861 intentio,
963 2809 1158 2855 sensus,
1191 2789 1435 2856 studium,
1465 2789 1504 2843 l.

560 2867 647 2922 94.
679 2859 938 2929 Geminis,
971 2863 1188 2916 duobus.
1225 2891 1291 2903 -—
1329 2860 1668 2926 Auctoribus,
1705 2860 1825 2915 diis.
1869 2891 1937 2901 —-
1972 2859 2076 2916 Ex-

491 2939 665 3006 struit,
699 2937 925 3000 instruit,
963 2935 1003 2988 l.

560 3003 661 3065 95.
679 3009 816 3074 Duo,
851 3007 1082 3071 numina,
1113 3005 1216 3071 dii,
1249 3003 1284 3058 Ι.

562 3080 654 3135 96.
711 3071 963 3142 Numero,
1025 3076 1468 3141 Virgil.,numero
1519 3071 1658 3127 Deus
1701 3073 1899 3143 impare
1954 3090 2082 3144 gau-

495 3149 688 3273 deli010.
723 3218 874 3284 Quis,
903 3231 998 3284 pro
1021 3215 1223 3285 quibus,
1255 3214 1375 3268 Vat.
1406 3214 1470 3268 Α.

567 3291 687 3344 101.
723 3289 1042 3350 Discretum,
1065 3294 1378 3354 separatum,
1413 3286 1454 3338 Ι.

567 3358 690 3413 102.
722 3358 1009 3436 Reboanti,
1039 3355 1269 3419 sonanti,
1299 3354 1340 3408 l.

2252 2512 2372 2565 106.
2407 2510 2501 2564 Vel
2531 2509 2606 2575 si,
2650 2526 2678 2561 υ
2725 2505 2980 2562 Marcion.
3022 2535 3093 2546 —
3123 2503 3339 2573 Sordet,
3381 2505 3618 2576 displicet
3650 2507 3764 2561 ado-

2179 2597 2291 2635 rare
2318 2583 2620 2643 simulacra,
2659 2579 2700 2634 1.
3083 2634 3094 2639 ,

2251 2653 2372 2707 110.
2413 2652 2545 2714 Ede,
2577 2651 2682 2715 dic,
2714 2649 2908 2719 profer,
2938 2648 2980 2700 1.

2252 2724 2373 2777 111.
2409 2725 2520 2786 Ais,
2556 2722 2703 2775 dicis.
2727 2719 2866 2774 —ln
2890 2731 3032 2787 arce,
3062 2734 3239 2787 regno,
3269 2719 3310 2774 1.

2251 2793 2376 2847 114.
2427 2794 2594 2859 Sevit,
2623 2792 2908 2846 seminavit.
2938 2815 3007 2830 —~
3035 2789 3324 2856 Medicans,
3361 2790 3604 2860 fundens.
3632 2789 3678 2846 1.

2257 2863 2380 2917 117.
2413 2864 2621 2930 Coegit,
2647 2862 2922 2930 copulavit,
2951 2861 2989 2916 1.

2256 2935 2380 2989 118.
2415 2929 2691 3003 El‘tigians,
2712 2929 3069 3004 'forntansz—
3086 2931 3321 2999 Morbus,
3354 2929 3481 2986 deus
3517 2931 3700 2998 malus,
3729 2930 3766 2984 i.

2259 3006 2380 3060 120.
2425 3007 2558 3071 Alii,
2603 3003 2793 3058 scilicet
2825 3003 2956 3069 Deo,
2989 3003 3029 3057 1.

2257 3076 2381 3132 122.
2417 3076 2673 3145 Utroque,
2704 3093 2736 3128 a
2758 3075 2988 3145 principe
3028 3075 3370 3140 tenebrarum,
3412 3082 3461 3126 et
3490 3091 3522 3127 a
3556 3073 3769 3143 principe

2187 3147 2318 3199 lucis
2336 3189 2350 3210 ,
2386 3147 2424 3202 Ι.

2257 3218 2380 3290 125.
2415 3217 2687 3290 acerbus,
2703 3221 2865 3290 pejor,
2903 3217 2948 3290 _l.

2258 3289 2381 3341 124.
2417 3287 2625 3354 Gravis,
2671 3285 3034 3353 importabilis.
3063 3317 3133 3330 —-
3160 3285 3469 3353 Dialectica,
3511 3288 3766 3358 disputan-

2183 3358 2281 3424 tia,
2314 3358 2613 3428 sOphistica,
2657 3359 2694 3412 1.
2728 3359 2908 3424 Acuta,
2935 3359 3058 3414 Vat.
3088 3361 3152 3414 Α.

1842 3471 2411 3532 COMMENTARIUS.

567 3610 656 3666 90.
709 3607 863 3670 Ald..
910 3607 1186 3670 mendose,
1231 3605 1380 3660 vellet
1429 3619 1527 3674 pro
1567 3606 1721 3668 velet,
1768 3614 1825 3659 ut
1877 3605 2075 3660 habent
2101 3607 2147 3670 C
2178 3607 2405 3662 abbatite
2437 3606 2832 3671 Gronelandite,
2862 3621 2968 3676 quo
3011 3606 3330 3662 Torrentius
3360 3614 3445 3661 est
3476 3623 3636 3672 usus,
3671 3620 3766 3660 uno

497 3681 697 3743 Oxon.,
733 3679 952 3740 Widm.,
987 3678 1140 3741 Man,
1174 3677 1354 3745 Prag.,
1389 3676 1532 3740 Rat.,
1581 3675 1710 3732 Urb.
1743 3677 1795 3729 In
1841 3676 1960 3730 Vat.
1990 3678 2070 3741 A,

498 3754 655 3836 ἔξω.
691 3762 744 3807 et
789 3750 1089 3805 Heinsianis
1116 3749 1402 3818 plerisque,
1436 3749 1584 3812 velat,
1635 3763 1756 3802 cum
1799 3746 1993 3804 Weitz.
2023 3756 2078 3803 et

498 3825 657 3948 6191.
691 3892 839 3958 Ald.,
871 3907 975 3946 non
1005 3891 1162 3955 bene,
1196 3906 1258 3944 ne
1289 3898 1490 3943 tetrum.

502 4044 518 4085 ι
693 3965 882 4033 Bong.,
909 3962 1079 4027 Sich.,
1103 3962 1218 4017 Gis.
1252 3963 1278 4017 1
1305 3959 1435 4015 edit.
1461 3959 1526 4014 ad
1555 3974 1702 4014 oram
1734 3960 1974 4027 male/ida
1995 3961 2078 4014 in-

524 4048 581 4085 en
607 4048 676 4085 io.

524 4048 676 4086 anno.

573 4101 661 4156 95.
694 4101 872 4169 Egm.,
903 4109 958 4154 et
983 4102 1095 4156 Gis.
1129 4103 1198 4155 ita
1233 4101 1412 4170 legunt
1439 4119 1449 4152 :
1481 4102 1614 4156 Sunt
1646 4100 1786 4170 duo?
1813 4111 1952 4169 sunt,
1987 4102 2083 4168 igi-

429 4204 436 4208 -
502 4182 584 4227 tur
608 4187 698 4223 cur
721 4187 820 4223 non
843 4179 958 4223 sunt
997 4171 1158 4224 multa
1185 4169 1397 4225 deorum
1421 4170 1623 4223 Mittin?
1654 4169 1922 4224 Giselinus
1951 4172 2082 4225 alle-

503 4252 591 4312 gat
618 4241 775 4295 etiam
817 4241 1256 4294 Daventriensetn
1290 4241 1601 4295 editionem.
1638 4235 1989 4312 Aliiscripti;
2023 4242 2084 4296 Si

504 4311 603 4366 duo
628 4321 742 4364 sunt
766 4313 938 4379 igitur,
965 4327 1054 4362 cur
1084 4329 1183 4363 non
1210 4313 1310 4364 sint
1332 4311 1494 4364 multa
1515 4311 1721 4363 deorum
1746 4311 1952 4364 Millia?
1984 4312 2084 4366 nisi

504 4382 644 4453 quod
681 4385 728 4435 in
761 4383 882 4453 “at.
930 4390 1159 4453 estsunt
1190 4381 1351 4434 multa
1393 4392 1442 4432 ut
1481 4380 1542 4453 in
1576 4380 1762 4453 Weit.,
1812 4382 2001 4435 Citam.
2033 4391 2086 4437 et

505 4450 643 4506 aliis.
679 4453 808 4506 Vide
837 4451 1220 4505 Tertulliannm
1253 4453 1345 4506 lib.
1381 4467 1394 4504 I
1431 4450 1684 4504 adversus
1719 4451 2038 4507 Marcionem
2067 4493 2082 4518 ,

507 4539 624 4589 cap.
654 4523 686 4577 5
711 4540 724 4576 :
755 4523 928 4576 Primo
956 4523 1086 4575 enim
1109 4524 1329 4589 exigam,
1355 4540 1444 4574 cur
1472 4537 1573 4574 non
1603 4521 1774 4591 plura,
1803 4523 1848 4574 si
1877 4525 2018 4574 duo?

577 4594 666 4649 97.
702 4595 903 4664 Argute
924 4608 1139 4664 examen
1155 4593 1327 4647 divum
1356 4597 1586 4663 fundere,
1609 4601 1886 4664 utemamen
1908 4609 2083 4663 apum,

507 4663 809 4736 quanquam
837 4663 906 4719 de
933 4663 1049 4718 aliis
1075 4663 1234 4718 etiam
1269 4666 1426 4736 rebus
1451 4679 1661 4716 examen
1693 4663 1905 4736 dicitur.

575 4736 697 4791 101.
731 4735 850 4790 Rat.
883 4751 911 4788 a
944 4736 1109 4803 prima
1140 4750 1320 4798 manu,
1355 4735 1524 4790 divum
1559 4750 1652 4802 pro
1691 4735 1889 4788 ctenim.
1925 4733 2088 4789 Recte

509 4807 848 4862 emendatum
881 4815 966 4860 est
985 4807 1050 4859 ab
1080 4805 1181 4859 alia
1204 4821 1383 4859 manu.

578 4879 700 4933 105.
729 4876 840 4932 Gis.
870 4876 998 4947 legit
1019 4893 1110 4931 sua
1120 4878 1245 4946 jura
1276 4878 1473 4948 cuique.
1500 4875 1785 4948 Scriptiet
1814 4877 1905 4930 alii
1936 4877 2086 4947 editi,

2180 3693 2336 3732 versu
2369 3688 2450 3734 est
2495 3681 2702 3748 auctior
2735 3697 2748 3731 :
2776 3679 3047 3748 Assignare
3078 3679 3197 3731 deos
3246 3679 3482 3746 proprios
3514 3695 3533 3731 :
3562 3681 3770 3732 elemen-

2182 3760 2331 3819 taque
2382 3749 2515 3802 ruris
2562 3747 2774 3802 Diuidui
2825 3747 3049 3802 dominis
3093 3749 3329 3802 addicere
3358 3748 3652 3820 sigillatim.
3686 3748 3771 3805 Ubi

2183 3821 2433 3875 Heinsius
2463 3821 2682 3890 corrigit
2702 3819 2842 3892 juris
2881 3835 2979 3889 pro
3009 3822 3170 3886 ruris,
3192 3819 3413 3875 scilicet
3441 3820 3772 3887 elementaque

2176 3908 2334 3961 Jurts.
2925 3955 2927 3961 ἓ

2260 3961 2380 4016 107.
2416 3962 2593 4017 Placet
2623 3961 2750 4014 duos
2777 3975 2897 4016 cum
2924 3959 3045 4015 Vat.
3079 3961 3147 4026 A,
3175 3962 3328 4015 Alex.
3349 4002 3363 4026 ,
3388 3961 3535 4028 Put.,
3567 3961 3765 4016 Thuan.

2185 4039 2240 4085 et
2293 4033 2414 4086 Rot.
2457 4033 2574 4086 Non
2605 4032 2746 4087 male
2782 4032 2904 4086 deos
2949 4031 3104 4097 Man,
3154 4031 3336 4100 Prag.,
3386 4032 3534 4097 Rat.,
3590 4033 3796 4100 Bong.,_

2185 4102 2386 4156 Widm.
2420 4118 2447 4155 a
2480 4103 2647 4172 prima
2693 4117 2875 4169 manu,
2923 4102 3053 4157 Urb.
3107 4104 3181 4156 Ex
3225 4103 3384 4156 editis
3433 4104 3599 4158 Aldus
3651 4104 3773 4155 duo:

2186 4183 2392 4296 Erantet!
2413 4174 2686 4228 lleinsium
2719 4181 2772 4227 et
2802 4173 3147 4228 recentiores.
3194 4173 3508 4237 Sichardus,
3559 4172 3771 4240 Weitz.,

2239 4259 2325 4296 IS.-
2397 4262 2497 4296 (’03.

2239 4245 2325 4313 is.,
2359 4246 2497 4298 deos.

2262 4318 2381 4369 108.
2421 4316 2575 4376 Man,
2603 4315 2763 4378 male,
2795 4315 3014 4368 ditiones
3039 4329 3134 4381 pro
3167 4315 3413 4369 ditionis:
3444 4317 3621 4370 minus
3646 4313 3776 4369 male

2187 4401 2216 4438 a
2241 4387 2406 4455 prima
2436 4401 2618 4456 manu,
2663 4385 2922 4456 gubernet,
2955 4401 2983 4437 a
3020 4395 3234 4441 recente
3267 4400 3446 4451 manu,
3481 4397 3710 4440 retentet.

2263 4457 2384 4510 110.
2421 4454 2533 4509 Gis.
2573 4456 2620 4520 1,
2645 4454 2777 4510 edit.
2820 4457 2885 4509 ad
2915 4471 3064 4509 oram
3105 4465 3253 4509 notat
3286 4456 3448 4510 Error
3478 4457 3773 4511 Marcionis.

2265 4526 2385 4580 111.
2421 4528 2476 4580 In
2511 4526 2688 4594 aliquo
2721 4527 2901 4594 Vulg,
2936 4527 3043 4591 ait;
3078 4522 3289 4590 nteﬁus,
3331 4530 3428 4581 ais.

2264 4597 2386 4651 111.
2417 4598 2581 4652 Aldus
2603 4597 3071 4668 scribitianguineo
3099 4614 3116 4662 ;
3141 4599 3381 4665 plerique
3406 4600 3656 4668 anguino.
3685 4599 3777 4651 Re-

2190 4669 2457 4722 ccntiores
2509 4669 2669 4737 aliqui
2713 4667 2848 4720 Aldo
2902 4678 3215 4722 consonant.
3269 4669 3449 4734 Prag.,
3484 4667 3776 4730 'rneditans,

2185 4752 2297 4792 non
2325 4739 2480 4804 bene,
2507 4755 2602 4806 pro
2625 4739 2901 4791 medicans.
2940 4739 2999 4791 In
3026 4754 3154 4792 mss.
3185 4748 3239 4792 et
3261 4740 3420 4793 editis
3450 4740 3688 4809 antiquis
3706 4747 3778 4794 est

2113 4857 2116 4860 .
2192 4825 2362 4863 succo.
2410 4809 2465 4863 In
2515 4809 2727 4862 Thuan.
2761 4818 2939 4862 tamen
2975 4809 3114 4879 fuco,
3144 4810 3284 4878 quod
3318 4810 3568 4864 Heinsius
3599 4812 3780 4877 proba-

2193 4879 2287 4934 vit.
2320 4879 2521 4945 Teneo,
2553 4879 2695 4948 quod
2728 4879 2918 4944 nostri,
2950 4896 3124 4947 succo,
3175 4884 3286 4933 sive
3311 4898 3434 4934 suco
3463 4882 3626 4935 unico
3653 4898 3701 4949 c,
3731 4886 3781 4933 ut

509 4965 601 5038 sua
629 4949 807 5029 cuique
826 4945 975 5038 jura,
1005 4957 1060 5038 ut
1086 4945 1262 5016 cuique
1293 4945 1377 5027 sit;
1400 4945 1661 5016 dactylus.
1697 4945 2084 5038 Gitonius'lnd.
2116 4979 2169 5038 D
2195 4965 2408 5038 semper
2442 4945 2814 5038 s‘cr'i'bitli’rag.

511 5020 669 5074 Lucr.
699 5019 750 5072 in
791 5036 816 5072 e
853 5019 994 5072 breve
1034 5026 1257 5072 testatur
1301 5018 1460 5072 etiam
1498 5028 1706 5071 veteres
1747 5018 1910 5072 libros
1951 5019 2085 5072 Pru-

509 5089 673 5145 dentii
705 5103 732 5141 a
762 5104 818 5142 se
847 5089 1114 5155 inspectos
1143 5088 1342 5144 habere
1373 5105 1467 5142 sua
1503 5089 1684 5157 cuique
1705 5093 1847 5154 jura,
1879 5099 1933 5142 et
1963 5090 2086 5142 alibi

509 5177 602 5214 sua
630 5160 810 5228 cuique
831 5159 1008 5211 dextra
1038 5169 1129 5224 est,
1167 5168 1220 5212 et
1245 5176 1364 5212 suus
1394 5169 1464 5213 est
1499 5176 1605 5211 mos
1632 5161 1811 5228 cuique
1835 5161 1989 5227 genti.
2017 5159 2087 5212 ll-

510 5231 600 5285 lud
634 5241 811 5284 tamen
833 5229 1044 5283 Gifanio
1087 5245 1191 5283 non
1224 5230 1508 5292 assentior,
1542 5245 1568 5282 e
1599 5231 1648 5282 in
1681 5231 1854 5298 cuique
1885 5245 1914 5282 a
1958 5234 2087 5283 Pru—

490 5301 691 5355 'dentio
724 5300 972 5368 produci,
1000 5302 1152 5368 quasi
1181 5314 1374 5355 versus
1422 5301 1498 5355 illi
1541 5309 1721 5353 essent
1765 5301 2036 5367 spondaici
2066 5343 2080 5368 ,

512 5372 626 5426 sive
661 5371 972 5440 spondzeum
1001 5373 1186 5439 quinta
1224 5370 1350 5425 sede
1393 5370 1669 5426 haberent.
1705 5371 1964 5424 Existimo
1997 5385 2086 5438 po-

512 5442 638 5508 tius,
662 5458 697 5495 u
719 5443 942 5510 primum
969 5441 1212 5510 produci,
1237 5451 1291 5496 et
1317 5441 1586 5512 dactylum
1619 5441 1758 5495 fieri.
1794 5442 2088 5495 Bectnauus

515 5522 701 5566 contra
728 5512 884 5566 ﬁdem
915 5513 1139 5566 aliorum
1177 5527 1306 5567 mss.
1337 5513 1506 5580 jubet,
1549 5513 1662 5565 Iure
1711 5513 1866 5566 verba
1917 5523 2089 5565 trans-

554 5582 642 5653 oni
686 5599 778 5653 sua
810 5585 927 5653 iura
969 5584 1165 5652 cuique,
1213 5599 1312 5638 nec
1340 5583 1707 5638 dissimulante
1756 5582 1957 5650 inquit,
1985 5597 2088 5636 ms.

569 5653 616 5705 ic
640 5652 814 5707 codex
839 5660 953 5707 erat
985 5653 1255 5708 Palatinus
1275 5670 1342 5709 ex
1375 5654 1690 5722 Hildebcrga
1721 5669 1750 5707 a
1792 5653 1924 5706 lano
1955 5653 2091 5707 Gru-

520 5725 636 5775 toro
674 5722 887 5778 missus.
915 5723 1046 5778 Vide
1085 5738 1202 5794 cap.
1233 5725 1266 5777 6
1295 5726 1360 5780 de
1389 5724 1529 5794 Orig.
1585 5725 1710 5794 ling.
1755 5724 1873 5778 Lat.
1913 5723 2090 5780 Codex

2267 5021 2390 5075 120.
2443 5020 2752 5074 Gallaudius
2801 5021 3104 5089 suspicatur
3167 5022 3473 5090 legendum,
3532 5033 3607 5076 est
3663 5024 3779 5084 alii;

2193 5092 2283 5146 sed
2314 5091 2484 5146 edidit
2509 5100 2587 5144 ast
2618 5093 2741 5160 alii,
2775 5093 2898 5161 quia
2929 5092 3257 5162 subintelligi
3291 5102 3467 5162 potest
3506 5103 3602 5146 est.

2265 5161 2388 5216 122.
2429 5161 2480 5215 id
2510 5178 2721 5232 quoque
2743 5177 2853 5216 suae
2882 5163 3072 5216 haeresi
3102 5161 3335 5217 Marcion
3365 5164 3620 5218 addebat.
3651 5165 3780 5218 Cou-

2192 5231 2272 5287 fer
2289 5231 2677 5287 Tertulliannm
2706 5233 2801 5286 lib.
2827 5248 2878 5286 tv
2899 5233 3159 5288 adversus
3182 5235 3528 5298 Marciuvnem,
3554 5235 3646 5287 ubi
3667 5248 3780 5288 eum

2193 5317 2433 5358 errorem
2463 5306 2677 5367 evertit,
2708 5313 2762 5357 et
2803 5304 3096 5360 antitheses
3135 5305 3424 5359 Marcionis
3457 5305 3682 5366 refellit,
3723 5306 3778 5357 li-

2195 5375 2351 5429 brum
2383 5375 2581 5429 scilicet
2605 5377 2673 5429 ab
2694 5390 2758 5430 eo
2780 5376 3160 5443 compositum,
3198 5384 3255 5428 ut
3277 5378 3416 5430 inter
3437 5392 3495 5430 se
3517 5375 3779 5429 contraria

2197 5445 2302 5499 duo
2353 5445 2694 5500 Testamenta
2745 5448 3014 5514 probaret.
3056 5446 3306 5500 Nonnulli
3335 5447 3684 5502 delicatiores
3710 5447 3781 5498 iu-

2196 5525 2530 5587 stramentum
2552 5517 2753 5570 malunt
2773 5517 3043 5581 dictitare,
3067 5533 3226 5587 quam
3250 5527 3625 5579 testamentum,
3648 5514 3781 5587 quod

2199 5586 2270 5640 sit
2301 5587 2425 5641 illud
2475 5588 2814 5654 vocabulum,
2845 5587 2913 5643 de
2945 5586 3098 5643 sacra
3139 5588 3415 5657 Scriptura
3459 5586 3687 5655 dictum,
3720 5588 3780 5642 ab

2202 5672 2304 5714 usu
2335 5661 2602 5714 communi
2632 5660 2800 5730 magis
2827 5669 3114 5715 remotum.
