3950 6326
147 293 288 351 1021

323 497 604 563 Novimus,
633 510 755 552 esse
775 505 986 567 patrem
1015 495 1313 560 scelerum;
1339 495 1434 552 sed
1461 496 1728 567 novimus,

662 583 664 585 ’
1461 590 1658 662 [ipsum

326 682 750 755 Haudquaquam
808 691 985 738 tamen
1036 695 1156 738 esse
1206 681 1399 748 deum;
1446 683 1576 752 quin
1628 680 1735 736 imo

1385 773 1665 844 [gehennae

329 867 671 938 Mancipium,
693 865 880 938 Stygio
907 866 998 936 qui
1043 866 1113 920 sit
1140 866 1472 922 damnandus
1499 867 1732 922 Averno.

323 959 636 1014 ﬂaccionita
668 956 819 1026 deus,
853 955 1045 1024 tristis,
1081 955 1245 1023 ferus,
1274 957 1580 1023 insidiator,

140 1054 250 1110 150
327 1053 540 1109 Vertice
564 1050 840 1116 sublimis;
866 1051 1098 1105 cinctum
1125 1053 1210 1104 cui
1247 1051 1477 1107 nubibus
1505 1050 1636 1105 atris

327 1143 680 1216 Anguiferum
705 1150 866 1213 caput
885 1151 940 1198 et
963 1141 1112 1198 fumo
1133 1143 1384 1212 stipatur,
1416 1152 1470 1198 et
1495 1143 1632 1213 igni;

326 1239 575 1294 Liventes
599 1237 788 1293 oculos
813 1236 1072 1292 suffundit
1093 1235 1220 1293 felle
1249 1245 1488 1306 perusto,

330 1331 496 1403 διο
526 1329 723 1385 invidia
756 1329 1047 1399 impatiens
1064 1327 1330 1397 justorum
1352 1330 1542 1400 gaudia
1572 1329 1733 1399 terre,

331 1423 731 1492 Hirsutosjuba
772 1422 937 1478 densa
979 1421 1235 1478 humeros
1285 1421 1592 1478 errantibus
1639 1422 1738 1494 hy-

1533 1512 1666 1586 ['dris

143 1613 272 1668 155
320 1608 570 1680 Obtegit,
604 1617 659 1664 et
685 1607 886 1664 virides
911 1607 1208 1663 allambunt
1232 1622 1325 1663 ora
1350 1615 1597 1664 cerastae.

326 1702 446 1771 Ipse
475 1715 634 1755 manu
670 1700 889 1769 laqueos
918 1714 1012 1769 per
1034 1699 1238 1754 lubrica
1269 1698 1353 1752 ﬁla
1387 1699 1616 1754 reﬂexos

325 1792 383 1847 In
412 1794 606 1848 nodum
639 1802 876 1857 revocat,
909 1791 1151 1862 facilique
1191 1791 1440 1861 ligamine
1465 1800 1631 1846 tortas

328 1887 552 1944 lnnectit
582 1888 828 1960 pedicas,
875 1903 1177 1958 nervosque
1217 1887 1270 1943 in
1301 1885 1736 1956 vinculaltendit.

1535 291 2072 348 llAMARTIGENIA.

145 407 256 465 125
330 405 442 460 imo
486 403 602 459 haec
633 401 846 458 attoniti
875 402 1156 472 phrenesis
1185 402 1460 458 manifesta
1492 403 1724 460 cerebri.
1755 407 1812 468 Α

1760 1801 1808 1862 Β

3281 283 3417 344 1022

2016 405 2116 458 Ars
2145 402 2237 458 olli
2261 410 2480 472 captare
2508 401 2672 471 feras,
2710 399 2961 456 animalia
2982 399 3137 458 bruta

2017 497 2230 552 lrretire
2255 495 2445 566 plagis,
2470 494 2765 550 retinacula
2796 493 3028 562 denique
3054 491 3214 548 caecis

2015 588 2344 658 lndeprensa
2374 587 2506 642 locis
2532 585 2730 642 erranti
2755 599 3029 655 opponere
3059 583 3276 654 prada).

2017 680 2114 735 Hic
2155 679 2244 734 ille
2270 688 2351 735 est
2377 687 2600 734 venator
2629 686 2808 745 atrox,
2851 677 2942 747 qui
2984 675 3130 732 caede
3158 675 3422 745 frequenti

2013 771 2258 827 lncautas
2293 771 2502 827 animas
2532 786 2640 825 non
2671 778 2848 825 cessat
2883 769 3118 838 plectere
3144 766 3414 834 Nebroth;

2017 865 2120 932 Qui
2151 865 2409 919 mundum
2437 862 2615 918 curvis
2645 862 3001 929 anfractibus,
3027 871 3079 916 ct
3110 862 3322 917 silvosis

2017 962 2331 1017 Horrentem
2373 961 2638 1031 scopulis,
2672 971 2888 1018 versuto
2916 960 3105 1016 circuit
3133 968 3271 1014 astu.

2015 1053 2226 1109 Fraude
2245 1054 2403 1119 alios,
2431 1053 2691 1123 tectisque
2713 1053 2850 1108 dolis
2875 1053 3150 1108 innectere
3166 1051 3382 1106 adortus
3401 1066 3415 1116 ;

2017 1148 2173 1217 511
2207 1145 2371 1200 Porro
2400 1146 2660 1215 giganteis
2687 1145 2822 1200 alios
2847 1143 3097 1200 luctando
3122 1144 3336 1199 lacertis

2017 1240 2306 1310 Frangere,
2333 1239 2710 1296 funereos’late
2737 1253 2995 1294 exercere
3023 1235 3342 1306 triumphos.

1840 493 1944 552 MO

1840 961 1942 1018 145

2018 1332 2261 1402 lmproba
2311 1347 2498 1399 mors,
2555 1332 2682 1403 quid
2749 1345 2855 1387 non
2907 1331 3149 1386 mortalia
3189 1338 3422 1400 pectora
3511 1352 3513 1355 -

3153 1425 3355 1498 [cogis‘t

2017 1520 2137 1589 Ipse
2182 1534 2332 1575 suam
2372 1518 2559 1590 (pudet
2590 1518 2756 1584 heu!)
2786 1558 2802 1586 ,
2853 1525 3158 1587 contempto
3187 1511 3425 1586 principe

3187 1608 3350 1678 μηδὲ,

2018 1702 2313 1758 Perniciem
2345 1711 2628 1760 veneratur
2647 1702 2836 1758 homo:
2865 1703 2995 1757 colit
3017 1703 3424 1772 ipsecrucntum

2013 1793 2352 1862 Carnificem,
2378 1794 2644 1864 gladiique
2665 1793 2834 1850 aciem
2871 1792 3195 1863 iugulandus
3218 1791 3423 1846 adorat.

2032 1887 2088 1941 ln
2120 1894 2328 1943 tantum
2358 1886 2574 1943 miseris
2603 1887 2805 1957 peccati
2833 1894 3050 1942 nectare
3081 1885 3249 1954 captis

1843 1518 1945 1576 150

1459 2025 1744 2083 GLOSSIE
1781 2027 2114 2084 VETERES.

214 2142 346 2197 125.
380 2141 491 2196 imo
515 2139 650 2206 base,
678 2148 814 2195 certe
843 2156 960 2195 vox.
999 2169 1068 2181 —
1098 2141 1341 2202 Attoniti,
1373 2139 1624 2205 concussi,
1656 2141 1734 2196 vel

141 2213 374 2267 contriti.
402 2243 471 2251 —
496 2213 806 2278 Phrenesis,
853 2212 1076 2275 insania,
1117 2210 1192 2264 vel
1233 2210 1625 2264 stridentissima
1652 2211 1732 2279 [e-

142 2285 271 2346 bris,
304 2293 354 2336 et
381 2293 452 2336 est
480 2298 663 2336 nomen
703 2283 766 2336 de
793 2298 915 2336 sono
947 2283 1158 2349 factum,
1192 2282 1579 2351 onomatopteia,
1606 2280 1646 2336 Ι.

214 2353 345 2408 126.
375 2354 610 2418 Patrem,
635 2353 914 2415 diabolum,
948 2353 992 2407 l.

215 2426 346 2547 12:13.
379 2424 585 2548 Stlygio,
618 2424 970 2493 profunditate
996 2423 1216 2493 inferni;
1261 2419 1414 2490 Styx,
1438 2423 1625 2491 fluvius
1654 2423 1736 2476 in-

215 2511 291 2548 'na
321 2513 396 2548 ιδ.
456 2536 464 2544 .

167 2496 364 2550 'ernalis
381 2537 396 2561 ,
428 2496 464 2548 l.

143 2497 768 2634 rerlngi’f’Alnguiferum,
832 2566 1202 2636 serpentinum.
1239 2593 1310 2604 —
1339 2563 1578 2633 Stipatur
1625 2564 1726 2618 cir-

142 2637 438 2698 cumdatur,
472 2638 508 2691 I.

216 2706 346 2760 152.
379 2706 544 2770 Felle,
571 2707 666 2772 ira,
694 2705 733 2760 1.

213 2778 346 2830 155.
377 2777 599 2842 invidia,
632 2777 691 2832 ob
719 2777 982 2832 invidiam.
1007 2806 1076 2815 —
1094 2774 1282 2840 Ferre,
1310 2776 1413 2842 pati
1434 2817 1447 2840 ,
1476 2775 1517 2828 Ι.

215 2847 346 2901 155.
379 2849 611 2914 Obtegit,
662 2848 853 2901 scilicet
891 2846 988 2902 illi.
1030 2878 1099 2887 —
1127 2845 1251 2909 Ora,
1283 2847 1484 2915 faciem.
1524 2877 1592 2886 ——
1633 2845 1734 2900 Ce-

145 2927 336 2991 rastae,
367 2918 578 2991 diaboli,
607 2928 832 2991 cerastis,
858 2917 1226 2991 genuscornuti
1248 2918 1517 2986 serpentis,
1535 2932 1740 2987 serpens

145 2989 465 3058 sagittarius,
493 2990 568 3042 vel
596 2989 908 3052 scmitariui,
942 2989 980 3042 1.

216 3059 347 3113 159.
382 3058 566 3125 Feras,
596 3063 786 3128 feroces
807 3059 1054 3113 homines.
1076 3089 1146 3099 —
1170 3060 1352 3122 Bruta,
1383 3059 1612 3113 homines
1639 3058 1738 3111 sci-

147 3129 284 3198 licet,
318 3131 411 3200 qui
439 3130 667 3184 nesciunt
705 3130 994 3185 dcemonum
1024 3128 1231 3201 laqueos
1260 3131 1568 3200 praevidere;
1611 3129 1741 3183 insi-

1837 2141 2029 2212 pientes
2044 2184 2059 2208 ,
2095 2143 2135 2196 1.

1911 2211 2033 2268 MO.
2078 2213 2254 2282 Plagis
2270 2256 2283 2281 ,
2325 2211 2558 2266 maculis.

1910 2282 2032 2336 111.
2067 2283 2413 2351 lndeprensa,
2461 2283 2684 2339 occulta.
2712 2313 2783 2325 -—
2808 2283 3056 2348 Erranti,
3093 2299 3193 2336 non
3233 2287 3427 2335 rectum
3501 2284 3503 2286 ’

1838 2369 2066 2425 gressum
2097 2354 2304 2425 tenenti.
2337 2381 2403 2392 —-
2437 2354 2658 2418 Praedia,
2691 2355 2913 2421 homini,
2958 2355 2996 2407 I.

1915 2422 2307 2494 143.77Nebroth
2328 2465 2340 2486 ,
2372 2424 2515 2493 gigas
2540 2411 2937 2494 fuit'pcssimus,
2965 2424 3052 2492 qui
3080 2423 3274 2488 primus
3301 2411 3428 2476 aedil-

1841 2495 2011 2562 ﬁcavit
2036 2493 2408 2563 Babyloniam;
2433 2496 2520 2548 sed
2543 2493 2632 2548 hic
2662 2511 2755 2565 pro
2795 2493 3000 2548 diabolo
3027 2495 3234 2564 ponitur
3264 2495 3324 2548 ob
3350 2495 3428 2548 ni-

1834 2565 1992 2618 miam
2020 2566 2399 2631 crudelitatem,
2436 2566 2474 2619 I.

1908 2635 2031 2690 145.
2068 2638 2227 2701 Astu,
2250 2636 2476 2704 ingenio,
2507 2637 2650 2702 dolo,
2678 2635 2720 2690 Ι.

1917 2705 2033 2760 146.
2070 2708 2376 2774 Tectisque,
2413 2708 2649 2762 occultis.
2679 2736 2746 2746 —
2773 2704 3032 2772 Adortus,
3065 2713 3301 2770 conatus,
3335 2722 3426 2775 ags

1843 2778 2102 2848 gradiens,
2134 2778 2400 2848 incipiens,
2432 2775 2481 2832 1.
3353 2815 3358 2821 .

1915 2847 2038 2900 147.
2068 2848 2326 2913 Lacertis,
2357 2847 2602 2913 brachiis,
2635 2849 2677 2905 l.

1917 2919 2038 2971 HR.
2070 2918 2362 2982 Funereos,
2393 2918 2664 2972 luctuosos.
2699 2945 2767 2958 ——
2793 2918 2944 2982 Late,
2974 2917 3181 2985 ubique,
3210 2915 3249 2968 1.

1915 2988 2038 3042 149.
2072 2988 2312 3055 Improba
2346 3003 2510 3052 mors,
2538 2989 2761 3054 diubole,
2796 2988 3057 3043 diabolum
3078 2996 3245 3053 vocat,
3281 2985 3319 3038 Ι.

1918 3058 2040 3114 151.
2079 3060 2401 3120 Perniciem,
2433 3060 2720 3128 interitum,
2747 3059 2790 3116 Ι.

1919 3130 2043 3185 155.
2075 3129 2321 3195 Nectare,
2353 3129 2642 3197 dulcedine,
2678 3131 2720 3186 l.

1507 3265 2065 3326 COMMENTARIUS.

399 3379 567 3457 Aldus
594 3388 827 3457 metrum
847 3379 1145 3457 reformare
1172 3381 1342 3457 voluit
1361 3382 1526 3457 edens
1549 3381 1740 3436 cerebri
1767 3375 1813 3444 Ε
1846 3383 1936 3436 ille
1968 3383 2198 3457 laqueos,
2229 3383 2373 3437 habet
2402 3385 2664 3457 etjacula,
2691 3391 2864 3454 utpote
2891 3383 3256 3457 callidissimus
3281 3398 3433 3438 vena-

147 3452 430 3523 manifesta
465 3451 746 3523 phrenesis,
774 3451 958 3523 scripti
1003 3450 1262 3523 phrenesis
1303 3454 1574 3523 manifesta
1604 3468 1742 3505 cere-

150 3524 252 3576 bri.
301 3521 414 3576 Cur
449 3521 682 3576 secunda
711 3522 760 3574 in
813 3521 1073 3588 phrenesis
1104 3539 1133 3576 a
1165 3521 1453 3576 Prudentia
1483 3524 1746 3591 corripia-

150 3603 265 3657 tur,
305 3591 430 3665 vide
461 3593 677 3665 proleg.
728 3592 944 3665 Tcolius
974 3600 1156 3665 notat:
1203 3593 1534 3665 Puncuesns.
1566 3593 1746 3665 Longa

148 3665 348 3718 media.
375 3662 575 3727 Voluit,
604 3672 662 3715 ut
682 3673 830 3730 puto,
857 3662 1058 3725 dicere,
1085 3663 1221 3716 brevi
1255 3665 1444 3718 media.
1477 3664 1652 3732 Aliqui
1679 3662 1747 3716 ex

149 3735 366 3858 okrigine
393 3733 577 3788 Graeca
616 3733 779 3786 scribi
822 3735 1026 3788 malunt
1055 3733 1324 3804 phrenitis,
1369 3736 1622 3802 pleuritis,
1663 3751 1748 3786 ar-

149 3815 164 3857 t
207 3814 350 3858 rttts.
381 3813 485 3858 etc.

149 3806 350 3869 thritis,
381 3813 485 3858 etc.

222 3875 355 3930 127.
390 3874 514 3929 Vat.
541 3877 605 3930 A.
637 3874 796 3929 Haud
835 3891 1173 3944 nequaquam,
1211 3875 1369 3930 male.
1418 3876 1471 3928 In
1514 3875 1748 3929 editione

150 3945 440 4001 Parmensi
485 3946 740 4000 omissum
773 3956 855 4001 est
897 3955 1096 4012 tamen,
1145 3955 1199 4000 et
1240 3961 1346 4000 uno
1376 3947 1511 4016 pede
1540 3946 1751 4000 brevior

151 4017 328 4138 cvzsit
357 4029 547 4072 versus
576 4033 588 4069 :
618 4016 1030 4087 Haudquaquam
1075 4032 1184 4070 esse
1231 4016 1393 4070 Deum
1427 4034 1442 4069 :
1471 4018 1593 4086 quin
1647 4017 1749 4069 imo

153 4103 215 4138 ae
259 4103 429 4138 annm.
1141 4128 1148 4135 .

186 4103 429 4140 enennae.
1141 4128 1148 4135 .

153 4104 491 4212 geriggiwhit
533 4166 685 4226 poeta
717 4157 1083 4213 Marcionitam
1121 4128 1280 4213 deum
1327 4173 1447 4213 esse
1488 4158 1750 4211 damnan-

153 4227 286 4282 dum
320 4227 555 4300 Averno,
579 4229 659 4300 vel
682 4243 746 4283 ex
769 4230 1032 4286 sententia
1061 4243 1249 4283 eorum
1272 4229 1363 4300 qtti
1389 4238 1610 4300 putant,
1643 4229 1751 4281 dae.

153 4311 366 4370 mones
379 4298 628 4370 supplicii
670 4309 724 4353 et
753 4301 887 4368 ignis
917 4309 1166 4370 expertes
1195 4298 1335 4364 esse,
1368 4299 1539 4353 donec
1574 4308 1751 4353 extre-

153 4383 248 4422 ma
277 4367 460 4436 iudicii
493 4369 608 4424 dies
639 4367 936 4434 advenerit,
979 4367 1035 4424 ut
1058 4370 1451 4424 Chamillardns
1483 4370 1708 4439 explicat
1738 4412 1747 4430 ,

153 4439 240 4510 vel
269 4439 450 4510 potius
487 4441 608 4508 quia
631 4439 839 4510 datmon
883 4443 1072 4510 dignus
1115 4442 1378 4509 supplicio
1402 4441 1469 4494 ab
1497 4441 1746 4494 omnibus

155 4509 325 4562 debet
348 4508 598 4579 iudicari.
640 4509 769 4563 Nam
794 4508 975 4579 postea
1002 4512 1146 4566 addit
1175 4508 1393 4565 cinctum
1420 4513 1499 4563 cui
1539 4509 1750 4563 nubibus

156 4581 292 4633 atris
320 4580 658 4653 Anguiferum
694 4592 845 4652 caput
877 4593 922 4636 et
951 4586 1088 4653 fumo
1120 4584 1352 4652 stipatur,
1388 4591 1434 4636 et
1465 4582 1588 4652 igni.
1622 4580 1754 4635 For-

160 4659 494 4723 tassepoeta
525 4652 800 4723 scripserit
819 4654 904 4723 qui
926 4652 989 4706 sit
1016 4653 1306 4706 damnatus.

237 4721 368 4774 1‘29.
399 4720 554 4790 Saepe
586 4720 940 4777 Prudentiusi
969 4723 1022 4778 in
1071 4723 1304 4777 Marcion
1345 4723 1624 4791 produxit;
1681 4722 1751 4776 ob

157 4790 436 4863 licentiam
469 4793 522 4844 in
555 4793 856 4863 nominibus
890 4795 1117 4862 prbpriis
1141 4794 1300 4848 modo
1322 4794 1565 4863 corripit,
1597 4793 1756 4847 modo

161 4861 436 4930 produt-it,
467 4873 523 4915 ut
554 4864 626 4915 ait
652 4861 917 4918 Giselinus
947 4861 1080 4918 infra
1109 4879 1249 4919 vers.
1284 4865 1388 4918 610
1417 4861 1482 4918 ιη’
1510 4863 1719 4916 Beliade
1741 4904 1754 4927 ,

159 4933 259 5005 vel
278 4932 458 4999 potius
484 4934 606 5002 quia
634 4936 890 5005 synzcresi
936 4935 1036 4989 hoc
1088 4936 1207 4988 loco
1256 4934 1438 5003 utitur,
1487 4944 1539 4989 et
1594 4934 1758 5001 prima

161 5001 308 5077 sede
321 5001 636 5077 spondaeum
665 5001 824 5071 locat,
860 5020 964 5077 non
996 5006 1286 5077 dactylum.

236 5071 366 5147 150.
425 5073 574 5147 lict”
620 5077 802 5147 vertice
845 5076 1070 5143 sublimi,
1113 5071 1255 5146 quod
1297 5075 1544 5130 Heinsius
1591 5079 1758 5147 magis

160 5144 385 5219 probat.
429 5143 542 5219 Dion
570 5145 746 5219 audeo
775 5155 1003 5215 mutare,
1036 5143 1178 5217 quod
1205 5147 1294 5200 alii
1325 5161 1513 5202 omnes
1551 5143 1750 5203 habent

159 5215 354 5266 vertice
376 5215 625 5267 sublimis.

238 5283 368 5359 155.
410 5283 678 5359 Giselinus
699 5285 854 5359 aliter
876 5287 1002 5355 legit
1028 5295 1080 5342 et
1100 5287 1377 5356 distinguit
1407 5289 1524 5355 felle
1553 5298 1755 5359 perusto

162 5353 399 5418 incidite,
429 5355 718 5423 impatiens.
746 5356 826 5410 Ad
849 5353 1015 5423 marg.
1049 5359 1236 5410 invidia
1259 5353 1375 5411 cum
1401 5353 1630 5413 exteris.
1656 5361 1753 5414 Alii

163 5425 703 5497 interpungttntfelle
736 5438 937 5493 perusta
968 5429 1159 5482 invidia
1190 5431 1477 5494 impatiens.
1512 5431 1611 5482 Alii
1641 5431 1757 5497 felle

160 5502 398 5618 ﬁgurato,
423 5494 614 5547 invidia
634 5497 920 5566 impatiens,
950 5501 1088 5568 quod
1119 5509 1295 5552 teneo.
1327 5499 1401 5551 De
1425 5499 1622 5553 invidia
1642 5494 1757 5553 dia-

242 5563 282 5617 li
323 5576 440 5618 can.
472 5577 511 5618 Π
558 5564 844 5618 Sapientia:
877 5584 1016 5618 vers.
1059 5571 1127 5618 24
1156 5586 1166 5618 :
1204 5567 1406 5618 Invidia
1437 5579 1606 5618 autem
1636 5571 1752 5618 dia-

242 5563 282 5617 li
323 5576 440 5631 cap.
472 5577 511 5618 n
558 5563 844 5632 Sapientia:
877 5563 1016 5623 vers.
1059 5571 1127 5622 24
1156 5586 1166 5618 :
1204 5567 1406 5622 Invidia
1437 5579 1606 5624 autem
1636 5571 1752 5623 dia-

163 5633 275 5687 boli
311 5650 449 5686 mors
478 5635 703 5689 introivit
727 5638 780 5690 in
811 5639 978 5691 orbem
1009 5648 1281 5694 terrarum.

241 5703 369 5758 156.
412 5704 467 5758 S.
505 5705 807 5762 Bernardus
849 5708 1078 5764 fortasse
1118 5710 1258 5765 hunc
1301 5710 1475 5765 locum
1516 5710 1754 5767 imitatur

163 5787 339 5835 Serm.
366 5773 392 5832 1
423 5775 481 5832 in
500 5774 588 5834 die
613 5775 672 5836 ὃ.
697 5777 927 5838 Andreae
957 5797 971 5837 :
1008 5780 1174 5841 Habet
1201 5782 1387 5854 quippe
1417 5784 1754 5854 nequissimus

1782 4764 1837 4824 D

1853 3463 1931 3506 tor
1987 3455 2283 3521 hominum,
2337 3455 2502 3507 solum
2557 3456 2730 3510 sitiens
2777 3455 3074 3524 sanguinem
3122 3455 3434 3509 animarum.

1851 3525 1993 3596 Alios
2029 3528 2138 3580 telis
2167 3526 2360 3594 appetit
2393 3525 2663 3579 malitiosa:
2696 3527 2962 3594 cujuslibet
2991 3527 3435 3596 suggestionis,“

1851 3595 1902 3648 in
1932 3596 2001 3648 eis
2049 3598 2276 3649 vulnerat
2321 3595 2527 3662 multos,
2575 3613 2794 3664 quorum
2836 3596 2999 3649 tenuis
3045 3595 3115 3648 est
3164 3595 3431 3664 patientia.

1852 3664 1996 3718 Alios
2023 3667 2370 3730 voluptatibus
2397 3667 2595 3719 irretire
2629 3667 2848 3719 laborat.

1924 3737 2045 3807 MO.
2083 3737 2235 3800 Aldo,
2269 3738 2430 3790 irretit
2460 3752 2545 3790 ore
2576 3738 2771 3807 plagis,
2804 3743 3075 3804 corrupte.

1926 3806 2046 3876 141.
2083 3807 2202 3864 Vat.
2227 3808 2270 3861 A
2294 3822 2466 3870 error,
2499 3806 2794 3876 inde-pressa
2822 3807 2964 3859 locis.

1924 3874 2047 3930 145.
2095 3878 2342 3946 Plerique
2384 3874 2909 3942 vetusti,‘Nebroth;
2946 3877 3068 3940 alii,
3111 3875 3435 3946 Nembroth;

1851 3947 1963 4011 alii,
1996 3945 2278 4013 NCIllt’Ol/l,’
2309 3949 2416 4011 alii,
2452 3947 2728 4012 Nimroth;
2754 3949 2843 4002 alii
2868 3946 3122 4013 Nemrod,
3145 3955 3202 4001 ut
3227 3947 3280 4001 in
3304 3945 3437 4002 Vul-

1850 4030 1989 4087 gata.
2026 4019 2158 4075 Vide
2185 4034 2302 4086 cap.
2336 4036 2368 4072 κ
2403 4017 2598 4074 Genes.

1924 4089 2048 4144 141.
2093 4090 2283 4143 Boher.
2319 4090 2596 4149 vetustior.
2631 4088 2744 4144 Gis.
2783 4089 2848 4143 ad
2889 4105 3061 4156 oram,
3092 4089 3312 4143 sinuosis
3343 4103 3440 4157 pro

1851 4159 2088 4230 siluosis,
2133 4176 2290 4230 quant
2339 4161 2618 4214 lectionem
2665 4161 2717 4214 in
2770 4160 3030 4215 addendis
3085 4159 3441 4230 pratforriab

1853 4229 2072 4284 Heinsio
2095 4231 2168 4284 ait
2185 4231 2416 4295 Tcolius,
2445 4246 2540 4298 ego
2566 4239 2769 4285 tantum
2787 4231 2853 4284 ab
2873 4248 2938 4286 eo
2961 4231 3149 4285 referri
3177 4240 3322 4295 puto.
3341 4229 3441 4284 Fa-

1855 4299 2054 4356 bricius
2082 4313 2266 4356 censet
2286 4303 2492 4355 siluosis
2521 4317 2639 4356 esse
2660 4302 3132 4372 qnadrisyllabum.
3163 4301 3269 4354 Sed
3299 4310 3442 4355 stare

1855 4381 2030 4439 potest
2065 4373 2206 4442 quod
2237 4389 2422 4426 vorsus
2467 4372 2647 4440 quinta
2691 4375 2819 4427 sede
2852 4372 3069 4441 recipiat
3107 4374 3438 4438 Spondmutn.

1930 4443 2052 4496 115.
2100 4444 2269 4511 Epist.
2307 4444 2321 4496 l
2374 4445 2535 4503 Petri,
2570 4459 2601 4495 v
2647 4461 2659 4498 :
2711 4442 2956 4497 Diabolus
2995 4445 3169 4495 circuit
3209 4456 3441 4509 qua'rens

1857 4529 2002 4582 quem
2030 4515 2248 4568 devoret.

1930 4583 2053 4638 HG.
2084 4583 2232 4648 Ald.,
2265 4585 2494 4638 innectit.
2519 4583 2575 4636 in
2607 4584 2754 4648 Rot.,
2784 4583 3018 4637 adorsus.
3057 4582 3110 4635 In
3134 4580 3253 4634 aliis
3280 4580 3440 4648 etiam

1856 4656 2163 4710 auctoribus
2217 4653 2430 4707 codices
2481 4653 2640 4721 ιιι-ἰςοί
2687 4647 2912 4719 variant,
2967 4653 3018 4706 in
3046 4651 3234 4721 quibus
3286 4647 3444 4703 modo

1860 4725 2096 4789 adorsus,
2127 4723 2288 4778 modo
2310 4724 2519 4777 adortus
2551 4725 2811 4778 invenias.

1940 4797 2058 4848 147.
2093 4794 2326 4858 Corripit
2355 4811 2382 4845 ο
2414 4797 2465 4847 in
2509 4794 2773 4860 luctando,
2807 4793 2945 4862 quod
2981 4807 3083 4858 non
3111 4807 3232 4846 esse
3263 4803 3444 4858 repre-

1866 4865 2203 4920 hendendum
2236 4863 2342 4917 dixi
2370 4863 2420 4917 in
2459 4865 2657 4933 proleg.
2698 4864 2963 4918 Adverbia
3005 4863 3054 4915 in
3083 4879 3131 4927 o,
3167 4870 3224 4915 ut
3265 4877 3437 4933 porro,

1864 4951 2142 5004 perperam
2171 4935 2384 5003 quidam
2419 4930 2820 5004 putant'omnia
2852 4933 3106 5003 producta
3137 4947 3277 4988 esse.
3314 4930 3444 4986 Vide

1863 5005 2128 5062 Gifaniunt
2164 5005 2275 5059 Ind.
2307 5004 2465 5058 Lucr.
2491 5005 2542 5058 in
2574 5005 2780 5059 ebreve.

1936 5076 2056 5131 M9.
2090 5075 2282 5129 Notum
2309 5087 2360 5130 et
2385 5076 2674 5129 contritum
2706 5085 2789 5130 est
2819 5075 2947 5129 illud
2980 5073 3208 5129 Maronis
3251 5072 3342 5126 lib.
3381 5086 3442 5125 ιιι

1863 5147 2012 5214 Ern,
2045 5162 2188 5202 vers.
2221 5145 2311 5222 56,
2347 5146 2484 5212 Quid
2505 5163 2604 5199 non
2635 5147 2870 5222 mortalia
2901 5153 3104 5216 pectora
3125 5145 3284 5217 cogis,
3315 5142 3444 5196 Auri

1865 5217 2312 5293 εαρνα-[ίιιῖιεδφ.
2432 5286 2443 5293 ,
2531 5288 2542 5293 _
2665 5217 2670 5222 ’
3080 5286 3091 5293 .
3182 5285 3192 5293 .
3393 5282 3405 5293 .

1937 5285 2059 5350 155⁷.
2083 5288 2230 5342 Hanc
2268 5286 2484 5355 phrasin
2525 5288 2578 5340 in
2622 5297 2840 5353 tantum,
2874 5303 2902 5339 a
2957 5285 3224 5355 magistris
3255 5285 3444 5355 nescio

1866 5361 2057 5430 quibus
2086 5354 2411 5430 damnatam,
2463 5357 2710 5430 Barthius
2757 5368 2934 5430 tuetur
2966 5354 3064 5411 lib.
3105 5371 3157 5409 ιιι
3187 5354 3442 5430 Advers.,

1864 5423 1981 5499 cap.
2007 5430 2098 5494 25,
2129 5446 2234 5483 non
2260 5429 2431 5482 solum
2457 5429 2579 5496 quia
2606 5429 2832 5499 imitatio
2857 5427 3161 5482 Graecorum
3178 5434 3281 5492 est,
3304 5423 3444 5499 apud

1865 5495 2000 5572 quos
2027 5501 2394 5572 exemplorum
2420 5495 2617 5568 myrias
2636 5539 2650 5564 ,
2680 5498 2775 5554 sed
2804 5499 3112 5572 etiatnquia
3136 5511 3314 5572 neque
3342 5495 3444 5572 ipsi

1866 5562 2038 5627 Latini
2069 5572 2135 5624 ab
2182 5562 2242 5624 ea
2291 5562 2714 5635 abhorruerunt;
2763 5581 2818 5623 ut
2840 5562 3090 5638 Virgilius
3133 5562 3444 5638 lib.:_\t:In

1863 5653 2059 5716 tantum
2079 5657 2166 5716 spe
2191 5641 2336 5694 ducet
2368 5636 3026 5716 avoc,_pra:ter_Vellcium,
3055 5636 3441 5716 Tertullianum

1863 5722 1916 5768 ct
1943 5705 2402 5766 aliosCJuvencus
2430 5713 2482 5767 in
2513 5705 2614 5768 line
2654 5731 2665 5767 ε
2711 5710 2778 5765 Et
2809 5712 2861 5766 in
2886 5721 3087 5766 tantum
3129 5707 3260 5768 luxit
3309 5705 3437 5761 mihi

1860 5784 2029 5857 gratia
2049 5779 2277 5841 Christi.
