3950 6326
551 357 688 418 1025

1844 559 2050 626 luptas'.

729 655 829 723 Qui
859 653 999 709 mala
1030 650 1294 721 principio
1320 651 1527 719 genuit,
1575 649 1707 704 deus
1732 663 1853 704 esse
1889 659 2123 719 putatur,

725 746 931 814 Quique
955 743 1094 797 bona
1122 741 1303 796 infecit
1322 740 1487 805 vitiis,
1509 748 1564 794 et
1591 739 1816 795 candida
1849 741 2038 811 nigris.

726 836 830 891 Par
862 834 1013 889 furor
1042 833 1286 898 illorum,
1307 847 1445 902 quos
1471 831 1633 886 tradit
1659 831 1798 884 fama
1829 831 2020 885 dicatis

725 929 880 1000 512
925 925 1285 981 Consecrasse
1311 923 1462 990 deas,
1492 922 1742 987 Febrem,
1773 922 2126 992 Scabiemque

1798 1013 2054 1084 [sacellis.

720 1110 974 1166 Inventor
999 1108 1116 1164 vitii
1143 1123 1249 1164 non
1277 1113 1361 1163 est
1389 1105 1553 1169 deus;
1582 1103 1802 1175 angelus
1832 1102 1962 1159 illud

552 1202 654 1260 160
727 1204 968 1274 Degener
993 1202 1178 1257 infami
1201 1209 1518 1269 conceptum
1551 1207 1727 1253 mente
1750 1196 1984 1252 creavit:

725 1301 825 1367 Qui
859 1299 1006 1369 prius
1031 1306 1310 1366 augustum
1343 1293 1583 1348 radiabat
1607 1290 1777 1356 sidus,
1803 1298 1857 1345 et
1890 1289 2076 1359 ingens

727 1391 802 1466 Es
836 1390 1004 1444 nihilo
1032 1387 1285 1457 splendor
1306 1385 1505 1441 nutrito
1535 1383 1755 1438 ardebat
1789 1383 2016 1435 honore.

731 1482 807 1537 Ex
850 1481 1018 1536 nihilo
1050 1495 1172 1534 nam
1199 1487 1386 1533 cuncta
1420 1486 1586 1543 retro,
1634 1475 1956 1543 factumque,
1987 1471 2128 1542 quod

1667 1568 1912 1638 [usquam
1935 1574 2018 1620 est
2039 1581 2054 1619 :

550 657 653 716 155

1651 352 1933 409 AURELII
1972 351 2336 408 PRUDENTII
2375 351 2706 409 CARMINA.

722 469 886 528 Dulce
913 470 1052 526 mori
1077 476 1192 534 est;
1236 475 1383 523 tanta
1413 468 1467 521 in
1494 466 1730 521 tenebris
1755 467 1821 521 de
1852 475 2000 535 peste
2028 483 2122 523 vo-
2149 487 2199 543 Δ

3664 351 3773 408 lilii

2401 470 2470 522 At
2496 483 2600 520 non
2627 481 2690 521 ex
2725 463 2888 519 nihilo
2912 463 3064 530 deus,
3097 471 3151 520 et
3179 465 3448 535 sapientia
3476 480 3624 534 vera,

2229 561 2333 616 165
2407 559 2632 628 Spiritus
2674 568 2727 611 et
2752 565 3005 620 sanctus;
3039 570 3126 610 res
3165 569 3379 626 semper
3409 559 3549 621 viva,
3583 575 3674 612 ncc
3699 575 3773 613 un.

3552 649 3716 720 [quam

2405 740 2611 810 Coepta,
2647 740 2741 795 sed
2765 739 2939 794 aerios
2967 741 3126 793 etiam
3155 739 3334 795 molita
3362 741 3660 800 ministros.

2411 833 2608 888 Horum
2639 832 2706 887 de
2735 846 2961 886 numero
2987 831 3200 900 quidam
3220 873 3235 896 ,
3268 833 3658 901 pulcherrimus
3684 853 3773 901 oio,

2410 925 2683 992 Majestale
2711 923 2879 988 ferox,
2914 923 3092 976 nimiis
3119 923 3250 978 dum
3280 925 3485 982 vitibus
3513 938 3696 984 auctus

2409 1017 2642 1080 lnilatur,
2675 1015 2798 1068 dum
2850 1014 3049 1084 grande
3093 1022 3305 1070 tumens
3361 1032 3486 1073 sese
3531 1019 3682 1074 altius
3722 1021 3779 1074 cr-

3587 1110 3727 1180 [iert,

2411 1199 2570 1270 513
2596 1199 2948 1268 Ostentatqne
2973 1212 3100 1253 suos
3127 1198 3272 1253 licito
3296 1199 3589 1268 jactantius
3617 1203 3746 1270 ignes
3769 1193 3795 1253 ε’

2410 1289 2706 1356 Persuasit,
2731 1290 2962 1359 propriis
2985 1293 3218 1358 genitum
3250 1306 3308 1346 se
3330 1292 3557 1360 viribus,
3583 1311 3644 1347 ex
3665 1309 3716 1348 se

2412 1380 2684 1436 Materiam
2717 1382 3013 1448 sumpsisse
3036 1383 3158 1447 sibi,
3189 1399 3291 1452 qua
3322 1384 3576 1452 primitus
3605 1401 3714 1438 esse

2413 1472 2699 1542 Inciperet,
2746 1472 3001 1542 nascique
3039 1488 3194 1528 suum
3251 1475 3370 1530 sine
3426 1476 3660 1546 principe
3697 1493 3782 1531 (ως

3544 1570 3728 1640 [ptum.

2232 1200 2337 1257 170

1857 1677 2141 1734 GLOSSIE
2182 1679 2516 1738 VETERES.

622 1804 745 1859 151.
769 1799 1051 1865 Tenebris,
1084 1798 1274 1852 scilicet
1297 1793 1620 1861 ignorantiar,
1655 1789 1696 1842 l.

626 1875 752 1930 156.
779 1873 980 1938 Infecit,
1017 1870 1219 1934 polluit,
1248 1866 1289 1920 1.

625 1945 747 2001 157.
773 1932 977 2007 Furor,"
997 1932 1217 1993 insania.
1252 1932 1550 2007 —ATrad_it,
1580 1940 1779 2007 narrat,

623 2000 748 2072 160.
776 2000 961 2067 lofami
983 2051 1000 2076 ,
1024 2011 1182 2079 turpi.
1214 2036 1281 2048 -
1303 2000 1542 2079 creavit,
1571 2003 1818 2079 {ecit,_vel
1842 2001 2051 2068 invenit,
2087 2000 2130 2054 l.

626 2087 748 2141 161.
778 2072 1094 2150 Augustum,
1111 2072 1471 2148 splendidum,
1502 2075 1693 2150 nobile.
1708 2072 1818 2150 Also.

627 2155 751 2211 162.
778 2142 1008 2218 Νυίτὶιο,
1039 2142 1272 2205 dilatato.
1306 2177 1376 2188 ——
1407 2145 1665 2218 Ardebat,
1698 2143 1948 2215 fulgebat,
1979 2142 2018 2196 l.

628 2225 749 2280 165.
781 2224 964 2286 Retro,
993 2239 1023 2272 a
1050 2221 1342 2290 principio,_
1357 2217 1472 2290 V_at_.
1504 2217 1570 2269 Α.

627 2295 751 2351 161.
781 2286 1072 2358 Sapientia,
1109 2288 1276 2358 Filius
1307 2288 1421 2348 Dei,
1450 2286 1490 2339 Ι.

628 2364 752 2418 166.
783 2352 984 2424 Molita,
1018 2352 1218 2423 creans,
1251 2357 1499 2426 formans.
1534 2383 1601 2393 —
1633 2352 1926 2417 Ministros,
1978 2367 2134 2422 ange-

556 2435 654 2504 los,
675 2433 717 2488 l.

2157 1792 2206 1854 B

2278 1794 2429 1874 ⁸167.
2456 1794 3111 1874 Quiidam‘pulcherrimus,
3140 1799 3228 1874 ille
3259 1798 3321 1850 de
3348 1814 3447 1868 quo
3469 1801 3706 1870 propheta
3723 1802 3784 1874 di-

2233 1866 2566 1939 xit_:_()mnis
2594 1867 2725 1934 lapis
2749 1871 2998 1935 pretiosus
3021 1866 3386 1938 operimentum
3416 1866 3583 1934 tuum,
3618 1881 3734 1939 elc.,
3758 1872 3785 1925 Ι.

2468 1939 2690 2010 unctus,
2723 1934 3096 2010 augmentatus,
3127 1939 3164 1992 Ι.

2239 2005 2430 2131 Is0169.
2472 2008 2716 2074 Grande,
2759 2005 3076 2066 adverbium.
3101 2039 3170 2052 —
3197 2010 3464 2076 Tumens,
3498 2012 3786 2082 superbieus.

2263 2091 2342 2132 $0.

2311 2147 2649 2222 l70_._Lieito,
2679 2151 2790 2221 plus
2820 2152 2994 2206 solito.
3029 2182 3093 2192 —
3131 2152 3281 2222 Ignes
3304 2194 3318 2219 ,
3346 2154 3589 2221 honores,
3616 2155 3654 2210 l.
3685 2155 3788 2210 Ani.

2240 2233 2368 2284 mos,
2404 2219 2522 2273 Vat.
2549 2219 2614 2274 A.

2314 2290 2405 2343 171
2421 2332 2435 2346 .
2467 2289 2756 2357 Persuasit,
2782 2293 2932 2360 dixit,
2956 2294 3240 2348 arstimavit.

2313 2361 2435 2414 175.
2468 2361 2738 2431 Coeptum,
2763 2363 2983 2428 initium,
3018 2364 3059 2421 Ι.

1930 2511 2489 2572 COMMENTARIUS.

629 2640 752 2694 157.
798 2634 1058 2691 Minucius
1088 2633 1237 2688 Felix
1272 2631 1324 2685 in
1351 2629 1608 2686 Octavio:
1642 2626 1938 2683 Cloacinam
1969 2626 2138 2682 Titius

557 2718 606 2766 et
627 2709 810 2764 invenit
834 2717 878 2760 et
899 2706 1076 2770 coluit,
1109 2703 1358 2756 Pavorem
1379 2699 1654 2770 Hostilius,
1679 2709 1829 2767 atque
1856 2698 2134 2770 Pallorem;

558 2796 678 2834 mea;
706 2777 873 2830 nescio
901 2793 932 2828 a
971 2769 1071 2836 quo
1101 2771 1282 2826 Febris
1311 2771 1567 2825 dedicata.
1609 2769 1795 2822 Exstat
1839 2769 2132 2837 inscriptio,

559 2864 679 2921 quae
704 2846 880 2921 sppria
916 2844 1083 2921 videri
1124 2843 1310 2921 possit.
1344 2843 1530 2896 Festo.
1563 2840 1752 2921 ptum.
1789 2838 2136 2921 [annuuma-

559 2909 934 2976 é'rstszennt.
971 2909 1214 2969 Maenia.
1263 2913 1519 2966 CMIILLA.
1552 2910 1764 2964 Attus.
1802 2910 1930 2964 Ptto.
1963 2909 2132 2964 Fttto.

560 2990 736 3046 MsLt-z.
770 2988 1038 3041 Azrrecro.
1077 2983 1320 3036 Valerius
1366 2983 1625 3037 Maximus
1681 2982 1774 3036 lib.
1808 2997 1868 3044 tt,
1898 2996 2017 3048 cap.
2057 2981 2127 3034 5:

560 3058 782 3114 Crateros
823 3059 1021 3124 quidem
1048 3058 1166 3106 deos
1194 3055 1262 3105 ad
1287 3052 1697 3120 benefaciendum
1742 3053 2127 3124 venerabantur.

561 3110 778 3184 FEbrem
803 3110 969 3180 autem
999 3127 1064 3178 ad
1097 3126 1262 3176 minus
1307 3110 1587 3176 nocendum
1637 3121 1834 3186 templis
1881 3123 2131 3175 colebant.
2160 3110 2206 3172 C

563 3198 697 3254 Vide
732 3213 851 3266 qua:
888 3198 953 3250 ad
994 3193 1754 3266 Minucium“animaduertunt
1807 3193 2128 3266 [glutenltor-

561 3267 721 3333 stius,
750 3261 1040 3319 'Wowerus
1069 3272 1123 3317 et
1143 3263 1413 3317 Ouzelius.
1451 3261 1704 3333 \V’eitzius
1733 3269 1788 3314 et
1811 3261 2132 3333 Qltatnillar;

562 3336 662 3390 dus
690 3329 976 3388 observant
1008 3350 1170 3386 unum
1204 3333 1547 3386 Prudentium
1579 3332 1646 3383 de
1687 3331 1887 3382 sacello
1915 3329 2130 3383 Scabiei

561 3405 894 3459 meminisse.
937 3403 1266 3470 Conjiciebat
1311 3402 1520 3470 aliquis.
1578 3401 1668 3452 lib.
1715 3415 1752 3463 ι,
1786 3414 1901 3465 cap.
1937 3399 2007 3453 20
2036 3399 2134 3452 La-

563 3481 707 3529 ctan.
749 3472 1000 3527 mendum
1026 3469 1264 3535 subesse,
1317 3481 1370 3524 et
1404 3469 1734 3526 mentionem
1769 3469 1998 3533 Scabiei,
2035 3485 2131 3524 seu

563 3543 878 3613 Pruriginis,
903 3559 967 3597 eo
988 3542 1410 3613 corrocto,fteri.
1439 3543 1563 3613 (iure
1592 3541 1634 3592 si
1664 3549 1796 3613 vetas
1824 3541 2132 3613 consrcrari,

562 3607 880 3684 respondebit
907 3614 996 3666 tibi
1025 3613 1200 3684 eadem
1232 3612 1323 3664 illa
1354 3609 1580 3672 Grazcia,
1628 3625 1681 3684 se
1720 3607 1858 3684 alios
1895 3611 2011 3662 deos
2047 3627 2132 3662 co-

564 3678 685 3751 lere,
715 3695 768 3738 ut
816 3685 1028 3753 prosint,
1073 3683 1222 3746 alios,
1259 3698 1318 3734 ne
1355 3689 1587 3753 noceant.
1624 3678 2134 3753 Hcec__eniut_sentper

562 3749 825 3810 excusatio
863 3765 935 3809 est
973 3769 1148 3808 eorum
1174 3753 1260 3820 qui
1303 3751 1437 3804 mala
1467 3768 1558 3803 sua
1591 3766 1679 3817 pro
1713 3749 1809 3801 diis
1839 3749 2046 3820 habent,
2079 3761 2132 3804 ut

569 3826 785 3880 Romani
814 3825 1136 3896 Ilubiginent,
1167 3819 1224 3875 ac
1267 3821 1501 3896 Febrem.
1536 3821 1735 3896 chcre
1757 3821 1969 3896 volebat
1999 3819 2136 3872 Pru-

566 3897 804 3966 riginem.
829 3892 965 3950 Nam
990 3897 1183 3957 febris,
1213 3904 1266 3947 et
1293 3893 1505 3966 prurigo
1529 3892 1668 3966 mala
1704 3892 1973 3966 hominum
1992 3900 2134 3966 ‘sunt

563 3959 722 4020 valde
745 3967 944 4019 affinis.
979 3967 1173 4020 Verum
1203 3959 1410 4017 constat
1431 3959 1663 4023 aliunde,
1699 3961 1949 4028 llobigum
1973 3959 2130 4014 deum

565 4049 594 4086 a
622 4035 875 4088 Romanis
913 4035 1132 4096 cultum,
1159 4048 1226 4086 ne
1254 4034 1438 4101 rubigo
1465 4044 1749 4098 occuparet
1779 4040 2000 4101 segetes
2026 4047 2038 4081 :
2067 4046 2133 4084 cx

564 4117 670 4170 quo
724 4104 1006 4172 Robigulia,
1049 4120 1142 4159 seu
1194 4099 1462 4171 Ilubigalia
1511 4103 1720 4154 festum.
1779 4099 1887 4154 lmo
1941 4099 2131 4169 Robigo

565 4174 664 4227 dea
695 4173 852 4226 etiam
884 4183 1018 4226 erat.

640 4243 762 4296 159.
798 4242 1224 4296 Eltnenhorstins
1256 4240 1305 4295 in
1338 4241 1632 4297 Arnobium
1669 4255 1784 4308 pag.
1810 4241 1880 4293 58
1913 4240 1992 4293 his
2016 4255 2134 4295 ver-

565 4311 712 4366 sibus
757 4313 1014 4377 laudatis,
1072 4320 1218 4366 notat
1249 4311 1537 4365 Arnoliium
1571 4310 1620 4362 in
1671 4311 2028 4379 disputatione
2067 4311 2133 4365 de

567 4391 754 4436 natura
779 4383 900 4436 mali
932 4399 1036 4435 non
1071 4399 1129 4436 se
1160 4384 1474 4442 extricasse,
1504 4393 1622 4433 cum
1657 4396 1758 4433 non
1791 4381 1918 4434 satis
1946 4382 2131 4435 dlS'ill-

566 4454 706 4506 xerit
729 4455 865 4506 inter
895 4453 1090 4506 malum
1121 4453 1290 4520 culpa:
1330 4462 1381 4506 et
1413 4452 1608 4504 malum
1643 4464 1830 4516 pecore.

641 4523 762 4578 161.
810 4523 1055 4577 Diabolus
1112 4523 1254 4576 sidus
1298 4523 1437 4591 prius
1484 4531 1755 4587 angustum
1801 4521 2016 4584 dicitur,
2081 4533 2136 4575 ιιι

568 4593 751 4664 lucifer
780 4595 846 4648 ab
877 4594 1004 4648 Isaia
1046 4609 1160 4661 cap.
1187 4607 1257 4646 tv.
1291 4592 1377 4655 l2,
1407 4607 1467 4644 es
1502 4593 1765 4664 communi
1810 4591 2022 4664 Patrum
2055 4591 2137 4644 iu-

570 4661 946 4731 terpretatione
971 4664 1158 4733 partim
1193 4663 1438 4728 litterali,
1473 4661 1992 4733 partimiallegorica.

642 4730 762 4792 162.
809 4736 882 4788 Ex
915 4730 1083 4788 nihilo
1112 4734 1280 4802 angeli
1302 4776 1314 4798 ,
1343 4733 1462 4785 booi
1491 4742 1539 4784 et
1573 4732 1697 4784 mali
1725 4730 1865 4794 lat-ti,
1901 4745 2004 4802 non
2035 4733 2136 4784 tni-

571 4821 672 4859 nns
701 4823 856 4873 quam
897 4815 1104 4858 cxx-tera:
1143 4801 1422 4858 creaturae.
1456 4802 1886 4873 ErravitASitnon
1935 4801 2136 4869 Magos,

567 4876 650 4929 vel
673 4871 950 4929 somniavit
977 4876 1174 4945 potius,
1197 4874 1413 4940 augt-los
1439 4888 1466 4922 τι
1490 4888 1631 4945 seex
1661 4871 1863 4945 llelena
1894 4886 2139 4945 procrea-

567 4953 670 4998 tos.
706 4941 1233 5014 Erratunt'Angclici
1266 4946 1483 5014 (nomen
1518 4942 1569 4995 id
1621 4941 2136 5014 ha‘rcticortnnest)

567 5017 654 5079 qui
685 5012 1534 5085 asserueruntangelos'qumdatn
1559 5013 1781 5085 numina
1827 5028 1974 5085 esse.
2009 5012 2136 5065 Vide

567 5086 626 5138 ὃ.
655 5085 893 5148 Paulum,
928 5087 1098 5154 Epist.
1126 5082 1194 5139 ad
1231 5086 1438 5138 Coloss.
1472 5100 1508 5146 ι,
1544 5083 1632 5147 16,
1661 5093 1712 5154 et
1742 5082 1928 5154 (‘OllCiL
1952 5082 2132 5154 Later.

566 5170 645 5221 ιιι,
665 5171 788 5222 cap.
821 5153 1062 5208 Firmiter
1081 5158 1143 5208 de
1162 5171 1360 5210 summa
1383 5154 1647 5206 Trinitate.
1680 5153 1732 5204 lu
1758 5153 1914 5216 epist.
1948 5153 2134 5205 Leonis

567 5227 637 5279 Μ.
686 5227 752 5279 ad
784 5225 1056 5278 Turibium
1093 5229 1484 5278 Asturicensom
1517 5239 1634 5290 cap.
1668 5226 1737 5276 6:
1768 5223 1924 5276 Sexta
1974 5229 2133 5274 adno-

569 5296 693 5349 tatio
723 5296 931 5360 indicat,
959 5311 1040 5348 eos
1073 5293 1550 5363 (l’riscillianistas)
1584 5294 1746 5345 dicere
1781 5294 1917 5360 quod
1953 5293 2134 5345 diabo-

569 5368 649 5435 l_us
693 5382 952 5435 nunquam
981 5367 1130 5434 fuerit
1158 5365 1335 5435 bonus,
1383 5380 1471 5415 nec
1498 5375 1680 5416 natura
1723 5365 1832 5433 ejus
1861 5363 2133 5435 Δορὶιίὶιήιιιιι

570 5433 666 5488 Dei
685 5438 768 5501 sit,
795 5433 882 5489 sed
925 5453 1041 5488 eum
1069 5451 1130 5488 ea:
1159 5433 1284 5486 chao
1333 5443 1378 5486 et
1427 5436 1642 5487 tenebris
1689 5433 1971 5496 emersisse,
2013 5433 2132 5502 quia

569 5507 757 5558 scilicet
784 5507 979 5559 nullum
1001 5507 1077 5559 sui
1110 5507 1287 5559 habeat
1308 5513 1586 5557 auctorem.
1615 5505 1738 5558 But.
1773 5503 1947 5556 habet.
1978 5503 2132 5554 hono-

569 5589 683 5626 rum
705 5590 800 5644 pro
831 5575 1053 5640 honore;
1078 5591 1140 5629 ex
1172 5589 1276 5644 quo
1312 5574 1526 5642 conjicit
1551 5575 1814 5638 lleinsius,
1851 5573 2128 5644 legendum

569 5643 812 5697 nutritum
834 5646 1039 5697 ardebat
1068 5643 1326 5698 honorem.
1356 5646 1498 5711 Quas
1522 5645 1828 5697 criticorum
1852 5643 2126 5710 conjectu-

567 5723 678 5787 ras,
703 5729 765 5766 ex
792 5714 997 5769 mendis
1027 5715 1267 5787 codicum
1291 5715 1619 5787 desuntptas,
1649 5717 1964 5787 plerumque
1991 5713 2128 5787 inge-

573 5783 751 5833 niosas
787 5796 907 5836 esse
921 5799 1038 5837 -non
1067 5784 1320 5850 diiiiteor,
1345 5784 1436 5838 sed
1471 5783 1618 5838 nullo
1647 5785 1699 5838 in
1731 5783 1903 5848 pretio
1933 5783 2125 5838 haben-

2246 2631 2340 2683 das
2359 2631 2563 2703 judico,
2583 2645 2704 2703 cum
2731 2631 2889 2686 lectio
2912 2629 3218 2703 pervulgata
3239 2640 3387 2703 recte
3414 2633 3674 2701 procedit,
3699 2650 3794 2703 qua

2247 2701 2443 2771 mutari
2484 2717 2588 2754 non
2619 2701 2811 2765 debet,
2863 2701 3104 2771 quamvis
3153 2701 3488 2770 suspiciones
3539 2701 3794 2760 contrariae

2245 2770 2553 2839 plausibiles
2585 2771 2885 2825 videantur.

2315 2840 2435 2895 165.
2488 2842 2656 2897 Simili
2706 2843 2885 2911 phrasi
2931 2842 3095 2896 utitur
3140 2842 3426 2897 concilium
3464 2843 3710 2900 Lateran.
3751 2859 3796 2898 tu

2239 2912 2340 2963 sub
2370 2912 2549 2965 lnnoc.
2586 2911 2649 2966 IV
2684 2929 2698 2966 :
2736 2911 2852 2966 Una
2881 2929 3076 2966 summa
3096 2929 3175 2966 res
3197 2922 3289 2976 est,
3331 2914 3796 2980 incomprehensibi-

2241 2982 2301 3033 lis
2329 2983 2552 3048 quidem,
2606 2992 2651 3035 et
2681 2983 2974 3050 ine/labilis,
3007 2999 3117 3050 qua:
3160 2985 3399 3036 veraciter
3444 2996 3520 3038 est
3555 2983 3720 3049 Pater,
3758 2993 3798 3037 et

2241 3052 2428 3115 Filius,
2462 3063 2508 3106 et
2541 3053 2764 3122 Spiritus
2794 3063 3019 3106 sanctus.

2313 3122 2434 3178 166.
2468 3123 2699 3190 Angelos
2731 3123 2862 3177 dicit
2885 3124 3071 3188 aerios,
3106 3123 3308 3177 scilicet
3339 3125 3645 3192 spirituales,
3685 3137 3793 3178 nam

2239 3193 2526 3246 Prudentia
2553 3195 2738 3254 aerius,
2772 3194 3013 3262 liquidus,
3046 3193 3183 3248 idem
3213 3204 3296 3247 est
3324 3209 3385 3246 ac
3406 3196 3710 3262 spiritualis.

2315 3263 2432 3316 169.
2467 3264 2606 3317 Nihil
2644 3263 2980 3345 frequentius
3003 3264 3138 3345 apud
3170 3263 3510 3345 Patres,
3535 3277 3588 3318 et
3614 3264 3796 3319 theolo-

2236 3348 2801 3413 gosquanrasserere,
2829 3334 3056 3413 angelos
3074 3334 3336 3403 superbiae
3363 3345 3646 3413 peccatum
3671 3351 3795 3389 com-

2205 3404 2462 3457 °tnisisse.
2510 3404 2624 3456 Non
2674 3419 2822 3472 atque
2874 3404 3010 3456 inter
3048 3419 3141 3458 eos
3188 3414 3421 3468 constat,
3451 3407 3598 3473 quali
3627 3421 3792 3472 super-

2239 3473 2337 3526 bia:
2362 3489 2575 3542 genere,
2613 3481 2701 3527 aut
2742 3489 2840 3536 qua
2873 3473 3191 3538 cogitatione
3229 3475 3545 3529 tumuerint.
3583 3476 3795 3530 Pruden-

2238 3545 2342 3614 tius
2392 3559 2577 3597 eorum
2625 3543 2860 3614 opinioni
2917 3544 3127 3614 videtur
3183 3544 3489 3608 adhaerere,
3531 3547 3623 3614 qui
3666 3547 3796 3599 aiunt

2237 3613 2506 3666 diabolum
2531 3629 2595 3667 co
2615 3613 2838 3668 sceleris
2865 3613 3166 3680 devenisse,
3196 3625 3253 3668 ut
3281 3615 3445 3668 Deum
3492 3613 3689 3670 imitari
3721 3631 3795 3667 vo-

2239 3684 2421 3754 luerit,
2451 3699 2512 3737 ac
2541 3699 2599 3738 se
2628 3699 2721 3751 pro
2762 3685 2862 3739 deo
2893 3686 3263 3738 ostentaverit.
3296 3684 3572 3754 Petavius,
3604 3688 3696 3740 lib.
3727 3701 3792 3748 ιιι,

2237 3753 2303 3807 de
2331 3755 2545 3826 Angelis
2567 3794 2582 3817 ,
2612 3769 2728 3822 cap.
2753 3754 2807 3820 2,
2847 3765 2975 3808 tom.
3008 3754 3094 3818 ΙΙΙ,
3125 3754 3200 3808 ait
3234 3753 3580 3810 Prudentium
3615 3757 3798 3826 poetica

2236 3825 2460 3892 quadam
2487 3827 2894 3892 exaggeratione
2922 3827 3207 3891 superlmm
3232 3826 3490 3878 dmmonis
3516 3827 3712 3881 factum
3734 3826 3800 3879 sic

2238 3894 2576 3960 explicuisse,
2601 3903 2852 3965 tanquam
2878 3897 3080 3948 nullum
3113 3895 3192 3965 sui
3223 3905 3625 3962 procreatorem
3655 3911 3799 3965 agno-

2239 3966 2392 4027 verit,
2423 3966 2500 4018 sic
2539 3964 2758 4018 luxuria:
2788 3981 2849 4018 ac
2889 3980 3071 4035 ganeae
3105 3964 3271 4018 dediti
3318 3980 3413 4032 pro
3440 3967 3542 4019 deo
3576 3964 3799 4023 ventrem

2241 4037 2436 4089 habere
2479 4035 2747 4088 dicuntur.
2781 4036 2908 4088 Eam
2939 4037 3402 4102 exaggerationem
3434 4037 3486 4088 in
3519 4037 3639 4091 aliis
3676 4039 3800 4106 pari-

2242 4115 2321 4159 ter
2371 4106 2669 4174 intelligere
2722 4119 3042 4173 possumus:
3076 4121 3220 4166 nam,
3271 4115 3327 4158 ut
3371 4106 3510 4159 idem
3567 4106 3800 4160 Petavius

2241 4185 2421 4230 monet
2453 4191 2599 4229 num.
2648 4176 2737 4238 21,
2785 4175 2981 4228 diaboli
3027 4184 3303 4246 peccatum
3351 4177 3592 4246 plerique
3637 4179 3800 4230 dicunt

2243 4249 2427 4311 fuisse,
2480 4246 2616 4311 quod
2649 4246 2755 4298 Deo
2783 4246 3000 4313 aequalis
3026 4254 3081 4299 et
3107 4245 3298 4298 similis
3331 4261 3450 4300 esse
3480 4249 3728 4309 voluerit,
3756 4255 3802 4299 et

2239 4333 2384 4371 num.
2419 4331 2531 4380 seq.
2565 4315 2710 4368 addit
2756 4316 2806 4368 id
2859 4330 3128 4384 noniesse
3177 4315 3442 4382 explicatu
3499 4317 3671 4371 facile.
3706 4317 3799 4384 Cy-

2242 4388 2412 4452 rillns,
2457 4386 2546 4438 lib.
2580 4387 2685 4438 vin
2710 4387 2866 4439 loan.
2907 4403 2920 4437 :
2955 4383 3113 4438 Falsa
3142 4387 3379 4454 opinione
3409 4389 3659 4456 persuasit
3685 4383 3803 4452 (dia-

2243 4457 2417 4522 bolus)
2449 4457 2544 4508 sibi
2571 4474 2718 4526 posse
2745 4468 3033 4509 creaturam
3063 4456 3140 4526 ad,
3175 4467 3410 4526 naturam
3455 4459 3534 4509 sui
3573 4457 3803 4510 creatoris

2244 4527 2526 4580 ascendere.
2561 4525 2795 4580 Alcimus
2823 4527 3010 4579 Anitus
3031 4571 3046 4593 ,
3091 4525 3183 4578 lib.
3218 4541 3249 4578 ll
3281 4543 3296 4580 :
3330 4525 3594 4591 Tanquam
3641 4528 3804 4580 condi-

2247 4609 2325 4650 tor
2347 4607 2472 4650 esset
2500 4595 2618 4668 Ipse
2661 4599 2758 4650 sui.
2809 4595 3192 4668 Nazianzenus.
3215 4611 3392 4668 carm.
3425 4597 3494 4650 6:
3531 4597 3664 4668 Dum
3692 4598 3804 4648 dtus

2246 4684 2349 4722 esse
2375 4666 2541 4734 cupit,
2594 4677 2724 4720 tetra
2759 4667 2975 4736 caligine
3015 4674 3151 4736 totus
3201 4666 3422 4720 Obrutus
3465 4679 3559 4719 est.
3593 4667 3805 4736 Propius

2243 4739 2307 4790 ad
2341 4737 2683 4790 Prudentium
2713 4735 2876 4790 verba
2896 4735 3188 4790 Ezechielis
3213 4751 3328 4802 cap.
3357 4736 3447 4801 18,
3470 4737 3506 4788 Ξ
3535 4755 3547 4790 :
3583 4735 3656 4788 Eo
3678 4735 3804 4802 quod

2241 4809 2483 4861 eleuatum
2514 4817 2582 4859 est
2616 4823 2702 4859 cor
2725 4817 2889 4870 tuum,
2922 4816 2966 4858 et
2991 4806 3163 4859 dixisti
3190 4821 3207 4857 :
3241 4805 3373 4858 Deus
3396 4823 3486 4875 ego
3515 4823 3662 4869 sum;
3694 4819 3800 4872 quae

2242 4877 2308 4947 de
2339 4878 2576 4944 principe
2606 4877 2729 4947 Tyri
2761 4877 2936 4947 dicta,
2979 4876 3216 4947 nonnulli
3246 4877 3311 4929 ad
3344 4877 3638 4944 principem
3671 4888 3805 4930 tene-

2243 4946 2456 5000 brarum
2510 4945 2844 5002 convertunt.
2880 4945 3135 5013 'l‘heologi
3167 4946 3348 5014 plures
3377 4961 3496 5000 cum
3528 4948 3586 5001 S.
3611 4947 3803 5001 Thoma

2243 5033 2294 5083 p.
2347 5021 2395 5083 l,
2429 5028 2619 5086 quarst.
2653 5017 2739 5079 63,
2787 5025 2886 5069 art.
2917 5017 2972 5081 2,
3005 5025 3295 5084 opponent,
3325 5016 3625 5070 daemonem
3668 5028 3806 5071 natu-

2242 5086 2340 5140 rali
2385 5089 2686 5156 cognitione
2712 5087 2952 5150 scivisse,
2988 5101 3045 5140 :e
3091 5104 3118 5136 a
3155 5086 3261 5140 Deo
3288 5095 3548 5140 creatum.
3579 5087 3805 5140 Pinden-

2242 5160 2343 5210 tius
2378 5159 2589 5226 quidem
2622 5157 2671 5210 id
2701 5172 2802 5210 nou
2840 5157 3128 5221 negaverit,
3155 5156 3247 5209 scd
3276 5157 3344 5226 ita
3372 5172 3430 5208 se
3457 5158 3696 5226 gessisse
3724 5173 3805 5208 an-

2241 5225 2416 5293 gelum
2463 5228 2637 5292 dicet,
2693 5227 2842 5292 quasi
2893 5241 3202 5292 persuasum
3261 5225 3520 5286 habuerit,
3585 5229 3805 5294 propriis

2241 5301 2474 5368 genitum
2525 5313 2584 5352 se
2613 5297 2830 5350 viribus.
2869 5298 3076 5350 Etenim
3131 5298 3354 5349 naturali
3381 5311 3591 5368 quoque
3637 5298 3804 5365 cogni-

2241 5366 2384 5423 tione
2432 5368 2658 5430 sciebat,
2707 5381 2764 5419 se
2813 5382 2915 5420 non
2968 5382 3123 5434 posse
3178 5376 3361 5419 contra
3394 5366 3560 5420 Deum
3620 5367 3803 5421 habere

2241 5449 2582 5506 potestatem,
2616 5447 2670 5491 et
2705 5437 3052 5492 nihilominus
3082 5437 3199 5491 'hoc
3228 5436 3410 5490 voluit.
3444 5435 3626 5490 Potest
3656 5443 3800 5491 etiam

2238 5507 2462 5580 intelligi
2493 5509 2788 5580 daemonem
2822 5508 3086 5580 haereticis
3120 5506 3801 5580 Marcionitispersuasisse

2239 5595 2297 5633 se
2321 5575 2548 5634 alterum
2580 5579 2736 5632 deum
2766 5593 2905 5632 esse.
2941 5578 3050 5632 Hoc
3077 5578 3220 5632 enim
3251 5577 3324 5630 illi
3349 5575 3678 5642 credebant,
3716 5579 3802 5629 uti-

2239 5665 2342 5716 que
2376 5666 2404 5702 a
2433 5651 2673 5703 daemone
2698 5647 2895 5704 edocti.
2929 5649 2992 5703 Et
3017 5647 3224 5703 videtur
3250 5646 3303 5702 id
3329 5647 3551 5702 innuero
3572 5647 3801 5703 Pruden-

2240 5721 2343 5772 tius
2372 5735 2510 5772 vers.
2543 5717 2663 5772 171.

2240 5721 2343 5774 lius
2372 5735 2510 5775 vers.
2543 5721 2663 5774 171.
