3950 6326
167 337 331 404 1025

161 644 292 702 175
365 645 495 713 Quae
520 646 696 716 docet,
726 660 758 704 e
791 647 1024 706 tenebris
1052 650 1285 709 subitum
1320 562 1770 726 ωἰουὶἑέἑαιῒτέιη-

1522 763 1697 802 nunt:

1522 763 1697 802 nunt:

368 833 489 900 Qui,
510 831 656 889 velut
684 843 883 893 eterna
904 836 1124 894 latitans
1150 837 1251 895 sub
1274 848 1452 908 nocte,
1478 747 1769 897 r[etrorsum

370 923 591 991 Vixerit,
622 935 675 983 et
703 936 843 983 tecto
872 941 1088 999 semper
1115 933 1417 1017 regnaverit
1446 947 1580 989 avo.

365 1016 631 1087 Emulus,
684 1029 741 1076 ut
779 1030 1103 1090 memorant,
1152 1016 1317 1095 opera
1370 1024 1436 1081 ad
1465 1024 1641 1081 divina
1684 1040 1771 1081 re-

1523 1114 1702 1189 [pentc

366 1200 792 1274 Corrumpenda,
823 1214 983 1276 caput
1003 1206 1231 1278 caligine
1261 1207 1483 1279 protulit
1509 1219 1644 1265 atra.

168 1289 288 1348 180
367 1293 478 1349 lloc
501 1293 635 1349 ratio
664 1296 758 1351 sed
783 1306 963 1352 nostra
992 1307 1150 1368 negat
1176 1316 1189 1355 :
1217 1300 1299 1354 cui
1325 1315 1430 1355 non
1463 1299 1587 1356 licet
1609 1314 1767 1355 unam

366 1381 639 1440 infirmare
660 1383 842 1452 ﬁdem,
877 1400 1031 1442 sacro
1060 1402 1178 1458 qua:
1205 1389 1397 1444 tradita
1424 1388 1566 1445 libro
1593 1399 1695 1445 est.

369 1472 534 1546 διε.
558 1473 665 1543 Nil,
693 1476 789 1545 sit,
820 1476 1020 1548 absque
1060 1476 1170 1535 Deo
1202 1478 1417 1546 factum,
1451 1482 1544 1537 sed
1579 1488 1771 1535 cuncta

1355 1572 1471 1647 [per
1503 1574 1701 1645 ipsum.

372 1658 576 1716 Cuncta
608 1676 623 1713 :
657 1674 755 1718 nec
778 1669 864 1718 est
884 1661 1020 1719 alius
1051 1662 1354 1735 quisquam,
1388 1664 1492 1720 nisi
1519 1664 1687 1721 factus
1709 1665 1776 1722 ab

1537 1758 1699 1830 [ipso.

916 429 932 442 κ
1547 348 2088 415 HAMARTIGENIA.

364 459 499 515 Βίης
539 454 725 518 schola
754 460 1074 523 subtacitam
1116 465 1404 527 meditatur
1428 471 1651 543 gignere
1681 488 1767 529 se—
1793 485 1848 542 Α

3312 360 3447 421 1026

2050 476 2155 532 Sed
2204 475 2374 531 lactus
2402 474 2468 532 de
2514 475 2680 547 stirpe
2707 476 2901 541 bonus,
2932 475 3186 532 bonitatis
3216 479 3269 533 in
3299 496 3450 538 usum

1875 567 1978 623 185
2052 568 2323 633 Proditus,
2356 576 2410 623 et
2434 568 2606 638 primo
2632 569 2843 638 generis
2869 568 2936 623 de
2966 566 3112 624 fonte
3136 585 3383 642 serenus,

2056 660 2299 715 Deterior
2322 673 2440 714 mox
2465 669 2656 729 sponte
2685 673 2801 719 sua.
2833 659 2958 714 dum
2983 660 3199 716 decolor
3236 663 3386 717 illum

2054 750 2227 805 Inlieit
2251 750 2469 818 invidia,
2504 753 2842 821 stimulisque
2869 752 3085 824 insuigat
3112 755 3309 810 amaris
3341 771 3355 807 :

2060 843 2204 896 Arsit
2233 843 2372 896 cnim
2406 841 2634 897 scintilla
2665 842 2771 897 odii
2800 843 2866 899 de
2896 844 3079 899 fomite
3107 845 3240 909 zeli,

2057 932 2123 986 Et
2143 932 2296 987 dolor
2318 918 2587 1003 ingenium
2619 932 2828 989 subitus
2856 936 3105 989 conﬂavit
3131 920 3391 1005 iniquum.

1877 1022 1981 1079 190
2058 1021 2276 1077 Viderat
2299 1023 2562 1092 argillam,
2590 1023 2933 1079 simulacrum
2962 1025 3269 1081 etstructile
3292 1025 3420 1080 ﬂatu

2050 1112 2395 1169 Concaluisse
2417 1113 2537 1180 dei;
2570 1112 2840 1169 dominum
2874 1129 3084 1186 quoque
3106 1115 3400 1172 conditioni

2053 1204 2211 1278 515
2237 1205 2564 1275 impositura.
2586 1213 2772 1260 natura
2789 1204 2910 1273 soli,
2931 1205 3228 1277 pelagique,
3250 1206 3456 1277 polique

2052 1298 2122 1355 Ut
2152 1298 2415 1353 famulans
2442 1295 2643 1353 homini
2668 1297 2982 1368 locupletem
3006 1294 3226 1354 fundere
3251 1305 3456 1370 partum

2050 1389 2264 1456 Nosset,
2294 1398 2349 1445 et
2378 1386 2599 1445 edusum
2632 1398 2845 1444 terreno
2875 1387 3121 1446 addicere
3147 1389 3279 1462 regi.

1876 1477 1981 1535 195
2055 1476 2259 1533 lnllavit
2291 1477 2555 1535 fermento
2594 1476 2755 1535 animi
2794 1481 3157 1537 stomachante
3199 1490 3457 1537 tumorem

2054 1569 2250 1636 Bestia,
2278 1569 2448 1639 deque
2473 1568 2637 1626 acidis
2660 1570 2763 1625 vim
2790 1571 2947 1625 traxit
2966 1571 3154 1627 acerba
3179 1570 3422 1627 medullis
3442 1611 3456 1636 ,

2060 1662 2268 1727 Bestia,
2302 1661 2463 1717 corde
2498 1676 2715 1730 carens,
2749 1664 2833 1719 cui
2865 1674 2988 1719 tunc
3027 1664 3286 1734 sapientia
3317 1664 3458 1735 longi

2054 1753 2305 1824 Corporis
2331 1753 2557 1810 enodem
2586 1756 2830 1811 servabat
2856 1763 2996 1812 recta
3021 1756 3313 1826 juventam,

1442 1942 1449 1949 .
1496 1895 1779 1951 GLOSSIE
1822 1892 2157 1949 VETERES.

267 2044 399 2100 174.
429 2041 589 2115 Hinc,
613 2042 676 2097 de
723 2043 820 2115 hac
865 2044 1075 2099 ratione.
1099 2074 1168 2085 —-
1193 2044 1409 2112 Scltola,
1447 2046 1777 2102 Marcionita-
1811 2052 1853 2111 Β
1882 2047 2033 2100 minis
2058 2060 2169 2115 qua:
2200 2046 2263 2097 de
2292 2060 2414 2098 timo
2446 2050 2665 2113 formata
2693 2046 2811 2115 fuit,
2844 2044 2884 2098 Ι.

179 2130 333 2179 runt,
364 2130 486 2184 grex
512 2114 1115 2185 illius.—Subtacitam,
1146 2117 1413 2171 occultam.
1446 2147 1513 2156 —
1537 2120 1771 2185 Sectam,

180 2196 382 2254 pestem
408 2185 598 2237 scilicet
632 2184 1074 2251 Marcionitarum,
1101 2189 1137 2240 Ι.

258 2254 394 2308 176.
428 2254 763 2317 Retrorsum,
791 2255 852 2307 ab
886 2256 1052 2321 initio,
1081 2258 1146 2323 l.,
1172 2258 1291 2313 Vat.
1316 2258 1382 2312 Α.

258 2326 394 2378 178.
431 2325 699 2391 ΛΕηὶυΙιις,
735 2326 961 2389 invidus,
997 2326 1034 2381 Ι.

255 2394 393 2469 181.
425 2394 718 2469 Inﬁrmare,
766 2411 1110 2469 corrumpere,
1140 2413 1329 2469 aegram
1369 2399 1555 2467 facere.
1590 2427 1658 2437 —-
1687 2397 1772 2451 Li-

184 2464 312 2531 bro,
351 2466 403 2518 in
438 2463 738 2536 Evangelia,
766 2466 804 2518 l.

262 2536 394 2590 185.
427 2536 647 2597 Cuncta,
671 2537 866 2590 scilicet
891 2537 1027 2605 dico,
1053 2538 1092 2592 1.

259 2606 397 2660 184.
425 2605 640 2669 Factus,
671 2605 872 2670 lucifer,
907 2606 945 2660 1.

260 2675 396 2731 185.
420 2675 684 2738 Proditus,
712 2678 1092 2745 manifestatus,
1128 2678 1168 2731 Ι.

260 2746 395 2799 187.
423 2745 611 2810 lnlicit,
642 2747 864 2811 violavit,
896 2746 934 2799 I.

259 2816 395 2872 190.
419 2815 698 2888 Argillam,
728 2818 925 2872 limum.
948 2848 1019 2860 —
1038 2817 1412 2887 Simulacrum,
1438 2822 1659 2889 formam
1682 2818 1774 2872 Ito-

1952 2117 2071 2171 191.
2105 2116 2407 2181 Dominum,
2438 2118 2603 2169 Adam
2651 2126 2794 2168 vocat
2846 2116 3105 2169 dominum
3145 2134 3290 2186 quem
3324 2121 3454 2175 Deus

1836 2188 2139 2239 ‘canstitnit
2199 2186 2459 2259 dominum
2511 2196 2756 2240 creatura:
2809 2201 2935 2239 sum.
2994 2217 3059 2226 ——
3112 2189 3452 2259 Conditioni,

1878 2260 2018 2309 omni
2046 2268 2311 2320 creatura),
2350 2255 2388 2308 1.

1953 2327 2074 2380 192.
2105 2327 2245 2386 Soli,
2277 2336 2450 2389 terrm,
2484 2325 2523 2378 l.
2558 2326 2791 2385 Homini,
2820 2326 2941 2378 Vat.
2973 2328 3039 2381 A.

1877 2399 2072 2520 Ad191.
2100 2395 2393 2485 'Addicere,
2426 2396 2701 2467 subjugare
2722 2396 2797 2450 vel
2819 2400 3183 2453 commendare.
3216 2430 3283 2440 --
3309 2401 3456 2470 Regi,

1962 2484 2066 2520 am.
2100 2491 2137 2519 I.

1962 2484 2066 2522 am.
2100 2484 2137 2519 t.

2103 2538 2352 2619 stomach
2375 2548 2501 2606 vnte,
2534 2538 2801 2604 irascente,
2827 2541 3041 2608 furente.
3064 2571 3135 2582 —
3158 2541 3457 2611 Fcrmento,

1883 2609 2103 2672 malitia,
2132 2609 2173 2662 Ι.

1949 2679 2072 2732 196.
2109 2680 2305 2744 Bestia,
2334 2679 2587 2733 diabolus.
2616 2707 2689 2719 -—
2716 2679 2916 2742 Acidis,
2946 2682 3160 2745 acerbis,
3194 2683 3232 2735 Ι.

1951 2750 2073 2802 197.
2110 2749 2302 2812 Bestia,
2331 2765 2555 2817 serpens.
2585 2777 2657 2788 —
2682 2749 2876 2817 Longi,
2912 2752 3025 2803 sani
3049 2768 3243 2817 sensus,
3272 2753 3308 2807 l.

1949 2821 2069 2875 198.
2105 2820 2343 2875 Enodem
2363 2860 2378 2886 ,
2410 2820 2517 2873 sine
2545 2820 2699 2874 nodo.
2736 2849 2803 2858 —
2837 2819 3019 2889 Recta,
3052 2832 3236 2890 erecta,
3267 2823 3306 2878 1.

1588 2976 2147 3034 COMMENTARIUS.

264 3140 402 3196 174.
433 3139 645 3207 Cham.,
673 3138 810 3193 male
834 3148 1018 3193 sectam
1036 3138 1061 3190 Ρ
1100 3138 1456 3208 interrogans.

268 3211 403 3266 175.
433 3210 628 3279 Aliqui,
657 3225 758 3263 non
788 3209 945 3273 bene,
977 3225 1077 3279 qua
1100 3210 1262 3263 docet.

266 3281 405 3336 180.
458 3272 590 3334 Ma'r.
616 3272 671 3332 'a
720 3281 889 3349 prima
923 3272 1103 3348 manu,
1148 3296 1246 3334 non
1274 3278 1411 3333 libet.
1442 3278 1623 3346 Prag.,
1657 3294 1779 3344 una,

198 3353 369 3417 Itale,
402 3367 496 3419 pro
526 3367 700 3403 unam.

272 3423 407 3477 181.
439 3420 619 3487 Prag.,
653 3420 984 3473 traditalibro
1010 3420 1125 3473 sine
1157 3431 1246 3473 est.

276 3492 406 3545 189..
433 3490 701 3546 Giseliuus
724 3494 943 3545 confuse
966 3492 1163 3543 dictum
1186 3489 1457 3544 existimat
1485 3488 1554 3542 nil
1591 3488 1782 3544 factum

202 3543 414 3632 absque
445 3543 573 3624 lico,
606 3543 697 3614 sed
715 3543 1039 3632 icunclaper
1071 3543 1259 3632 ipsum.
1291 3560 1419 3612 Nam
1445 3574 1559 3627 cap.
1586 3574 1599 3612 ι
1628 3561 1783 3615 Joan.
1812 3543 1857 3607 C

203 3636 253 3689 id
302 3630 524 3702 proprie
556 3633 666 3684 Deo
699 3631 830 3686 Filio
860 3630 1131 3702 tribuitur:
1159 3630 1352 3702 Verum
1386 3640 1550 3702 poeta
1571 3631 1783 3702 sapien-

203 3716 291 3759 ter
306 3698 489 3757 'Deum
525 3710 803 3763 memorat,
825 3702 949 3769 quin
975 3699 1163 3753 Filium
1197 3699 1478 3768 exprimat.
1511 3698 1787 3754 Nonenim

207 3791 357 3829 nunc
390 3772 570 3841 agitur
603 3772 672 3825 de
702 3771 970 3839 probanda
1001 3770 1119 3824 Filii
1160 3784 1190 3821 a
1229 3771 1385 3823 Patre
1414 3771 1784 3833 distinctione;

205 3846 305 3899 sed
354 3843 486 3897 illud
541 3852 725 3896 contra
778 3842 1115 3896 Marcionitas
1158 3849 1239 3895 est
1292 3841 1784 3907 demonstrandum,

206 3915 345 3970 nihil
379 3915 581 3981 absque
618 3911 747 3976 Deo,
797 3912 893 3966 sed
923 3922 1110 3967 cuncta
1153 3926 1247 3979 per
1275 3913 1435 3964 Deum
1469 3912 1602 3964 iacta
1646 3925 1786 3977 esse,

207 3986 455 4054 adeoque
487 3985 632 4050 ipsos
660 3982 879 4052 angelos
913 3982 1216 4054 perDeum
1248 3981 1415 4054 factos
1445 3996 1585 4054 esse.
1616 3981 1792 4049 Siqui-

209 4056 331 4109 dem
370 4052 522 4122 patet
567 4054 731 4106 Deum
761 4067 880 4107 esse
910 4052 1163 4117 Verbum,
1196 4058 1250 4106 ct
1273 4066 1302 4105 a
1341 4052 1447 4107 Deo
1478 4052 1612 4107 facta
1644 4067 1787 4121 esse,

209 4141 333 4196 qua:
361 4122 725 4196 per__Verbum
757 4123 893 4196 facta
928 4131 1072 4177 sunt.

287 4195 416 4249 185.
441 4194 553 4247 Gis.
584 4195 649 4246 ad
667 4208 837 4261 oram,
863 4193 1043 4263 Prag.,
1076 4191 1192 4245 Rat.
1220 4206 1249 4245 a
1268 4192 1446 4261 prisco
1466 4203 1788 4259 correctore,

211 4266 371 4335 facta.
410 4264 531 4335 Alii,
565 4274 765 4317 cuncta.

281 4334 411 4389 184.
465 4334 738 4388 Mauichaei
785 4343 840 4388 et
884 4332 1299 4388 Priscillianistac
1344 4333 1642 4387 docuerunt
1679 4334 1791 4389 daa-

215 4419 405 4459 mones
437 4414 622 4457 natura
653 4419 772 4460 esse
813 4405 1015 4467 malos;
1047 4414 1231 4459 contra
1260 4418 1394 4472 quos
1422 4411 1596 4458 exstat
1621 4419 1791 4460 canon

215 4475 245 4527 7
276 4475 491 4529 concilii
521 4475 735 4528 Bracar.
767 4490 782 4526 ι
819 4489 906 4528 an.
937 4475 1032 4529 561
1068 4491 1082 4528 :
1128 4474 1187 4528 Si
1219 4474 1329 4543 quis
1374 4475 1493 4528 dicit
1537 4476 1793 4529 diabolum

216 4562 317 4615 non
360 4545 521 4613 fuisse
559 4546 701 4615 prius
727 4544 911 4598 bonum
960 4547 1197 4614 angelum
1226 4561 1257 4596 a
1295 4545 1402 4597 Deo
1440 4545 1652 4613 factum,
1705 4562 1794 4600 nec

218 4614 314 4669 Dei
348 4614 615 4683 opiﬁcium
643 4616 800 4685 fuisse
838 4625 1073 4667 naturam
1112 4617 1249 4683 ejus,
1288 4616 1376 4667 sed
1408 4616 1532 4668 dicit
1586 4632 1697 4668 eum
1735 4633 1796 4669 ex

221 4687 348 4738 chao
372 4695 421 4738 et
454 4686 667 4738 tenebris
690 4687 970 4750 emersisse,
1004 4701 1094 4739 nec
1123 4686 1342 4755 aliquem
1370 4687 1449 4738 sui
1478 4686 1660 4739 habere
1702 4703 1796 4739 au-

222 4765 433 4819 ctorem,
471 4756 558 4807 sed
587 4756 755 4824 ipsum
789 4771 892 4809 esse
934 4756 1239 4825 principium
1280 4765 1427 4823 atque
1462 4758 1797 4810 substantiam

221 4827 366 4949 n’ttali,
396 4827 527 4905 sicut
554 4825 890 4891 Manichwus,
920 4835 966 4878 et
996 4824 1355 4879 Priscillianus
1380 4828 1641 4897 dixerunt,
1670 4844 1797 4882 ana-

222 4902 244 4948 t
275 4913 388 4947 ema
409 4905 494 4948 stt.

222 4902 388 4948 thensa
409 4902 494 4948 sit.

291 4966 417 5019 189.
450 4965 596 5031 Ald.,
631 4975 683 5019 ut
709 4965 885 5028 dolor;
916 4964 1024 5032 alii,
1047 4976 1095 5019 et
1120 4966 1284 5020 dolor.

292 5034 416 5090 191.
448 5034 690 5090 Gilanius
719 5036 832 5090 lnd.
860 5036 1071 5090 Lucret.
1090 5038 1140 5090 in
1173 5036 1336 5090 verbo
1362 5035 1445 5103 fac
1471 5050 1535 5089 ex
1564 5046 1667 5090 vet.
1691 5037 1781 5092 lib.

225 5106 341 5168 legit
403 5106 734 5159 convaluisse.
777 5104 952 5160 Nostri
1000 5120 1218 5171 omnes,
1265 5107 1608 5171 concaluisse,
1665 5123 1785 5161 cum

226 5173 538 5229 Weitzianis
566 5186 620 5230 et
650 5175 983 5230 Heinsianis:
1010 5176 1111 5230 nisi
1141 5176 1279 5245 quod
1312 5176 1466 5243 Prag.
1512 5176 1670 5232 habet
1699 5179 1787 5229 de-

227 5246 458 5307 caluisse,
483 5246 621 5313 quod
645 5247 853 5301 videtur
879 5245 1138 5314 placuisse
1165 5247 1423 5311 Marietto,
1449 5257 1506 5299 ut
1530 5248 1792 5300 deculcare

227 5315 363 5382 apud
391 5315 622 5369 Plinium
653 5330 748 5384 pro
794 5318 1013 5383 calcare,
1059 5318 1313 5370 decontari
1343 5317 1480 5385 apud
1511 5318 1790 5385 Apuleium

230 5399 325 5453 pro
374 5387 635 5449 cunctari,
666 5388 877 5441 delitare
921 5401 1017 5454 pro
1045 5386 1213 5450 litare,
1244 5386 1413 5442 Aldus
1440 5394 1495 5443 et
1523 5388 1791 5441 Giselinus

190 5498 193 5501 .
231 5455 490 5509 dominum
514 5473 713 5526 quoque
734 5457 1022 5511 conditione
1041 5471 1160 5511 cum
1181 5457 1353 5511 Oxon.
1380 5476 1391 5510 :
1418 5473 1484 5513 ex
1501 5472 1606 5525 quo
1622 5459 1795 5526 suspi-

230 5536 378 5596 catur
406 5526 654 5581 Heinsius
682 5527 945 5581 dominum
972 5544 1169 5596 quoque
1206 5528 1491 5580 conditione
1534 5529 1789 5596 imposita.

232 5592 351 5667 \lat.
392 5600 458 5659 A,
486 5612 633 5666 quem
664 5613 758 5666 pro
786 5592 1001 5667 quoque.
1038 5592 1186 5663 ΠΗ»,
1239 5598 1593 5666 dominumque
1608 5592 1795 5651 condi-

233 5664 375 5738 tioni.
421 5664 601 5735 Prag.,
662 5664 923 5721 dominum
978 5684 1171 5738 quoque
1219 5664 1541 5721 conditionis.
1574 5668 1787 5738 Optimi,

233 5734 491 5807 [taurinum
511 5734 706 5807 quoque
728 5734 1006 5792 conditioni
1047 5734 1374 5807 impositum;
1395 5739 1534 5805 quod
1562 5736 1793 5806 explicat

233 5802 478 5867 Heinsius
516 5802 571 5867 ct
596 5802 983 5885 Chamiiiardus
1000 5849 1015 5880 ,
1046 5802 1335 5883 impositum
1360 5802 1566 5880 fabrica:
1592 5802 1789 5865 mundi.

1884 3136 2016 3191 Nam
2040 3134 2346 3191 Gennadius
2375 3135 2447 3189 ait
2492 3134 2838 3205 Prudentium
2863 3136 3144 3205 scripsisse
3166 3138 3233 3193 de
3260 3139 3455 3198 fabrica

1890 3208 2069 3261 mundi
2114 3223 2267 3275 usque
2291 3207 2358 3259 ad
2387 3202 2726 3259 conditionem
2753 3208 2903 3274 primi
2947 3202 3185 3263 hominis.
3218 3210 3458 3268 Profecto

1888 3279 2025 3344 apud
2061 3277 2395 3331 Ezechielem
2447 3293 2564 3345 cap.
2596 3293 2765 3331 xxvm
2798 3278 3031 3331 conditio
3060 3295 3155 3347 pro
3180 3282 3455 3339 creatione

1887 3349 2104 3417 punitur
2134 3362 2271 3400 vers.
2305 3348 2372 3402 15
2399 3365 2412 3400 :
2448 3347 2709 3415 Perfectus
2732 3348 2784 3400 in
2816 3349 2907 3400 viis
2938 3350 3036 3401 tuis
3059 3366 3088 3401 a
3110 3352 3191 3403 die
3212 3354 3462 3408 conditio-

1890 3420 1967 3471 nis
2000 3429 2131 3482 tum,
2178 3419 2335 3470 donec
2364 3420 2567 3471 inventa
2591 3430 2665 3471 est
2690 3419 2931 3488 iniquitas
2961 3421 3011 3472 in
3063 3433 3126 3473 te.
3154 3421 3461 3479 Gallandius

1891 3499 2071 3542 tuetur
2116 3490 2275 3541 etiam
2307 3489 2588 3542 conditioni
2634 3503 2730 3554 pro
2759 3488 2918 3543 rebus
2964 3492 3158 3544 creatis
3201 3508 3264 3545 ex
3296 3496 3462 3548 veteri

1894 3560 2185 3625 interprete
2234 3558 2289 3613 S.
2325 3560 2507 3612 lreutei
2538 3568 2590 3612 et
2618 3559 2966 3613 'l‘ertulliano.
3004 3560 3271 3614 Giselinus
3312 3578 3463 3618 suam

1894 3630 2176 3683 lectionem
2206 3629 2493 3681 conditione
2520 3630 2813 3697 impositum
2843 3632 2910 3681 ita
2946 3630 3345 3697 interpretatur,
3370 3635 3464 3686 ho-

1892 3700 2091 3753 minem
2123 3699 2396 3752 dominum
2429 3698 2734 3752 conditione
2764 3698 2928 3752 l‘u'sse
2954 3701 3302 3754 constitutum
3322 3743 3334 3763 ,
3369 3702 3466 3757 hac

1892 3770 2118 3829 scilicet,
2152 3777 2210 3821 ut
2237 3769 2427 3822 arbore
2454 3768 2693 3822 scientiae
2725 3768 2866 3830 boni,
2900 3778 2954 3822 et
2994 3771 3115 3823 mali
3144 3773 3463 3827 abstineret.

1893 3839 2021 3894 Post
2045 3839 2183 3892 hunc
2206 3853 2415 3892 versum
2448 3839 2604 3904 Mar.,
2638 3838 2816 3907 Prag.,
2850 3837 2993 3903 Rat.,
3023 3838 3149 3893 Urb.
3185 3852 3236 3894 et
3267 3842 3357 3896 alii
3383 3842 3467 3897 in-

1894 3919 2159 3965 terserunt
2180 3911 2356 3965 hunc:
2384 3909 2483 3975 Qui
2521 3917 2754 3961 cunctum
2786 3911 2995 3978 proprio
3021 3918 3211 3978 regeret
3235 3913 3467 3965 modera-

1892 3982 2027 4034 mine
2054 3979 2317 4041 mundum,
2361 3995 2517 4048 quem
2546 3977 2743 4033 rectius
2774 3977 2941 4033 Aldus
2970 3977 3155 4047 reiecit
3185 3990 3303 4049 post
3348 3998 3468 4037 ver-

1892 4068 2009 4107 sum
2059 4050 2264 4123 Nosset,
2313 4058 2357 4103 et
2408 4049 2627 4123 effusum
2668 4057 2868 4123 terreno
2918 4051 3154 4123 addicere
3186 4054 3326 4123 regi;
3377 4055 3465 4108 alii

1893 4136 2114 4191 prorsus
2142 4121 2412 4175 omittunt.
2441 4119 2590 4186 Quod
2615 4119 3028 4191 autemidtemon
3049 4122 3171 4175 odio
3191 4119 3466 4177 et'invidia

1895 4190 2184 4264 exarserit,
2218 4193 2444 4264 docent
2483 4192 2747 4264 lrenteus,
2794 4190 3154 4264 Lactantius,
3183 4191 3469 4264 Gregorius

1895 4263 2188 4331 Nysscnus,
2217 4262 2537 4323 Methodius,
2584 4261 2903 4331 Cyprianus,
2936 4261 3467 4332 Augustinus,'Aua-

1897 4336 2093 4387 stasius
2125 4333 2351 4399 Sinaita,
2373 4332 2766 4395 Tertullianus;
2796 4332 2886 4385 sed
2919 4332 3004 4385 alii
3038 4333 3192 4388 aliter
3221 4335 3321 4389 hoc
3346 4351 3467 4401 pec-

1897 4413 2074 4457 catum
2108 4403 2319 4457 invidia:
2351 4404 2637 4473 explicant.
2664 4402 2843 4474 Aliqui
2872 4409 3154 4472 utrumque
3187 4413 3466 4474 peccatum

1898 4475 1950 4528 in
1978 4473 2222 4528 daemone
2268 4482 2585 4541 agnoscunt,
2622 4472 2926 4541 superbiam
2952 4482 3007 4528 et
3036 4472 3309 4541 invidiam,
3333 4492 3470 4543 quos

1902 4553 2056 4614 poeta
2089 4556 2269 4598 noster
2295 4546 2555 4613 sequitur.

1972 4616 2095 4670 195.
2130 4611 2556 4668 Elmenhorstins
2586 4614 2635 4665 in
2669 4613 2960 4666 Arnobium
2989 4627 3107 4680 pag.
3135 4611 3205 4667 20
3225 4612 3288 4667 ad
3317 4617 3474 4674 verba

1899 4687 2115 4740 Arnobii
2148 4695 2288 4737 utero
2320 4689 2464 4751 fusus
2512 4684 2771 4753 exemplis
2830 4683 3100 4736 Ciceronis
3124 4723 3157 4753 ,ί
3180 4684 3471 4753 iuvenalis,

1902 4755 2162 4810 Lactantii
2190 4765 2241 4808 et
2269 4755 2494 4807 aliorum
2520 4752 2656 4806 hanc
2683 4752 2897 4821 phrasin
2921 4752 3261 4820 comprobat.

1971 4826 2092 4879 194.
2126 4826 2251 4878 Post
2287 4824 2426 4876 hunc
2457 4838 2686 4886 versum,
2719 4833 2774 4875 ut
2806 4822 2960 4889 paulo
2987 4831 3110 4875 ante
3136 4822 3272 4885 dixi,
3310 4825 3477 4880 Aldus

1822 4923 1877 4983 1)
1900 4896 2127 4983 calles“!
2138 4895 2304 4983 11⁵9Ἶὶ
2324 4895 2429 4983 9931
2450 4902 2820 4983 ‘,“.".€’.'f"}:££‘it
2834 4892 3055 4983 Isaia
3071 4908 3289 4983 quae,
3304 4896 3478 4983 alter."

1901 4966 2075 5021 versui
2099 4967 2240 5019 hunc
2264 4966 2434 5018 locum
2459 4963 2630 5025 dedit;
2654 4963 2986 5029 allirmatque
3007 4961 3058 5015 in
3080 4962 3325 5019 omnibus
3343 4966 3479 5022 \‘att.

1901 5050 2038 5102 esse,
2073 5036 2173 5089 hoc
2204 5035 2542 5102 discrimine,
2576 5033 2716 5102 quod
2742 5032 2829 5085 alii
2862 5040 2976 5101 post
3007 5047 3143 5086 vers.
3184 5034 3277 5089 l9l
3312 5038 3477 5091 collo.

1903 5117 2055 5167 cant,
2088 5107 2176 5159 alii
2209 5106 2294 5159 hic
2323 5112 2606 5173 reponunt.

1980 5178 2099 5233 195.
2135 5177 2314 5245 Prag.,
2347 5176 2634 5239 mendose,
2667 5184 2877 5245 tumore.
2914 5173 3255 5228 Fcrmentum
3288 5176 3482 5230 dicitur

1905 5262 1935 5301 ει
1962 5251 2144 5317 ferveo.
2177 5244 2308 5300 llinc
2333 5255 2493 5317 recte,
2524 5255 2686 5317 tumor
2710 5244 2917 5317 inflatus
2943 5244 3204 5313 fermento.
3237 5246 3483 5301 Horatius

1905 5315 2001 5372 lib.
2031 5335 2078 5385 ι,
2113 5319 2213 5370 mla
2246 5318 2310 5371 15
2337 5334 2348 5369 :
2384 5315 2604 5369 Fert-ens
2629 5315 2819 5384 difﬁcili
2845 5316 2942 5369 bile
2964 5324 3117 5367 tumet
3136 5318 3305 5385 jecur.
3349 5318 3478 5370 Cum

1906 5398 2082 5443 autem
2113 5388 2243 5441 mira
2270 5389 2339 5440 sit
2367 5386 2622 5439 stomachi
2645 5401 2763 5439 cum
2788 5385 2949 5439 corde
2977 5387 3279 5453 consensio,
3310 5386 3482 5441 Latini

1901 5460 2214 5512 stomachum
2245 5466 2297 5512 et
2324 5456 2631 5511 stomachari
2660 5455 2927 5525 accipiunt
2958 5470 3052 5521 pro
3081 5455 3157 5510 ira
3202 5466 3257 5511 et
3298 5455 3475 5510 irasci.

1902 5529 2044 5584 Scite
2093 5530 2250 5598 igitur
2292 5526 2605 5582 Prudentius
2648 5526 2781 5580 dixit
2818 5530 3061 5595 fermento
3090 5527 3249 5581 animi
3287 5536 3479 5581 stoma-

1902 5600 2099 5652 cltante.

1973 5670 2094 5722 197.
2130 5669 2342 5734 Wcits.,
2361 5669 2471 5723 Gis.
2495 5671 2529 5720 ‘2
2547 5668 2698 5733 edit.,
2730 5666 2882 5731 Mar.,
2904 5665 3082 5737 Prag.,
3109 5669 3259 5721 corde
3279 5683 3478 5734 carens,

1901 5740 2103 5793 scilicet
2134 5742 2243 5805 ipsa
2272 5741 2459 5793 bestia.
2500 5740 2765 5793 lleiusiani
2792 5738 2996 5806 scripti,
3032 5740 3173 5807 Ald,
3210 5739 3322 5793 Vat.
3354 5737 3397 5793 A
3425 5745 3482 5798 et

1900 5808 2009 5877 alii,
2038 5813 2186 5865 sorde
2217 5826 2417 5876 carens,
2448 5826 2637 5883 nempe
2665 5810 2944 5881 sapientia.
