3950 6326
147 366 299 423 1029

1232 566 1381 639 [que,
1413 576 1678 636 ruuntque

294 698 299 701 ‹
332 664 554 729 Omnia,
600 660 857 731 legirupis
887 660 1192 732 quassantia
1239 659 1438 715 viribus
1469 661 1673 716 orbem.

327 755 607 825 Frangunt
652 752 981 808 umbriferos
1010 751 1317 821 aquilonum
1361 752 1544 822 praelia
1573 753 1743 818 lucos,

147 843 247 902 alii
327 846 399 901 Et
426 847 568 902 cadit
596 843 900 900 immodicis
930 843 1059 898 silva
1086 844 1374 912 exstirpata
1408 845 1675 914 procellis.

324 938 490 993 Parte
519 936 622 991 alia
651 937 920 991 violentus
955 934 1107 1005 aquis
1140 936 1468 991 torrentibus
1506 936 1677 991 amnis

323 1029 580 1083 Transilit
608 1029 877 1097 obiectas,
909 1028 1221 1098 praescripta
1250 1029 1496 1098 repagula
1518 1069 1531 1095 ,
1582 1030 1745 1099 ripas,

340 1121 410 1174 Et
441 1136 603 1190 vagus
640 1120 840 1174 eversis
882 1120 986 1175 late
1019 1119 1325 1175 dominatur
1356 1121 1408 1175 in
1440 1122 1603 1191 agris.

328 1210 439 1265 Nec
468 1222 646 1267 tamen
677 1212 759 1265 his
790 1220 990 1265 tantam
1022 1212 1224 1267 rabiem
1257 1214 1601 1267 nascentibus
1630 1214 1747 1283 ipse

330 1303 592 1360 Conditor
621 1305 849 1360 instituit
883 1324 894 1359 :
928 1307 1019 1361 sed
1057 1307 1174 1361 laxa
1206 1308 1417 1362 licentia
1446 1324 1623 1363 rerum

327 1395 591 1449 Turbavit
622 1396 857 1466 placidas
889 1406 1044 1466 rupto
1075 1397 1440 1453 moderamine
1468 1399 1636 1469 leges,

334 1487 445 1542 Nec
466 1489 679 1556 mirum,
705 1488 748 1542 si
774 1489 1011 1543 membra
1034 1489 1178 1543 orbis
1199 1504 1456 1543 concussa
1478 1498 1743 1556 rotantur,

328 1579 385 1634 Si
414 1580 557 1633 vitiis
588 1582 783 1649 agitata
813 1581 926 1634 suis
952 1581 1214 1635 mundana
1247 1582 1456 1636 laborat

328 1669 571 1733 Machina
595 1712 609 1734 ,
642 1671 686 1724 si
720 1680 889 1724 terras
920 1672 1032 1725 lues
1064 1671 1327 1725 incentiva
1358 1672 1560 1741 fatigat.

146 1303 256 1358 245

148 1759 261 1815 250
338 1760 661 1829 Exemplum
687 1761 777 1814 dat
801 1762 904 1815 vita
938 1761 1233 1831 hominum,
1262 1777 1367 1832 quo
1397 1771 1587 1818 caetera
1620 1777 1744 1829 pec-

784 1894 791 1901 υ
1469 1851 1488 1923 [
1510 1859 1634 1907 cent
1655 1868 1669 1904 :

332 1946 454 2000 Vita
485 1946 792 2014 hominum,
820 1948 937 2013 cui,
965 1946 1220 2041 quidquid
1245 1948 1385 2018 agit,
1414 1948 1661 2014 vesania,
1689 1953 1744 2003 et

1520 2054 1671 2095 Cl‘l‘Ol‘

1520 2054 1671 2095 error

325 2129 698 2201 Suppeditant,
743 2138 802 2186 ut
854 2130 994 2186 bella
1019 2130 1266 2194 fremant,
1291 2136 1352 2183 ut
1401 2040 1541 2184 ﬁnita
1592 2129 1744 2185 volu-

1498 2222 1638 2294 [ptas

1510 349 2045 417 HAMARTIGENIA.

334 478 498 550 518
530 473 943 533 Transcendunt
962 474 1225 532 elementa
1246 474 1483 541 modum,
1504 478 1742 545 rapiunt-
1768 480 1821 541 Α

1773 1866 1821 1926 Β

3284 365 3438 423 4050

2025 476 2260 543 Difﬂuat,
2296 478 2508 551 impuro
2537 478 2808 536 fervescat
2835 487 2891 533 ut
2922 477 3044 549 igne
3075 477 3274 549 libido,

2033 568 2193 640 519
2219 568 2447 625 Sorbeat
2475 580 2533 625 ut
2561 571 2804 627 cumulos
2831 586 3168 627 nummorum
3201 571 3442 628 faucibus

3158 662 3176 736 [
3181 665 3371 733 amplis

1851 748 1958 803 255
2033 750 2239 822 Gurges
2267 753 2525 817 avaritiae,
2552 752 2674 807 finis
2704 768 2861 823 quam
2894 753 3072 809 nullus
3101 754 3334 811 habendi

2029 841 2337 912 Temperat,
2371 843 2603 914 aggestis
2634 844 2918 898 addentem
2950 853 3074 899 vota
3107 846 3343 901 talentis.

2029 930 2159 987 Auri
2190 948 2421 1004 namque
2449 934 2614 989 fames
2646 946 2798 1005 parto
2825 935 2883 991 fit
2907 939 3080 1005 major
3105 937 3171 991 ab
3201 952 3365 1003 auro;

2031 1021 2160 1079 inde
2189 1034 2343 1096 seges
2373 1024 2660 1093 scelerum,
2692 1027 2847 1081 radix
2878 1037 2930 1081 et
2959 1027 3072 1081 sola
3100 1028 3386 1093 malorum,

2032 1116 2168 1171 Dum
2218 1117 2491 1173 scatebras
2536 1117 2818 1173 ﬂuviorum
2865 1134 3093 1186 omnes,
3148 1127 3203 1174 et
3249 1127 3435 1189 operta

3122 1210 3363 1283 [metaiia

2026 1299 2239 1372 Eliquat
2265 1312 2504 1369 ornatus,
2538 1303 2777 1359 solvendi
2806 1303 2927 1359 leno
2958 1305 3175 1371 pudoris
3200 1322 3214 1361 :

2027 1392 2162 1446 Dum
2196 1408 2361 1447 venas
2392 1392 2685 1462 squalentis
2715 1394 2860 1449 humi
2886 1403 3155 1450 scrutatur
3186 1396 3362 1467 inepta

2026 1484 2285 1549 Ambitio,
2314 1486 2557 1555 scalpens
2584 1496 2788 1541 naturae
2819 1488 3024 1541 occulta
3057 1489 3292 1557 latentis,

2028 1578 2083 1631 Si
2114 1579 2307 1646 quibus
2331 1577 2387 1630 in
2416 1576 2581 1633 foveis
2609 1579 2880 1634 radiantes
2909 1578 3047 1637 forte
3074 1582 3281 1651 lapillos

2027 1673 2236 1726 Rimata
2268 1674 2524 1738 inveniat,
2560 1690 2657 1728 nec
2687 1675 2827 1728 enim
2860 1684 3107 1729 contenta
3136 1676 3332 1731 decore

2031 1765 2292 1833 lngenito,
2326 1772 2599 1821 externam
2630 1768 2887 1822 mentitur
2920 1768 3108 1823 femina
3152 1770 3398 1826 formam.

2024 1857 2184 1928 520
2208 1857 2283 1912 Ac
2314 1857 2461 1913 velut
2501 1859 2719 1913 artiﬁcis
2752 1860 2963 1914 Domini
3010 1877 3197 1916 manus
3234 1862 3433 1931 impera

3145 1950 3365 2022 [fectum

2025 2038 2098 2094 Os
2147 2038 2389 2105 dederit,
2440 2040 2585 2110 quod
2634 2040 2811 2098 adhuc
2838 2057 2927 2098 res
2956 2042 3155 2113 exigat,
3187 2050 3279 2098 aut
3309 2046 3434 2115 hya-

2830 2118 2839 2125 ’
3146 2132 3363 2206 [cinthis

2034 2221 2262 2293 Pingere
2291 2223 2541 2280 sutilibus
2576 2226 2844 2282 redimita:
2875 2226 3070 2283 frontis
3097 2226 3150 2282 in
3180 2243 3327 2298 arce,

1850 1298 1954 1358 260

1850 1763 1957 1821 265

1488 2296 1779 2370 ϐιοδδῶ
1820 2308 2157 2369 VETERES.

214 2408 347 2464 237.
382 2410 677 2475 Elementa,
704 2408 857 2478 ignis,
889 2424 996 2476 aer,
1022 2425 1177 2477 aqua,
1211 2416 1370 2475 terra,
1406 2408 1446 2462 l.

216 2480 348 2535 258.
382 2480 686 2549 Legirupis,
714 2480 873 2550 legem
901 2480 1270 2550 rumpentibus,
1303 2478 1343 2533 Ι.

217 2550 349 2606 259.
384 2548 729 2618 Aquilonum,
758 2548 1036 2615 ventorum,
1070 2548 1113 2605 Ι.

213 2620 349 2675 240.
379 2620 710 2687 Immodicis,
760 2621 988 2690 magnis,
1019 2620 1322 2691 ingentibus.
1356 2650 1426 2662 -
1456 2619 1735 2688 Procellis,

144 2691 439 2746 turbinibus
458 2732 473 2755 ,
510 2692 552 2746 l.

220 2762 354 2814 211.
389 2760 764 2822 Torrentihus.
800 2762 997 2828 fortiter
1026 2762 1277 2827 erratibus,
1312 2762 1350 2816 Ι.

215 2832 349 2885 212.
375 2831 708 2898 Prtescripta,
731 2833 963 2885 ordinata
986 2831 1061 2883 vel
1081 2833 1375 2898 constituta,
1398 2848 1513 2902 quae
1533 2833 1742 2902 fuerunt

146 2901 251 2956 illi.
283 2930 356 2941 —
384 2902 675 2971 Repagula,
706 2901 987 2966 obstacula,
1019 2903 1210 2969 littora,
1239 2901 1595 2969 serraturw,7l.

221 2974 354 3025 215.
387 2972 531 3026 Laxa
551 3012 566 3035 ,
596 2988 851 3036 concessa,
885 2974 1077 3034 laxata,
1109 2972 1149 3025 l.

215 3043 351 3097 247.
383 3042 664 3105 Rotantur,
687 3043 981 3105 volvuntur,
1013 3042 1052 3095 l.

147 3124 169 3145 ·
214 3114 352 3168 219.
388 3113 545 3176 [.ues,
579 3113 745 3181 pestis.
774 3143 843 3152 —
870 3112 1156 3184 lncentiva,
1186 3112 1455 3184 incentrix,
1486 3115 1527 3169 l.

216 3185 351 3239 250.
408 3184 761 3254 Exemplum,
810 3184 929 3252 quia
972 3182 1138 3235 Adam
1195 3182 1450 3254 peccando
1490 3185 1605 3239 aliis
1653 3183 1741 3238 dat

147 3255 448 3321 mmplum
470 3295 484 3318 ,
516 3253 555 3305 l.

216 3323 354 3380 251.
394 3322 535 3387 Vita,
568 3322 759 3376 scilicet
799 3322 933 3388 dico,
964 3323 1008 3376 l.

217 3396 356 3468 252.
387 3393 761 3468 Suppeditant,
780 3394 1190 3468 _subministrant,
1222 3397 1563 3468 famulantur,
1596 3398 1635 3452 Ι.

218 3465 352 3520 255.
384 3462 530 3534 Igne,
560 3480 751 3528 amore,
779 3462 821 3518 l.

1903 2406 2033 2461 256.
2058 2405 2320 2475 Aggestis,
2351 2409 2705 2475 accumulatis,
2737 2408 2777 2463 Ι.

1916 2477 2286 2551 257._Fames,
2312 2478 2666 2551 cupiditas.—
2690 2479 2870 2543 Part0,
2902 2495 3143 2551 syncope,
3178 2484 3239 2535 ab
3262 2482 3426 2551 inqui-

1849 2548 1969 2611 sito,
1993 2547 2070 2620 vel
2099 2556 2426 2620 praeparato;
2464 2550 2582 2601 inde
2607 2562 2677 2603 est
2706 2547 2991 2620 exemplum
3024 2566 3043 2604 :
3065 2547 3263 2606 Crescit
3292 2547 3432 2607 amor

1844 2618 2055 2682 nummi,
2086 2627 2335 2685 quantum
2364 2618 2477 2684 ipsa
2503 2622 2722 2687 pecunia
2757 2618 2953 2684 crescit,
2988 2622 3021 2674 Ι.

1916 2688 2041 2742 259.
2069 2687 2377 2751 Scate'bras,
2414 2688 2755 2755 ebullitiones,
2788 2690 2827 2743 l.

1919 2758 2044 2813 260.
2076 2757 2304 2832 Eliquat,
2338 2758 2535 2832 efﬂuere
2563 2761 2736 2832 facit;
2776 2770 2983 2832 purgat.
3006 2761 3335 2827 —Ornatus,
3369 2765 3430 2818 de

1843 2839 2027 2952 ornauit
2058 2828 2270 2882 solvitur
2292 2830 2833 2898 pudor.—Solvendi,
2861 2828 2929 2884 ad
2954 2832 3250 2886 solvendum
3266 2837 3431 2905 pudo-

1843 2917 1969 2952 rem.
2026 2944 2040 2952 .

1843 2917 1969 2963 rem,
2001 2917 2040 2957 ι.

1913 2970 2037 3023 261.
2068 2971 2269 3038 Inepta,
2292 2970 2508 3034 inutilis,
2538 2971 2580 3025 l.

1913 3040 2039 3094 262.
2066 3041 2328 3113 Ambitio,
2378 3041 2655 3107 cupiditas.
2689 3072 2756 3083 —
2780 3042 3060 3111 Scalpens,
3106 3042 3429 3113 investigatis,

1844 3120 2099 3167 scrutatis.
2125 3142 2195 3154 —
2220 3111 2479 3176 Latentis,
2522 3115 2823 3167 naturaliter
2848 3129 3029 3167 aurum
3069 3112 3223 3167 latere
3254 3111 3429 3181 voluit,

1847 3182 1931 3237 sed
1954 3183 2203 3253 cupiditas
2232 3184 2361 3252 fodit
2393 3184 2618 3252 pretiosa
2649 3185 2895 3253 pericula,
2927 3183 2966 3238 1.

1919 3252 2044 3324 264.
2074 3253 2302 3317 Rimata,
2331 3256 2444 3323 ipsa
2463 3252 2669 3307 ambitio
2697 3270 2943 3324 quwrens,
2968 3255 3293 3324 investigatis,
3327 3255 3366 3310 1.

2070 3324 2161 3397 ()5,
2190 3324 2392 3397 faciem,
2412 3328 2650 3396 formam.
2673 3323 3328 3397 l-lyacinthis,margaritis,
3354 3326 3395 3381 Ι.
3426 3328 3433 3384 ῗ

1919 3395 2045 3448 268.
2072 3395 2328 3449 Sutilibus
2352 3439 2366 3463 ,
2396 3396 2517 3521 quia
2555 3412 2616 3451 ea:
2644 3395 2838 3467 gemma
2880 3406 3193 3451 consuantur
3231 3399 3320 3467 ﬁlo
3345 3416 3428 3453 ar-

1919 3475 2047 3521 nteo.
2078 3475 2166 3519 aut
2193 3481 2369 3521 aureo.
2423 3506 2438 3521 .

1849 3475 2047 3536 genteo,
2078 3475 2166 3519 aut
2193 3481 2369 3535 aureo,
2396 3475 2438 3523 Ι.

1554 3564 2121 3635 COMMENTARIUS.

217 3695 355 3750 240.
388 3692 583 3763 ApOth.
615 3707 753 3747 vers.
784 3691 887 3749 559
916 3692 1074 3753 etiam
1113 3692 1305 3763 legitur
1344 3693 1658 3763 exstirpata,
1689 3701 1744 3747 et

146 3766 248 3823 lib.
284 3782 323 3821 ιι
348 3762 602 3820 adversus
629 3763 777 3832 Sym.
802 3777 943 3817 vers.
975 3763 1132 3827 1059,
1157 3764 1509 3832 exstirpamus.
1537 3762 1744 3818 Salma-

146 3838 265 3893 sius
292 3852 418 3906 pag.
443 3835 546 3889 281
578 3834 629 3887 in
655 3833 976 3888 Trebellium
1004 3834 1077 3887 ait
1132 3834 1183 3887 in
1216 3834 1577 3889 vetustissimo
1608 3833 1743 3888 libro

146 3905 436 3963 Prudentii
466 3921 495 3959 a
526 3920 583 3960 se
612 3912 877 3972 repertum
910 3906 1127 3973 stirpare
1160 3920 1253 3973 pro
1282 3908 1580 3975 exstirpare,
1605 3914 1662 3959 ut
1690 3905 1740 3959 in

147 3979 376 4047 optimis
423 3974 695 4031 Ciceronis
749 3975 1147 4047 exemplaribus
1202 3975 1469 4047 Victorius
1541 3976 1743 4047 invenit

148 4044 392 4117 scanduit
424 4061 520 4113 pro
553 4046 870 4098 exscanduit.
909 4044 1015 4100 Sed
1043 4046 1096 4100 in
1128 4046 1322 4117 Apotb.
1358 4057 1411 4101 et
1439 4063 1471 4100 ll
1504 4046 1558 4102 in
1588 4046 1737 4117 Sym.

149 4116 258 4189 legi
295 4117 455 4189 debet
484 4118 783 4189 exstirpare.
833 4164 860 4189 Α,
1178 4116 1183 4117 “
1298 4186 1309 4189 Δ
1552 4187 1571 4189 ᾼ
1632 4116 1641 4117 ί
1692 4172 1693 4175 η

219 4186 355 4242 211.
384 4186 683 4253 Descriptio
703 4186 874 4240 amnis
898 4189 1150 4241 torrentis
1174 4186 1311 4254 apud
1344 4197 1527 4255 poetas
1550 4187 1747 4242 Lucre-

150 4259 287 4314 tium
312 4298 326 4322 ,
354 4257 634 4328 Virgilium
655 4298 668 4323 ,
697 4255 1051 4311 Claudianum
1080 4300 1094 4325 ,
1133 4257 1381 4313 Ovidium
1428 4258 1625 4327 passim
1658 4272 1748 4313 oc-

150 4340 351 4383 curnt.

221 4398 353 4452 242.
380 4397 537 4461 Man,
560 4398 743 4465 Prag.,
772 4397 915 4463 Rat.,
938 4397 1121 4463 Fabr.,
1147 4398 1281 4463 Gis.,
1304 4398 1526 4466 Widm.,
1550 4400 1742 4469 Bong.,

148 4468 367 4539 objecta:
387 4470 681 4539 praescripta
708 4469 951 4539 repagula
978 4472 1123 4537 ripw.
1153 4470 1329 4535 Alex.,
1360 4469 1509 4538 Urb.,
1532 4468 1651 4524 Vat.
1678 4468 1742 4537 Α,

149 4491 210 4523 ου
239 4491 367 4523 ecus
387 4491 681 4539 prwscrlpta
708 4491 951 4539 repaguta
978 4491 1123 4537 Πρω.
1153 4491 1329 4535 mex.,
1360 4491 1509 4538 urD.,
1543 4491 1651 4524 vat.
1678 4491 1742 4537 Α,

149 4491 347 4595 dein.
372 4580 387 4604 ,
420 4538 540 4611 Ald.
562 4580 575 4605 ,
612 4538 763 4608 Egm.
787 4579 801 4603 ,
838 4541 1005 4611 Palat.
1026 4583 1039 4605 ,
1069 4539 1310 4611 objectas,
1343 4543 1637 4610 pra’scripta
1662 4558 1745 4595 re-

150 4610 369 4680 pagula,
413 4610 569 4679 ripas,
609 4626 700 4676 per
731 4610 1048 4679 epexegesin
1069 4655 1080 4671 ,
1111 4610 1230 4681 quae
1263 4611 1452 4677 lectio,
1481 4611 1605 4665 licet
1634 4612 1747 4667 ele-

150 4695 284 4751 gans
314 4683 407 4743 sit,
432 4690 849 4751 nonpropterea
878 4696 999 4735 cum
1034 4682 1255 4735 lleinsio
1286 4681 1482 4747 dicam,
1511 4683 1743 4751 priorem

150 4749 297 4805 illam
328 4751 519 4802 inscita
548 4750 885 4804 librariorum
914 4752 1231 4805 oscitatione
1258 4749 1543 4808 invectam.

220 4821 350 4873 215.
386 4819 588 4874 Widm.
620 4835 815 4887 supra,
855 4824 957 4873 lata
989 4822 1214 4876 licentia.

218 4890 351 4944 2st).
383 4890 527 4957 Rat.,
563 4891 728 4954 luces;
769 4892 863 4946 sed
890 4909 914 4944 c
940 4893 1210 4947 inductum
1238 4893 1350 4949 sive
1379 4893 1610 4950 deletum
1637 4904 1739 4951 est.

148 4959 341 5024 Alex.,
372 4961 512 5022 lues;
544 4978 701 5028 supra
722 5002 734 5023 ,
768 4962 888 5017 luis.

220 5031 350 5083 250.
388 5029 576 5102 Aldus,
608 5031 850 5086 Tornaes.
902 5032 1041 5099 apud
1073 5031 1429 5099 Gallandium,
1463 5036 1620 5102 male,
1650 5037 1742 5091 da-

147 5110 267 5153 tura
301 5116 400 5166 pro
431 5101 518 5152 dat
548 5102 666 5153 vita.
710 5102 841 5157 Vide
873 5103 1331 5160 Elmenhorstium
1367 5107 1421 5160 in
1450 5101 1740 5165 Arnobium

149 5184 275 5239 pag.
303 5170 394 5225 57.

217 5243 350 5294 251.
384 5240 529 5311 Ald.,
563 5240 740 5311 Egm.,
775 5245 993 5309 vesania,
1032 5254 1214 5298 terror.

218 5311 348 5364 257.
377 5310 689 5382 Pervulgata
718 5316 1240 5379 sententia,amorem
1272 5317 1465 5369 nummi
1491 5333 1733 5383 crescere,

148 5391 402 5503 qugntum
426 5383 537 5453 ipsa
563 5386 775 5453 pecunia
806 5388 1003 5456 crescit,
1030 5394 1086 5439 ut
1111 5388 1185 5441 ait
1208 5386 1483 5443 Juvenalis
1507 5404 1536 5443 a
1562 5390 1740 5459 glossa

149 5464 204 5501 tn
249 5464 439 5503 iratus.

149 5464 439 5507 ιιιαιςειιιε.

146 5522 350 5644 αυὲᾷῗ.
375 5523 397 5577 l
427 5524 494 5578 ad
524 5525 761 5580 Timoth.
794 5541 868 5596 v1,
896 5527 962 5583 10
988 5545 999 5580 :
1033 5526 1203 5581 Radix
1230 5529 1456 5583 omnium
1487 5528 1742 5584 malorum

252 5610 295 5644 η
320 5610 394 5644 ια.

252 5610 394 5647 nua.

218 5662 350 5715 2.39.
383 5663 573 5740 Vana
601 5707 616 5732 ,
650 5664 763 5722 Pal.
791 5708 806 5733 ,
852 5685 963 5722 cum
1011 5668 1285 5724 scatebras.
1321 5670 1451 5725 Mar.
1501 5685 1529 5724 a
1563 5670 1736 5740 prisca

149 5745 339 5797 manu,
371 5736 590 5788 metalli.

220 5802 357 5859 260.
380 5802 503 5859 Non
531 5807 716 5877 potuit,
746 5807 919 5878 inquit
946 5807 1243 5877 Giselinus,
1270 5812 1450 5865 melius
1476 5810 1737 5881 epitheton

1848 3692 1980 3745 dari.
2014 3691 2257 3746 Videmur
2283 3693 2416 3745 enim
2441 3702 2629 3746 ornatu
2660 3702 2899 3762 tanquam
2928 3693 3106 3747 lenone
3128 3693 3207 3747 usi
3232 3692 3431 3749 insitam

1851 3762 1994 3815 uobis
2034 3762 2385 3817 verecundiam
2416 3772 2462 3816 et
2488 3763 2789 3833 pudicitiam
2827 3765 3148 3833 prostituere.
3192 3764 3325 3818 Deus
3356 3764 3432 3833 fa-

1849 3845 1979 3888 ceret
2006 3834 2303 3903 aliquando,
2348 3834 2517 3900 impiis
2551 3832 2728 3889 Turcis
2758 3832 2853 3889 hoc
2876 3836 3077 3888 nomine
3101 3834 3269 3888 minus
3306 3832 3431 3889 esse-

1850 3921 1960 3958 mus
1986 3905 2310 3973 contemptui.
2347 3904 2476 3970 Quae
2504 3919 2570 3958 an
2601 3904 2666 3958 ad
2701 3920 2876 3959 mores
2909 3914 3122 3960 nostros
3149 3916 3201 3959 et
3230 3906 3296 3959 ad
3324 3920 3428 3959 no-

1850 3986 1958 4028 stra
2016 3984 2251 4043 tempora
2301 3974 2503 4042 possint
2553 3976 2991 4041 accommodari,
3045 3974 3269 4030 viderint
3319 3975 3430 4030 alii.

1856 4044 2107 4099 Weitzius
2157 4054 2345 4099 contra
2390 4045 2673 4101 mulierum
2722 4058 2968 4102 ornatum
3020 4047 3125 4101 alia
3177 4045 3331 4101 affert
3358 4061 3429 4101 ex

1853 4114 2130 4187 Euripide,
2162 4126 2213 4170 et
2235 4131 2303 4170 ex
2334 4116 2448 4185 lege
2471 4116 2682 4172 Zaleuci
2713 4118 2851 4187 apud
2878 4118 3167 4173 Diodorum
3191 4117 3429 4172 Siculum

1852 4184 1945 4240 lib.
1980 4184 2031 4239 it
2060 4184 2311 4242 Biblioth.
2344 4184 2543 4242 Eodem
2588 4184 2814 4256 pertinet
2858 4189 2983 4243 illud
3017 4188 3331 4243 Tertulliani
3361 4190 3427 4242 de

1852 4256 2056 4311 Corona
2109 4258 2290 4312 militis
2318 4273 2436 4325 cap.
2474 4259 2540 4311 l2
2567 4277 2578 4311 :
2608 4259 2743 4324 Quid
2790 4261 2921 4313 enim
2964 4269 3037 4314 est
3073 4263 3126 4312 in
3156 4260 3320 4327 capite
3360 4261 3433 4327 fe-

1852 4328 2005 4381 mina:
2033 4345 2221 4382 corona
2246 4345 2399 4398 quam
2431 4332 2609 4399 forma:
2641 4332 2774 4395 lena,
2806 4347 2959 4400 quam
2988 4346 3186 4384 summa
3218 4330 3433 4383 lasciviat

1852 4409 1992 4471 not_a,
2026 4408 2251 4471 extrema
2273 4402 2472 4471 negatio
2503 4402 2837 4463 verecundiae,
2871 4403 3113 4470 con/latio
3145 4400 3433 4455 illecebrae?

1925 4468 2049 4523 261.
2079 4470 2298 4525 Videtur
2330 4468 2481 4538 poeta
2514 4482 2697 4526 noster
2734 4474 2798 4526 ad
2829 4468 3014 4527 manus
3045 4472 3292 4525 habuisse
3323 4472 3430 4524 Ma-

1854 4540 1972 4593 nilii
2000 4541 2127 4594 illud
2167 4542 2257 4595 lib.
2289 4559 2342 4595 v.
2374 4557 2513 4595 vers.
2552 4543 2654 4597 116
2679 4559 2690 4594 :
2717 4542 2855 4596 Hinc
2895 4543 3202 4596 lenocinium
3232 4542 3428 4609 formaa,

1852 4610 2118 4678 cultusque
2156 4622 2389 4683 repetitus
2416 4612 2655 4682 Corporis
2679 4658 2693 4681 ,
2738 4622 2885 4681 atque
2929 4629 3057 4665 auro
3105 4612 3315 4680 qumsita
3344 4619 3430 4683 est

1851 4683 2021 4753 gratia
2063 4680 2280 4751 frontis,
2313 4680 2528 4751 Perque
2553 4680 2704 4750 caput
2747 4684 2884 4735 ducti
2926 4683 3117 4752 lapides
3159 4697 3246 4747 per
3271 4680 3425 4753 colla,

1852 4749 2169 4823 manusque,
2215 4753 2278 4805 Et
2307 4749 2516 4822 pedibus
2546 4749 2699 4805 niveis
2730 4749 2993 4821 fulserunt
3041 4767 3197 4804 aurea
3238 4749 3425 4823 vincla.

1769 4825 1825 4886 Β
1850 4821 1925 4875 Ac
1949 4839 2009 4876 ne
2035 4821 2262 4878 materies
2288 4821 2377 4876 tali
2409 4823 2498 4876 sub
2524 4839 2729 4876 munere
2758 4824 2907 4888 desit,
2940 4823 3179 4888 Qua'rere
3206 4822 3296 4875 sub
3320 4829 3426 4874 ter-

1852 4894 1923 4946 ris
1963 4910 2212 4949 aurum...
2256 4894 2491 4962 imperat,
2517 4903 2620 4948 etc.
2654 4893 2788 4947 Vide
2814 4894 2974 4948 etiam
3004 4890 3306 4947 Cornelium
3336 4892 3429 4948 Se-

1852 4978 2035 5018 verum
2067 4964 2117 5018 in
2151 4965 2331 5020 Aitna.
2364 4965 2417 5018 ln
2446 4965 2596 5020 Eam.
2629 4972 2711 5017 cst
2738 4979 2853 5017 cum
2879 4980 2975 5020 pro
3004 4963 3147 5016 dum.

1850 4978 2035 5018 verum
2067 4980 2117 5018 ιη
2151 4978 2331 5020 mtna.
2364 4978 2417 5018 Ill
2446 4978 2596 5032 bgm.
2629 4978 2711 5017 ρει
2738 4979 2853 5017 cum
2879 4980 2975 5032 pro
3004 4978 3147 5016 dum.

1921 5035 2045 5105 262.
2078 5035 2255 5105 Prag.,
2288 5033 2542 5105 scalpens,
2576 5049 2682 5088 non
2715 5034 2872 5105 bene,
2907 5050 3001 5101 pro
3031 5035 3280 5105 scalpens.

1920 5104 2045 5159 265.
2074 5102 2523 5177 Εςιῐὶηίὶηςεὶιὶιᾳ.
2559 5104 2864 5177 Legendum
2887 5102 3282 5177 ingenito.'llazc_
3298 5102 3427 5177 Pru-

1850 5174 2016 5231 dentii
2050 5177 2207 5231 verba
2235 5173 2571 5246 'l‘iraquellus
2604 5175 2782 5229 laudat
2811 5175 2862 5228 in
2892 5173 2994 5245 leg.
3020 5176 3054 5230 5
3077 5173 3422 5246 Connqbial.,

1852 5246 1939 5300 ubi
1986 5248 2132 5314 plura
2180 5246 2229 5301 in
2280 5243 2519 5301 eamdem
2571 5247 2890 5301 sententiam
2940 5243 3199 5315 producit.
3233 5243 3427 5315 Confer

1851 5313 2234 5371 Tertullianum
2261 5317 2328 5371 de
2359 5317 2665 5387 Virginibus
2693 5313 2957 5381 vetandis,
2990 5318 3053 5371 de
3082 5313 3237 5369 Cultu
3267 5313 3426 5368 ferui-

1856 5402 2074 5449 narum;
2117 5386 2471 5442 Ambrosium
2500 5388 2592 5442 lib.
2634 5403 2685 5442 vr
2728 5387 3091 5442 Hexaemeron
3131 5400 3247 5453 cap.
3294 5386 3344 5450 8,
3376 5392 3427 5439 et

1856 5457 1949 5512 lib.
2000 5476 2014 5512 ι
2061 5458 2127 5512 de
2180 5458 2515 5529 Virginibus;
2560 5456 3052 5529 llieronymumrad
3094 5456 3307 5529 Furiam
3357 5455 3424 5509 de

1856 5529 2111 5584 viduitate
2159 5528 2449 5595 servanda;
2490 5526 3120 5584 lsidorum'Pelusiotam
3146 5566 3161 5592 ,
3214 5526 3306 5581 lib.
3360 5540 3419 5591 tt,

1854 5602 2011 5667 epist.
2046 5601 2140 5665 55;
2170 5600 2462 5654 Arnobium
2491 5600 2585 5655 lib.
2611 5598 2646 5651 2
2683 5608 2871 5654 contra
2910 5606 3125 5669 gentes;
3163 5596 3421 5652 Senecam

1852 5671 1919 5725 de
1950 5671 2225 5726 Beneficiis
2249 5670 2341 5724 lib.
2377 5685 2467 5736 vn,
2499 5686 2618 5739 cap.
2646 5672 2699 5726 9.

1921 5742 2047 5798 268.
2072 5742 2247 5807 Alex.,
2298 5741 2451 5809 Urb.,
2500 5738 2658 5808 Man,
2691 5741 2809 5796 Vat.
2859 5742 2924 5805 A,
2975 5740 3156 5808 Prag.,
3206 5738 3327 5794 Rat.
3370 5744 3429 5794 et.

1851 5813 2037 5882 optimi
2066 5812 2336 5870 Heinsiani
2361 5812 2596 5868 sutilibus
2619 5828 2639 5869 .°
2660 5820 2718 5869 ut
2740 5812 2942 5883 hymno
2970 5810 3264 5868 octodecim
3291 5822 3433 5866 mare
