3950 6326
532 316 665 378 1631

709 426 857 484 Colla
882 425 965 483 vel
1001 426 1179 499 ignitis
1208 426 1419 483 sincera
1447 426 1715 499 incingere
1746 430 1924 495 scrtis,

714 516 944 575 Auribus
961 526 1051 572 aut
1066 516 1303 587 gravidis
1323 518 1520 575 virides
1539 520 1869 589 suspendere
1896 521 2105 576 baccas.

710 608 949 663 Nectitur
976 616 1030 664 et
1060 608 1242 663 nitidis
1271 611 1596 666 concharum
1627 611 1862 667 calculus
1892 611 2074 666 albens

711 698 980 766 Crinibus,
1006 700 1343 771 aureolisque
1378 702 1512 772 riget
1537 718 1686 757 coma
1719 711 1859 758 texta
1885 702 2110 758 catenis.

712 789 896 845 Taedet
924 790 1213 861 sacrilegas
1245 799 1471 846 matrum
1502 807 1812 861 percurrere
1838 807 2012 857 curas,

715 883 1019 939 Muneribus
1048 882 1227 939 dotata
1259 883 1353 939 Dei
1384 899 1500 954 qua:
1529 884 1783 954 plasmata
1821 883 1940 940 luco

716 974 872 1048 521
908 974 1247 1039 lnllciunt,ut
1277 976 1561 1047 pigmentis
1587 976 1723 1031 culis
1748 976 1876 1031 illita
1911 976 2118 1049 perdat,

715 1066 863 1134 Quod
895 1065 1081 1133 luerat,
1117 1065 1247 1122 falso
1278 1081 1384 1122 non
1412 1067 1747 1137 agnoscenda
1776 1069 1979 1124 colore.

716 1154 841 1211 Ilico
864 1170 1023 1212 sexus
1047 1156 1185 1212 male
1209 1154 1362 1213 fortis
1393 1159 1530 1228 agit:
1548 1159 1633 1215 cui
1661 1167 1871 1227 pectore
1899 1161 1952 1215 in
1972 1169 2121 1217 arcto

717 1244 860 1301 Mens
890 1242 1095 1315 fragilis
1125 1244 1263 1301 lacill
1294 1244 1540 1301 vitiorum
1579 1245 1801 1303 lluctuat
1827 1255 1980 1303 testu.

718 1334 876 1405 Quid,
900 1334 1043 1407 quod
1069 1346 1123 1395 et
1152 1334 1267 1409 ipse
1292 1344 1454 1408 caput
1480 1335 1754 1395 muliebris
1783 1338 2044 1411 corporis,
2070 1345 2126 1396 et

1910 1430 2052 1504 [τοι.

534 517 641 577 370

536 974 643 1030 275

1624 318 1901 376 AURELII
1942 319 2308 377 PRUDENTII
2345 316 2669 374 CARMINA.

3663 316 3755 371 ibi!

2134 434 2188 494 Α
2210 430 2315 487 280
2387 429 2484 498 Qui
2512 428 2647 497 regit
2679 423 2966 481 invalidam
2997 424 3211 495 propria
3248 422 3318 479 de
3342 438 3505 480 carne
3536 436 3752 482 resectam

2390 518 2732 585 Particulam,
2762 518 2849 586 qui
2881 531 2975 571 vas
3007 526 3251 573 tenerum
3282 515 3493 573 ditionc
3521 518 3755 587 gubernat,

2393 611 2623 666 Solvitur
2653 611 2703 663 in
2732 608 2953 663 luxum?
2979 608 3195 673 Cernas,
3232 607 3559 664 mollescere
3590 612 3710 665 cultu

2397 702 2600 757 Heroas
2627 702 2857 767 vetulos,
2889 700 3070 770 opifex
3112 700 3306 769 quibus
3343 715 3537 769 aspera
3570 706 3757 755 meum:

2398 792 2668 856 Finxerat,
2702 800 2753 845 cl
2783 789 2980 860 rigidos
3006 789 3295 845 duraverat
3320 791 3539 845 ossibus
3568 800 3712 843 artus.

2223 880 2330 939 385
2404 882 2506 939 Sed
2538 881 2699 952 pudet
2725 894 2844 937 esse
2870 882 3012 937 viros
3038 896 3052 936 :
3080 892 3324 953 quierunt
3352 882 3643 937 vanissima
3665 900 3763 951 qua.

3598 973 3717 1046 ique.

2406 1063 2567 1130 Queis
2589 1062 2792 1119 niteant
2817 1080 2829 1117 :
2854 1063 3082 1134 genuina
3109 1062 3256 1121 leves
3279 1071 3341 1119 ut
3363 1062 3564 1120 robora
3585 1066 3764 1129 solvant.

2406 1155 2567 1227 522
2581 1154 2787 1211 Vellere
2800 1170 2908 1209 non
2931 1156 3137 1220 ovium,
3154 1155 3249 1210 sed
3270 1170 3373 1212 eoo
3396 1170 3465 1211 ex
3492 1157 3622 1211 orbe
3638 1158 3767 1225 petitis

2405 1246 2691 1301 Ramorum
2718 1246 2904 1316 spoliis
2934 1245 3204 1302 ﬂuitantes
3234 1259 3453 1302 sumere
3483 1247 3699 1301 amictus

2406 1336 2671 1404 Gaudent,
2700 1348 2754 1395 et
2780 1338 2971 1394 durum
2999 1338 3220 1395 scutulis
3248 1338 3577 1409 pertundere
3599 1352 3770 1409 corpus.

2227 1427 2337 1486 εθο
2410 1428 2637 1485 Additur
2668 1443 2777 1501 ars,
2810 1440 2868 1487 ut
2896 1429 2981 1485 lila
3014 1429 3194 1486 herbis
3218 1437 3460 1487 saturata
3487 1429 3703 1485 recoctis

1894 1609 2180 1669 GLOSSE
2216 1610 2547 1668 VETERES.

619 1762 973 1834 269.1guitis,
1002 1761 1629 1831 radiantibus.—Sertis,
1662 1762 1955 1830 monilibus,
1986 1778 2130 1817 coro-
2161 1768 2211 1829 B
2306 1764 2431 1818 277.
2460 1763 2593 1834 Male
2624 1763 2794 1832 tortis,
2828 1764 3082 1830 inﬁrmus,
3112 1763 3151 1815 l.

548 1836 650 1899 uis,
677 1837 713 1889 l.

620 1905 747 1961 270.
775 1906 990 1970 Baccas,
1023 1921 1244 1975 gemmas
1272 1908 1521 1961 rotundas
1544 1946 1559 1972 ,
1589 1907 1675 1974 qui
1706 1907 1917 1958 uniones
1949 1920 2134 1975 vocane

552 1986 655 2043 tur,
680 1992 737 2048 eo
766 1976 980 2048 quodin
1011 1974 1175 2044 capite
1205 1987 1488 2031 ostrearum
1527 1984 1702 2048 aperto
1736 1976 1939 2028 cerebro
1978 1974 2134 2048 semel

550 2046 866 2117 reperiantur
894 2047 1108 2117 inanno
1136 2093 1148 2114 ,
1184 2059 1229 2101 et
1258 2066 1393 2101 unus
1423 2045 1645 2112 tantum,
1688 2062 1813 2116 quos
1854 2054 1899 2099 et
1929 2045 2135 2114 perulos

557 2115 696 2187 (leg.
710 2186 715 2187 ν
729 2115 980 2187 pagderos)
1010 2128 1208 2179 vocant.
1236 2119 1275 2172 l.

622 2183 1054 2259 27f._C'alculus,
1087 2190 1365 2259 margarita
1389 2206 1406 2243 :
1430 2189 1655 2241 calculos
1696 2201 1932 2239 vocamus
1980 2183 2133 2253 lapil-

555 2257 650 2319 los,
672 2257 853 2325 quibus
875 2265 1022 2307 antea
1045 2257 1374 2311 numerabant
1403 2259 1598 2324 antiqui
1625 2268 1741 2308 ante
1762 2263 2016 2321 repertum
2046 2270 2135 2325 nu-

554 2341 781 2447 merulm;
827 2326 917 2377 sed
947 2325 1025 2376 hic
1056 2342 1150 2394 pro
1189 2344 1485 2396 quacunque
1514 2330 1734 2396 pretiosa
1764 2341 1959 2395 gemma
1989 2324 2134 2391 poni-

558 2406 667 2447 tur.
719 2410 801 2447 so.

558 2406 667 2458 tur,
697 2406 801 2449 lso.

626 2465 753 2520 272.
780 2465 944 2518 Texta
974 2466 1198 2529 cannis,
1230 2467 1465 2518 ordinata
1493 2467 1648 2529 vittis,
1679 2464 1781 2518 lso.

626 2534 751 2589 ΞΗ.
778 2535 963 2587 Dotata
979 2576 994 2599 ,
1029 2545 1228 2589 ornata.
1251 2565 1319 2573 —
1341 2536 1605 2589 Plasmata
1624 2578 1638 2603 ,
1671 2535 1845 2603 facies.
1870 2561 1939 2571 —
1962 2532 2131 2603 Fuco,

558 2605 1104 2676 colore:unguentum,
1128 2606 1263 2676 unde
1283 2622 1336 2659 se
1357 2607 1597 2661 mulieres
1618 2602 1839 2676 pallidas
1868 2603 2084 2669 'aciunt,
2103 2602 2142 2655 l.

628 2675 1041 2745 275.1ttliciunt,
1081 2675 1333 2743 colorant,
1367 2677 1409 2731 Ι.

2307 1834 2431 1888 280.
2457 1833 2771 1897 invalidam,
2795 1834 3121 1904 particulam,
3146 1832 3268 1904 dicit
3295 1832 3564 1901 feminam,
3589 1848 3698 1901 qua
3718 1834 3785 1903 [sit

2234 1906 2462 1970 corporis
2489 1905 2633 1969 Adw,
2666 1905 2728 1957 de
2757 1902 2893 1957 costa
2924 1906 3164 1974 formata,
3188 1902 3225 1956 Ι.

2306 1976 2430 2029 282.
2456 1974 2633 2039 Cultu,
2663 1975 2860 2039 habitu,
2889 1975 2927 2028 1.

2306 2047 2433 2099 285.
2466 2047 2683 2111 Heroas,
2714 2046 2842 2099 viros
2872 2046 3345 2111 fortem—Aspera,
3376 2044 3557 2111 fortia,
3584 2044 3626 2097 l.

2305 2116 2433 2169 286.
2459 2116 2693 2181 Niteant,
2746 2117 3064 2185 splendeant.
3088 2146 3158 2156 —
3178 2115 3419 2168 Gennina
3472 2115 3644 2179 leves,
3674 2116 3790 2181 pestis

2238 2188 2513 2248 naturalis,
2559 2187 2819 2255 ingenita;
2861 2188 3087 2248 luxuria,
3119 2188 3432 2254 interjective
3457 2186 3743 2251 dicendum,
3764 2185 3791 2235 Ι.

2310 2258 2436 2310 “287.
2464 2257 2595 2321 Eoo,
2628 2256 3161 2321 orientali—Pelius,
3192 2257 3478 2322 acquisitis,
3516 2256 3555 2308 l.

2310 2326 2435 2380 238.
2464 2325 2749 2379 Ramorum
2783 2326 2993 2395 Spoliis,
3012 2327 3236 2379 arboreis
3258 2326 3475 2378 restibus
3497 2342 3516 2380 :
3542 2327 3595 2377 in
3627 2327 3797 2379 Oriente

2250 2398 2383 2448 enim
2412 2401 2613 2450 arbores
2640 2407 2779 2457 stlttl,
2812 2398 2893 2448 ubi
2921 2398 3196 2464 stupr'ssime
3220 2397 3474 2462 reperitur
3500 2398 3729 2449 sericum.
3750 2410 3797 2433 '-—

2243 2465 2555 2528 Fluittintes,
2581 2466 2941 2533 superbientes,
2970 2468 3009 2520 1.

2320 2536 2446 2589 289.
2474 2538 2691 2597 Durum,
2729 2539 2929 2606 fortem,
2961 2538 3185 2604 ﬁrmum.
3212 2539 3561 2601 ——Scutulis,
3603 2538 3799 2598 variatis,

2251 2608 2520 2660 scutulatis
2561 2608 2775 2660 vestibus
2806 2624 2897 2674 pro
2928 2609 3064 2660 omni
3110 2622 3239 2661 ueste
3265 2651 3279 2671 ,
3309 2625 3459 2677 opere
3503 2611 3648 2662 vario
3675 2610 3802 2661 intrr-

2252 2688 2405 2743 serta,
2437 2678 3080 2747 ponitur.—-Perfunderc,
3126 2680 3349 2747 induere,
3382 2680 3422 2734 l.

1968 2848 2520 2909 COMMENTARIUS.

564 3019 741 3081 tyrum
767 3006 1367 3081 Cresaraugustttsutjle
1407 3004 1627 3081 vinclum
1665 3020 1692 3081 :_
1727 3018 1846 3081 nam
1885 3005 2139 3081 quidquid

562 3075 755 3143 suitur,
786 3080 943 3133 sutile
970 3075 1070 3133 est.
1104 3076 1249 3143 Ald.,
1276 3076 1425 3141 Fab.,
1458 3075 1601 3139 Gis.;
1626 3076 1801 3129 minus
1825 3076 1982 3138 bene,
2001 3078 2139 3130 scul-

563 3149 1050 3223 ptilibus.Weitsitts
1078 3150 1141 3223 ἰηΔ
1161 3146 1699 3223 contentuhsutilibus,
1724 3147 2139 3223 adeoquemen-

564 3216 691 3277 dum
723 3236 802 3275 εει
830 3220 1097 3274 subtilibus
1131 3220 1183 3271 in
1213 3217 1527 3270 lectionibus
1554 3216 1899 3270 variantibus.
1926 3216 2140 3270 Sicliar-

568 3294 668 3346 dus
718 3292 880 3344 etiam
928 3291 1169 3343 ediderat
1214 3288 1462 3340 sutilibus.
1493 3286 1805 3354 Pignorius,
1858 3287 1924 3339 de
1973 3290 2141 3340 servis

603 3376 687 3429 ag.
716 3362 843 3426 200,
876 3360 1091 3413 exhibet
1122 3360 1473 3411 instrumenta
1506 3356 1773 3429 delineata
1820 3358 1996 3429 cultus
2028 3373 2143 3409 mtt-

2249 3009 2314 3063 ad
2345 3024 2583 3063 sororem
2614 3027 2624 3060 :
2660 3008 2806 3075 Quod
2847 3024 2907 3061 ne
2947 3009 3217 3076 femineum
3244 3015 3352 3077 post
3383 3007 3494 3058 lucc
3540 3008 3655 3076 quis
3688 3023 3808 3074 sper-

2250 3095 2365 3133 nere
2409 3097 2581 3133 sexum
2628 3081 2860 3145 Audeat,
2909 3079 2987 3131 ltic
3033 3080 3208 3147 paucis
3262 3078 3420 3130 visum
3455 3086 3534 3129 est
3578 3078 3810 3131 ostendere

2250 3150 2433 3215 verbis,
2462 3160 2567 3205 etc.

2318 3219 2700 3275 278.1mitatio
2743 3219 3010 3281 Maronis,
3064 3219 3214 3287 cujus
3260 3218 3373 3272 lucc
3429 3229 3555 3273 sunt
3598 3223 3811 3272 :irarunt

2248 3294 2460 3361 ﬂttctuat
2510 3302 2669 3355 cestu;
2708 3306 2945 3343 curarum
2995 3291 3209 3357 ﬂuctuat
3248 3299 3405 3353 testu;
3450 3294 3593 3343 rario
3622 3289 3811 3356 nequid-

2248 3378 2400 3431 quam
2426 3363 2639 3428 ﬂuctuat
2670 3371 2816 3414 testu.

590 3420 754 3485 ieliris
778 3471 793 3495 ,
830 3420 961 3499 quae
1005 3431 1129 3482 olim
1180 3430 1460 3481 exstabant
1507 3426 1690 3499 Roma:
1736 3427 1871 3493 apud
1923 3428 2143 3481 Lazlium
2172 3420 2218 3482 C
2260 3420 2271 3431 ’
2320 3420 2445 3485 28οί
2472 3431 2591 3484 Vat.
2624 3434 2662 3484 A
2696 3449 2720 3481 a
2755 3431 2920 3498 prima
2955 3446 3135 3497 manu,
3166 3446 3315 3482 carne
3342 3431 3579 3483 recisam.

568 3497 964 3564 Pasclialinutn,
988 3500 1193 3553 scilicet
1220 3512 1408 3551 aureas
1435 3514 1565 3551 acu.
1596 3497 1847 3561 crinales,
1867 3498 2149 3552 nonnullas

568 3585 751 3643 puras,
778 3572 1399 3643 nonnullasgeminatus,
1427 3567 1683 3643 viriolam
1701 3582 1731 3620 e
1758 3569 1977 3621 minutis
2010 3582 2150 3620 sma-

568 3638 748 3711 ragdis
774 3681 788 3705 ,
822 3650 874 3695 et
900 3638 1141 3705 brachio,
1174 3648 1227 3693 et
1257 3638 1397 3691 collo
1422 3646 1599 3711 aptum
1628 3680 1640 3702 ,
1672 3638 1909 3711 inaurem
1952 3653 2147 3711 aeream

570 3708 796 3783 gemmis
828 3712 1019 3783 vitreis
1040 3718 1302 3774 ornatam,
1337 3708 1671 3772 stalagmium
1717 3708 1868 3783 crudi
1901 3709 2148 3783 amethy-

569 3778 674 3847 ito,
709 3784 945 3848 inaures,
976 3782 1198 3836 alteram
1225 3794 1289 3834 ex
1320 3794 1449 3833 auro
1483 3789 1671 3841 totam,
1713 3778 1933 3832 alteram
1962 3780 2150 3833 distin-

570 3864 708 3909 ctam
740 3854 1057 3922 margaritis,
1090 3851 1242 3905 binos
1266 3850 1517 3922 elenchos
1539 3891 1553 3912 ,
1584 3865 1693 3922 seu
1722 3854 2031 3922 margaritas
2059 3850 2150 3904 ob-

572 3924 778 3989 longas.
812 3920 941 3977 Rem
972 3924 1201 3976 illustrat
1230 3922 1311 3973 lllS
1337 3920 1611 3973 Prudentii
1646 3920 1908 3974 versibus.

641 3995 765 4047 269.
790 3994 968 4061 Prag.,
1001 3992 1141 4046 cellis
1173 4006 1269 4060 pro
1307 3992 1473 4053 sertis,
1508 4000 1779 4059 corrupte.

643 4063 769 4117 270.
795 4060 1185 4115 ϋιιαιιιὶιιίιηιιιε
1217 4073 1361 4114 recte
1390 4061 1597 4113 Isonem
1645 4061 1861 4123 refellit,
1905 4060 2042 4128 quod
2076 4060 2153 4112 vi-

576 4133 721 4187 rides
749 4132 938 4185 baccas
960 4132 1185 4185 uniones
1211 4132 1589 4197 interpretatus
1623 4130 1777 4183 luerit
1796 4149 1807 4181 :
1827 4145 1947 4182 cum
1977 4131 2151 4197 potius

576 4203 685 4257 sint
716 4201 1000 4267 smaragdi.
1025 4202 1253 4255 Consule
1278 4192 1503 4252 l’liitium
1528 4209 1581 4251 et
1610 4199 1894 4263 lsidorum,
1919 4192 2006 4252 lili.
2042 4215 2147 4265 xvi,

578 4288 697 4328 eum
730 4273 866 4325 notis
893 4271 1095 4325 Grialii.

648 4346 774 4395 272.
802 4342 922 4396 llot.
954 4381 969 4402 ,
1016 4340 1157 4393 rubet
1197 4355 1359 4391 coma.
1405 4338 1652 4391 Heinsius
1700 4338 1791 4391 lib.
1846 4355 1860 4391 ι
1896 4337 2147 4403 Advers.,

579 4428 697 4483 cap.
736 4414 820 4477 l7,
852 4412 959 4475 ait,
1007 4410 1229 4483 fortasse
1261 4418 1534 4483 praestare
1566 4424 1691 4460 nexa
1739 4424 1831 4476 pro
1881 4418 2053 4483 texta,
2099 4419 2153 4462 et

580 4478 731 4554 plura
780 4482 973 4536 similia
1024 4480 1262 4547 exempla
1324 4478 1561 4546 congerit
1614 4495 1627 4531 :
1680 4484 1865 4547 neque'
1900 4479 2150 4545 pauciora

578 4557 794 4623 congeri
829 4560 1045 4623 possent
1073 4565 1167 4619 pro
1198 4558 1351 4623 texta.

651 4617 773 4678 ‘275.
803 4617 857 4678 In
904 4617 1158 4690 Egut.'ct
1201 4620 1313 4673 Pal.
1368 4633 1473 4672 non
1503 4617 1656 4690 video
1687 4617 1809 4686 quid
1845 4618 2007 4690 lateat
2052 4619 2150 4672 sub

584 4697 681 4750 hac
713 4710 839 4747 voce
871 4685 1004 4745 ediia
1037 4708 1131 4753 pro
1162 4691 1328 4743 ttrdet.
1355 4690 1555 4743 Praeter
1580 4685 1883 4757 Pign'orium
1910 4685 2149 4742 Guascus

584 4768 636 4819 in
666 4781 826 4832 opere
856 4764 986 4815 delle
1016 4761 1270 4832 Ornatrici
1293 4776 1417 4813 ann.
1445 4760 1581 4832 1775
1604 4762 1763 4832 multa
1790 4760 1997 4832 erudite
2023 4774 2150 4812 con-

583 4828 807 4905 gerit,et
833 4835 898 4887 de
919 4833 1170 4887 cosmetis
1200 4831 1311 4885 sive
1341 4831 1694 4905 ornatricibus
1723 4830 1879 4884 docte
1908 4828 2144 4905 disserit,

584 4898 646 4961 ac
677 4907 852 4974 plut-os
883 4905 1256 4972 inscriptiones
1283 4902 1607 4974 sirpulcrales
1627 4898 2144 4974 earumexscribit:

586 4988 641 5031 tit
667 4971 965 5030 communia
1007 4971 1129 5027 olim
1162 4982 1315 5027 erant
1361 4973 1472 5024 hzcc
1501 4971 1671 5038 elogia
1701 4972 1871 5025 servis
1899 4981 1953 5024 et
1980 4971 2144 5024 ancil-

587 5050 670 5111 lis,
701 5051 811 5100 sive
842 5063 867 5097 ει
900 5046 1227 5113 propinquis,
1262 5045 1373 5096 sive
1394 5057 1422 5094 a
1454 5041 1680 5113 dominis
1714 5044 1903 5113 posita.

654 5118 779 5172 275.
810 5117 923 5169 Vat.
956 5111 1032 5175 AV.
1064 5111 1241 5177 Alex”
1272 5112 1610 5180 Urb.,_Mur.,
1644 5126 1674 5165 a
1703 5111 1932 5166 secunda
1968 5128 2147 5180 manu,

587 5188 854 5245 lleinsiani
901 5187 1168 5257 pigmentis
1210 5175 1335 5257 cum
1381 5175 1605 5257 Willm.
1635 5197 1789 5257 supra
1817 5192 1935 5257 .-ει
1966 5175 2151 5257 ‘Palat.

588 5262 772 5315 Melius
805 5258 854 5311 id
881 5252 1147 5319 estquam
1188 5255 1440 5323 ﬁgmentis
1471 5254 1525 5305 itt
1556 5253 1734 5319 Prag.,
1764 5252 1911 5317 Ald.,
1954 5253 2067 5307 Gis.
2102 5253 2153 5306 in

589 5339 836 5384 conventu
864 5370 876 5390 ,
925 5335 977 5381 et
1007 5322 1251 5379 Weitzio’.
1284 5322 1552 5389 Pigmenta
1597 5337 1691 5391 pro
1738 5324 2006 5390 unguentis
2052 5338 2155 5376 non

588 5402 749 5453 semel
783 5407 982 5460 noster,
1014 5406 1068 5451 et
1102 5394 1416 5447 Dracontius
1447 5396 1497 5445 in
1530 5393 1880 5445 llexaemero.

658 5471 781 5520 276.
805 5469 916 5520 Gis.
949 5468 1013 5520 ad
1042 5480 1214 5528 oram,
1244 5464 1380 5534 quod
1418 5464 1513 5531 fuit
1542 5478 1604 5516 ex
1635 5463 1787 5534 falso.

658 5538 780 5589 277.
810 5536 1004 5589 Widtn.
1048 5551 1228 5601 supra,
1257 5532 1360 5587 imo
1393 5548 1487 5601 pro
1521 5532 1680 5586 arcto.
1723 5532 2029 5587 Muliebrem
2074 5545 2154 5587 se-

590 5620 712 5657 xum
748 5606 1091 5659 iulirmiorem
1123 5618 1239 5659 esse
1260 5646 1274 5666 ,
1323 5617 1508 5657 omnes
1537 5618 1642 5657 uno
1668 5619 1762 5657 ore
1790 5603 2153 5659 consentiunt.

591 5674 729 5743 Care
761 5684 931 5743 tamen
962 5676 1027 5726 ab
1054 5676 1115 5726 iis
1138 5714 1153 5736 ,
1180 5674 1270 5742 qui
1308 5675 1534 5743 feminas
1576 5676 1627 5727 in
1673 5676 1883 5728 diversa
1925 5674 2152 5743 quadam

593 5741 660 5791 ab
690 5741 991 5801 hominibus
1014 5745 1190 5810 specie
1203 5741 1497 5807 collocant.
1521 5742 1652 5802 Vide
1681 5741 1957 5805 Alcimum
1974 5744 2031 5800 in
2058 5744 2156 5803 lib.

2176 4794 2227 4853 D

2322 3504 2444 3556 tibi.
2475 3503 2661 3555 Petrus
2689 3504 2957 3569 aposuilns
2990 3500 3204 3568 Epist.l
3235 3515 3352 3568 cap.
3388 3516 3469 3563 Ill,
3502 3503 3533 3554 7
3568 3518 3580 3553 :
3618 3498 3725 3551 Viri
3747 3499 3809 3549 si-

2252 3571 2439 3625 militer
2479 3572 2819 3625 coltabitautes
2865 3571 3141 3623 secundum
3185 3572 3466 3631 scientiam,
3498 3573 3647 3640 quasi
3684 3570 3813 3629 iuliro

2253 3643 2400 3695 miori
2442 3641 2649 3694 vasculo
2694 3642 2928 3694 muliebri
2956 3642 3300 3707 imparlieutes
3333 3639 3598 3694 honorem.
3638 3639 3816 3691 Pncter

2253 3712 2613 3781 Tiraquellum
2667 3713 2769 3765 loc.
2816 3713 2905 3765 cit.
2957 3714 3078 3765 vide
3129 3711 3187 3764 P.
3235 3709 3462 3763 Fabrum
3496 3727 3510 3763 t
3542 3713 3812 3781 Semestr..

2253 3798 2370 3852 cap.
2401 3779 2507 3837 ‘16.
2560 3782 2695 3835 Nihil
2746 3784 2825 3834 liis
2873 3782 3116 3836 versibus
3149 3780 3419 3835 Prndentii
3453 3782 3732 3835 nervosius
3759 3779 3814 3829 ad

2255 3853 2569 3907 feminarum
2624 3852 2963 3907 immodicum
2995 3893 3008 3916 ,
3063 3852 3483 3918 muliebremque
3554 3852 3813 3905 hominum

2254 3924 2434 3977 luxum
2468 3924 2911 3991 redarguendum.
2947 3922 3093 3975 Adde
3126 3967 3139 3986 ,
3175 3922 3217 3973 si
3251 3923 3443 3988 placet,
3494 3922 3815 3974 illaboratam

2253 3992 2619 4064 Clirysostomi
2653 3994 3009 4062 eloquentiam
3054 3993 3105 4044 in
3150 3991 3333 4044 Matth.
3378 3992 3568 4064 liomil.
3600 3992 3684 4051 50,
3716 3991 3818 4064 sive

2254 4064 2324 4118 49
2353 4060 2651 4129 {Quantum
2691 4060 2825 4115 vobis
2857 4065 3069 4115 dedecus
3100 4078 3205 4115 esse
3255 4061 3442 4127 putatis
3462 4103 3477 4124 ,
3531 4078 3644 4113 cum
3669 4060 3818 4113 serica

2256 4134 2393 4199 licia,
2416 4152 2527 4202 qua?
2559 4151 2650 4187 nec
2680 4134 2893 4186 uestibus
2921 4134 3122 4201 quidem
3154 4135 3226 4183 vir
3256 4133 3441 4202 probus
3465 4147 3681 4197 unquam
3710 4129 3820 4180 sub-

2256 4201 2478 4269 texeret,
2523 4205 2792 4274 diligenter
2842 4204 3091 4274 inscritis.’
3124 4204 3322 4269 quantis
3369 4201 3464 4274 hoc
3504 4204 3704 4274 dignum
3737 4215 3821 4274 ca-

2254 4275 2451 4328 chinnis
2478 4270 2825 4327 arbitrantur?
2969 4271 3151 4325 Dicitis
3180 4274 3311 4325 enirn
3349 4272 3535 4338 pedum
3568 4270 3822 4324 subleratis

2255 4347 2577 4398 deambulant
2619 4348 2667 4397 in
2710 4344 2910 4411 plateis,
2950 4344 3107 4395 nimio
3151 4343 3449 4412 plerumque
3478 4343 3597 4394 inde
3626 4355 3823 4412 mturare

2256 4417 2486 4483 confecti,
2520 4433 2580 4467 ne
2602 4409 2738 4467 carne
2774 4416 2822 4466 in
2850 4416 3026 4475 hieme,
3052 4409 3372 4483 aut'pulvere'
3392 4414 3451 4483 in
3468 4422 3645 4465 testate
3672 4409 3820 4483 Cll/(fl

2256 4486 2334 4536 sui
2352 4478 2700 4537 'maculentur.
2740 4485 2874 4549 Quid
2921 4485 3077 4553 facis,
3111 4478 3389 4536 horno?....
3420 4482 3573 4546 Quod
3600 4484 3641 4534 si
3670 4494 3713 4530 tu
3759 4478 3821 4528 ab

2255 4554 2547 4625 hujusmodi
2585 4556 2695 4608 labe
2722 4555 2915 4606 munda
2946 4554 3086 4620 cupis
3122 4555 3461 4607 calceamenla
3488 4566 3696 4614 seruarc,
3720 4563 3826 4601 cer-

2255 4627 2445 4678 vicibus
2471 4628 2592 4690 tuis,
2625 4636 2712 4679 aut
2740 4626 2894 4691 capiti
2922 4635 3174 4677 connecte.

2322 4696 2444 4749 286.
2474 4696 2638 4750 Gisel.
2691 4711 2807 4750 cum
2862 4696 3134 4747 Pulmauni
3200 4709 3330 4747 mss.
3361 4737 3376 4759 ,
3432 4702 3487 4747 et
3535 4692 3823 4751 Dareum,

2256 4766 2376 4837 Rat.
2422 4784 2447 4818 τι
2493 4768 2662 4837 prima
2707 4780 2885 4831 manu,
2940 4767 3115 4837 P_r_ag.,
3146 4764 3276 4817 Mar.
3314 4779 3339 4837 a
3374 4766 3611 4816 secunda
3651 4774 3821 4837 manu,

2254 4833 2690 4905 Weitz.,'b;gtn..
2736 4836 2925 4903 Bong.,
2968 4834 3227 4890 Widm.a
3259 4835 3427 4905 prima
3476 4833 3808 4905 manu,_lcc_cs

2258 4907 2400 4961 ldcm
2430 4900 2692 4961 Alexand.
2723 4900 3059 4974 (ιυιιιέιοςιιλ
3098 4900 3318 4973 ﬂttbiles.
3351 4902 3525 4957 Oxon.
3571 4919 3633 4955 ex
3674 4900 3830 4951 [lein-

2260 4979 2443 5041 sianis,
2480 4978 2663 5032 Urbiu.
2694 4986 2747 5031 et
2777 4980 2857 5029 lso
2878 4973 2904 5042 ,“
2925 4977 3053 5041 lues,
3085 4976 3223 5043 quod
3271 4974 3456 5040 Aldus,
3492 4973 3681 5041 aliique
3706 4978 3829 5019 sunt

2260 5049 2449 5102 seettti.

2335 5119 2461 5172 287.
2492 5116 2692 5171 Plinius
2716 5117 2782 5171 de
2811 5116 2999 5171 Serum
3027 5116 3267 5179 regione,
3290 5126 3342 5168 et
3371 5115 3598 5168 vestium
3627 5107 3831 5178 opiﬁcio

2264 5188 2356 5244 lib.
2388 5205 2457 5251 vr,
2490 5204 2605 5255 cap.
2644 5188 2707 5241 l6
2734 5206 2745 5239 :
2770 5186 2900 5239 Tam
2924 5185 3196 5255 multiplici
3236 5200 3409 5251 opere,
3441 5195 3546 5236 tam
3570 5181 3831 5255 longinqua

2264 5260 2381 5312 Orbe
2406 5248 2610 5329 petitur,
2642 5268 2693 5309 ut
2727 5269 2955 5310 matrona
2986 5258 3037 5309 in
3076 5248 3277 5323 publica
3320 5248 3829 5329 ινᾳηειησεαιίΑιιςιιι

2265 5318 2424 5385 Seres
2452 5347 2480 5383 e
2509 5318 2772 5382 frondium
2804 5329 3050 5395 lanugine
3078 5318 3274 5379 'vestes
3317 5325 3516 5376 Iiebant
3544 5324 3713 5395 serica:
3743 5318 3830 5367 dl-

2263 5409 2383 5453 ctte.
2436 5402 2506 5453 De
2548 5400 2783 5453 vestibus
2839 5389 3170 5467 bombycinis
3222 5395 3363 5448 idem
3395 5395 3597 5451 Plinius
3634 5389 3716 5443 lib.
3755 5400 3827 5450 st,

2265 5487 2385 5525 can.
2415 5472 2504 5525 ‘23.

2331 5488 2736 5596 lleinsius
2764 5554 2884 5593 cum
2909 5538 3067 5592 Festo
3084 5536 3269 5591 scribit
3287 5537 3505 5589 scutilis.
3534 5528 3695 5586 Nostri
3710 5541 3831 5577 scu-

2268 5612 2385 5665 tulis
2418 5628 2535 5664 cum
2565 5613 2687 5664 Ald.
2716 5653 2730 5677 ,
2766 5610 2909 5664 Siclt.
2940 5650 2955 5673 ,
2988 5608 3099 5663 Gis.
3132 5607 3166 5658 2
3204 5608 3335 5661 edit.
3382 5614 3437 5660 et
3481 5603 3618 5658 aliis.
3648 5598 3831 5653 Vestes

2265 5684 2554 5750 scutulatw,
2587 5696 2705 5751 qua:
2734 5682 2985 5737 orbiculis
3016 5678 3434 5751 distinguuntur.
