3950 6326
193 324 216 369 t
229 324 333 379 033

367 434 597 490 llludant
624 436 797 493 varias
826 438 1077 496 distincto
1110 442 1337 496 stamine
1368 441 1584 508 formas.

374 527 442 581 Ut
467 542 693 598 qumque
717 537 802 583 est
826 530 1020 600 lanugo
1043 532 1154 587 fere
1182 532 1487 586 mollissima
1514 539 1674 595 tactu,

374 616 625 670 l’ectitur.
658 616 809 671 Hunc
839 619 1019 674 videas
1053 608 1281 675 lascivas
1310 627 1543 689 praepete
1569 632 1730 674 cursu

381 706 674 762 Venantem
699 707 930 777 tunicas,
955 709 1129 764 avium
1154 725 1364 780 quoque
1382 710 1762 765 versicolorum

182 798 300 853 295
375 794 686 852 Indumenta
717 798 871 853 novis
899 806 1166 853 texentem
1198 800 1405 869 plumea
1436 800 1552 854 telis
1579 818 1592 851 :

371 886 520 941 lllum
552 887 834 957 pigmentis
861 888 1251 956 redolentibus,
1278 898 1333 945 et
1363 891 1643 961 peregrino

377 978 535 1050 523
589 977 813 1034 Pulvere
866 978 1127 1034 femineas
1182 988 1518 1049 spargentem
1571 980 1767 1050 tupiter

1517 1086 1691 1127 auras.

1517 1086 1691 1127 auras.

380 1159 566 1213 Omnia
593 1158 748 1213 luxus
784 1152 944 1213 habet
970 1166 1168 1215 nostrai
1195 1070 1529 1230 vegetamina
1555 1162 1696 1226 vitae,

376 1249 633 1303 Sensibus
678 1250 733 1304 in
780 1250 1017 1320 quinque
1065 1260 1306 1308 statuens
1359 1267 1478 1322 qua:
1533 1252 1772 1309 condidit

377 1428 611 1484 Auribus
634 1439 794 1500 atque
817 1431 1010 1497 oculis,
1039 1441 1147 1487 tum
1170 1433 1386 1489 naribus
1413 1344 1771 1505 Mitigato

376 1522 644 1589 Quaeritur
675 1522 905 1579 inlectus
938 1526 1148 1580 vitiosis
1176 1527 1379 1581 artibus
1411 1544 1561 1583 usus.

382 1616 501 1680 Ipse
531 1613 711 1681 etiam,
742 1624 853 1668 toto
884 1615 1046 1684 pollet
1069 1616 1159 1685 qui
1185 1631 1433 1686 corpore,
1468 1625 1662 1683 tactus,

376 1707 659 1776 Palpamen
693 1717 930 1763 tenerum
951 1709 1160 1764 blandis
1185 1725 1215 1765 e
1242 1710 1438 1766 fotibus
1463 1711 1652 1764 ambit.

378 1798 518 1853 Proh
543 1800 716 1864 dolor,
742 1801 997 1871 ingenuas
1024 1810 1226 1857 naturae
1257 1801 1572 1857 occumbere
1603 1801 1766 1871 leges,
1800 1817 1849 1877 Β

186 1890 302 1946 505
378 1890 732 1961 Captivasque
764 1893 899 1947 trahi
926 1902 1178 1964 regnante
1203 1892 1422 1950 libidine
1442 1894 1623 1949 dotes!

1527 326 2055 383 HAMARTIGENIA.

1790 446 1845 502 Δ

3297 326 3433 383 105ι

2043 440 2361 496 Perversum
2394 439 2483 507 jus
2509 452 2669 495 omne
2699 438 2863 509 viget,
2890 438 3017 492 dum
3047 438 3305 509 quidquid
3338 444 3429 496 ha-

3110 530 3361 601 [bendum

2045 620 2394 691 Omnipotens
2422 620 2664 686 dederat,
2699 620 2873 675 studia
2912 620 2964 674 in
3014 621 3280 675 contraria
3317 636 3433 677 vero

3203 712 3362 783 [tunt.

2044 804 2339 870 ldcircone,
2370 818 2518 873 rogo,
2554 803 2873 873 speculatrix
2914 803 3111 873 pupula
3142 806 3291 859 molli

2051 892 2273 946 Subdita
2304 892 2573 961 palpebra:
2608 901 2711 957 est,
2753 902 2811 946 ut
2852 894 3024 962 turpia
3064 893 3436 950 semivirorum

2050 983 2283 1037 Membra
2312 981 2561 1037 theatrali
2589 992 2794 1051 spectet
2830 984 3093 1052 vertigine
3122 984 3267 1049 ferri,

2050 1071 2319 1128 lncestaus
2347 1073 2571 1127 miseros
2612 1073 2753 1127 foedo
2778 1069 3129 1129 oblectamine
3158 1076 3330 1129 visus?

2049 1162 2209 1235 524
2236 1164 2343 1217 Aut
2369 1162 2490 1219 ideo
2517 1165 2741 1232 spirant,
2783 1164 3061 1235 mediaque
3086 1179 3149 1221 ex
3191 1181 3316 1221 arce
3348 1181 3431 1223 ce-

3227 1256 3368 1312 rebri

3227 1256 3331 1312 rebt

2050 1344 2341 1399 Demittunt
2371 1347 2608 1413 geminas
2636 1346 2833 1400 sociata
2863 1345 3120 1400 foramina
3150 1256 3331 1412 na[res,

2050 1434 2119 1489 Ut
2140 1435 2286 1490 bibat
2314 1435 2598 1491 illecebras
2625 1436 2763 1491 male
2793 1437 3074 1491 conciliata
3101 1438 3365 1508 voluptas,

1874 1526 1977 1582 515
2052 1527 2198 1594 Quas
2218 1528 2547 1597 pigmentato
2575 1528 2828 1583 meretrlx
2848 1529 2979 1597 jacit
3001 1530 3239 1599 improba
3263 1530 3442 1585 crine?

2053 1617 2189 1673 Num
2223 1627 2440 1687 propter
2467 1619 2648 1688 lyrica:
2671 1620 3033 1675 modulamina
3060 1636 3192 1675 vana
3228 1622 3439 1691 puellas,

2046 1709 2450 1780 Nervorumque
2479 1725 2661 1777 sonos,
2696 1721 2751 1765 et
2777 1712 3054 1767 convivale
3083 1714 3304 1768 calentis

2051 1798 2278 1854 Carmen
2309 1800 2582 1869 nequitiae,
2610 1801 2818 1869 patulas
2850 1803 2988 1857 Deus
3021 1802 3224 1858 addidit
3260 1819 3437 1869 aures,

2051 1892 2257 1961 Perque
2282 1905 2604 1947 cavernosos
2629 1892 2793 1961 jussit
2824 1903 3104 1961 penetrare
3126 1903 3336 1951 meatus

1874 983 1977 1038 510

1485 2022 1767 2080 GLOSS/E
1810 2018 2149 2077 VETERES.

261 2137 396 2191 291.
422 2135 667 2200 llludant,
698 2135 943 2201 colorcnt,
968 2134 1005 2189 I.

260 2207 398 2261 292.
424 2205 576 2269 Fere,
607 2221 784 2275 prope,
815 2206 854 2258 l.

262 2277 398 2331 295.
424 2276 675 2339 Pectitur,
706 2274 937 2339 ornatur,
963 2274 1002 2327 l.

260 2345 399 2400 294.
426 2346 739 2408 Venantem,
774 2342 1529 2408 cmentem.—Versicolorum,
1560 2344 1775 2397 diversis

188 2415 475 2477 coloribus,
508 2416 546 2467 l.

262 2485 396 2539 295.
424 2483 659 2546 Plumea,
682 2484 877 2548 mollia,
912 2481 952 2535 Ι.
975 2482 1159 2536 Pluma
1182 2485 1500 2536 dicituracus
1536 2524 1549 2548 ,
1577 2482 1711 2535 unde
1729 2482 1782 2533 in

192 2552 518 2607 Bibliotheca
546 2554 729 2621 legitur
756 2567 916 2619 opere
948 2553 1225 2619 plumario,
1260 2553 1377 2606 Vat.
1410 2552 1471 2605 A.

264 2624 401 2677 296.
426 2622 733 2689 Peregrino,
764 2623 977 2684 exotico,
1006 2623 1043 2674 Ι.

262 2694 402 2747 298.
435 2690 638 2754 Luxus,
672 2691 896 2752 luxuria,
923 2692 1139 2745 vanitas.
1164 2692 1599 2760 -—Vegctamina,
1622 2692 1780 2744 virtu-

198 2772 301 2829 tes,
340 2762 710 2828 fortitudinem,
741 2764 816 2811 vel
839 2762 1149 2825 virilitatem,
1188 2764 1563 2827 commotiones,
1601 2760 1641 2813 I.

269 2831 675 2953 300.lAuribus
712 2838 869 2898 atque
916 2831 1104 2895 oculis,
1153 2834 1351 2896 auditu,
1382 2833 1512 2892 risu,
1560 2832 1775 2899 olfactu,

269 2910 380 2953 uti.
431 2938 445 2953 .
1272 2914 1275 2917 ’

228 2910 380 2964 usta,
409 2910 445 2953 Ι.
1272 2914 1275 2917 ·

192 2920 721 3036 φθίιρυωτίιυτ,
763 2969 825 3022 ab
854 2970 960 3023 illis
992 2970 1239 3035 sensibus,
1262 2971 1338 3025 vel
1354 2971 1515 3023 nobis.
1540 2997 1607 3008 --
1634 2968 1775 3024 lnl'e«

190 3050 348 3102 ctus,
379 3048 670 3106 corruptus,
702 3041 739 3092 l.
1664 3056 1667 3059 '

266 3111 407 3167 505.
440 3109 747 3177 Palpamen,
781 3110 1042 3177 amictum.
1070 3138 1139 3149 —-
1166 3108 1409 3176 Fotibus,
1433 3109 1773 3164 nutrimentis.

193 3210 263 3221 -
290 3179 503 3245 Ambit,
535 3179 693 3249 cupit,
725 3178 997 3245 desiderat,
1030 3179 1069 3233 Ι.

1956 2132 2081 2185 501.
2113 2132 2393 2202 ingenuas,
2426 2133 2647 2186 nobiles.
2665 2135 2958 2202 naturales,
2986 2135 3025 2188 l.

1955 2202 2079 2255 505.
2114 2201 2300 2269 Dotes,
2326 2202 2621 2255 donationes
2650 2201 2761 2265 Dei,
2792 2203 2829 2255 Ι.

1956 2271 2079 2325 506.
2106 2271 2447 2343 Perversurn,
2479 2287 2723 2343 perverse.
2755 2302 2823 2310 —
2853 2272 3020 2341 Viget,
3051 2277 3304 2343 prwvalet,
3332 2279 3371 2333 l.

1955 2343 2081 2395 507.
2114 2340 2359 2403 Vertunt,
2390 2341 2636 2405 homines,
2665 2342 2704 2394 Ι.

1910 2411 2080 2534 ά508.
2111 2408 2281 2531 R‘oglo,
2315 2411 2589 2479 interrego.
2615 2438 2681 2450 —-
2710 2409 2930 2481 Pupula,
2965 2414 3159 2481 pupilla
3184 2425 3230 2468 et
3252 2421 3447 2490 pupula

1946 2497 2021 2534 em
2042 2495 2138 2531 sun
2167 2520 2182 2534 .
2242 2518 2254 2530 .

1888 2483 2021 2534 idem
2042 2489 2182 2545 sunt,
2216 2483 2254 2531 Ι.

2108 2548 2533 2625 ;§emivirorunt,
2579 2548 2983 2625 effeminatorum
3008 2556 3377 2625 cunuchorum,
3402 2560 3444 2613 l.

1960 2620 2083 2673 510.
2108 2618 2399 2687 Vertigine,
2434 2618 2746 2684 circuitione,
2775 2622 3039 2685 rotatione,
3066 2623 3104 2674 Ι.

1957 2692 2082 2761 511.
2124 2688 2447 2761 _lncestans,
2486 2688 2733 2755 polluens.
2771 2716 2841 2730 —
2874 2690 3038 2745 Ftedo
3073 2693 3445 2761 oblectamine,

1885 2762 2022 2829 turpi
2050 2759 2397 2829 delectatione,
2433 2758 2473 2812 Ι.

1955 2826 2015 2884 51
2023 2830 2073 2902 _tl.
2098 2826 2404 2902 illecebras,
2431 2826 2713 2902 [teditates,_
2733 2828 3019 2883 sorditates.
3042 2861 3111 2871 —
3126 2830 3443 2902 Conciliata,

1883 2898 2249 2967 conglutinata,
2279 2898 2356 2949 vel
2378 2899 2670 2963 conjuncta,
2694 2898 2735 2951 Ι.

1950 2966 2075 3021 515.
2122 2966 2279 3031 Jacit,
2303 2967 2518 3034 spargit,
2550 2967 2587 3018 Ι.

1950 3036 2076 3092 516.
2106 3033 2334 3108 [:yricze,
2363 3033 2659 3108 cytharalis,
2685 3035 2760 3108 vel
2782 3038 2990 3108 jocalis,
3020 3038 3057 3090 Ι.

1946 3108 2074 3161 517.
2106 3105 2362 3170 Calenlis,
2394 3106 2650 3174 ferventis,
2684 3105 2724 3159 l.

1953 3177 2077 3252 519.
2106 3174 2459 3239 Cavernosos,
2498 3174 2840 3243 ﬂexibiles.—
2856 3176 3081 3246 Meatus,
3115 3181 3377 3248 transitus,
3406 3182 3449 3239 l.‘

1540 3312 2091 3370 COMMENTARIUS.

268 3431 403 3487 291.
430 3428 605 3493 Sich.,
632 3429 790 3493 male,
818 3428 1009 3495 famine
1036 3428 1179 3481 telas.

265 3499 402 3557 292.
428 3498 574 3563 Ald.,
607 3498 788 3566 scripti
826 3498 1122 3559 Heinsiani,
1152 3506 1208 3551 et
1231 3509 1365 3564 quos
1391 3495 1781 3566 rviditﬂMariet-

196 3583 309 3637 tus,
334 3575 495 3641 fuit;
516 3578 571 3641 e_t
598 3564 1192 3641 suspicaturulleintius,
1220 3564 1591 3641 legen_dum_Ut
1610 3566 1786 3641 cuique

198 3653 272 3697 est
294 3633 501 3709 lanugo
526 3638 667 3706 ferte.
692 3633 868 3703 Alex.,
898 3636 1050 3700 Urb.,
1072 3633 1292 3701 Weitz.,
1315 3637 1452 3701 Gis.,
1492 3638 1617 3703 fere,
1645 3633 1785 3704 quod

252 3720 401 3766 acet.

196 3713 406 3835 “32093;:
432 3777 675 3832 Lasciva:
707 3776 901 3831 tunicae
923 3784 1046 3830 sunt
1072 3785 1164 3829 aut
1196 3775 1402 3839 sericae,
1428 3782 1519 3828 aut
1542 3773 1787 3828 obscenis

199 3850 393 3914 ﬁguris
448 3848 703 3913 variataz,
758 3857 814 3900 ut
858 3847 1157 3914 suspicatur
1194 3844 1605 3899 Chamillardns.
1652 3842 1784 3896 Nam

198 3914 463 3975 libidines
506 3927 745 3971 veterum
794 3916 843 3969 in
892 3916 1095 3984 poculis
1143 3917 1273 3984 ipsis
1317 3925 1371 3968 et
1417 3914 1638 3984 panibus
1669 3927 1789 3984 _ex-

201 4003 415 4057 pressae
451 3986 817 4057 intolerabiles
854 3981 1028 4039 erant.
1066 3981 1195 4040 Vide
1232 3985 1535 4054 Pignorium
1565 3983 1633 4037 de
1663 3981 1787 4037 Ser-

198 4056 306 4125 vis,
345 4072 473 4127 pag.
490 4056 563 4127 0?
592 4065 645 4110 et
671 4070 821 4123 seqq.

268 4123 659 4191 291.‘Widm.,
692 4124 944 4177 mendose
964 4168 978 4191 ,
1005 4131 1305 4177 ventantem.
1339 4123 1587 4177 Heinsius
1615 4130 1783 4187 notat,

199 4213 331 4252 suos
376 4199 607 4262 scriptos
651 4194 847 4247 habere
890 4194 1059 4245 avium
1087 4208 1282 4258 quoque
1307 4194 1695 4262 versicolorum;
1734 4202 1788 4262 et

201 4269 274 4321 ita
305 4275 459 4322 certe
491 4259 701 4318 habent
752 4264 939 4316 nostri.
989 4264 1043 4317 ln
1085 4262 1324 4317 Giselino
1368 4261 1579 4331 quidem
1616 4262 1639 4313 1
1676 4270 1727 4314 et
1754 4259 1791 4313 2

199 4338 335 4391 edit.
366 4346 453 4390 est
481 4334 866 4397 versiculorum,
891 4333 983 4386 sed
1011 4333 1261 4385 mendum
1297 4342 1444 4399 puto,
1474 4346 1579 4384 non
1605 4331 1787 4384 lectio-

202 4408 288 4459 nis
311 4405 653 4459 varietatem.

272 4475 408 4530 295.
434 4474 489 4526 In
536 4476 710 4542 glossa
742 4473 857 4526 Vat.
888 4472 954 4536 A,
991 4469 1354 4524 Bibliotheca»:
1385 4470 1635 4542 intelligo
1666 4484 1787 4523 esse

202 4545 382 4599 Biblia
430 4541 581 4597 sacra
607 4581 621 4604 ,
650 4558 767 4611 qua:
810 4558 874 4596 eo
904 4542 1121 4595 nomine
1151 4555 1180 4593 a
1210 4541 1481 4595 veteribus
1519 4554 1662 4611 srepe
1689 4554 1787 4605 ap-

202 4609 777 4683 pellabantur._Locus
821 4619 1003 4665 exstat
1048 4627 1061 4663 ι
1102 4611 1281 4683 _Exodi
1309 4626 1469 4683 _vers.
1508 4611 1531 4663 1
1564 4626 1575 4659 :
1603 4609 1787 4662 Decem

202 4680 437 4736 cortinas
473 4682 537 4733 de
581 4681 725 4750 bysso
750 4691 939 4734 retorta
959 4722 972 4745 ,
1014 4688 1060 4731 et
1091 4680 1395 4747 hyacintho,
1419 4695 1495 4750 ac
1524 4694 1750 4750 purpura
1768 4716 1782 4739 ,

203 4767 462 4821 coccoque
488 4751 560 4802 bis
589 4748 743 4805 tincto
772 4752 991 4821 variatas
1029 4765 1176 4818 opere
1205 4749 1459 4821 plumario
1499 4750 1676 4816 facies.
1698 4748 1782 4821 De

204 4817 449 4877 vestibus
498 4835 615 4889 qua:
644 4836 710 4874 ex
756 4820 947 4887 plumis
995 4817 1159 4872 variis
1200 4817 1780 4889 contexebanturvide

202 4893 475 4946 Senecam
518 4888 613 4957 ep.
661 4890 749 4944 91.
786 4889 1076 4942 Plumarius
1115 4892 1402 4941 vocabatur
1446 4888 1775 4957 antiquitus,

202 4964 293 5029 qui
347 4956 649 5028 hujusmbdi
676 4970 853 5014 vestes
882 4958 1229 5021 conﬁciebat,
1281 4968 1370 5009 aut
1408 4958 1565 5009 etiam
1607 4956 1695 5029 qui
1728 4956 1779 5007 in

204 5026 453 5084 vestibus
496 5043 594 5082 acu
625 5030 805 5083 clavos
833 5037 887 5081 et
930 5028 1162 5081 scutulas
1189 5067 1203 5089 ,
1254 5035 1305 5080 et
1334 5041 1394 5079 ea
1426 5041 1541 5093 quae
1572 5026 1781 5091 plumas

203 5102 393 5153 avium
424 5098 680 5167 referunt,
712 5098 991 5167 pingebat.
1010 5096 1401 5167 Vide.'l‘urneb.
1429 5096 1655 5167 Advers.
1684 5094 1776 5147 lib.

205 5184 283 5232 ιι,
316 5182 437 5236 cap.
465 5166 555 5227 25.
590 5164 733 5221 ηιιηιζ
765 5164 888 5234 5Ᾰ9,
932 5166 997 5218 ad
1030 5167 1185 5220 verba
1218 5166 1423 5219 Vomscr
1455 5180 1504 5218 IN
1533 5164 1731 5236 (ξηιμο
1763 5180 1776 5215 :

207 5233 483 5304 plumandi
525 5237 815 5305 difﬁcultate
862 5233 1162 5305 pernobiles.
1231 5236 1385 5287 l”utat
1438 5233 1778 5305 Prudentium

207 5302 450 5360 indicare
472 5302 646 5360 vestes
675 5308 727 5359 in
757 5302 948 5374 quibus
969 5305 1076 5358 sine
1101 5314 1385 5367 assumento
1411 5321 1503 5356 acu
1524 5302 1779 5370 pingendo

205 5378 403 5445 pluma
428 5376 595 5445 avium
613 5376 919 5443 referuntur.
1174 5443 1181 5445 Α
1210 5443 1219 5445 _
1464 5441 1513 5445 μ
1584 5424 1597 5445 _,

280 5446 410 5499 296.
436 5443 629 5498 Weitz.
656 5441 678 5509 ,⁷
701 5454 748 5495 et
792 5445 1075 5513 peregrino.
1124 5443 1311 5505 Aldus,
1342 5459 1422 5496 ex.
1454 5441 1722 5513 Giselinus
1753 5442 1778 5494 1

208 5523 263 5568 et
295 5514 332 5567 2
363 5514 491 5568 edit.
526 5514 683 5567 habet
708 5522 752 5567 et
776 5511 895 5567 cum
913 5511 1191 5583 plerisque
1219 5512 1595 5567 vetustissimis
1622 5511 1778 5577 Man,

208 5584 364 5649 Rat.,
398 5583 577 5650 Prag.,
615 5583 730 5636 Vat.
759 5584 801 5637 Α
832 5592 885 5636 et
910 5584 1049 5637 aliis.

281 5654 412 5707 297.
474 5650 624 5720 Apud
675 5651 956 5706 Weitzium
1007 5652 1072 5706 Μ.
1127 5653 1280 5721 Berg.
1328 5651 1453 5719 legit
1494 5665 1640 5704 aures
1688 5663 1780 5718 pro

206 5739 392 5777 auras.

500 5819 765 5877 Ρλτιιοι..
812 5815 973 5879 LIX.

1806 3429 1853 3489 ο
1955 3425 2081 3481 299.
2116 3386 2476 3500 Pulcherrima
2518 3427 2803 3500 descriptio
2842 3432 3072 3500 quinque
3110 3451 3361 3494 sensuum
3401 3450 3452 3497 et

1890 3496 2209 3569 corruptela
2233 3511 2338 3564 qua
2366 3498 2434 3569 ab
2460 3496 2763 3553 hominibus
2790 3496 3183 3569 pervertuntur.

1958 3566 2079 3619 500.
2110 3564 2287 3632 Prag.,
2321 3567 2476 3631 male,
2510 3578 2609 3619 tam
2634 3584 2727 3632 pro
2755 3564 2882 3627 tum.

1962 3634 2085 3711 501.
2118 3636 2311 3711 0xo_n.,
2335 3635 2509 3711 Prag.,
2540 3648 2593 3691 et
2614 3637 2742 3691 Mar.
2776 3654 2804 3691 a
2834 3643 3066 3696 secunda
3096 3659 3276 3711 manu,
3307 3657 3454 3700 artu-

1889 3706 2000 3759 bus.
2032 3704 2333 3772 Legendum
2364 3707 2571 3757 artibus.

1960 3773 2081 3828 502.
2122 3773 2359 3827 Alcimus
2407 3775 2591 3828 Avitus
2633 3776 2723 3828 lib.
2754 3792 2791 3841 ι,
2834 3793 2972 3832 vers.
3016 3778 3121 3833 85:
3155 3783 3345 3838 Tactus
3388 3788 3455 3839 ad

1888 3843 2147 3921 hquolus
2170 3853 2272 3921 toto
2289 3846 2374 3911 qui
2394 3859 2605 3921 corpore
2615 3846 2779 3914 juder
2795 3846 3011 3913 Sentiat,
3037 3858 3139 3904 etc.
3164 3853 3373 3917 Cicero,
3390 3871 3450 3921 ll,

1889 3914 2179 3993 tle-Natura
2208 3912 2465 3993 deoruth
2497 3912 2698 3993 Tac-tius
2717 3926 2881 3993 autem
2908 3912 3247 3993 toto-corpore
3280 3912 3455 3993 aqua;

1892 3983 2056 4036 biliter
2086 3985 2230 4051 {usus
2256 3993 2348 4046 est,
2382 3990 2486 4037 etc.
2518 3983 2635 4037 Alia
2666 3984 2733 4037 ibi
2770 3986 2835 4038 de
2866 3983 3342 4046 sensibus'Cicerol

1962 4054 2082 4107 505.
2112 4053 2283 4123 ΔΜίδᾳ-η
2326 4061 2371 4104 et
2394 4068 2413 4117 ;
2440 4068 2617 4123 supra,
2647 4071 2694 4108 e.
2738 4053 2918 4123 Prag.,
2945 4056 3170 4123 Widm.,
3195 4072 3261 4114 et.
3293 4064 3459 4117 Aldus

1888 4131 1942 4176 et
1990 4120 2124 4190 apud
2159 4122 2439 4177 Weitzium
2481 4121 2764 4186 Giselinus,
2812 4120 2915 4184 eat;
2953 4128 3044 4181 sed
3090 4120 3248 4182 altum
3293 4135 3461 4186 voluit

1889 4192 2088 4270 dicere,
2121 4191 2535 4270 nam_(_}iselinu_s
2636 4195 2770 4270 edit.
2810 4193 2966 4249 habet
3014 4212 3074 4260 e;
3100 4202 3180 4252 vel
3212 4201 3457 4270 intelligit

1890 4260 2148 4316 Weitzius
2176 4262 2463 4315 editionem
2496 4264 2519 4314 1
2555 4262 2793 4316 Giselini.

1960 4332 2082 4385 307.
2116 4332 2342 4384 lmitatio
2368 4331 2601 4385 Maronis
2631 4332 2723 4385 lib.
2757 4349 2813 4393 ll,
2841 4336 3012 4389 studia
3036 4338 3087 4390 in
3116 4342 3391 4393 contraria.

1896 4442 1899 4445 .
1960 4401 2085 4454 508.
2124 4401 2420 4454 Notandum
2467 4413 2548 4454 est
2586 4398 3001 4459 Chamilla'rdum
3043 4407 3106 4459 ad
3164 4424 3305 4466 vers.
3346 4412 3455 4463 874

1889 4484 2304 4546 erroremsuum
2329 4470 2627 4538 agnovisse,
2648 4487 2758 4546 _qno
2779 4474 3041 4546 pupulum,
3067 4492 3184 4546 qua:
3204 4488 3287 4531 est
3312 4480 3454 4533 oculi

1892 4540 2106 4607 pupilla,
2139 4542 2514 4608 interpretatus
2544 4550 2625 4593 est
2647 4540 2733 4595 hic
2761 4540 3001 4608 puellam.

1966 4611 2086 4663 510.
2136 4610 2350 4664 Theutri
2393 4611 2589 4663 veteris
2633 4610 2935 4665 obscenitas
2967 4614 3066 4666 hoc
3105 4614 3223 4667 loco
3252 4614 3451 4668 indica-

1892 4688 1999 4741 tur,
2043 4680 2110 4733 de
2140 4696 2241 4747 qua
2290 4680 2419 4731 satis
2470 4688 2678 4730 constat
2721 4698 2731 4729 :
2772 4696 3069 4749 quanquam
3120 4698 3223 4735 non
3265 4684 3451 4736 dubito

1891 4750 2015 4817 quin
2040 4748 2091 4801 in
2122 4749 2322 4802 recenti
2353 4751 2557 4799 theatro
2582 4749 2743 4800 multa
2771 4750 2878 4803 sint
2907 4748 3024 4817 qua:
3046 4754 3286 4804 incestcut
3306 4754 3450 4806 mise-

1888 4834 1969 4870 ros
2000 4818 2132 4885 foedo
2160 4818 2487 4870 oblectamine
2513 4833 2669 4870 vtsus.

1957 4886 2084 4940 512.
2118 4887 2261 4948 Rat.,
2294 4887 2598 4956 atqueideo,
2639 4902 2741 4939 non
2772 4888 2837 4939 ita
2872 4888 3024 4940 bene.

1961 4956 2085 5009 515.
2120 4957 2263 5018 Ald.,
2292 4958 2467 5023 l’rag.,
2495 4956 2719 5021 Widm.,
2745 4957 3023 5009 dimittunt.
3450 5002 3463 5017 ,

1961 5026 2083 5099 515.
2120 5024 2236 5099 Vat.
2413 5026 2553 5099 Qtti_s__
2582 5026 2889 5099 pigmentato
2935 5028 3168 5080 meretrix
3187 5032 3326 5099 jacet
3354 5030 3449 5083 int-

1889 5097 2046 5162 proba
2075 5095 2231 5165 crine.
2266 5094 2449 5147 Melius
2472 5094 2580 5165 alii,
2603 5110 2726 5162 quas
2745 5096 2895 5165 jacit.

1962 5165 2083 5218 516.
2113 5163 2449 5217 Citliarmdas
2491 5164 2617 5215 olim
2661 5166 2712 5215 in
2742 5163 3038 5221 ministerio
3082 5168 3245 5221 luisse
3271 5170 3454 5229 obser-

1891 5242 1979 5287 vat
2004 5233 2282 5300 Pignorius
2306 5233 2370 5286 de
2389 5233 2566 5304 Servis
2589 5247 2708 5300 pag.
2740 5234 2804 5287 78
2826 5244 2880 5288 et
2907 5235 2990 5297 79,
3012 5238 3096 5303 qui
3124 5238 3451 5304 epitaphium

1892 5305 2116 5357 Auxesis
2154 5303 2458 5357 citharmdie
2490 5308 2713 5372 protert,
2742 5312 2795 5356 et
2824 5304 2923 5358 hoc
2963 5303 3317 5358 ministerium
3346 5308 3454 5361 ele-

1889 5384 2074 5443 ganter
2103 5372 2337 5440 tetigisse
2366 5373 2707 5443 Prudentium
2748 5373 2992 5428 advertit.
3027 5374 3176 5441 Apud
3204 5377 3450 5431 eumdem

1894 5442 2078 5496 videre
2106 5445 2306 5511 poteris
2331 5442 2534 5510 aliquot
2559 5442 2777 5495 cithara:
2805 5447 3011 5511 species
3041 5443 3355 5498 deliltettltls.

1962 5514 2085 5567 517.
2108 5510 2264 5575 λιιι,
2289 5522 2333 5564 et
2354 5513 2571 5565 convivia
2610 5510 2893 5575 recalentis,
2924 5512 3059 5581 quod
3090 5523 3300 5581 poterat
3325 5515 3456 5568 reti-

1890 5585 2033 5645 neri;
2065 5582 2155 5635 sed
2184 5582 2503 5636 membrana:
2542 5581 2829 5649 prailerunt
2869 5592 2914 5635 et
2955 5584 3208 5637 convivale
3248 5585 3460 5638 calentis

1888 5668 2085 5705 carmen
2129 5652 2376 5721 nequitiae.
3076 5686 3077 5689 η

3083 5779 3265 5862 33’
