3950 6326
595 360 728 420 1058

592 474 697 534 520
772 469 928 524 Vocis
955 465 1087 523 iter?
1124 462 1376 532 numquid
1411 460 1620 516 madido
1655 475 1816 530 sapor
1846 464 2043 518 inditus
2070 465 2148 519 ori
2178 468 2231 529 Α

769 559 906 614 Vivit
925 559 993 613 ob
1030 558 1162 611 hanc
1192 568 1427 619 causam,
1457 552 1712 608 medicata
1745 562 1801 608 ut
1844 555 2039 609 fercula
2075 557 2159 625 pi-

1921 645 2088 717 [gram

770 740 1056 809 lngluviem
1068 779 1081 801 ,
1096 736 1416 803 vetitamque
1430 736 1603 803 gulam
1619 736 1872 804 ganeonis
1887 737 2159 791 inescent?

768 831 869 885 Per
900 828 1075 882 varios
1100 833 1285 895 gustus
1316 826 1572 878 instructo
1604 835 1660 878 ut
1683 827 1898 892 prandia
1928 828 2088 881 ducat

767 923 923 995 525
942 921 996 973 ln
1027 927 1255 981 noctem,
1284 917 1550 983 lassetque
1571 930 1784 983 gravem
1816 931 1907 968 sua
1938 919 2156 985 crapula

1758 1006 1766 1073 Ι
1803 1014 2038 1060 ventrem
2065 1008 2089 1058 ?

770 1101 903 1167 Quid
929 1099 1142 1165 durum,
1171 1096 1292 1165 quid
1328 1096 1487 1149 molle
1528 1095 1685 1161 foret,
1719 1095 1843 1163 quid
1864 1097 1997 1158 lene,
2032 1097 2157 1165 quid

1791 1186 1807 1256 [
1841 1186 2082 1251 horrens,

775 1282 910 1347 Quid
961 1279 1211 1344 calidum,
1272 1277 1601 1347 gelidumve,
1647 1278 1785 1331 Deus
1838 1293 2157 1347 cognoscere

1839 1370 1853 1437 [
1879 1380 2088 1423 nosmet

770 1466 978 1515 Attactu
1019 1460 1203 1525 voluit,
1235 1458 1480 1527 palpandi
1507 1460 1793 1526 interprete
1834 1473 2014 1512 sensu.

771 1554 835 1609 At
866 1567 963 1607 nos
993 1550 1211 1607 delicias
1239 1552 1535 1618 plumarum
1571 1559 1623 1604 et
1653 1550 1789 1602 linea
1819 1559 1965 1604 texta

771 1646 1092 1705 Sternimus,
1127 1653 1286 1711 atque
1312 1648 1489 1695 cutem
1530 1640 1699 1693 fulcro
1732 1650 2037 1695 attenuantc
2066 1632 2157 1710 p6—

1867 1734 1883 1804 [
1907 1734 2079 1788 limus.

792 1826 959 1891 Felix,
995 1824 1083 1887 qui
1109 1822 1328 1877 indultis
1365 1823 1534 1891 potuit
1564 1822 1907 1878 mediocriter
1936 1824 2010 1877 uti

767 1916 1094 1979 Muneribus,
1116 1929 1438 1983 parcumque
1451 1914 1667 1967 modum
1687 1929 1899 1969 servare
1920 1914 2150 1969 fruendi!

768 2008 937 2075 Quem
967 2005 1205 2073 locuples
1246 2002 1428 2057 mundi
1455 2003 1685 2071 species,
1715 2012 1768 2057 ct
1809 2019 2016 2059 amoena
2058 2020 2151 2058 ve-

1856 2094 2081 2163 [nustas,

766 2190 831 2243 Et
868 2187 1045 2242 nitidis
1074 2185 1260 2240 fallens
1281 2182 1587 2280 cifcumllua
1617 2182 1771 2251 copia
1800 2183 1956 2237 rebus

594 1101 695 1153 523i

592 1829 695 1885 550

1687 352 1960 411 AURELII
1996 351 2362 411 PRUDENTII
2402 349 2731 409 CARMINA.

2185 1841 2231 1898 Β
2258 1824 2363 1881 545

2904 292 3005 302 ,ιο-νην

3688 350 3792 412 1οἏ

2429 462 2540 518 Non
2566 465 2724 533 capit,
2742 472 2800 517 ut
2818 474 3063 532 puerum,
3089 473 3186 517 nec
3204 462 3387 531 inepto
3405 463 3601 518 addicit
3621 470 3787 523 amori:

2262 552 2366 609 553
2436 555 2533 620 Qui
2568 556 2665 609 sub
2702 553 3011 608 adumbrata
3044 553 3327 607 dulcedine
3370 556 3526 609 triste
3565 571 3792 613 venenum

2440 643 2726 711 Deprendit
2749 642 2955 697 latitare
2976 642 3099 696 boni
3123 642 3394 697 mendacis
3414 655 3619 713 operto.

2436 735 2537 789 Sed
2556 734 2649 789 fuit
2674 735 2725 788 id
2746 733 3016 803 quondam
3041 732 3195 786 nobis
3217 744 3588 804 sanctumque,
3611 736 3793 792 bonum-

3621 830 3743 901 [que

2441 916 2703 985 Principio
2721 930 2917 980 rerum,
2935 914 3184 970 Christus
3207 929 3329 970 cum
3342 918 3605 972 conderet
3624 921 3791 975 orbem:

2443 1007 2603 1077 526
2624 1006 2759 1064 Vidit
2782 1007 2920 1060 enim
2951 1006 3113 1070 Deus,
3146 1020 3266 1061 esse
3291 1007 3490 1061 bonum
3517 1027 3529 1061 :
3562 1009 3691 1063 velut
3709 1013 3796 1079 ipse

3506 1100 3522 1169 [
3556 1100 3743 1170 Moyses

2443 1190 2737 1244 Historicus
2760 1188 2939 1243 mundi
2970 1191 3241 1243 nascentis
3274 1190 3613 1244 testiﬁcatur.

2442 1280 2605 1343 Vidit,
2655 1279 2748 1345 ait,
2792 1278 2950 1341 Deus,
3012 1292 3134 1332 esse
3182 1278 3419 1346 bonum,
3484 1280 3797 1349 quodcunque

3506 1368 3525 1440 [
3545 1375 3743 1424 creavit.

2438 1461 2546 1514 Hoc
2594 1474 2805 1529 sequar,
2844 1458 2946 1512 hoc
2975 1458 3152 1512 stabili
3191 1470 3509 1526 conceptum
3541 1471 3707 1515 mente
3733 1472 3793 1515 te-

3567 1552 3583 1621 [
3604 1551 3740 1612 Itebo,

2437 1640 2727 1707 lnspirante
2754 1638 2863 1691 Deo
2891 1638 3030 1707 quod
3064 1647 3282 1691 sanctus
3313 1640 3634 1693 vaticinator

2443 1728 2683 1785 Prodidit
2700 1728 2934 1798 antiquae
2955 1730 3197 1783 recolens
3219 1730 3509 1797 primordia
3534 1732 3683 1798 lucis,

2435 1822 2570 1877 Esse
2600 1823 2814 1886 bonum,
2843 1821 3097 1890 quidquid
3125 1823 3263 1876 Deus
3299 1833 3351 1876 et
3381 1825 3643 1892 sapientia
3681 1826 3796 1879 fecit.

2433 1917 2689 1972 Conditor
2737 1932 2868 1986 ergo
2913 1918 3034 1971 boni
3091 1917 3245 1971 Pater
3292 1926 3395 1981 est,
3439 1927 3646 1973 etcum
3674 1919 3799 1974 Patre

3451 2009 3469 2079 [
3490 2009 3741 2064 Christus.

2436 2103 2564 2156 Nam
2614 2102 2775 2167 Deus,
2831 2108 2987 2168 atque
3038 2100 3178 2153 Deus
3224 2099 3376 2153 Pater
3408 2110 3512 2165 est,
3560 2110 3616 2154 et
3658 2101 3795 2154 Filius

3556 2190 3571 2259 [
3593 2206 3747 2245 unus:

2262 1195 2366 1250 540

1878 2274 2158 2333 ϐιοδεᾱς
2202 2281 2533 2338 VETERES.

657 2395 776 2451 52L
831 2394 991 2455 Vivit,
1039 2396 1210 2461 [nctus
1256 2398 1347 2441 est.
1376 2418 1444 2461 -έ-
1480 2389 1755 2461 Medjcata,
1804 2391 2134 2461 pigmentata,

590 2466 810 2527 condita,
847 2464 922 2515 vel
952 2458 1121 2528 infusa
1162 2459 1447 2525 pigmentis.
1479 2489 1545 2498 —
1573 2458 1811 2523 Fcrcula,
1844 2458 2000 2525 cibos,
2031 2463 2067 2514 l.

657 2534 779 2590 522.
839 2530 1143 2592 Gancnnis,
1198 2528 1699 2597 luxuriosi:ganeo,
1758 2531 2043 2595 super/Inus
2092 2534 2143 2584 in

590 2608 720 2667 cibo,
748 2604 820 2655 vel
852 2613 992 2668 potu,
1017 2599 1282 2669 seuetiam
1312 2598 1362 2649 in
1391 2596 1633 2661 luxuria;
1664 2614 1938 2667 ganeoncm
1966 2602 2143 2669 appel-

588 2679 656 2729 lat
694 2667 993 2743 glut'onem,
1035 2667 1122 2743 sed
1157 2683 1316 2743 ganeo
1352 2680 1423 2719 est
1464 2669 1665 2743 proprie
1702 2684 1895 2743 caupo,
1935 2667 2143 2722 devora-

588 2736 909 2813 “hymno!
944 2738 1115 2813 amere
1142 2746 1185 2788 et
1216 2736 1405 2790 helluo.
1433 2766 1500 2775 —
1526 2737 1797 2801 inescent,
1828 2738 1986 2789 cibent
2009 2780 2021 2801 ,
2063 2756 2145 2792 sa-

588 2807 775 2876 turent,
802 2811 1004 2871 satient,
1036 2807 1073 2859 Ι.

654 2882 776 2935 525.
805 2881 1085 2939 Instructa,
1114 2884 1311 2941 parata.
1330 2877 1591 2947 -—Ducat,
1621 2878 1778 2945 glutto
1808 2877 2141 2947 prolonget,l.

658 2952 782 3005 527.
814 2949 1129 3015 luterprete,
1163 2947 1490 3011 discernente,
1525 2946 1563 2999 Ι.

656 3021 779 3075 529.
832 3018 1039 3079 Fulcro,
1086 3016 1396 3083 fulcimenlo,
1435 3018 1608 3069 lecto:
1654 3016 1869 3083 fulcrum
1914 3032 2147 3070 vocamus

585 3088 828 3158 quidquid
856 3095 1098 3158 sustentat
1128 3086 1345 3152 aliquid.
1385 3114 1453 3123 —
1475 3088 1825 3158 _Attcnuante,
1876 3102 1967 3153 pro
2014 3094 2147 3153 atte.

584 3155 758 3212 nuato.
792 3185 859 3195 —
890 3155 1142 3216 Polimus,
1178 3170 1437 3215 ornamus,
1475 3155 1511 3205 Ι.

656 3228 780 3281 550.
815 3223 1055 3286 Indultis,
1082 3223 1350 3287 concessis,
1379 3224 1415 3274 I.

2322 2401 2445 2455 554.
2482 2397 2712 2461 Addicit,
2745 2399 2972 2465 deputat,
3000 2397 3259 2466 subjugat,
3297 2395 3333 2447 Ι.

2320 2471 2444 2523 555.
2480 2468 2797 2533 Dulcedine,
2834 2468 3095 2529 suavitate,
3127 2467 3165 2518 Ι.

2318 2538 2440 2592 556.
2484 2538 2803 2605 l)eprendit,
2843 2538 3111 2604 comperit,
3141 2558 3208 2571 αι-
3241 2533 3399 2598 Boni,
3448 2535 3498 2586 in
3546 2536 3799 2589 divitiis.—

2252 2609 2473 2674 Operto,
2515 2608 2732 2672 occulto,
2762 2618 3015 2672 conperto,
3054 2606 3090 2658 I.

2320 2677 2439 2731 557.
2472 2679 2847 2743 Sanctumque,
2872 2676 2988 2742 quia
3007 2675 3497 2742 omniaquwcunque
3523 2675 3641 2741 fecit
3667 2674 3795 2733 Deus,

2250 2747 2379 2799 bona
2410 2756 2524 2800 sunt
2547 2748 2598 2799 in
2620 2762 2711 2799 sua
2738 2755 2959 2809 natura;
2991 2745 3075 2797 sed
3103 2745 3243 2796 nobis
3274 2743 3403 2796 male
3427 2744 3798 2797 utentibusnmfa

2256 2826 2394 2870 sunt.
2426 2817 2467 2870 l.

2326 2860 2591 2940 Hoc
2620 2899 2835 2952 sequor,
2866 2899 2955 2951 ego
2992 2882 3319 2946 Prudentius,
3356 2881 3395 2933 Ι.

2328 2956 2447 3010 544.
2486 2955 2765 3017 Βεεοιεηε,
2812 2969 3044 3008 narrans.
3094 2982 3159 2992 -
3193 2952 3510 3019 PrimOrdia,
3550 2954 3710 3006 initia.
3742 2980 3793 2992 -—

2257 3025 2435 3089 Lucis,
2469 3026 2723 3095 temporis,
2747 3023 2793 3095 l.
3039 3094 3045 3095 γ
3230 3094 3233 3095 ν
3252 3094 3255 3095 ν
3343 3028 3353 3041 ’

2326 3096 2451 3150 545.
2484 3093 2637 3157 Esse,
2685 3094 2871 3147 scilicet
2912 3094 3155 3158 recolens,
3205 3094 3395 3148 dicens.
3425 3125 3493 3134 —
3524 3093 3796 3163 Sapientia,

2261 3161 2433 3216 Filius
2465 3164 2579 3216 Dei.
2614 3164 2649 3216 Ι.
3134 3184 3135 3189 η

2314 3181 2433 3217 mus
2465 3181 2579 3230 uer,
2614 3181 2649 3217 ι.
3134 3184 3135 3189 η

1918 3312 2482 3373 COMMENTARIUS.

653 3427 777 3480 321.
812 3424 929 3477 Vat.
960 3424 1023 3486 A,
1054 3432 1161 3493 aut,
1208 3421 1364 3484 male,
1396 3434 1492 3487 pro
1524 3430 1609 3483 ut;
1647 3420 1844 3474 fercula
1892 3423 2142 3477 medicata
2168 3430 2214 3491 C
2246 3439 2501 3493 veterem,
2530 3437 2621 3481 aut
2642 3436 2818 3481 notam
2839 3440 2989 3481 suam
3006 3426 3221 3481 adducit
3246 3444 3258 3478 :
3287 3426 3422 3479 Dum
3441 3429 3576 3480 enim
3600 3429 3650 3480 in
3673 3428 3797 3479 lectis

584 3506 708 3551 sunt
736 3494 956 3547 nimium
982 3491 1208 3545 delicate
1236 3498 1510 3556 apparata.

656 3565 777 3620 522.
814 3563 1059 3615 lleiusius
1098 3574 1217 3612 cum
1249 3558 1391 3621 Put.,
1433 3558 1630 3623 Oxon.,
1676 3560 1821 3625 Rot.,
1868 3570 1924 3616 ct
1971 3564 2143 3617 tribu.

583 3637 766 3701 Torr.,
795 3641 1135 3701 vegetamque,
1178 3628 1545 3701 quodliabent
1576 3629 1865 3701 Ald.,_\’at.
1901 3634 1966 3693 A.
1988 3633 2138 3685 Alex.

584 3715 637 3761 et
667 3697 795 3760 Urb.
843 3697 896 3753 [ιι
936 3701 1072 3761 aliis,
1110 3707 1167 3749 ut
1207 3704 1257 3750 iu
1299 3697 1453 3756 Man,
1495 3697 1642 3761 Rtt.,
1686 3699 1873 3761 Weit.,
1923 3706 2140 3755 vetitam.

587 3774 853 3831 Giselinus
879 3770 1083 3822 dubitat
1109 3780 1281 3839 utrum
1307 3768 1488 3821 verius
1518 3785 1529 3817 :
1562 3784 1681 3821 nam
1715 3779 1993 3839 utrumque
2022 3772 2143 3825 huic

582 3846 701 3900 loco
742 3840 1005 3909 congruit.
1060 3839 1115 3891 ln
1162 3838 1315 3909 Frag.
1348 3846 1432 3889 est
1481 3841 1677 3909 recenti
1725 3856 1881 3894 manu
1912 3838 2139 3909 fetaque,

582 3914 789 3968 abrasis
822 3906 1106 3978 prioribus.
1162 3906 1215 3978 lu
1254 3908 1397 3978 Ηυξ.-
1425 3922 1520 3978 pro
1559 3906 1769 3961 diversa
1801 3906 2045 3964 lectione
2069 3912 2145 3963 lu-

585 3983 751 4036 beonis
775 3974 892 4033 cum
922 3979 1095 4045 glossa
1126 3977 1311 4044 gulosi.
1338 3974 1590 4045 Weitsius
1618 3978 1853 4033 scribere
1877 3994 2040 4033 ausus
2062 3991 2146 4032 est

582 4053 839 4110 intescent,
871 4043 990 4114 quia
1031 4047 1099 4097 ita
1130 4043 1340 4097 invenit
1384 4044 1434 4096 in
1490 4043 1706 4107 Widm.,
1734 4058 1788 4101 et
1812 4050 1977 4116 Boug.
2009 4050 2141 4115 Quid

586 4119 847 4183 ineptius?
880 4116 959 4167 An
987 4123 1199 4179 apertos
1222 4128 1428 4165 errores
1461 4116 1614 4183 unius
1643 4118 1722 4168 vel
1750 4117 1966 4171 alterius
1991 4119 2141 4172 codi-

584 4181 914 4241 cis'reddere
957 4190 1183 4247 oportet,
1237 4181 1585 4245 praetermissa
1618 4199 1741 4237 vera
1784 4186 2010 4239 aliorum
2056 4189 2135 4239 le-

584 4254 792 4308 ctione?
818 4252 871 4304 lu
905 4252 1078 4318 glossa
1115 4252 1282 4302 Isouis
1321 4251 1503 4316 glutto.
1539 4267 1733 4315 animo,
1766 4257 1947 4307 nescio
1972 4271 2037 4309 an
2069 4260 2140 4308 sit

584 4321 779 4391 aliquid
810 4320 948 4391 quod
989 4318 1053 4391 ad
1104 4318 1415 4391 vocabulum
1457 4319 1745 4383 Hispanum
1795 4324 2000 4376 hambre
2047 4340 2143 4391 pro

584 4386 723 4446 fame
751 4386 1145 4457 poSsit_relerri.
1180 4388 1362 4457 Ainliro
1387 4386 1667 4442 devorator
1688 4400 1770 4443 est
1795 4393 1844 4443 in
1870 4386 2141 4448 Glossa'rio

584 4455 895 4516 lsidoriano.
924 4455 1238 4525 Videetiam
1267 4455 1611 4523 Duetngium,
1644 4460 1730 4525 qui
1757 4462 1933 4525 plures
1961 4472 2141 4517 aucto-

582 4545 667 4586 res
690 4526 849 4583 medii
876 4525 977 4581 avi
1001 4524 1210 4591 allegat.

649 4599 773 4654 524.
812 4598 932 4661 llaac
960 4594 1135 4646 omnia
1164 4593 1389 4645 breviter
1413 4594 1721 4657 complexus
1750 4608 1832 4651 est
1862 4598 2141 4652 Tertullia-

581 4684 679 4725 nus
699 4669 793 4722 lib.
821 4665 889 4720 dc
919 4662 1268 4732 Spectaculis,
1294 4672 1409 4729 cap.
1430 4663 1492 4715 2:
1522 4662 1699 4732 Neque
1729 4670 1899 4719 oculos
1922 4669 1989 4718 ad
2019 4686 2139 4721 con-

576 4738 939 4805 cupiscentiam
967 4734 1291 4805 sumpsimus,
1316 4742 1360 4783 et
1403 4734 1629 4805 linguam
1657 4736 1723 4787 ad
1767 4737 2133 4804 maliloquium,

818 4783 1291 4876 vaditexcept'acul‘uni
1310 4783 1545 4876 maliloqu
1598 4783 1624 4864 ,Ἴ
1635 4783 1681 4855 et
2166 4783 2219 4843 D

574 4877 786 4935 crimen,
820 4883 863 4926 et
894 4880 1109 4925 ventrem
1141 4870 1207 4921 ad
1248 4874 1379 4939 gula:
1420 4870 1727 4940 societatem,
1771 4884 1814 4928 et
1844 4870 2033 4935 manus
2072 4879 2137 4928 ad

578 4948 697 5007 vim,
731 4955 776 4996 et
804 4958 1001 5013 gressus
1026 4940 1091 5013 ad
1129 4956 1302 5009 vagam
1326 4941 1496 4993 vitam.

646 5014 768 5066 525.
806 5009 987 5079 Prag.,
1030 5010 1150 5073 leve,
1193 5023 1286 5075 pro
1313 5012 1439 5079 lene.
1494 5009 1743 5065 Fortasse
1798 5027 1921 5066 vera
1972 5015 2131 5067 lectio

571 5082 659 5152 est
680 5084 826 5152 lteve,
857 5077 953 5133 seu
983 5081 1085 5131 leve
1110 5093 1204 5146 pro
1226 5077 1392 5145 polito
1410 5088 1462 5132 et
1484 5080 1684 5133 lubrico
1712 5100 1722 5134 ε
1750 5098 1867 5135 nam
1897 5085 2133 5152 sequitur

564 5147 689 5214 quid
718 5150 946 5202 horrens.

644 5218 769 5271 527.
804 5217 921 5270 Ald.
960 5223 1015 5269 et
1066 5216 1253 5283 Bong.,
1286 5225 1529 5271 attactum
1566 5218 1645 5272 vel
1676 5222 1741 5272 ad
1779 5230 1986 5274 tactum.
2019 5222 2130 5277 Me-

573 5287 675 5340 ltus
702 5286 808 5349 alii,
842 5293 1055 5339 attactu.

646 5355 771 5411 528.
803 5354 1023 5431 Siclrlet
1045 5354 1208 5431 _Bon_g.
1241 5370 1455 5431 a‘tnauu
1489 5359 1690 5431 prima,
1719 5362 2005 5431 palmarum
2031 5378 2126 5431 pro

575 5425 882 5496 plumarum.
927 5423 1001 5496 De
1045 5423 1197 5496 lectis
1240 5426 1465 5491 plumeis
1492 5423 1759 5496 Apuleius
1787 5430 1877 5483 lib.
1910 5447 1941 5484 κ
1969 5423 2133 5485 Méta-

573 5493 784 5563 morph.
800 5492 950 5559 Quod
974 5502 1149 5563 autem
1182 5494 1315 5547 linea
1342 5505 1477 5548 texta
1507 5492 1789 5554 in'deliciis
1814 5500 2131 5555 Prudentius

574 5562 834 5636 numerat,
861 5562 1035 5636 arguit
1082 5578 1234 5616 usum
1278 5565 1370 5618 lini
1405 5582 1508 5619 non
1538 5567 1699 5620 fuisse
1740 5569 1875 5636 apud
1926 5579 2127 5625 veteres

572 5629 839 5684 Romanos
869 5629 1018 5683 valde
1046 5645 1396 5687 communem.

641 5698 763 5751 529.
792 5699 976 5763 Aldus,
1006 5701 1276 5768 mendose,
1308 5711 1434 5756 cute.
1461 5703 1749 5771 Mariettus,
1776 5718 1863 5761 aut
1893 5710 2126 5776 glossam

2252 3514 2527 3563 versamur,
2560 3499 2686 3551 cutis
2716 3505 3007 3549 attenuatur
3028 3508 3075 3549 et
3104 3498 3313 3561 politur.

2318 3568 2441 3622 550.
2477 3567 2705 3622 lmiutio
2736 3565 2987 3635 Virgilii}
3024 3563 3177 3619 Felix
3197 3568 3284 3635 qui
3321 3567 3481 3632 potuit
3528 3581 3693 3619 rerum
3721 3582 3791 3617 co.

2248 3654 2487 3704 gnoscere
2513 3652 2715 3700 causas,
2746 3635 2837 3694 lib.
2865 3649 2901 3689 Il
2929 3634 3121 3702 Georg.
3157 3634 3295 3689 vers.
3326 3635 3451 3689 490.

2319 3705 2438 3759 55l.
2474 3708 2649 3775 l’rag.,
2680 3720 2795 3775 non
2815 3704 2968 3767 bene,
3000 3714 3319 3773 partumque.

2318 3776 2441 3830 554.
2469 3773 2700 3837 Thu‘an..
2729 3773 2946 3840 Weitz.,
2970 3791 3141 3827 amore
3160 3791 3176 3826 :
3206 3790 3311 3829 non
3344 3774 3535 3840 placet.

2322 3845 2445 3900 555.
2479 3845 2657 3913 Egm.,
2691 3845 2828 3908 PaL,
2851 3844 3167 3898 obumbrata.
3201 3844 3256 3897 In
3285 3843 3486 3907 VaLA,
3513 3845 3624 3909 quis
3645 3845 3797 3898 obum-

2248 3917 2413 3977 brata,
2445 3930 2565 3969 cum
2593 3916 2769 3982 glossa
2788 3929 2871 3977 oe,
2901 3929 2999 3980 pro
3022 3914 3110 3965 ad.
3698 3936 3703 3945 ·

2318 3984 2442 4040 556.
2471 3984 2619 4050 Ald.,
2651 3993 2841 4052 operta.
2889 3983 3040 4049 Apud
3066 3982 3346 4037 Weitzium
3386 3984 3453 4038 Il.
3490 3982 3641 4053 Berg.
3682 3982 3795 4052 legit

2251 4065 2425 4109 onertu
2441 4097 2452 4107 .

2488 4124 2546 4176 In
2585 4122 2814 4177 editione
2856 4122 3151 4186 Parmensi,
3188 4133 3451 4189 sanctum,
3503 4124 3791 4188 bonumque,

2246 4205 2426 4248 contra
2451 4194 2605 4247 metri
2639 4193 2867 4261 regulas.

2242 4328 2247 4333 ε
2317 4263 2439 4317 558.
2464 4261 2871 4333 VideAGenicap.
2887 4278 2923 4315 ι.
2954 4261 3195 4333 Christus
3210 4276 3302 4328 per
3322 4262 3604 4333 prolepsin,
3625 4269 3680 4312 ut
3702 4274 3797 4313 sm-

2249 4348 2313 4400 pe
2325 4333 2479 4391 alias.
2495 4331 2872 4386 scilicetFilius
2896 4332 3007 4397 Dei,
3030 4346 3123 4400 per
3147 4346 3303 4399 quem
3320 4333 3497 4385 ontrria
3522 4331 3645 4385 facta
3658 4340 3793 4400 sunt.

2316 4401 2437 4455 540.
2472 4401 2587 4453 Vat.
2622 4403 2686 4464 A,
2718 4400 2898 4467 Prag.,
2929 4398 3070 4465 liatl,
3093 4398 3243 4467 Urb,
3276 4401 3491 4459 Weitz..
3519 4400 3659 4461 Rot.,
3690 4398 3796 4454 Gis.

2246 4480 2299 4523 et
2328 4470 2438 4533 alii,
2463 4471 2783 4535 testiﬁcatur,
2802 4485 2908 4539 quo
2933 4480 3137 4536 Spectat
3156 4470 3793 4537 Mar.,testi/icatar.Alex.

2244 4540 2655 4661 crumlplerisquc
2688 4540 3007 4607 Heinsianis,
3034 4540 3331 4607 testiﬁcatus
3349 4557 3368 4605 ;
3404 4542 3454 4595 id
3485 4549 3697 4596 secutus
3725 4547 3798 4593 est

2290 4624 2355 4661 eo
2382 4623 2479 4661 tus.

2290 4623 2479 4674 conus.

2314 4678 2438 4734 542.
2483 4678 2666 4739 Weit.,
2697 4695 2876 4743 sequor
2906 4692 2999 4745 pro
3024 4695 3221 4747 sequar.

2313 4749 2437 4802 547.
2464 4748 2660 4801 Widm.
2692 4758 2747 4801 et
2777 4749 2905 4801 Mar.
2943 4764 2970 4798 τι
3021 4749 3250 4803 secunda
3275 4762 3454 4811 manu,
3486 4765 3614 4801 unus
3636 4764 3653 4809 ,'
3679 4747 3762 4801 alii
3785 4788 3797 4807 ,

2247 4834 2423 4879 unum,
2447 4828 2500 4871 et
2526 4818 2852 4883 distinguunt
2882 4818 3034 4869 Pater
3074 4828 3165 4871 (εει.
3206 4817 3492 4881 Giselinus,
3534 4817 3680 4880 Vide,
3711 4820 3797 4877 ait,

2246 4886 2463 4937 hominis
2492 4888 2802 4955 religionem.
2842 4888 3168 4955 Singulurem
3208 4904 3472 4939 numerum
3503 4888 3575 4941 bis
3593 4897 3800 4956 repetere

2246 4956 2435 5026 maluit
2453 4972 2603 5023 quam
2626 4972 2872 5023 usurpare
2902 4958 3176 5024 pluralem,
3204 4968 3254 5008 ut
3282 4972 3435 5024 quam
3462 4958 3749 5026 longissime
3774 4972 3802 5006 a

2224 5025 2511 5090 gentilibus
2535 5026 2803 5079 recederet.
2856 5025 3019 5090 Quam
3061 5042 3212 5092 prope
3251 5027 3404 5092 igitur
3432 5026 3495 5078 ab
3542 5028 3641 5079 illis
3692 5042 3798 5079 eum

2242 5095 2410 5147 abesse
2446 5096 2725 5158 eristimas,
2749 5096 2837 5161 qui
2867 5110 3027 5159 nuper
3056 5112 3085 5146 α
3124 5096 3279 5147 tribus
3304 5096 3401 5148 diis
3440 5111 3680 5161 superum
3714 5094 3799 5145 du-

2240 5164 2377 5216 cibus
2396 5164 2606 5217 donatos
2632 5164 2827 5219 libellos
2858 5166 3016 5217 tribus
3054 5165 3151 5216 dtis
3184 5163 3443 5217 hominum
3485 5165 3693 5217 ducibus
3722 5162 3801 5215 ob-

2242 5234 2395 5285 tulit?
2423 5234 2529 5287 Hoc
2553 5234 2601 5285 in
2616 5248 2809 5301 genere
2831 5233 3231 5301 Lipsius,Cent.
3263 5236 3416 5288 misc.
3442 5250 3503 5297 tt,
3528 5235 3685 5301 epist.
3718 5233 3795 5289 Π.

2241 5304 2292 5356 in
2322 5304 2517 5357 Bembo
2547 5304 2733 5356 irridet
2761 5304 3023 5372 persuasio
3050 5316 3145 5370 pro
3171 5302 3298 5368 ﬁdes
3322 5319 3338 5356 :
3369 5321 3501 5370 aqua
3522 5315 3565 5356 et
3596 5304 3701 5371 igni
3729 5301 3801 5353 in-

2239 5374 2466 5424 terdictio
2497 5388 2589 5440 pro
2615 5373 3097 5425 excommunicatio:
3117 5374 3237 5424 deos
3271 5388 3479 5439 superos
3497 5415 3509 5437 ,
3545 5384 3800 5440 manesque

2236 5443 2311 5494 illi
2345 5438 2548 5509 placare
2578 5458 2675 5509 pro
2721 5452 2924 5511 peccata
2972 5444 3215 5495 morituro
3261 5438 3537 5503 remittere,
3586 5438 3798 5511 etquod

2235 5508 2463 5565 Senatus
2495 5508 2729 5566 Venetus
2754 5513 2819 5566 ad
2850 5511 3048 5565 Julium
3080 5512 3383 5579 pontiﬁcem
3415 5511 3710 5580 scripserit,
3735 5508 3801 5561 uti

2234 5582 2358 5701 ﬁat
2392 5582 2487 5660 diis
2508 5582 2904 5647 immortalibus,
2930 5597 3146 5650 quorum
3184 5583 3340 5635 vicem
3384 5582 3512 5648 gerit
3550 5581 3597 5633 in
3635 5587 3795 5631 term.

2302 5665 2343 5701 ta
2377 5658 2581 5701 ormtto.

2233 5651 2343 5704 Alia
2377 5651 2581 5704 omitto.
