3950 6326
536 351 670 411 roso
914 344 1043 393 «sed

534 464 636 523 575
707 460 848 517 Mille
869 459 968 514 alia
992 457 1168 513 stolidi
1210 456 1519 514 bacchantia
1541 457 1727 527 gaudia
1766 461 1947 513 mundi

528 546 529 549 “
712 554 1035 609 Percensere
1082 550 1225 618 piget
1250 567 1261 600 :
1286 564 1403 617 quae
1445 549 1552 601 veri
1582 550 1744 604 oblita
1775 551 2030 606 Tonantis

715 645 1012 697 Humanum
1040 640 1251 694 miseris
1280 638 1497 693 volvunt
1516 640 1785 695 erroribus
1811 657 2001 696 aevum.

710 734 878 788 Nemo
908 731 1144 785 animum
1178 729 1370 784 summi
1408 743 1699 784 memorem
1738 732 1996 799 genitoris
2044 731 2099 787 in

1828 823 2029 894 [altum

708 915 939 982 Excitat,
969 912 1035 967 ad
1056 913 1248 968 caelum
1271 912 1432 965 mittit
1455 910 1685 980 suspiria
1710 926 1867 966 nemo
1890 930 1903 965 :

710 1008 870 1079 529
890 1007 996 1060 Nec
1016 1005 1259 1060 recolens
1274 1003 1475 1074 apicem
1494 1003 1610 1056 solii
1634 1004 1825 1057 natalis
1840 1006 1903 1058 ad
1930 1006 2101 1074 ipsum

716 1098 946 1166 Respicit
966 1095 1263 1161 auctorem‘,
1288 1110 1385 1149 nec
1411 1109 1561 1163 spem
1584 1109 1744 1163 super
1762 1109 1885 1149 aera
1911 1096 2097 1149 librat:

714 1187 820 1242 Sed
851 1195 1080 1240 mentem
1104 1184 1335 1255 gravidis
1355 1191 1659 1238 contentam
1688 1193 1913 1239 stertere
1937 1186 2098 1255 curis,

712 1276 931 1345 lndigno
961 1275 1140 1329 subdit
1178 1274 1415 1339 domino,
1451 1274 1790 1343 perituraque
1830 1288 2029 1343 pronus

722 1367 920 1435 Diligit,
945 1374 999 1419 et
1028 1379 1197 1418 curvo
1225 1364 1419 1432 quaerit
1446 1364 1716 1417 terrestria
1744 1379 1923 1417 sensu.

712 1456 825 1510 Hoc
873 1454 1169 1524 pulchrum,
1213 1454 1355 1523 quod
1394 1462 1532 1508 terra
1564 1453 1729 1521 parit,
1762 1454 1902 1521 quod
1937 1456 2100 1522 gloria

1594 1554 1605 1559 '
1807 1544 2034 1616 [confert

712 1639 961 1705 Lubrica,
981 1637 1320 1693 commendat
1342 1636 1485 1707 quod
1510 1629 1806 1705 perniciosa
1835 1638 2099 1707 voluptas,

708 1731 880 1798 Quod,
911 1730 1057 1785 velut
1076 1729 1283 1783 excitus
1306 1727 1511 1781 difﬂato
1541 1728 1759 1796 pulvere
1781 1736 1993 1791 ventus,

539 1456 642 1519 585

707 1822 997 1891 Praeterit,
1044 1820 1289 1890 exemplo
1364 1819 1538 1874 tenuis
1603 1820 1743 1888 quod
1811 1819 2098 1874 transvolat
2129 1834 2176 1895 Β

1779 1910 2028 1982 {umbra}.

1632 346 1902 403 AURELII
1940 348 2301 405 PRUDENTII
2339 350 2658 404 CARMINA.

2120 476 2171 530 Α

3630 354 3756 411 10ιο

2374 464 2464 517 llis
2486 477 2654 531 :egras
2684 461 2886 517 animas
2917 462 3218 517 morborum
3252 464 3492 532 pestibus
3519 480 3670 537 urget

2204 551 2310 606 590
2385 552 2572 605 Praedo
2595 561 2815 620 potens:
2843 550 3014 604 tacitis
3035 567 3189 620 quem
3211 553 3415 608 viribus
3456 557 3755 614 interfusum

2380 643 2553 698 Corda
2580 642 2767 697 bibunt
2810 642 3107 695 hominum.
3159 643 3299 697 Serit
3332 644 3419 698 ille
3463 649 3758 705 medullitus

3494 736 3696 807 [omnes

2385 829 2678 900 Nequitias,
2721 826 3023 898 spargitque
3063 842 3189 882 suos
3219 842 3311 897 per
3346 832 3587 885 membra
3614 835 3755 888 mini.

3516 922 3692 991 [stros.

2347 1012 2589 1082 Namque
2620 1011 2725 1065 illic
2758 1025 3035 1065 numerosa
3057 1009 3253 1064 cohors
3284 1012 3382 1064 sub
3414 1014 3652 1083 principe
3681 1017 3760 1069 tali

2345 1102 2555 1165 Militat,
2587 1100 2974 1169 horrendisque
3000 1100 3204 1152 animas
3222 1101 3567 1156 circumsidet
3589 1106 3758 1167 armis;

2379 1191 2537 1261 530
2564 1192 2666 1253 Ira,
2693 1189 3019 1257 superstitio,
3044 1204 3261 1258 maeror,
3277 1191 3569 1258 discordia,
3587 1194 3755 1261 lusus,

2379 1280 2665 1349 Sanguinis
2695 1289 2808 1334 atra
2839 1280 2975 1341 sitis.
3011 1278 3119 1332 vini
3148 1280 3285 1343 sitis,
3315 1292 3367 1333 et
3394 1282 3511 1336 sitis
3542 1287 3674 1347 auri,

2378 1372 2551 1436 Livor,
2588 1372 2925 1435 adulterium,
2973 1370 3145 1435 dolus,
3170 1370 3487 1426 obtrectatio
3508 1415 3523 1436 ,
3555 1373 3762 1438 furtum,

2383 1462 2637 1516 informes
2659 1464 2881 1516 horrent
2909 1460 3091 1527 iacies,
3125 1463 3409 1530 habituque
3440 1464 3704 1529 minaces;

2376 1554 2606 1607 Ambitio
2627 1561 2843 1608 ventosa
2874 1561 3072 1615 tumet;
3107 1551 3344 1605 doctrina
3372 1554 3646 1621 superbit;

2201 1643 2306 1699 400
2379 1643 2635 1698 Personat
2675 1642 2980 1709 eloquium;
3018 1640 3183 1694 nodos
3215 1640 3359 1694 l‘raus
3384 1641 3563 1695 abdita
3592 1643 3764 1697 nectit.

2383 1732 2509 1786 Inde
2537 1732 2724 1786 canina
2752 1731 2867 1784 loro
2898 1731 3057 1783 latrat
3083 1729 3329 1783 facundia
3360 1739 3490 1783 toto.

2380 1821 2513 1875 llinc
2549 1822 2685 1891 gerit
2712 1820 3019 1874 Herculeam
3049 1820 3166 1873 vilis
3194 1819 3456 1888 sapientia
3488 1822 3715 1887 clavam,

2382 1913 2731 1981 Ostentatque
2750 1924 2877 1965 suos
2900 1910 3109 1964 vicatim
3128 1911 3616 1980 gymnosOphistas.

2203 1190 2305 1247 595

1829 2000 2114 2056 61λοεὲᾹὶ
2157 2002 2490 2057 VETERES.

606 2102 727 2157 375.
755 2097 967 2161 Stolidi,
1007 2094 1171 2148 stulti.
1204 2121 1270 2131 --
1298 2089 1642 2161 Bacchantia,
1667 2091 1997 2155 insanientia,
2031 2091 2075 2147 l.

607 2173 727 2227 376.
759 2171 1096 2227 Percensere,
1130 2176 1447 2228 enumerare,
1470 2160 1577 2214 lso.

606 2242 729 2295 578.
763 2239 965 2296 Altum,
988 2234 1187 2295 cretum,
1213 2231 1250 2283 Ι.

508 2363 510 2371 ν
605 2309 729 2361 579.
757 2305 984 2363 Ettritzit,
1017 2303 1191 2361 elevat,
1218 2300 1257 2351 l.

603 2378 726 2432 581.
754 2377 912 2433 Aera,
941 2371 1005 2422 ad
1034 2370 1342 2422 rwlestia.—
1378 2365 1578 2427 Librat,
1612 2365 1772 2433 ponit,
1791 2368 2039 2434 provehit,
2060 2367 2102 2421 Ι.

603 2446 730 2501 582.
750 2442 1086 2501 Contentum,
1117 2439 1462 2505 sufﬁcientem.
1500 2463 1563 2474 —
1586 2435 1845 2497 Stertere,
1875 2438 2100 2505 requies-

534 2532 667 2579 cere,
683 2512 922 2573 dormire,
948 2510 999 2561 id
1030 2517 1123 2571 est,
1148 2521 1365 2559 runcare
1390 2520 1529 2558 mens
1542 2505 1740 2579 dicitur
1759 2508 2103 2579 cumterrenis

533 2574 869 2641 succumbitur
894 2580 1047 2639 curis,
1095 2592 1183 2629 nec
1208 2593 1260 2629 se
1287 2586 1450 2626 meme
1483 2576 1550 2625 ad
1573 2589 1792 2641 superna
1817 2574 1923 2628 ullo
1953 2576 2102 2629 modo

535 2657 640 2709 uult
670 2652 813 2722 erigi,
848 2650 886 2702 l.
913 2648 1165 2722 Buncare,
1195 2646 1319 2722 Vat.
1354 2642 1418 2696 T.

607 2712 1043 2783 585."Domino,
1099 2715 1320 2770 diabolo.
1368 2740 1437 2751 ——
1499 2712 1868 2782 Perituraque,
1946 2714 2100 2784 hujus

540 2794 741 2857 mundi,
771 2791 812 2844 1.

607 2851 739 2919 581.
763 2861 958 2922 Curvo,
987 2872 1162 2925 pravo,
1195 2869 1394 2916 averso,
1424 2851 1464 2925 ι.

605 2933 729 2989 586.
760 2920 1005 2991 Lubrica,
1043 2926 1315 2986 instabilis.
1347 2952 1414 2961 —
1442 2920 1816 2986 Commendat,
1847 2923 2095 2976 concedit.

540 3033 603 3046 --
635 3000 958 3061 Perniciosa,
984 2996 1283 3065 periculosa,
1315 2996 1353 3046 Ι.

604 3070 911 3129 587.Velut,
946 3060 1152 3119 scilicet
1198 3071 1341 3132 putat
1388 3060 1679 3129 pulchrum.
1730 3088 1800 3101 -
1857 3060 2097 3127 Escitus,

535 3149 833 3201 commotus,
862 3136 1024 3199 velox,
1059 3136 1098 3187 Ι.

516 3260 517 3263 η
604 3212 730 3265 588.
756 3198 1038 3272 Esemplo,
1081 3200 1436 3266 similitudine,
1479 3199 1732 3253 similiter.
1795 3229 1863 3239 —-
1900 3198 2098 3253 Trans-

538 3282 700 3342 volat,
726 3276 964 3345 praeterit,
994 3273 1032 3325 l.

607 3336 738 3401 589:
765 3336 1026 3407 Pestibus,
1068 3338 1355 3409 generibus,
1402 3336 1877 3406 perturbationibus.
1902 3366 1971 3379 —-
1997 3338 2098 3393 Ur-

536 3427 642 3487 get,
674 3420 961 3487 commovet,
998 3413 1035 3487 Ι.

605 3476 729 3540 390.
764 3476 967 3545 l‘rurdo,
997 3478 1249 3542 diabolus,
1274 3476 1312 3528 l.

608 3555 729 3608 59l.
763 3553 973 3613 Bibunt,
1014 3548 1302 3615 concipiunt
1344 3546 1572 3608 interius,
1615 3545 1748 3597 intra
1788 3546 2088 3613 praecordia.

535 3654 604 3667 -—
630 3623 951 3683 Medullitus,
996 3618 1050 3671 in
1089 3615 1413 3669 interioribus
1440 3617 1644 3679 animm,
1694 3616 1829 3668 circa
1874 3631 2093 3684 priecor-

530 3696 729 3820 .dui’i’9lé.
760 3760 1048 3821 M‘inistros,
1073 3757 1288 3821 morbos,
1318 3755 1394 3808 rel
1421 3756 1562 3821 vitia,
1591 3755 1630 3807 l.

2279 2093 2401 2149 595.
2434 2093 2565 2155 lllic,
2597 2094 2648 2145 in
2678 2090 2934 2163 medullis,
2964 2091 3047 2163 pel
3076 2092 3326 2163 membris.
3354 2121 3424 2131 —
3457 2092 3765 2163 Numerosa,

2207 2162 2493 2231 multiplex.
2516 2191 2585 2231 έ-
2614 2163 2841 2227 Cohors,
2870 2160 3207 2228 diabolorum,
3232 2162 3488 2217 vitiorum.
3526 2192 3591 2203 —-
3619 2160 3768 2218 Prin-

2206 2236 2344 2300 cipe,
2377 2230 2598 2297 diabolo,
2626 2232 2662 2285 l.

2277 2303 2401 2356 594.
2430 2299 2801 2365 (Iircumsidet,
2830 2298 2923 2352 illa
2952 2300 3153 2363 cohors,
3187 2300 3221 2353 l.

2277 2373 2403 2433 595,
2432 2370 2770 2435 Superstitio,
2810 2385 2939 2421 vana
2984 2370 3184 2437 religio,
3214 2371 3494 2439 gentilitas.
3529 2402 3597 2411 -—
3626 2374 3767 2428 ,Μαξ-

2206 2454 2318 2501 ror,
2340 2442 2565 2511 tristitia.
2581 2468 2650 2479 ——
2670 2439 2866 2511 Lurius,
2892 2440 3118 2511 latentia,
3136 2440 3212 2511 uel
3236 2442 3418 2492 ventris
3444 2442 3712 2511 ingluvies,
3734 2444 3766 2495 l.

2275 2511 2400 2563 596.
2433 2508 2582 2573 Sitis,
2621 2509 2897 2577 cupiditas;
2945 2508 3300 2562 homicidium.
3346 2540 3415 2548 —
3472 2508 3592 2563 Vini
3635 2517 3767 2575 sitis,

2204 2580 2417 2633 ebrietas
2442 2608 2510 2618 ——-
2537 2580 2664 2631 Sitis
2691 2579 2830 2641 auri,
2860 2578 3097 2648 avaritia,
3126 2581 3558 2648 concupiscentia,
3595 2582 3632 2632 Ι.

2275 2649 2398 2721 597.
2434 2649 2612 2721 Livor,
2630 2647 2845 2721 inuidia.
2869 2675 2938 2721 -_-
2962 2646 3315 2721 Adultcrium,
3349 2650 3496 2716 fraus
3522 2652 3771 2721 conjugii.

2202 2748 2271 2759 -—
2296 2718 2647 2784 Obtrectatio,
2679 2716 2948 2779 detractio,
2986 2719 3025 2769 Ι.

2275 2788 2399 2842 598.
2432 2789 2681 2851 Horrent,
2706 2786 2957 2859 horrende
2980 2794 3228 2859 apparent
3238 2815 3325 2840 .—
3348 2787 3554 2854 Facies,
3589 2806 3766 2859 supra.

2203 2858 2352 2911 dicta:
2381 2859 2653 2928 imagines,
2682 2857 2757 2910 vel
2777 2857 2990 2928 species,
3017 2856 3057 2909 l.

2272 2928 2395 3009 599.
2427 2926 2694 3051 IAmbitio,
2735 2926 3178 2995 concupiscentia;
3219 2927 3454 2997 superbia
3494 2944 3649 2994 vana,
3693 2931 3761 2982 vel

2272 3014 2396 3051 tum.
2454 3037 2467 3051 .

2205 3014 2396 3059 manis,
2427 3014 2467 3051 Ι.

2270 3068 2395 3121 £00.
2430 3068 2685 3121 Personat
2708 3065 2997 3135 eloquium,
3025 3068 3245 3128 intonat,
3266 3066 3369 3119 alte
3394 3067 3645 3135 toquitur,
3676 3069 3714 3119 Ι.

2264 3138 2393 3190 s01.
2424 3136 2647 3199 C-tnina,
2672 3152 2703 3187 a
2732 3138 2941 3188 canibus
2964 3136 3120 3198 dicta,
3154 3136 3195 3188 l.

2271 3206 2395 3260 402.
2421 3205 2574 3266 Vilis,
2604 3203 2886 3262 stecularis.
2906 3234 2975 3247 -—
2998 3204 3237 3270 Clavam,
3260 3205 3470 3258 baculus
3506 3206 3762 3269 Herculis.

2199 3292 2297 3340 quo
2325 3291 2494 3329 omnes
2534 3274 2779 3339 vincebat;
2808 3276 2927 3328 inde
2973 3278 3169 3327 clavam
3207 3274 3434 3341 appellat
3477 3277 3765 3330 dialecticos

2199 3346 2538 3467 ﬁllOgilsmoi,
2569 3344 2749 3413 quibus
2781 3360 2833 3396 se
2880 3346 3073 3398 vincere
3112 3353 3290 3414 putant
3326 3345 3536 3414 ubique;
3590 3350 3764 3415 fustem

2259 3430 2372 3467 ercu
2397 3430 2459 3467 is.
2525 3454 2537 3466 .

2259 3415 2459 3477 erculis,
2500 3415 2537 3466 I.

2269 3485 2393 3539 405.
2432 3483 2679 3547 Vicatim,
2724 3499 2809 3552 per
2849 3484 3071 3553 singulos
3100 3484 3253 3537 vicos.
3283 3513 3349 3522 —
3376 3483 3765 3553 Gymnosophi-

2202 3564 2332 3617 stas,
2362 3553 2709 3625 philosOphos,
2735 3554 2822 3620 qui
2851 3556 2982 3625 nudi
2997 3555 3352 3625 disputabant;
3382 3555 3551 3607 nudas
3574 3556 3765 3625 sapien-

2202 3634 2304 3686 tes;
2353 3623 2779 3693 gymnosophistae
2802 3623 3143 3693 perhibentur
3177 3623 3304 3676 nudi
3337 3623 3693 3693 philosophari
3719 3626 3765 3677 in

2201 3690 2555 3745 solitudinibus
2582 3693 2633 3744 in
2664 3692 2765 3757 die,
2800 3690 2911 3746 lso.'

1863 3842 2393 3900 COMMENTARIUS

603 3948 730 4003 578.
757 3945 980 4013 Egregie
1000 3942 1195 4013 dictum
1220 3938 1383 3992 Nemo
1405 3940 1647 4013 animum,
1667 3947 1770 3993 etc.
1784 3979 1797 4002 ,
1816 3948 2093 4013 postquam

535 4018 739 4071 scilicet
770 4010 949 4067 inanes
1002 4011 1276 4063 hominum
1303 4010 1677 4077 occupationes
1721 4020 1773 4062 et
1799 4011 2093 4076 perniciosa

533 4085 705 4141 studia
735 4091 1090 4137 recensuerat.

608 4154 729 4207 582.
763 4151 908 4213 Ald.,
941 4149 1093 4215 l’rag.
1126 4159 1178 4202 et
1201 4145 1437 4200 nonnulli
1468 4146 1621 4214 Vulg.
1655 4160 1773 4200 cum
1804 4147 1939 4213 PaL,
1966 4164 2092 4201 con-

535 4232 726 4277 tentam
745 4231 980 4272 sternere.
1005 4217 1199 4283 Optimi
1221 4225 1503 4267 contentam
1521 4225 1745 4268 stertere.
1772 4217 1935 4285 Bong.
1948 4258 1959 4278 ,
1977 4234 2095 4269 con-

539 4301 702 4346 tentus
730 4304 824 4358 pro
853 4295 1156 4358 contentam,
1187 4292 1463 4358 exsulque
1488 4292 1751 4358 contentus
1783 4286 1832 4358 in
1861 4287 2094 4358 nonnng

537 4362 605 4415 lis
632 4353 808 4425 Vulg,
836 4356 930 4409 sed
962 4370 1064 4425 non
1094 4355 1145 4407 in
1174 4353 1327 4415 Aldu,
1369 4354 1656 4425 ut_putavit
1684 4353 1961 4425 Weitzius,
1995 4356 2095 4409 nisi

534 4422 921 4496 duplex'luerit
947 4424 1065 4496 Aldi
1097 4424 1276 4496 editio,
1310 4422 1448 4496 quod
1474 4437 1584 4496 non
1605 4424 1788 4476 credo.

611 4492 734 4554 584.
780 4500 853 4550 [εκ
883 4494 1063 4547 Persio
1087 4502 1186 4546 sat.
1212 4493 1265 4545 9..
1302 4492 1345 4543 0
1373 4507 1538 4544 curva:
1569 4494 1619 4544 in
1647 4502 1808 4544 terras
1841 4493 2024 4545 animae
2053 4503 2101 4546 et

538 4572 817 4625 caelestium
843 4567 1037 4618 inanes.

609 4640 733 4695 585.
779 4634 997 4697 Wtdm.,
1040 4632 1196 4699 perit;
1236 4646 1414 4699 supra,
1443 4633 1575 4701 parit
1624 4640 1676 4684 et
1705 4632 1862 4699 capit.
1910 4631 2098 4701 Bong.,

538 4713 698 4779 capit.
730 4706 943 4779 Cmteri,
974 4702 1129 4771 parit,
1160 4701 1297 4779 quod
1328 4716 1507 4779 verum
1538 4710 1638 4755 est.

606 4771 730 4833 590.
767 4774 1013 4829 Diabolus
1053 4775 1230 4839 prardo
1272 4779 1324 4823 ct
1364 4772 1496 4823 latro
1535 4785 1678 4839 saepe
1725 4771 1792 4824 ab
1836 4772 2091 4826 ecclesia-

537 4848 684 4900 s'tiris
705 4843 1053 4911 scriptoribus
1076 4842 1283 4893 dicitur.
1310 4842 1363 4893 In
1384 4840 1532 4908 praef.
1556 4840 1590 4891 ‘2
1612 4842 1805 4909 Apoth.
1836 4857 1976 4896 vers.
1993 4841 2086 4907 45,

538 4931 587 4969 et
616 4922 663 4968 in
698 4914 889 4981 Apoth.
923 4927 1065 4965 vers.
1091 4912 1217 4975 408,
1252 4912 1336 4978 fur
1365 4914 1502 4981 idem
1536 4923 1769 4963 vocatur.
1796 4926 1802 4932 ί

606 4979 890 5038 394.]lar.
924 4996 951 5032 a
997 4982 1162 5048 prima
1205 4995 1383 5042 tuanu,
1411 4979 1708 5041 horrendas,
1744 4980 1896 5033 male.
1930 4980 2077 5044 Ald.,

535 5054 881 5115 circumsedit;
912 5047 1130 5113 Weilz.,
1164 5050 1277 5101 Vat.
1306 5051 1370 5112 A,
1404 5051 1749 5101 circumsedet.
1782 5049 2086 5117 Legendum

532 5138 651 5175 cum
684 5123 801 5174 aliis
831 5121 1167 5173 circumsidet.

608 5190 730 5245 595.
759 5192 924 5255 Epist.
960 5190 1018 5239 Β.
1056 5189 1196 5240 l’auli
1226 5187 1290 5239 ad
1317 5186 1551 5252 Galatas,
1587 5202 1641 5251 v,
1673 5187 1737 5242 19
1764 5204 1777 5239 :
1814 5187 2090 5256 Manifesta

531 5271 697 5313 autent
722 5269 837 5311 sunt
862 5274 1014 5323 opera
1047 5258 1234 5319 carnis,
1264 5271 1375 5323 qua:
1401 5265 1513 5307 sunt
1541 5257 1810 5325 fornicatio
1829 5298 1843 5321 ,
1868 5259 2088 5311 immun-

531 5330 678 5397 ditia,
707 5329 1048 5397 impudicitia,
1099 5328 1323 5397 luxuria,
1376 5325 1629 5397 idolorum
1660 5327 1890 5389 servitus,
1938 5344 2085 5380 vene-

532 5395 672 5467 ﬁcia,
699 5395 994 5453 inimicititc.
1020 5395 1915 5467 cantentiones,_tentiilationes,oirce,‘
1940 5400 2086 5462 νάπαι,

529 5462 888 5532 dissensiones,
913 5476 1076 5531 sectio,
1113 5466 1331 5528 invidia,
1373 5462 1665 5527 homicidia,
1690 5465 1970 5531 ebrietates,
2006 5483 2089 5519 co-

529 5539 850 5591 messationes
887 5546 933 5589 et
980 5538 1058 5587 his
1079 5535 1280 5587 similia.
1314 5532 1431 5586 Vat.
1456 5536 1496 5586 Α
1529 5545 1581 5587 et
1605 5534 1740 5601 PaL,
1775 5536 1962 5598 luctus;
1982 5550 2083 5589 non

530 5608 684 5669 bene,
709 5623 805 5672 pro
832 5609 1000 5658 luxus.

599 5677 719 5729 598.
755 5678 873 5727 Ald.
904 5685 957 5727 et
984 5674 1132 5735 Man,
1166 5684 1348 5727 contra
1397 5674 1653 5727 rationem
1686 5675 1958 5738 carminis,
1996 5676 2083 5726 ha-

535 5740 626 5797 ittu
657 5758 748 5806 pro
780 5746 965 5801 habitu,
991 5746 1126 5807 quod
1148 5746 1257 5797 vult
1285 5745 1441 5795 etiam
1469 5745 1584 5797 Vat.
1618 5745 1682 5804 Α,
1704 5744 1791 5796 ubi
1815 5753 1895 5799 est
1920 5744 2077 5798 abitu.

2203 3939 2421 4009 Habitus
2463 3945 2550 4009 est
2592 3938 2781 4009 forma,
2822 3937 3003 4009 iacies,
3042 3945 3233 4009 status,
3271 3939 3445 3991 cultus
3487 3943 3749 4009 corporis.

2206 4008 2387 4069 Virgil.
2422 4023 2459 4060 ι.
2488 4007 2638 4069 ΑΒη.,
2688 4006 2911 4075 Virginis
2942 4023 3015 4071 os,
3052 4007 3377 4074 habitumque
3398 4006 3603 4075 gerens;

2273 4079 2395 4131 599.
2432 4077 2446 4128 l
2480 4077 2544 4130 ad
2572 4076 2811 4129 Corinth.
2844 4091 2952 4139 νιιι,
2986 4078 3009 4128 1
3039 4092 3053 4129 :
3083 4076 3308 4131 Scientia
3334 4078 3509 4145 inﬂat,
3547 4082 3763 4133 clmritas

2201 4163 2315 4200 vero
2345 4146 2586 4213 aediﬁcat.

2270 4218 2395 4270 400.
2431 4216 2576 4279 Ald.,
2612 4230 2715 4267 non
2748 4223 2911 4278 recte,
2937 4216 3111 4267 addita
3138 4229 3232 4282 pro
3259 4216 3453 4270 abdita.

2202 4354 2251 4407 b.
2276 4285 2938 4404 401.1;l'uriscousultorum
2965 4287 3147 4337 canina
3174 4286 3417 4353 facundia
3446 4287 3501 4341 in
3544 4305 3762 4359 prover-

2239 4370 2344 4407 tum
2375 4369 2402 4406 a
2448 4364 2522 4406 ut.

2239 4355 2344 4407 ium
2375 4355 2522 4406 abiit.

2272 4423 2395 4478 402.
2428 4423 2699 4497 Fabricius
2720 4423 3038 4497 llerculeam
3067 4424 3269 4497 clavam
3308 4428 3588 4493 sapientiae
3618 4430 3763 4497 adju-

2204 4493 2367 4555 dlcat,
2394 4495 2513 4561 quia
2545 4494 2797 4547 Hercules
2827 4508 2856 4546 a
2885 4494 3055 4546 doctis
3075 4495 3370 4558 colebatur,
3395 4498 3483 4562 qui
3513 4493 3764 4552 laboriosi

2204 4572 2257 4617 et
2288 4562 2507 4617 benelici
2538 4577 2659 4616 esse
2690 4562 2904 4628 debent,
2945 4563 3183 4629 adeoque
3225 4564 3437 4618 Herculi
3480 4582 3764 4621 commune

2206 4634 2302 4686 luit
2336 4647 2455 4686 cum
2487 4633 2651 4686 musis
2692 4634 2942 4700 templum
2985 4635 3035 4686 in
3066 4633 3209 4687 circo
3252 4633 3535 4689 Flaminio.
3572 4638 3762 4692 Oiseli-

2206 4717 2306 4755 nus
2333 4703 2654 4775 probabilius
2680 4711 2844 4775 putat,
2868 4703 2965 4775 hoc
2994 4704 3108 4757 loco
3140 4705 3309 4775 notari
3342 4704 3594 4772 Cynicos,
3629 4724 3763 4775 (μιοο

2126 4753 2174 4814 ι)
2200 4753 2318 4843 ξι...»
2334 4753 2583 4843 ἐπ-ευ..
2603 4753 2967 4843 ..ξι-βάξει...
2989 4753 3042 4826 εὶ
3055 4753 3225 4839 se...
3239 4753 3765 4843 aliiss'in'tsr‘pis-

2200 4842 2546 4910 losophorum
2575 4841 3113 4911 insigniaﬁnumerari,
3144 4851 3350 4895 constat
3370 4858 3439 4897 ex
3466 4841 3762 4911 Apollinari

2197 4911 2418 4965 Sidonio
2447 4924 2615 4964 carm.
2650 4912 2737 4978 15,
2780 4910 2978 4981 Tetrica
3008 4910 3556 4981 itodostepommendat
3607 4917 3765 4981 pallia

2198 4960 2803 5050 EtﬁEfsirnioiidiis’ad
2829 4960 3290 5050 'Siuoiiiu'in'pflt's'
3304 4960 3765 5040 siliginem";

2198 5049 2389 5123 barba,
2422 5049 2578 5123 pallio
2614 5059 2667 5102 et
2704 5053 2847 5123 clava
2900 5049 3363 5123 philosophorum,
3388 5062 3458 5123 Aet
3488 5052 3587 5108 hos
3620 5058 3763 5123 ipsos

2200 5120 2471 5190 [’rudentii
2548 5133 2751 5190 versus
2780 5120 2845 5172 de
2888 5123 3043 5190 octava
3092 5121 3463 5190 philosophica
3517 5120 3758 5190 exponit.

2195 5186 2606 5262 Chrysostomus
2632 5189 2698 5241 de
2728 5188 2928 5262 Statuis
2948 5188 3183 5262 vtt:_Ubi
3213 5186 3347 5243 nunc
3375 5200 3491 5243 sunt
3537 5186 3624 5261 qui
3652 5198 3764 5262 pat-

2196 5257 2280 5309 liis
2306 5259 2632 5321 amiciuntur,
2663 5266 2709 5309 et
2731 5259 3030 5325 promissam
3054 5258 3259 5312 barbam
3287 5257 3561 5324 ostentant,
3595 5257 3761 5315 et'clu.

2194 5342 2281 5399 uas
2309 5331 2485 5399 dextra
2512 5336 2715 5399 gestant
2736 5328 2930 5380 externi
2955 5327 3281 5399 philosophi?
3309 5330 3369 5384 S.
3401 5332 3756 5399 Augustinus,

2196 5348 2281 5377 vas
2309 5348 2485 5379 αεπιτα
2512 5348 2710 5395 θεδιαιιι
2736 5348 2928 5380 επιενιιῑ
2955 5348 3154 5395 ρηηοσο
3193 5348 3279 5381 lu.’
3310 5348 3369 5384 Β.
3401 5348 3756 5399 Αυειιςιιηυε,

2196 5396 2267 5449 lib
2294 5411 2379 5449 xw
2410 5396 2476 5450 de
2505 5398 2660 5449 Civit.
2701 5398 2813 5461 Dei,
2844 5412 2961 5463 cap.
3008 5400 3070 5450 17
3100 5416 3112 5451 :
3158 5348 3394 5451 Videmus
3450 5401 3619 5453 adhuc
3653 5418 3762 5454 esse

2192 5465 2538 5537 philosophos,
2584 5468 2671 5534 qui
2700 5482 2800 5518 non
2831 5468 2994 5518 solum
3023 5468 3329 5521 amiciuntur
3368 5471 3560 5537 pallio,
3586 5487 3760 5524 verum

2191 5536 2338 5587 etiam
2364 5537 2559 5587 clavam
2591 5541 2773 5602 ferunt.

2260 5604 2385 5659 405.
2433 5606 2490 5657 1η
2534 5606 2769 5658 editione
2821 5606 3092 5660 Parmensi
3130 5606 3445 5675 typOgraphi
3507 5610 3758 5664 mendum

2260 5623 2385 5659 auo.
2434 5623 2490 5657 ιη
2534 5623 2769 5658 cultione
2821 5623 3092 5660 t'armenSI
3130 5623 3254 5675 typo
3294 5623 3445 5675 rapnt
3507 5623 3758 5664 mendum

2196 5674 2407 5748 Qstenta
2435 5676 2802 5748 corrigendum
2839 5690 2942 5748 est.
2976 5676 3229 5748 Inﬂglossa
3257 5623 3429 5730 isouis
3474 5677 3761 5748 legendum

2192 5742 2355 5796 Indltt’
2384 5760 2476 5813 pro
2507 5746 2556 5797 in
2586 5742 2667 5797 die
2689 5760 2751 5797 ex
2786 5746 2987 5799 Isidoro
3011 5746 3101 5799 lib.
3138 5761 3244 5807 vui,
3268 5760 3384 5816 cap.
3418 5748 3470 5800 6.
