3950 6326
158 289 310 352 1848

152 403 270 459 ιδο
348 401 462 457 lam
516 400 703 471 patrue
753 401 1062 458 meminisse
1111 404 1250 474 piget

1406 497 1672 569 [frangunt

346 589 582 656 Organa,
628 594 683 641 et
724 586 930 641 externi
962 587 1176 643 laudant
1205 589 1538 644 anathemata
1571 595 1738 661 regni.

349 678 534 733 Nonne
579 675 677 732 fuit
706 677 930 744 melius,
966 692 1161 731 smvutn
1206 678 1562 751 Memphitidis
1606 682 1741 736 aula:

349 767 509 837 536
559 765 843 834 Imperium
876 766 1135 822 tolerasse
1172 778 1386 836 patres,
1427 771 1740 839 penitusque

1423 861 1673 930 [sinistris

347 950 623 1005 Assedisse
645 948 820 1005 focis?
847 951 1052 1019 positos
1076 951 1367 1004 Pharaonis
1393 953 1558 1020 iniqui

157 1045 272 1099 405
355 1047 467 1102 Sub
495 1048 716 1116 pedibus
735 1089 750 1114 ,
780 1049 905 1105 limo
927 1091 941 1113 ,
985 1057 1038 1104 et
1062 1050 1232 1117 paleis
1258 1050 1462 1104 servire
1492 1059 1702 1117 paratos
1725 1091 1738 1111 ,

342 1136 533 1190 Carnis
556 1147 611 1192 et
636 1139 934 1192 immodica:
959 1152 1154 1207 spurco
1183 1129 1476 1192 ructamine
1506 1139 1742 1192 crudos?

343 1228 459 1291 Quo
492 1238 694 1283 tantum
725 1229 908 1284 auxilii
943 1246 1035 1296 per
1063 1230 1374 1298 prodigialia
1397 1231 1544 1300 signa

345 1319 540 1374 Etfudit
567 1321 854 1386 Dominus,
887 1321 1135 1392 populum
1164 1321 1287 1377 dum
1319 1322 1451 1376 forte
1482 1321 1738 1376 rebellem

343 1409 533 1464 Servat
554 1425 656 1480 ope
681 1412 968 1478 immerita,
1005 1412 1190 1468 vinclis
1214 1413 1339 1467 dum
1371 1413 1578 1467 subdita
1605 1412 1738 1467 colla

345 1499 550 1562 Solvit,
585 1511 641 1556 et
681 1500 973 1571 Egyptum
1018 1505 1164 1573 virga
1203 1513 1452 1572 serpente
1488 1514 1699 1559 coercet
1721 1508 1741 1555 ’ἰ

343 1589 477 1655 Quid
501 1590 651 1658 juvat
678 1605 1010 1663 aequoreum,
1032 1594 1217 1664 pelago
1246 1594 1487 1658 cedente,
1521 1595 1740 1664 profun-

1524 1686 1668 1756 [dum

349 1773 608 1829 Pulverea
637 1775 870 1830 calcasse
895 1776 978 1830 via
1005 1794 1014 1828 :
1047 1791 1166 1830 cum
1190 1778 1400 1832 conscia
1430 1780 1574 1846 ponti

345 1864 486 1922 Saxa
505 1865 605 1922 sub
633 1865 813 1936 ignoto
834 1873 1120 1936 patuerunt
1148 1868 1351 1936 prodita
1374 1869 1530 1932 coelo,

159 1499 264 1551 47D

1514 294 2047 356 ItAMARTIGENIA.

1295 422 1307 461 :
1364 405 1471 473 jam
1520 409 1737 479 mystica
1765 413 1817 471 Α

3279 301 3414 360 10(ιο

2020 412 2171 466 Aruit
2200 418 2254 464 et
2282 410 2454 464 medio
2481 410 2668 463 sitiens
2699 409 2749 461 in
2776 408 2982 478 gurgite
3007 407 3205 462 limus?

1762 554 1770 562 ,
1843 503 1947 556 ᾉ75
2025 501 2078 558 Si
2105 501 2270 554 victor
2299 502 2492 554 virtute
2525 500 2636 563 Dei,
2668 499 2979 566 mediasque
3003 497 3252 552 tenebras

2023 595 2165 649 Luce
2193 595 2486 648 columnari
2515 593 2764 648 scindens
2795 593 3062 646 exercitus
3085 592 3232 654 olim,

2026 687 2261 742 Perdidit
2320 686 2513 739 inventi
2562 685 2752 738 vallem
2816 685 3092 754 Botryonis
3141 683 3414 751 opimam?

2025 775 2179 846 537
2212 776 2269 832 Si
2300 776 2468 829 nescit
2499 789 2710 828 versare
2752 775 2922 828 solum
2945 817 2958 841 ,
2994 775 3076 828 cui
3125 773 3283 826 melle
3324 789 3413 842 pe-

3169 864 3344 934 [rcnni

2021 956 2185 1012 Glcba
2231 959 2398 1012 fluens
2446 957 2632 1011 niveos
2683 958 2966 1024 permiscet
3017 957 3180 1009 lactea
3225 956 3366 1010 rivos

1845 1048 1950 1100 1480
2023 1049 2076 1100 Si
2106 1049 2359 1104 domitam
2391 1049 2644 1104 .Ierichon
2677 1048 2850 1109 lituis,
2880 1059 3038 1114 atque
3079 1061 3184 1099 :r-re
3215 1061 3412 1099 canoro

2025 1138 2230 1196 Rursus
2258 1140 2307 1192 in
2333 1142 2577 1207 antiquos
2610 1139 2801 1206 patitur
2837 1132 3159 1205 consurgere
3187 1150 3366 1192 muros

2021 1228 2074 1280 Si
2108 1228 2237 1293 ripis
2270 1227 2418 1282 reflui
2453 1227 2697 1282 Iordanis
2726 1226 2937 1293 pellitur
2960 1268 2974 1288 ,
3004 1225 3182 1294 ctjam

2025 1317 2229 1372 Deserit
2276 1319 2562 1387 ascriptum
2601 1318 2839 1371 dimensa
2874 1301 3140 1382 in‘jugera
3175 1316 3416 1368 sortem?

2008 1410 2245 1478 Denique
2287 1413 2329 1464 si
2379 1418 2634 1464 structam
2677 1400 2836 1461 tantis
2881 1407 3163 1460 sudoribus
3204 1406 3410 1468 urbem,

1844 1507 1948 1563 48.3
2028 1508 2092 1560 Et
2129 1521 2247 1573 qum
2276 1503 2566 1570 nubigenas
2594 1499 2980 1554 transcendunt
3010 1499 3240 1551 culmina
3281 1497 3412 1548 nitn-

3208 1586 3345 1654 [bos,

2029 1688 2317 1740 Defensare
2345 1681 2523 1751 nequit
2546 1681 2568 1732 ?
2590 1680 2631 1732 si
2662 1680 2860 1742 nescit,
2892 1679 3010 1747 quis
3053 1677 3185 1744 lapis
3223 1675 3309 1728 ille
3332 1682 3414 1727 est

2028 1778 2277 1832 Hostibus
2307 1775 2593 1840 obsistens,
2624 1781 2681 1825 ut
2712 1769 3115 1839 inexpugnabile
3146 1768 3304 1821 turris

2032 1870 2378 1925 Przesidium:
2427 1881 2581 1935 quem
2626 1879 2728 1918 non
2762 1872 2924 1916 aerato
2963 1860 3202 1916 machina
3248 1867 3418 1914 rastro

1484 1980 1765 2036 GLOSSIE
1808 1981 2139 2036 VETERES.

233 2068 363 2122 461.
410 2067 614 2140 Organa
633 2109 648 2133 ,
679 2068 857 2140 {audes
887 2068 1427 2126 Dei.-—Anatbetuata
1453 2117 1465 2138 ,
1499 2075 1740 2140 perditio-

161 2154 273 2193 nes.
308 2136 659 2201 alienat—iones,
691 2136 730 2190 1.
757 2138 1122 2202 Alienationes,
1150 2141 1264 2195 Vat.
1291 2141 1352 2196 Τ.

236 2207 365 2261 462.
401 2205 778 2276 Memphitidis,
807 2207 1146 2277 Egyptiaca',
1184 2211 1221 2262 I.

242 2278 377 2332 L65.
407 2278 707 2347 Tolerasse,
735 2279 1202 2346 pati.—Sinistris,
1231 2281 1518 2347 contrariis,
1546 2283 1584 2336 Ι.

191 2347 361 2469 Γιϐῐι.
416 2346 732 2411 Pharaonis,
784 2349 866 2416 qui
915 2349 1268 2404 nominabatur
1313 2346 1530 2413 Cenclis,
1579 2352 1744 2406 Clien-

214 2433 281 2469 t8.
340 2459 351 2469 .

161 2433 281 2477 ειιδ,
315 2433 351 2469 l.

239 2487 361 2557 465.
404 2489 517 2543 Sub
544 2486 782 2556 pedibus,
809 2483 1171 2550 dominatione,
1198 2499 1460 2557 potes'ate,
1496 2491 1530 2544 I.

236 2555 361 2610 466.
395 2555 694 2614 Immddicte
717 2597 730 2619 ,
769 2572 994 2627 magnae,
1032 2559 1082 2608 in
1119 2555 1464 2612 multitudine.
1496 2559 1703 2627 Spurco
1729 2603 1741 2620 ,

164 2629 430 2679 immunda
460 2625 1066 2681 eructatione.—»Crudos
1085 2668 1097 2690 ,
1128 2639 1404 2694 saturatos,
1436 2625 1629 2696 plenos,
1661 2631 1744 2682 in-

166 2697 386 2762 digestos
400 2740 414 2756 .
450 2699 486 2751 1.

397 2768 534 2837 Quo,
565 2783 654 2819 cur
677 2765 864 2838 illim].
892 2837 895 2838 ν
1028 2837 1044 2838 7
1098 2814 1102 2820 .

240 2834 365 2891 468.
391 2834 686 2900 ιῖθδρηειιι,
720 2835 996 2903 infidelem,
1028 2837 1065 2889 I.

240 2906 365 2960 469.
411 2908 547 2974 Ope,
576 2907 794 2970 auxilio,
826 2905 866 2958 1.

239 2974 365 3029 470.
420 2977 590 3045 Virga,
619 2977 738 3045 quia
768 2977 907 3046 virga
941 2984 1134 3028 mutata
1165 2985 1239 3029 est
1271 2978 1320 3028 in
1353 2986 1740 3045 serpentem.—

1851 2075 2130 2142 Serpente,
2161 2073 2400 2125 existente
2420 2112 2433 2132 ,

1921 2138 2044 2198 ΗΞ.
2078 2143 2343 2198 Calcasse.
2375 2138 2656 2199 ambulare,
2691 2139 2726 2189 l.

1923 2215 2046 2267 475.
2081 2211 2316 2272 Prodita,
2349 2217 2566 2272 ostensa,
2615 2209 2651 2258 Ι.

1921 2285 2045 2336 477.
2075 2280 2339 2340 Perdidit,
2379 2294 2470 2344 pro
2498 2273 3057 2344 perdih—BNryonis,
3089 2282 3270 2324 terram
3304 2287 3419 2338 pro-

1857 2342 2468 2414 missionis.-—0pimam,
2497 2342 2739 2412 fertilem,
2783 2342 2822 2394 I.

1927 2423 2050 2475 478.
2092 2411 2337 2479 γει-δάιε,
2387 2411 2534 2468 arare
2571 2426 2774 2474 terram,
2827 2411 3121 2473 subvcrttre,
3161 2411 3338 2473 colere,
3379 2411 3413 2460 Ι.

1928 2481 2052 2546 480.
2079 2488 2349 2550 Jerichon,
2384 2486 2628 2537 civitatem
2657 2482 2869 2544 diaboli,
2900 2489 3071 2534 sancta
3096 2480 3418 2546 praedictione

1857 2572 2167 2628 supcralam,
2195 2562 2234 2616 I.
3053 2561 3068 2628 ς

1925 2626 2049 2684 484.
2086 2633 2401 2692 Sudoribus.
2438 2630 3006 2690 laboribus—Urbem,
3035 2626 3341 2688 Jerusalem,
3375 2627 3412 2679 I.

1924 2702 2046 2754 485.
2077 2701 2338 2760 Culmina.
2362 2705 2580 2757 uirtutes.
2603 2703 2874 2764 Διδὶιιειὶίι,
2904 2703 2940 2754 Ι.

1923 2771 2049 2825 486.
2081 2771 2270 2840 Lapis,
2313 2773 2545 2824 Christus
2591 2782 2661 2822 cst
2681 2788 2708 2832 ;'
2735 2771 2822 2839 qui
2851 2787 3025 2826 murus
3047 2813 3060 2836 ,
3092 2783 3138 2824 et
3185 2773 3312 2841 lapis
3347 2780 3416 2825 cst

1855 2842 2297 2907 incxslingnibilis,
2327 2851 2373 2894 et
2404 2841 2698 2909 prtesidium
2721 2841 3037 2906 inde/ieiuna,
3061 2841 3095 2892 I.

1921 2911 2043 2965 488.
2083 2910 2188 2974 Vis,
2223 2912 2446 2964 immissa
2474 2925 2586 2963 cum
2613 2910 2926 2976 fortitudine,
2961 2911 2998 2963 I.

1534 3066 2082 3123 COMMENTARIUS.

173 3161 332 3212 nibus
367 3158 480 3212 fieri
512 3174 688 3229 posse,
727 3162 904 3213 monui
931 3162 981 3212 in
1016 3161 1215 3225 proleg.
1243 3161 1280 3212 Ιε]
1303 3161 1499 3212 ,ιιιιιίιιίδ
1530 3161 1745 3226 captivi-
1774 3159 1820 3219 C
1853 3176 1953 3213 non
1993 3159 2282 3212 conceditur
2337 3159 2410 3211 uti
2437 3158 2459 3208 ?

175 3240 286 3283 tate
312 3229 632 3298 Babylonica
659 3230 909 3297 detentis,
940 3231 1178 3282 nonnulli
1201 3239 1353 3283 erant
1381 3231 1467 3296 qui
1501 3230 1749 3283 recorda-

173 3309 358 3352 rentur
385 3298 513 3352 Sion
545 3309 598 3352 et
628 3299 889 3352 idolorum
922 3301 1117 3368 cultum
1149 3299 1458 3358 horrerent,
1496 3311 1548 3351 nt
1586 3299 1750 3368 liquet

173 3383 238 3421 cx
263 3369 471 3435 psalmo
493 3372 584 3422 cit.
616 3386 626 3419 :
649 3369 816 3437 Super
834 3370 1044 3438 flumina
1071 3367 1341 3438 Babylonis
1370 3369 1474 3420 illic
1505 3367 1745 3436 sedimus,

176 3449 223 3490 et
254 3439 509 3506 fleuimus,
543 3455 655 3490 cum
685 3440 1060 3491 recordaremnr
1087 3438 1234 3492 Sion.
1276 3438 1589 3492 Prudentius
1631 3439 1749 3491 illos

179 3522 300 3559 cum
325 3508 555 3560 .leremia
581 3507 939 3576 reprehendit,
958 3509 1045 3576 qui
1068 3507 1304 3576 gentium
1340 3527 1367 3556 ιι
1393 3523 1514 3561 ores
1539 3519 1585 3560 et
1619 3510 1750 3561 ritus

181 3579 396 3631 fuerunt
419 3579 608 3630 secuti.

249 3648 375 3700 460.
411 3647 560 3711 Apud
588 3646 899 3708 Weilzium,
935 3646 1130 3700 Widm.
1154 3691 1166 3711 ,
1205 3664 1322 3699 nam
1360 3661 1455 3715 pro
1477 3650 1610 3715 jam.
1645 3647 1751 3701 Sed

185 3731 287 3770 non
330 3716 564 3784 explicat
609 3715 865 3770 Weitzius
923 3717 1060 3769 sitne
1105 3733 1222 3768 nam
1268 3717 1477 3784 patriaz.
1523 3733 1587 3768 an
1635 3734 1751 3769 nam

184 3787 422 3854 mystica,
457 3803 521 3838 an
553 3795 834 3852 utrumque
869 3804 880 3836 :
915 3801 1034 3837 nam
1066 3784 1146 3840 bis
1175 3788 1429 3850 repetitur
1451 3788 1579 3854 jam.
1616 3787 1751 3838 Cha-

185 3856 469 3909 millardus
515 3858 817 3920 Opinionem
863 3854 1071 3908 Pineda:
1110 3854 1202 3910 lib.
1238 3871 1304 3907 vn
1345 3857 1409 3907 de
1443 3856 1749 3920 Salomone,

184 3939 298 3993 cap.
355 3925 445 3988 It),
478 3924 640 3977 refert
668 3924 880 3978 Judzeos
910 3926 1143 3979 citharas
1172 3938 1297 3978 suas
1324 3925 1639 3993 appendiSse
1669 3941 1755 3978 3::—

189 3995 406 4059 licibus,
441 4010 558 4063 qua:
600 4005 752 4048 erant
780 4004 901 4046 ante
949 3996 1058 4048 Beli
1087 3993 1234 4048 .lovis
1262 3995 1513 4062 templum
1555 3995 1606 4047 iu
1643 3997 1753 4062 ipsa

189 4067 319 4117 urbe
345 4065 615 4132 Babylone
635 4106 649 4128 ,
675 4079 737 4119 ex
764 4065 1196 4132 interpretatione
1225 4065 1408 4133 psalmi
1433 4079 1624 4116 cxxxvr
1647 4082 1658 4116 :
1692 4063 1754 4116 In

188 4135 434 4186 salicibus
459 4136 512 4185 in
541 4134 703 4186 medio
733 4136 840 4203 ejus
869 4134 1216 4200 suspendimus
1246 4148 1435 4202 organa
1465 4143 1634 4186 nostra
1655 4175 1669 4193 .
1704 4144 1758 4188 et

190 4206 238 4256 in
270 4205 462 4257 eadem
509 4204 757 4272 opinione
785 4203 945 4255 fuisse
981 4203 1318 4256 Prudentium
1349 4203 1595 4256 affirmat.
1629 4204 1754 4256 Mihi

190 4275 240 4327 id
267 4289 372 4326 non
399 4273 564 4340 liquet
588 4291 599 4324 ;
627 4287 746 4326 nam
764 4272 1084 4326 Prudentius
1101 4272 1312 4326 Iudaeos
1333 4272 1448 4324 illos
1471 4275 1756 4340 reprehen-

191 4345 272 4396 dit
299 4343 385 4409 qui
418 4357 614 4410 organa
643 4343 925 4411 fregerant,
968 4357 1072 4396 non
1101 4343 1186 4409 qui
1213 4342 1617 4408 suSpenderant.
1657 4342 1757 4395 Ne-

191 4428 300 4482 que
321 4413 624 4480 opinionem
646 4411 858 4465 Pineda:
878 4413 1134 4480 approbat
1151 4411 1395 4482 Loriuus,
1421 4412 1508 4478 qui
1526 4412 1639 4465 fuse
1659 4413 1757 4465 do-

192 4481 387 4548 cteque
417 4482 514 4534 hac
536 4483 682 4535 de'rc
704 4482 766 4534 ad
795 4496 913 4550 eum
945 4483 1202 4550 psalmum
1234 4481 1484 4547 disputat.

262 4552 389 4606 461.
436 4551 490 4603 ln
526 4551 642 4603 Vat.
681 4551 725 4604 A
764 4549 1090 4621 desideratur
1123 4560 1320 4621 etpost
1361 4567 1571 4616 organa.
1616 4554 1756 4604 Ana-

197 4626 418 4674 themata
443 4621 533 4674 hic
573 4630 694 4673 sunt
743 4618 1023 4685 sacrificia,
1066 4618 1240 4673 mores
1271 4630 1323 4672 et
1357 4621 1487 4673 titus
1531 4622 1758 4687 profani.

198 4694 479 4745 Anathema
511 4704 606 4759 pro
640 4690 855 4743 homine
883 4689 1196 4743 exsecrabili
1232 4705 1332 4742 vox
1368 4692 1723 4744 ecclesiastica
1745 4733 1758 4753 ,

200 4774 251 4812 ut
298 4759 731 4814 anatftematizare
774 4759 910 4827 apud
962 4759 1018 4813 S.
1085 4759 1461 4828 Hieronymum
1513 4769 1564 4812 et
1608 4761 1759 4814 alios.

200 4831 414 4883 Tcolius
446 4839 627 4882 monet
666 4833 1019 4894 anathemata,
1066 4829 1223 4898 priori
1260 4839 1520 4898 porrecta,
1558 4839 1610 4880 ut
1643 4831 1723 4883 hic
1746 4874 1761 4898 ,

204 4915 320 4952 esse
349 4899 568 4952 dunaria
612 4899 812 4951 numini
835 4899 1027 4951 dicata.
1059 4897 1309 4952 Fortasse
1339 4897 1576 4951 scribere
1602 4897 1764 4953 voluit

206 4971 347 5022 tertia
373 4977 626 5040 porrecta.
655 4967 857 5036 Conjici
890 4976 1070 5037 posset
1103 4969 1427 5021 anademata.
1470 4967 1623 5020 Lucr.
1669 4968 1761 5021 lib.

209 5053 275 5103 Iv,
298 5039 599 5092 anademata
629 5040 810 5091 mitraz.

273 5110 395 5161 46%.
430 5108 816 5178 Longissimum
855 5118 995 5162 esset
1023 5122 1083 5162 ea
1117 5107 1296 5178 omnia
1325 5107 1562 5178 proferre
1589 5123 1706 5178 qua:
1735 5124 1765 5160 e

211 5181 366 5230 sacris
396 5179 612 5232 Litteris
639 5177 798 5230 Poeta
817 5178 1015 5231 indicat
1043 5186 1131 5230 aut
1153 5177 1336 5232 refert.
1367 5179 1494 5242 Qua:
1523 5177 1624 5231 hoc
1652 5179 1768 5232 loco

211 5247 439 5313 attingit,
478 5247 642 5299 videri
678 5258 894 5314 possunt
923 5248 1090 5301 Exud.
1121 5261 1241 5314 cap.
1274 5264 1310 5312 ι,
1336 5247 1367 5300 5
1398 5256 1451 5300 et
1476 5263 1624 5317 seqq.
1764 5288 1766 5290 τ

274 5318 393 5371 466.
446 5319 535 5371 Alt
575 5328 726 5384 poeta
767 5317 1028 5372 Israelitas
1075 5332 1236 5371 carne
1283 5317 1562 5370 immodica
1612 5332 1670 5370 se
1717 5319 1766 5370 in

213 5384 432 5456 (Ευριο
466 5387 735 5452 refecisse,
767 5390 885 5456 quia
923 5387 1024 5455 ipsi
1064 5387 1229 5440 Exod.
1264 5402 1370 5456 xvi,
1395 5387 1447 5450 5,
1480 5386 1724 5440 dixerunt
1753 5405 1762 5436 :

215 5453 408 5528 tunam
439 5457 630 5509 mortui
658 5453 877 5528 essemus
907 5453 995 5528 per
1035 5473 1240 5510 manum
1286 5455 1490 5528 Domini
1533 5457 1583 5528 in
1633 5466 1765 5508 terra

215 5522 446 5593 .‘Egypti,
484 5528 688 5594 quando
726 5522 1015 5581 scdcbainus
1057 5542 1211 5589 super
1252 5526 1380 5580 ollas
1425 5526 1676 5587 carnium,
1722 5537 1768 5578 et

214 5595 579 5664 totttcdebamus
611 5613 790 5664 panem
817 5599 870 5651 in
901 5600 1181 5651 saturitate.

273 5659 391 5718 467.
430 5659 679 5720 Horatius
706 5667 718 5720 l
745 5667 795 5721 b.
826 5683 838 5720 ι
866 5710 878 5728 ,
912 5684 994 5735 ep.
1033 5669 1063 5721 5
1095 5687 1104 5720 ;
1143 5666 1252 5733 Quo
1284 5665 1406 5717 mihi
1438 5663 1694 5733 fortunas,
1724 5665 1766 5716 si

1926 3229 2050 3282 472.
2084 3229 2350 3282 Cauchius
2387 3243 2450 3281 ex
2487 3226 2684 3292 scripto
2718 3239 2814 3278 suo
2856 3224 3082 3277 malebat
3120 3240 3372 3291 purpurea
3401 3265 3412 3280 .

1852 3300 1977 3369 quia
2020 3313 2200 3354 sermo
2229 3311 2312 3353 eat
2348 3297 2414 3351 de
2460 3297 2590 3369 mari
2629 3294 2830 3369 Rubro.
2876 3293 2980 3369 Sed
3018 3295 3289 3369 venustius
3337 3303 3416 3346 est

1858 3362 2092 3438 pulverea
2136 3383 2254 3422 cum
2299 3365 2794 3438 reliquisscriptis,
2833 3365 2982 3431 quasi
3018 3362 3268 3438 Israelita:
3313 3379 3415 3438 non

1857 3433 2031 3492 solum
2069 3440 2210 3494 sicco
2265 3433 2749 3504 pede’trajecerint
2787 3448 2952 3497 mare,
2995 3434 3086 3504 sed
3129 3435 3292 3485 etiam
3335 3435 3416 3485 via

1859 3524 2006 3562 mare
2039 3524 2131 3576 per
2156 3503 2386 3562 medium
2415 3503 2982 3576 fueritpulverulenta.
3016 3503 3104 3556 Sic
3133 3517 3254 3576 mox
3287 3505 3419 3576 aruit

1857 3573 2051 3631 limus;
2075 3579 2324 3632 Paulinus
2358 3577 2514 3629 etiam
2543 3574 2663 3628 Nat.
2695 3574 2729 3630 9
2765 3573 2897 3625 dixit
2926 3584 3094 3623 arente
3124 3573 3377 3639 profundo
3402 3611 3414 3633 ,

1857 3659 1911 3702 et
1939 3648 2290 3713 pulverulenta
2319 3645 2528 3715 vestigia
2558 3643 2631 3715 de
2652 3642 2875 3715 transitu
2903 3641 3175 3715 .Iordanis.
3230 3709 3261 3715 _
3306 3709 3317 3715 _
3427 3674 3431 3678 -

1929 3709 2049 3769 474.
2081 3715 2271 3771 Weitz.
2306 3723 2361 3768 et.
2388 3709 2522 3775 Gi's.,
2553 3713 2642 3766 sub
2664 3712 2877 3781 gurgite.
2912 3710 3200 3769 Ileinsiaui,
3230 3709 3338 3760 Pal.
3368 3717 3420 3760 et

1861 3787 2028 3839 nostri
2058 3787 2238 3848 codd.,
2266 3787 2317 3838 in
2347 3784 2561 3855 gurgite.

1930 3857 2054 3908 475.
2087 3855 2202 3907 Vat.
2234 3859 2272 3907 Α
2300 3851 2545 3923 ειἘέπι..
2577 3852 2650 3904 sic
2674 3851 3035 3923 victortmale.

1931 3926 2052 3978 477.
2105 3924 2354 3978 Martialis
2379 3919 2469 3975 lib.
2500 3938 2582 3982 xt,
2615 3923 2785 3989 epigr.
2811 3919 2912 3974 38:
2951 3919 3059 3973 Nec
3083 3919 3289 3985 dignam
3322 3928 3422 3970 toto

1863 4004 1909 4048 te
1940 3996 2179 4064 botryone
2209 4002 2371 4060 putat.
2412 3993 2512 4046 Alii
2553 3991 2638 4064 hic
2667 3990 2965 4064 intelligunt
3003 4003 3267 4042 racemum
3307 4003 3422 4064 uva:

1861 4059 2182 4124 condititize,
2207 4059 2293 4115 alii
2325 4077 2422 4115 ova
2454 4063 2749 4129 sepiarum,
2784 4061 2898 4113 sive
2929 4060 3190 4127 liquatneu
3223 4073 3285 4129 ex
3311 4059 3427 4110 ovis
3499 4064 3502 4068 '

1863 4135 2106 4202 piscium.
2139 4133 2404 4187 Palladius
2430 4128 2575 4185 certe
2605 4145 2700 4202 pro
2732 4145 2851 4202 uva:
2879 4143 3091 4202 _race_mo
3121 4128 3296 4194 posuit
3336 4129 3427 4202 bo-

1865 4199 2110 4272 tryonem.
2143 4202 2461 4256 Prudentius
2513 4200 2741 4272 lpquitur
2782 4199 2848 4272 de
2879 4199 3046 4253 botris
3082 4201 3429 4272 seu_racemis

1867 4267 2020 4325 terra:
2069 4272 2462 4342 promissionis.
2512 4267 2744 4323 Consule
2797 4268 2952 4322 Num.
2999 4283 3114 4332 xnt,
3165 4267 3327 4320 .losue
3379 4283 3428 4318 vr

1865 4351 1917 4396 et
1937 4356 2086 4396 seua.
2753 4366 2762 4371 ·

1936 4358 2214 4466 ἓεέδῗᾏῐᾱ.
2239 4411 2424 4467 scribit
2446 4409 2672 4473 Hierico,
2695 4366 2782 4462 alii
2803 4407 3064 4473 Hiericon,
3093 4416 3183 4460 aut
3203 4405 3429 4470 Jericon,
3457 4451 3462 4454 .

1785 4494 1840 4554 D
1864 4491 1960 4554 aut
1979 4481 2240 4554 Ierichon.

1936 4551 2060 4605 482.
2118 4551 2262 4616 Ald.,
2305 4551 2464 4612 rivis;
2513 4550 2603 4603 alii
2649 4548 2790 4617 ripis.
2842 4547 2958 4599 Vat.
3012 4546 3076 4609 A,
3124 4543 3298 4611 reﬂuis
3337 4556 3430 4608 pro

1863 4637 2031 4674 renut.

2095 4689 2216 4743 Ald.
2251 4688 2410 4742 habet
2444 4686 2577 4740 illest
2603 4701 2698 4754 pro
2725 4685 2812 4738 ille
2838 4693 2930 4754 est.
2972 4679 3310 4754 Perspicuum
3353 4689 3432 4754 est

1867 4759 2137 4815 Christum
2198 4759 2337 4810 hunc
2377 4770 2496 4810 esse
2547 4749 2799 4817 lapidem,
2850 4753 2916 4806 de
2967 4765 3071 4817 quo
3126 4749 3316 4802 Paulus
3363 4749 3427 4801 ad

1869 4829 2064 4897 Ephes.
2113 4845 2178 4886 ιι.
2210 4827 2363 4897 20_et
2403 4841 2551 4894 seqq.
2601 4817 2730 4897 Vide
2771 4824 2926 4877 etiam
2968 4817 3318 4873 Dittochaenm
3351 4827 3426 4872 te.

1871 4893 2129 4952 trasticho
2155 4897 2245 4962 51,
2277 4893 2446 4948 Pinna
2471 4893 2663 4958 templi.

1942 4968 2064 5022 487.
2102 4958 2246 5022 Sich.
2270 4976 2321 5019 et
2353 4965 2518 5032 Bong.
2551 4978 2578 5014 a
2610 4963 2776 5030 prima
2804 4973 2960 5032 manu
2983 4999 2998 5023 ,
3032 4958 3175 5012 terris
3202 4972 3296 5026 pro
3321 4967 3428 5010 tur-

1868 5039 1958 5090 ris.
1991 5037 2107 5092 Vat.
2144 5039 2208 5102 Α,
2241 5030 2514 5098 mendose,
2547 5030 2975 5102 inempugnabilis.

1944 5107 2068 5161 488.
2117 5095 2206 5159 Ita'
2248 5105 2427 5176 legunt
2466 5095 2756 5176 veterrimi'
2784 5100 2900 5153 Put.
2944 5109 2998 5176 et
3033 5098 3242 5150 ’I‘huan.
3294 5095 3435 5176 apud

1873 5176 2151 5231 Heinsium
2181 5185 2234 5230 et
2277 5165 2430 5229 Klex.
2471 5189 2500 5225 ει
2541 5174 2708 5241 prima
2739 5185 2917 5241 manu.
2954 5170 3158 5241 Ctetera
3196 5165 3436 5241 quaealii

1873 5247 2093 5307 addunt,
2126 5244 2389 5315 superﬂua
2414 5236 2616 5315 sunt'et
2643 5237 3290 5315 tautologiamredolent,
3319 5236 3438 5315 fros-

1875 5318 2004 5369 tibus
2034 5306 2293 5375 obsisténs,
2318 5313 2560 5376 hosticus,
2583 5311 2757 5364 arietis
2776 5306 3044 5376 vis—quatit,
3072 5307 3252 5360 arietat
3276 5346 3289 5369 ,
3314 5306 3437 5357 insi-

1879 5385 2023 5438 (iens.
2053 5385 2319 5439 Giseliuus
2351 5401 2362 5437 :
2403 5381 2741 5446 Praesidium,
2773 5375 2918 5448 quem
2950 5393 3048 5431 non
3082 5377 3256 5446 fragor
3282 5375 3439 5448 hosts-

1879 5473 1987 5519 cus,
2032 5456 2202 5508 arietis
2239 5463 2326 5506 aut
2368 5469 2514 5520 quem
2572 5447 2662 5503 Vis
2695 5445 2920 5520 impacta
2958 5449 3140 5520 quatit,
3169 5445 3172 5446 ⁷
3197 5461 3296 5498 non
3323 5445 3440 5520 atris

1877 5514 2110 5576 machina
2149 5536 2313 5577 rostro
2354 5514 2548 5575 Arietat
2607 5514 2852 5580 insiliens,
2905 5514 2995 5570 nec
3047 5518 3210 5585 ferrea
3239 5514 3441 5567 verbera

1911 5604 2162 5657 nasmnt;
2203 5605 2256 5646 et
2303 5593 2367 5645 ad
2400 5606 2571 5652 oram,
2603 5605 2702 5642 non
2736 5604 2868 5641 avrea
2912 5587 3178 5657 machina.
3228 5585 3394 5638 Aldus
3423 5624 3439 5648 ,

1911 5613 2162 5657 uastant;
2203 5613 2256 5646 Cl
2303 5613 2367 5645 au
2400 5613 2571 5652 uram,
2603 5613 2702 5642 mm
2736 5613 2867 5641 trra:
2912 5613 3166 5640 "tantum.
3228 5613 3394 5638 ntuua
3423 5624 3439 5648 ,

1875 5613 2208 5728 1’rwsidium,
2253 5677 2398 5734 quem
2447 5677 2545 5713 non
2605 5662 2779 5728 fragor
2833 5659 3054 5711 hosticus
3108 5656 3300 5720 arietis,
3354 5663 3443 5708 aut
