3950 6326
531 396 664 451 1047

708 509 915 571 Arietat
942 507 1206 571 insiliens,
1237 518 1334 559 nec
1360 505 1527 557 terrea
1550 504 1771 559 verbera
1797 506 2096 574 quassant?
2124 513 2177 570 Α

474 586 477 587 ⁷
533 600 634 655 490
708 598 869 669 538
915 597 1149 665 Angulus
1187 594 1271 648 hic
1315 602 1482 664 porta:
1519 594 1570 647 in
1624 594 1795 662 capite
1835 602 1955 648 est:
2010 593 2095 647 hic

816 668 823 675 ’
1528 682 1786 753 [continet
1811 697 2025 737 omnem

693 781 954 833 Saxorum
977 774 1197 837 seriem,
1224 781 1632 841 constructaque
1666 772 1847 826 limina
1874 772 2053 825 ﬁrmat
2080 788 2093 824 :

708 872 877 937 Quem
900 867 988 936 qui
1012 866 1113 919 rite
1141 863 1252 919 suis
1280 878 1374 932 per
1405 863 1794 933 propugnacula
1824 863 1993 916 muris

706 958 926 1013 Noverit
950 957 1241 1021 insertum,
1277 967 1473 1021 seque,
1507 966 1568 1005 ac
1598 965 1692 1004 sua
1724 950 1917 1005 muenia
1958 950 2099 1004 vallo

709 1048 1006 1116 Prsecingat
1063 1044 1280 1113 triplici,
1321 1044 1462 1098 celsa
1511 1051 1657 1095 stans
1711 1040 1918 1095 eminus
1952 1055 2097 1108 arce,

544 1138 648 1194 495
722 1140 910 1193 Fretus
940 1151 1125 1193 amore
1163 1145 1345 1203 petrae,
1378 1133 1538 1187 castis
1576 1141 1630 1186 et
1658 1131 1878 1201 pervigil
1905 1132 2097 1185 armis:

714 1230 831 1285 Non
861 1228 1006 1282 illum
1040 1224 1221 1293 regina
1242 1224 1388 1293 Tyri,
1419 1237 1524 1277 non
1556 1223 1732 1277 accola
1760 1222 1933 1289 magni

708 1320 994 1387 Euphratis
1026 1316 1248 1370 Parthus
1278 1315 1478 1381 rapiet,
1515 1328 1619 1367 non
1652 1314 1867 1367 decolor
1898 1312 2058 1366 Indus
2086 1352 2102 1377 ,

720 1409 987 1475 Tempora
1016 1406 1259 1475 pennatis
1284 1404 1562 1458 redimitus
1586 1404 1732 1473 nigra
1762 1403 1988 1473 sagittis.

712 1501 878 1566 Quin,
921 1500 967 1553 si
1017 1498 1299 1551 fulmineos
1330 1511 1524 1566 cogens
1564 1496 1630 1549 ad
1677 1496 1811 1549 bella
1864 1496 2107 1562 gigantas

540 1592 641 1648 500
712 1589 1028 1659 Allophylus
1083 1596 1167 1643 tua
1200 1596 1372 1643 castra
1424 1588 1565 1641 velit
1603 1586 1784 1642 delere
1827 1596 2105 1655 tyrannus.

714 1680 885 1735 Tutus
910 1680 1016 1734 eris
1042 1695 1055 1731 :
1087 1693 1189 1733 nec
1213 1688 1263 1733 te
1290 1678 1437 1731 ﬁrma
1468 1678 1694 1732 statione
1722 1678 1954 1732 movebit

720 1770 839 1839 Ipse
867 1768 1080 1823 Charon
1105 1767 1307 1834 mundi,
1350 1782 1543 1822 numen
1593 1767 1909 1821 Marcionis:
1954 1766 2067 1835 ipse
2089 1808 2103 1833 ,

716 1862 817 1929 Qui
846 1863 979 1933 regit
1002 1862 1145 1915 aerio
1174 1875 1337 1914 vanas
1368 1860 1466 1914 sub
1486 1860 1598 1913 sole
1624 1859 1889 1915 tenebras.

716 1955 875 2025 539
918 1954 1049 2008 Nam
1088 1967 1312 2016 vanum,
1358 1950 1608 2021 quidquid
1660 1951 1740 2004 sol
1778 1950 2008 2019 aspicit:
2039 1964 2105 2003 ex

1734 2047 2036 2117 [elementis

545 2138 648 2197 505
716 2139 916 2197 Cuncta
969 2140 1309 2207 solubilibus,
1360 2140 1605 2207 ﬂuxoque
1663 2140 1931 2193 creamine
1976 2151 2106 2191 con-

1854 2230 2038 2298 [stant.

1611 389 1884 445 AURELII
1920 388 2281 445 PRUDENTII
2319 386 2636 444 CARMINA.

2138 1895 2185 1955 B

3532 402 3535 405 -
3626 368 3751 427 1048

2376 502 2546 564 Fallo,
2576 507 2873 555 creaturam
2902 496 3002 551 nisi
3030 495 3213 549 doctor
3242 489 3529 561 Apostolus
3555 504 3749 543 omnem

2380 590 2684 658 Subjectam
2705 588 2856 641 vanis
2884 600 2993 639 non
3024 590 3212 654 sponte
3242 579 3516 635 laboribus
3543 593 3708 643 orsus,

2376 682 2597 749 Periuro
2626 678 2882 749 ingemuit
2910 678 3171 731 miserans
3198 674 3403 754 servire
3434 670 3645 724 latroni.

2376 772 2561 835 Errat,
2593 771 2695 833 ait,
2724 770 2812 838 qui
2838 768 3102 821 luctamen
3126 762 3531 832 cumisanguine
3560 759 3718 823 nobis,

2378 862 2444 917 Et
2470 876 2650 925 carne,
2682 868 2735 914 et
2764 859 2912 913 venis
2942 856 3292 919 ferventibus,
3321 863 3376 909 et
3403 853 3598 907 vitioso

2380 951 2525 1007 Felle
2570 959 2743 1019 putat,
2778 945 3067 1016 calidisque
3106 944 3339 999 animam
3390 956 3612 1011 peccare
3653 955 3751 995 me-

2202 864 2307 919 510

3502 1034 3694 1104 [dullis.

2386 1135 2500 1190 Non
2534 1144 2762 1188 mentem
2785 1145 2879 1187 sua
2906 1130 3141 1187 membra
3172 1136 3454 1199 premunt,
3479 1142 3579 1181 nec
3607 1137 3756 1180 terrea

3515 1217 3694 1287 [virtus

2383 1315 2664 1384 Oppuguat
2688 1327 2877 1369 sensus
2906 1311 3153 1382 liquidos,
3185 1310 3395 1364 bellove
3424 1308 3670 1362 lacessit:

2377 1405 2479 1459 Sed
2508 1421 2625 1459 cum
2647 1405 2919 1472 spiritibus
2945 1402 3243 1458 tenebrosis
3269 1409 3430 1455 nocte
3457 1400 3649 1469 dieque

2210 1494 2314 1550 515
2384 1496 2802 1565 Congredimur,
2850 1510 3077 1564 quorum
3123 1489 3483 1548 dominatibus
3528 1490 3759 1544 humidus

3567 1582 3703 1655 lisle.

2394 1680 2455 1733 Et
2484 1666 2645 1749 pigris
2666 1679 2862 1735 densus
2889 1679 3097 1734 nebulis
3125 1679 3460 1748 obtemperat
3480 1693 3594 1733 aer.

2388 1771 2601 1826 Scilicet
2647 1771 2748 1825 hoc
2791 1768 3056 1836 medium,
3093 1769 3287 1824 caelum
3323 1769 3480 1833 inter,
3511 1778 3567 1821 et
3602 1767 3762 1821 intima

3538 1856 3711 1927 [terra

2386 1951 2539 2018 Quod
2566 1959 2739 2019 patet,
2760 1960 2815 2005 et
2836 1949 3194 2015 racuonubes
3233 1948 3512 2017 suspendit
3537 1947 3711 2009 hiatu,

2390 2040 2567 2095 Frena
2599 2048 2922 2110 potestatum
2953 2041 3219 2093 variarum
3250 2039 3507 2101 sustinet,
3533 2051 3599 2091 ac
3625 2034 3713 2089 sub

2216 2132 2318 2186 520
2388 2130 2635 2200 Principe
2665 2130 2807 2185 Belia
2835 2130 3133 2186 rectoribus
3164 2129 3345 2205 horret
3368 2129 3586 2198 iniquis.

2390 2221 2483 2277 His
2514 2222 2864 2279 colluctamur
2890 2220 3247 2291 praedonibus,
3274 2232 3329 2277 ut
3351 2235 3503 2276 sacra
3534 2221 3684 2277 nobis

1844 2332 2128 2389 GLOSS/E
2169 2330 2504 2389 VETERES.

618 2434 742 2488 489.
796 2433 1019 2495 Arietat,
1065 2432 1263 2497 sternit,
1298 2440 1593 2484 commovet.
1618 2459 1684 2470 —
1708 2428 1966 2494 lnsiliens,
2001 2444 2114 2481 cum

546 2513 745 2557 tumore
774 2501 1337 2567 saliens.——Quassant,
1369 2501 1583 2563 (cedunt,
1615 2500 1652 2553 I.

616 2573 739 2625 491.
781 2572 1008 2634 δεῖ-ἰείη,
1036 2571 1282 2635 ordinem,
1321 2572 1357 2623 Ι.

615 2640 739 2693 494.
786 2641 1023 2702 Eminus,
1054 2657 1081 2694 e
1106 2639 1535 2703 contra.—-Arce,
1565 2638 1665 2691 alte
1690 2654 1706 2701 ;
1735 2640 1852 2706 ﬁde,
1884 2638 1924 2691 I.

615 2711 740 2763 495.
789 2710 1000 2773 Fretus,
1034 2710 1278 2775 conﬁsus,
1311 2709 1415 2762 Iso.

614 2778 740 2832 496.
791 2779 987 2845 Regina
1017 2779 1161 2847 Tyri,
1187 2778 1423 2842 araritia,
1461 2778 1501 2830 I.

616 2849 741 2902 497.
796 2845 1671 2915 Parthus,'hwrcticus.—Rapiet,
1713 2846 1899 2900 scilicet
1948 2845 2111 2914 capti-

546 2917 935 2979 vum—Indus,
957 2918 1307 2977 immunditia,
1337 2916 1374 2967 Ι.

614 2989 741 3041 499.
793 2986 1062 3055 Gigantas,
1090 3001 1323 3055 sequares
1355 2985 1568 3051 diaboli,
1602 2985 1642 3041 I.

616 3056 741 3112 500.
790 3056 1102 3125 Alluphyltts
1124 3100 1137 3123 ,
1175 3057 1403 3127 diabolus
1434 3074 1451 3119 ;
1490 3057 1783 3111 Philistceus
1814 3072 1834 3121 ,‘
1862 3073 1954 3127 pro
2001 3057 2113 3108 dia-

549 3128 665 3197 bolo
690 3127 877 3197 posuit,
905 3128 1187 3195 alienigena
1207 3142 1237 3177 a
1265 3125 1393 3197 Deo,
1420 3127 1461 3180 I.
1732 3160 1743 3169 -

618 3196 739 3252 501.
764 3198 949 3261 Tutus,
974 3204 1225 3265 protectus
1245 3237 1259 3261 ,
1287 3196 1325 3248 1.

2291 2426 2427 2497 502.
2466 2428 2702 2495 Charon,
2746 2429 3007 2497 navigator
3050 2427 3264 2495 inferni,
3309 2426 3565 2480 diabolus.
3593 2426 3774 2480 —Nu-

2220 2509 2365 2558 men,
2393 2496 2566 2562 Deus;
2591 2499 2758 2551 malus
2780 2496 2925 2560 deus,
2952 2496 2993 2550 I.

2290 2566 2413 2620 505.
2443 2566 2635 2631 Fluso,
2664 2566 2836 2633 labiti,
2867 2566 3146 2633 deﬁcienti,
3177 2566 3214 2619 l.

2288 2635 2413 2691 506.
2446 2635 2615 2702 Fallo,
2644 2637 2879 2701 mentior,
2909 2635 3130 2705 decipio,
3158 2636 3197 2687 l.

2288 2706 2415 2761 507.
2448 2708 2636 2773 Orsus,
2660 2708 2903 2771 dixisset,
2936 2704 2977 2757 I.

2286 2773 2413 2849 508.
2444 2775 2685 2849 Periure,
2715 2776 2913 2849 fallaci.
2938 2806 3008 2849 σς-
3034 2774 3284 2849 Latroni,
3316 2773 3544 2849 diatreta,
3572 2776 3622 2849 I.

2291 2842 2414 2901 509.
2446 2842 2564 2912 Ait,
2593 2842 2863 2917 Apostolus
2889 2863 2907 2899 :
2942 2846 3075 2912 Quia
3100 2861 3200 2917 non
3228 2855 3300 2900 est
3328 2846 3475 2899 nobis
3498 2848 3775 2901 colluctatio

2221 2915 2458 2971 adversm
2487 2915 2693 2971 carnem
2715 2928 2761 2970 et
2786 2918 3113 2985 sanguinem,
3148 2916 3184 2967 Ι.

2291 2985 2414 3040 515.
2445 2985 2852 3055 Congredimur,
2883 2986 3200 3055 prwliamur,‘
3232 2986 3269 3038 Ι.

2290 3056 2416 3111 519.
2444 3054 2650 3123 Frena,
2680 3057 3070 3118 dominationes,
3098 3054 3136 3109 I.

2292 3125 2416 3179 520.
2448 3126 2621 3193 Belia,
2652 3126 2876 3189 diabolo,
2903 3127 2940 3180 Ι.

2294 3195 2418 3249 521.
2452 3196 2549 3263 Ut,
2579 3198 2739 3260 sicut,
2765 3196 2804 3249 Ι.

1900 3302 2450 3359 COMMENTARIUS.

1900 3304 2450 3360 COMMENTARIUS.

554 3413 699 3467 quem
734 3396 1305 3467 Vis_inipacta_quatit,
1365 3412 1465 3450 non
1519 3397 1633 3449 teris
1680 3394 1915 3448 machina
1958 3404 2123 3467 rostro
2149 3393 2197 3455 C
2229 3395 2524 3467 sagittando
2567 3395 2785 3467 valent,
2816 3394 3023 3467 sagittis
3073 3395 3258 3467 solitos
3307 3404 3467 3467 caput
3515 3392 3771 3467 redimire.

547 3462 760 3520 λήθεαι.
783 3462 1061 3530 Weitzius,
1093 3462 1419 3535 Prcesidium.
1455 3483 1605 3533 quem
1634 3482 1732 3518 non
1758 3470 1929 3535 fragor
1955 3462 2117 3517 hosti-

550 3553 667 3600 cus,
709 3536 881 3591 arietis
910 3544 997 3587 aut
1025 3537 1096 3587 vis
1127 3534 1356 3588 Concutit
1387 3536 1613 3598 impacta
1636 3578 1651 3601 ,
1698 3546 1782 3587 aut
1818 3534 1975 3586 (erato
2009 3550 2118 3585 ma-

548 3607 699 3659 china
732 3615 897 3659 rostro
936 3605 1152 3657 Arietat.
1194 3603 1308 3657 Gis.
1346 3607 1368 3658 I
1404 3606 1534 3657 edit.
1572 3606 1634 3658 ad
1682 3620 1871 3670 marg.,
1921 3601 2117 3656 Praesi-

549 3676 729 3739 dium,
756 3692 902 3744 quem
928 3690 1026 3727 non
1052 3678 1224 3741 fragor
1254 3674 1474 3727 hosticus
1494 3715 1511 3736 ,
1541 3675 1712 3726 arietis
1736 3683 1820 3727 aut
1848 3689 1992 3741 quem
2030 3672 2117 3744 Vis

548 3746 710 3808 quatit
735 3742 985 3811 impacta,
1018 3754 1176 3796 amita
1204 3759 1303 3797 non
1332 3745 1570 3796 machina
1603 3752 1768 3797 rostro
1795 3744 2002 3797 Arietat.
2036 3742 2117 3797 Si-

549 3814 799 3879 chardus,
825 3812 1153 3876 Prtesidium,
1185 3830 1331 3882 quem
1363 3830 1463 3865 non
1486 3814 1662 3883 fragor
1683 3815 1921 3875 hosticus,
1942 3814 2116 3867 arietis

546 3886 621 3936 vis
668 3883 898 3938 Concutit
942 3883 1183 3948 impacto,
1234 3894 1320 3934 aut
1364 3890 1522 3935 cerato
1555 3882 1653 3935 non
1683 3882 1919 3934 machina
1946 3893 2114 3936 rostro

548 3954 763 4004 Arietat.
808 3954 881 4005 Ita
913 3951 977 4005 ad
1014 3966 1161 4004 oram
1190 3969 1202 4002 :
1242 3967 1359 4004 nam
1395 3953 1447 4005 in
1481 3961 1624 4020 tpxtu
1666 3951 1898 4005 coha'ret
1930 3950 2112 4020 prima:

548 4020 771 4074 editioni
810 4020 1393 4074 GiscliniJIembrante
1437 4020 1589 4076 aedile
1626 4022 1763 4074 inter
1810 4035 1867 4073 se
1914 4021 2114 4076 discre-

544 4087 835 4155 pant.Cum
859 4088 1084 4159 EVeitzio
1106 4089 1304 4159 faciunt
1327 4091 1469 4153 Rat.,
1495 4091 1675 4159 Prag.,
1693 4091 1819 4159 Mar.
1844 4104 1874 4141 a
1894 4100 2111 4147 recente

548 4171 730 4220 manu,
764 4166 817 4210 et
858 4156 1031 4225 Egm.,
1084 4158 1183 4210 nisi
1227 4160 1365 4226 quod
1409 4159 1463 4211 in
1491 4156 1821 4224 hoc'legitur
1858 4159 2112 4215 mendose

548 4226 737 4279 arietus
791 4240 883 4291 pro
927 4228 1116 4278 arietis.
1163 4226 1292 4279 Tres
1332 4228 1541 4281 codices
1587 4228 1731 4285 Van.
1782 4242 1876 4294 pro
1927 4228 2111 4283 eadem

550 4296 778 4348 lectione
802 4295 1013 4348 Teolius
1040 4295 1249 4363 allegat.
1286 4296 1406 4349 Mihi
1433 4297 1589 4351 aliter
1614 4299 1805 4351 visum.
1838 4296 2112 4352 Mariettus

548 4378 578 4416 a
599 4366 765 4430 prima
795 4379 979 4436 manu,
997 4364 1239 4436 llosticus
1260 4367 1431 4418 arietis
1453 4377 1540 4417 aut
1572 4366 1660 4420 Vis
1682 4369 1905 4428 impacta
1925 4369 2109 4436 quatit,

547 4450 647 4485 non
669 4443 826 4505 (erato
849 4434 1082 4487 machina
1109 4445 1290 4489 rostro.
1322 4436 1592 4489 Mariettus
1620 4452 1725 4490 non
1755 4437 1888 4497 bene.
1914 4434 2110 4505 allega-

545 4513 697 4556 verat
730 4504 1041 4573 Sichardum
1063 4544 1077 4568 ,
1106 4505 1192 4571 qui
1225 4505 1274 4556 iu
1299 4520 1391 4557 sua
1418 4506 1581 4573 prima
1607 4506 1839 4559 editione
1862 4512 1890 4559 ε)
1923 4521 2007 4558 me
2026 4504 2110 4561 vi-

546 4586 659 4634 sus,
700 4574 771 4626 ita
805 4572 967 4626 edidit
1002 4582 1059 4624 ut
1104 4573 1259 4626 modo
1303 4572 1433 4628 dixi.
1466 4574 1618 4628 Alex.
1646 4577 1709 4630 ad
1740 4590 1913 4634 oram.
1952 4574 2106 4640 Urb.,

544 4640 1128 4713 Oxon.,_APra’sidium,
1174 4660 1318 4709 quem
1359 4662 1458 4697 non
1501 4645 1676 4713 fragor
1727 4646 1979 4705 hosticas,
2021 4657 2110 4700 aut

546 4712 716 4764 arietis
758 4710 841 4764 Vis
878 4713 1097 4777 impacta
1138 4715 1329 4778 quatit,
1361 4731 1461 4766 non
1483 4710 1640 4777 cerato
1669 4715 1902 4767 machina
1941 4724 2106 4769 rostro

544 4790 728 4853 contra
760 4752 1006 4835 metrum.
1038 4781 1092 4835 In
1124 4752 1246 4835 Ιίοῐ.
1277 4754 1330 4836 εί
1361 4752 1526 4837 tribtis
1554 4783 1731 4851 Tum,
1770 4784 1859 4837 Vis
1886 4752 2106 4853 impacti;
2133 4752 2188 4813 Β

540 4851 722 4917 quatit,
749 4867 893 4919 quem
912 4863 1068 4905 aerato
1100 4854 1331 4905 machina
1355 4864 1537 4906 rostro.

616 4919 753 4992 490.
795 4920 867 4973 De
896 4920 1127 4985 (,hristo,
1161 4921 1330 4989 lapide
1351 4920 1613 4991 augulari,
1656 4922 1741 4991 qui
1782 4932 1834 4976 et
1872 4923 2104 4992 parietes

545 4996 600 5061 et
626 4987 1308 5061 fundamentumrcontiuet,
1340 4987 1459 5046 vide
1489 4987 1921 5061 Chrysostomuiu
1952 4995 2098 5049 hour.

543 5057 599 5120 6,
623 5071 741 5127 cap.
772 5072 830 5127 ιι,
858 5058 922 5111 ad
950 5059 1147 5127 Ephes.

612 5126 739 5206 494.
800 5126 1160 5206 Weit.,’Gis.,
1191 5131 1470 5199 prwcingit.
1506 5132 1648 5196 ΒΜ..
1678 5134 1967 5203 prtecingit,
2011 5141 2105 5187 aut

538 5204 830 5265 pracinget.
1425 5242 1433 5250 .

611 5214 950 5337 i‘é‘ifii'epie
988 5268 1149 5337 aliqui
1174 5269 1238 5322 ad
1266 5242 1498 5337 reginam
1534 5269 1705 5334 Saba,
1733 5271 1821 5325 alii
1846 5271 1909 5325 ad
1939 5271 2099 5326 Dido-

544 5350 665 5390 nem
716 5334 769 5408 id
817 5334 1218 5408 transtulerunt.
1270 5334 1457 5406 Tyrios
1498 5339 1738 5408 intelligit
1784 5341 2107 5396 Prudentius

536 5418 656 5479 esse
685 5404 771 5479 vel
811 5406 1086 5479 avaritiam
1110 5450 1127 5473 ,
1157 5404 1569 5479 velﬁsuperliiam
1594 5451 1609 5475 ,
1644 5404 1759 5479 qua:
1786 5427 1879 5479 per
1906 5410 2105 5478 Tyrum

537 5474 1192 5554 allegorice.signiﬁcatur.
1232 5478 1359 5554 Vide
1385 5474 1867 5554 Ezechielfxxviu,
1896 5474 2105 5554 Ruper-

536 5551 649 5664 iam
699 5544 1018 5664 Tuitientem
1049 5562 1163 5615 cap.
1198 5564 1247 5600 ιχ
1280 5547 1435 5614 Osee,
1468 5557 1521 5602 et
1552 5548 1765 5619 Sylvam
1799 5544 2100 5620 allegoriar.

581 5628 710 5664 aure
737 5631 775 5664 ι.

581 5625 775 5667 aureu.

607 5683 733 5736 498.
767 5684 1343 5759 CarolusgPaschalius.
1373 5689 1439 5742 de
1464 5688 1689 5745 Coronis
1720 5706 1835 5759 pag.
1864 5690 1968 5745 200
1992 5731 2006 5755 ,
2036 5705 2101 5745 ex

539 5747 622 5805 bis
645 5753 888 5810 vorsibus
908 5755 1104 5825 colligit
1127 5755 1303 5827 Indos,
1334 5747 1386 5814 et
1417 5759 1468 5818 in
1499 5760 1579 5815 his
1603 5747 1931 5829 Baciriiinos,
1959 5747 2099 5832 quod
2132 5836 2137 5839 1

2295 3463 2419 3518 499.
2458 3465 2657 3534 iScripti
2694 3462 2962 3519 Heinsiani
2994 3472 3048 3519 et
3078 3464 3262 3534 Alex"
3286 3465 3564 3534 gigantas;
3596 3462 3683 3517 alii
3709 3464 3774 3534 gi-

2224 3544 2421 3603 gantes.
2455 3532 2652 3588 Harum
2683 3535 2914 3604 gentium
2943 3532 3214 3589 vocabulis
3246 3532 3619 3603 intelliguntur
3658 3533 3773 3583 vitia

2220 3619 2336 3685 qua:
2361 3604 2439 3658 eis
2456 3603 2856 3686 quodammodo
2878 3603 3328 3686 dominabantur,
3363 3614 3453 3657 aut
3491 3603 3773 3661 daemones,

2219 3675 2306 3742 qui
2335 3688 2397 3727 ea
2420 3675 2544 3727 vitia
2569 3674 2847 3743 inspirant.
2878 3673 3011 3727 Vide
3038 3673 3261 3743 glossas.

2219 3812 2233 3821 _
2290 3742 2436 3821 500.“
2457 3741 2563 3821 Cur
2588 3744 2646 3821 _in
2684 3742 2986 3821 Allophylus
3014 3761 3045 3813 ει
3074 3744 3413 3821 corripiatur,
3444 3742 3776 3821 dixi_in_prn-

2219 3812 2323 3882 leg.
2356 3813 2671 3882 Allophylus
2700 3810 2887 3867 Graece
2920 3810 3075 3867 sonat
3114 3810 3421 3881 alienigena.
3454 3814 3496 3864 A
3529 3810 3774 3866 Christia-

2220 3881 2303 3935 nis
2332 3881 2675 3951 scriptoribus
2714 3884 2908 3951 nassim
2950 3897 3048 3951 pro
3088 3882 3355 3937 Philistaao
3395 3882 3697 3948 accipitur;
3733 3888 3779 3933 et

2218 3950 2637 4021 proPhilistzeis
2666 3950 2805 4021 LXX
2850 3950 3168 4021 interpretes
3214 3960 3428 4015 vertunt
3473 3953 3775 4021 allaphytos.

2219 4019 2279 4074 S.
2324 4020 2588 4075 Orientius
2636 4022 2687 4074 in
2732 4019 3012 4076 Commonl
3045 4022 3133 4076 lib.
3178 4038 3193 4075 I
3230 4037 3379 4076 nova:
3422 4019 3778 4076 collectaEd-

2219 4091 2400 4144 mundi
2424 4090 2657 4159 Μαι-18ης
2687 4105 2810 4159 pag.
2842 4090 2901 4143 11
2935 4108 2947 4143 :
2978 4089 3136 4144 Illum
3164 4093 3378 4157 miri/ica
3420 4093 3675 4159 fatnosum
3704 4107 3776 4141 ro-

2217 4159 2334 4230 lgore
2365 4159 2585 4230 Sqmson
2614 4158 2809 4230 Forma
2846 4162 3016 4213 decem
3054 4161 3195 4214 strvis
3236 4158 3443 4213 tradidit
3475 4160 3774 4230 Allaphylis.

2216 4228 2274 4299 S.
2300 4229 2548 4283 Paulinus
2574 4230 2743 4283 Natali
2770 4229 2805 4299 87
2828 4247 2841 4284 :
2874 4229 3072 4284 Credite
3094 4271 3109 4295 ,
3139 4246 3239 4282 non
3267 4232 3440 4295 armis,
3489 4228 3650 4299 neque
3670 4228 3777 4281 ciri-

2218 4298 2307 4351 bus
2336 4315 2443 4352 esse
2472 4301 2715 4353 timendos
2742 4298 3074 4367 Allophylum
3102 4301 3337 4367 populos.
3374 4300 3437 4353 Et
3467 4301 3518 4352 in
3548 4298 3778 4352 Carmine

2220 4367 2285 4420 ad
2310 4368 2616 4437 Cytheriuin
2641 4370 2706 4422 de
2737 4367 3011 4437 naufragio
3043 4368 3341 4422 Martiuiani
3373 4370 3646 4437 Allaphyla
3674 4384 3778 4419 mu-

2217 4437 2312 4488 lier
2342 4447 2414 4507 est
2444 4438 2567 4490 mihi
2606 4439 2688 4491 lca:
2718 4454 2919 4490 carnea.
2953 4437 3277 4507 Aliarvideri
3324 4448 3544 4507 possunt
3592 4440 3643 4492 iu
3690 4438 3778 4490 Se-

2215 4519 2342 4559 vero
2369 4506 2623 4574 Sulpicio,
2658 4508 2709 4561 in
2737 4509 2931 4562 Attone
2957 4508 3023 4561 de
3050 4506 3333 4562 obsidione
3353 4508 3596 4563 Lutetize.

2287 4574 2411 4629 505.
2459 4576 2640 4645 Prag.,
2669 4580 2835 4629 varias
2868 4592 2962 4645 pro
2990 4593 3167 4632 vanas.
3338 4610 3341 4615 ~

2439 4645 2561 4724 Eat.
2590 4647 2663 4709 Α,
2694 4646 2814 4699 Jam
2846 4662 3048 4724 vanum.
3078 4647 3257 4724 Frag.)
3295 4647 3431 4724 Nam
3473 4662 3647 4699 vanum
3678 4654 3769 4700 est.

2285 4712 2409 4769 505.
2439 4716 2574 4780 PaL,
2597 4728 2777 4769 cuncta
2807 4716 3129 4779 volubilibus,
3172 4712 3345 4771 minus
3377 4718 3530 4772 bene.

2283 4783 2407 4839 506.
2442 4785 2497 4838 In
2524 4787 2790 4840 nonnullis
2819 4787 2983 4854 vulg.,
3013 4788 3169 4854 male,
3206 4796 3497 4841 creaturam
3525 4802 3620 4854 pro
3643 4801 3778 4837 credo

2213 4862 2400 4909 turam.
2434 4855 2603 4921 Epist.
2625 4856 2691 4909 ad
2725 4854 2877 4911 Rom.
2904 4872 2994 4910 νιιι
3016 4896 3030 4921 ,
3057 4855 3166 4909 2οε
3208 4855 3431 4910 Vanitati
3464 4862 3596 4909 enim
3638 4872 3775 4909 crea-

2212 4932 2350 5003 tura_
2371 4925 2594 4993 subjecta
2620 4936 2693 5003 est
2734 4942 2835 4978 non
2848 4925 3053 5003 potens,
3076 4934 3217 5003 etc._:
3246 4928 3434 5003 scimus
3481 4927 3613 4979 enim
3649 4925 3778 5003 quod

2213 4995 2375 5045 omnis
2400 5003 2634 5047 creatura
2674 4995 3071 5065 ingemiscit.....
3096 5006 3141 5049 et
3186 4996 3281 5064 ipsi
3322 4998 3459 5049 intra
3506 5012 3599 5048 nos
3628 4995 3779 5065 gemi—

2214 5078 2349 5128 mus,
2379 5064 2701 5128 adoptionem
2731 5063 2957 5131 ﬁliorum
2988 5065 3086 5119 Dei
3107 5063 3450 5133 exspectantes
3479 5063 3778 5135 redemptis-

2214 5148 2325 5185 nem
2352 5135 2575 5188 corvoris
2603 5136 2777 5188 nostri.
2820 5176 2827 5183 .

2286 5200 2405 5276 509.
2438 5200 2563 5276 ﬁnge
2597 5218 2704 5276 non
2747 5219 2812 5259 ex
2855 5204 3089 5276 Epistula
3132 5205 3197 5276 ad
3237 5204 3539 5276 Romanos,
3572 5203 3666 5276 sed
3705 5218 3773 5276 es

2214 5270 2315 5324 alia
2342 5271 2407 5325 ad
2437 5272 2696 5341 Ephesios
2722 5289 2771 5327 γι
2790 5315 2805 5337 ,
2833 5270 2926 5341 I2,
2956 5275 3117 5329 sumit
3146 5274 3487 5339 Prudentius,
3513 5273 3665 5343 cujus
3703 5274 3777 5327 in-

2214 5344 2648 5416 terpretationem
2661 5344 3054 5416 vindicarimus
3085 5346 3284 5416 proleg.
3309 5360 3429 5415 cap.
3458 5344 3511 5399 9.

2286 5411 2407 5465 518.
2442 5411 2550 5467 Gis.
2577 5422 2632 5467 et
2658 5414 2838 5479 Fabr.,
2861 5432 2921 5468 ac
2946 5411 3123 5468 vacuo.

2284 5481 2407 5553 520.
2439 5481 2828 5553 Egm.,rBellia.
2856 5484 3034 5553 γωδ..
3059 5484 3246 5539 Belial.
3283 5485 3644 5547 Vetustiores,
3678 5480 3774 5553 Βε-

2213 5550 2306 5622 lia.
2335 5552 2406 5605 Ita
2437 5550 2577 5622 enim
2623 5552 2938 5609 Prudentius
2962 5550 3283 5622 'bujusmodi
3318 5556 3531 5610 nomina
3564 5552 3773 5622 pr0pria

2212 5621 2403 5694 ell'erre
2450 5620 2586 5674 solet
2616 5622 2791 5690 Helia,
2820 5625 2979 5690 Belia,
3008 5620 3176 5689 Iuda,
3210 5641 3327 5693 qius
3368 5620 3599 5694 alioquin
3640 5624 3690 5694 iri
3719 5638 3774 5673 as

2210 5692 2580 5745 terminantur.
2618 5694 2768 5757 Quod
2797 5702 2973 5748 autem
3005 5695 3056 5749 in
3101 5692 3275 5758 Belia,
3315 5705 3407 5748 aut
3449 5692 3613 5749 Belial
3656 5692 3774 5745 dua

2154 5767 2163 5778 '
2213 5760 2399 5831 prima:
2423 5759 2491 5813 ab
2515 5760 2635 5820 aliis
2657 5764 3027 5835 corripiantur,
3060 5766 3189 5824 uibil
3218 5765 3402 5824 refert.
