3950 6326
180 347 208 399 1
222 346 335 402 089

365 461 485 515 Oris
512 459 792 529 apostolici
821 461 971 516 testis
992 460 1250 515 sententia
1277 446 1470 529 prodit.

367 549 528 621 550
569 550 737 605 Nemo
777 550 1014 606 habitum
1057 556 1288 617 naturae,
1329 559 1419 604 aut
1466 550 1757 605 irritamina

1442 640 1689 709 [peccans

368 731 619 801 Corporis
644 740 896 787 accuset:
929 729 1083 786 facile
1109 739 1191 786 est
1216 731 1427 787 frenare
1452 730 1681 787 rebelles

364 822 600 877 Affectus
631 822 838 887 carnis,
867 822 1162 891 nimiosque
1190 821 1477 877 retundere
1508 822 1689 891 pulsus

364 913 595 968 Materiae
619 912 843 981 fragilis,
870 919 926 967 et
948 912 1154 966 viscera
1184 914 1320 966 victa
1346 911 1585 966 domare.

365 1002 568 1073 Quippe
584 1003 792 1057 animus
804 1002 959 1072 longe
977 1001 1335 1069 praestantior,
1351 1009 1535 1071 utpote
1551 1014 1758 1056 summo

363 1092 585 1147 Emere
604 1092 892 1158 demissus,
923 1092 1195 1161 subjectos
1221 1092 1267 1146 si
1291 1094 1421 1148 velit
1446 1101 1593 1147 artus

364 1183 593 1252 imperio
622 1196 877 1252 quassare
902 1184 1081 1251 gravi,
1107 1176 1378 1252 iussisque
1398 1184 1602 1238 severis

363 1273 589 1340 Dedere,
615 1274 858 1343 regnanti
892 1273 1109 1328 domino
1135 1274 1217 1328 vis
1244 1272 1388 1328 nulla
1415 1274 1647 1330 resistet.

362 1367 528 1432 Major
556 1366 696 1420 inest
723 1365 802 1419 vis
826 1365 913 1420 illa
943 1365 1144 1420 homini
1164 1368 1191 1430 ,“
1210 1381 1331 1436 qua:
1358 1365 1523 1421 ﬂatile
1553 1368 1702 1421 virus

371 1457 568 1523 Ingerit
585 1497 601 1522 ,
628 1465 681 1512 et
708 1465 920 1511 tenuem
950 1456 1096 1511 tenui
1125 1456 1248 1511 ferit
1270 1472 1394 1512 aere
1421 1466 1675 1513 mentem.

362 1549 606 1603 Parthica
634 1564 739 1603 non
770 1564 921 1618 aeque
959 1559 1147 1603 ventos
1178 1550 1493 1604 transcurrit
1526 1550 1754 1616 arundo,

360 1640 523 1707 Cujus
552 1637 654 1693 iter
685 1639 860 1694 nullus
891 1640 1028 1708 potis
1049 1649 1131 1695 est
1156 1640 1545 1709 comprendere
1572 1641 1755 1696 visus:

176 1730 286 1786 555
358 1728 576 1799 Prupes
610 1731 785 1797 enim,
818 1730 1059 1786 volucres
1088 1730 1214 1785 dum
1242 1731 1434 1800 pennis
1463 1732 1761 1786 transvolat

1486 1824 1682 1894 [auras,

360 1916 648 1985 lmprovisa
678 1917 852 1981 venit,
885 1929 983 1969 nec
1012 1915 1213 1970 stridor
1240 1916 1446 1970 nuntiat
1465 1923 1589 1969 ante

361 2010 658 2063 Adventum
689 2006 835 2070 Iethi,
869 2022 1022 2075 quam
1058 2006 1289 2074 pectoris
1317 2005 1492 2059 abdita
1525 2014 1756 2074 rumpat,

363 2098 620 2154 Securum
650 2100 863 2167 rapiens
890 2097 1151 2151 medicato
1178 2096 1400 2151 vulnere
1422 2097 1606 2151 vitam.

364 2191 473 2246 Sed
501 2190 667 2262 magis
702 2192 894 2259 aligera
932 2200 1045 2256 est,
1080 2191 1249 2261 magis
1273 2200 1327 2246 et
1366 2192 1626 2246 medicata
1670 2206 1758 2246 sa-

1506 2280 1685 2351 [gitta,

181 2373 291 2428 540
366 2371 520 2445 54],
562 2372 730 2439 Quam
755 2372 882 2441 jacit
924 2370 1161 2427 umbrosi
1208 2369 1500 2425 dominatio
1550 2370 1754 2425 lubrica

1449 2464 1653 2534 [mundi
1672 2506 1687 2526 ,

364 2556 592 2611 Eludens
621 2570 843 2612 excussa
871 2557 1073 2618 oculos,
1098 2555 1392 2624 calamique
1418 2555 1658 2610 volantis

174 1272 287 1327 550

1529 347 2057 406 HAMARTIGENIA.

1782 470 1834 525 A

3291 362 3426 418 105)

2036 465 2274 533 Pmpete
2298 472 2605 519 transcursu
2629 465 2809 519 cordis
2840 467 3127 534 penetralia
3170 469 3354 537 figens.

2038 552 2143 609 Nec
2182 553 2359 623 segnis
2395 562 2581 608 natura
2627 555 2820 609 animae
2858 563 2969 624 est,
3010 564 3102 609 aut
3146 558 3295 611 tarda
3338 575 3427 613 οτι·

3179 649 3357 719 [vendi

2042 720 2324 790 Vulneris:
2354 735 2573 805 ignitum
2607 735 2854 804 quoniam
2880 736 3019 791 Deus
3051 737 3238 793 indidit
3266 741 3357 794 olli

1864 821 1967 878 545
2040 822 2311 892 Ingenium
2332 866 2344 886 ,
2374 838 2561 892 purum
2580 868 2595 893 ,
2621 818 3108 895 sapiens,isubtile,
3144 843 3429 897 serenum,

2039 912 2255 977 Mobile,
2280 913 2564 967 sollicitum
2582 954 2598 979 ,
2618 914 2771 970 velox
2788 956 2802 971 .
2830 917 3149 986 vegetabile,
3175 930 3384 973 acutum
3412 938 3425 974 :

2044 1003 2324 1059 Factorem
2357 1005 2513 1059 modo
2539 1015 2683 1060 casta
2713 1021 2865 1061 suum
2888 1019 3194 1075 veneretur,
3217 1020 3269 1064 et
3296 1012 3393 1079 ipsi
3482 1003 3487 1023 '

2037 1094 2257 1159 Militet,
2283 1110 2344 1149 ac
2369 1096 2565 1150 victum
2597 1098 2866 1165 proculcet
2898 1098 3075 1153 sobria
3112 1101 3392 1167 mundum;

2038 1183 2122 1239 Nil
2141 1186 2207 1239 dc
2236 1186 2498 1251 pestiferis
2520 1186 2729 1256 opibus,
2755 1196 2846 1242 aut
2876 1188 3168 1244 falsificatis

2038 1276 2321 1330 Terrarum
2345 1278 2527 1345 spoliis
2550 1277 2713 1333 stulto
2737 1278 3089 1334 oblectamine
3120 1280 3313 1346 libans,

2038 1366 2115 1421 Ne
2140 1369 2238 1422 sub
2270 1368 2409 1423 fasce
2429 1369 2635 1437 jacens,
2667 1368 2842 1425 alieno
2864 1381 2917 1423 et
2938 1371 3112 1425 dedita
3146 1388 3308 1442 regno

2036 1457 2151 1513 Non
2178 1467 2335 1527 queat
2358 1470 2572 1529 argutas
2602 1460 2769 1514 hostis
2792 1461 2959 1515 vitare
2985 1464 3224 1530 sagittas.

2040 1550 2141 1605 Sed
2170 1549 2293 1618 quid
2321 1565 2420 1619 ego
2459 1565 2619 1606 omne
2649 1553 2843 1605 malum
2896 1553 3213 1621 mundique,
3260 1553 3431 1609 homi-

2857 1642 3113 1712 [numque
3144 1643 3355 1713 maligni

2040 1730 2215 1786 Hostis
2250 1730 2316 1785 ad
2349 1730 2597 1787 invidiam
2640 1732 2972 1801 detorqueo:
3003 1748 3123 1788 cum
3156 1736 3293 1788 mala
3328 1750 3427 1789 no-

3204 1824 3357 1895 [stra,

2039 1914 2114 1970 Ex
2147 1917 2341 1970 nostris
2370 1926 2614 1972 concreta
2662 1914 2875 1983 animis,
2907 1931 3093 1987 genus,
3138 1927 3193 1973 et
3238 1926 3429 1987 caput,

3125 2009 3200 2079 [et
3232 2010 3359 2062 vim.

2038 2097 2195 2167 55.2
2218 2097 2351 2164 Quid
2380 2099 2514 2165 sint,
2538 2099 2664 2169 quid
2689 2100 2917 2167 valeant,
2944 2108 3157 2155 sumant
3184 2100 3250 2153 de
3270 2096 3432 2153 corde

3085 2191 3360 2260 [ρει-θυιθῖ

2038 2278 2128 2333 Ille
2159 2278 2373 2348 quidem
2419 2279 2589 2335 fomes
2618 2290 2956 2347 nostrorum,
2994 2289 3049 2335 et
3076 2295 3233 2334 causa
3266 2281 3434 2334 malos

3093 2374 3230 2443 [rum
3259 2382 3361 2427 est.

2044 2461 2147 2539 Sed
2190 2472 2393 2518 tantum
2437 2464 2651 2521 turbare
2683 2473 2887 2534 potest,
2918 2475 3009 2520 aut
3040 2464 3223 2521 fallere
3262 2479 3431 2532 quan-

3231 2560 3382 2628 [tum

1865 1275 1969 1332 550

1863 1913 1967 1970 555

1490 2664 1767 2722 GLOSSIE
1807 2663 2134 2724 VETERES.

257 2785 379 2842 522.
411 2786 622 2849 Prodit,
648 2785 807 2850 dicit,
837 2783 941 2837 lso.

258 2856 381 2911 525.
414 2856 741 2920 lrritamina,
770 2852 1149 2921 provocamina,
1179 2851 1572 2916 provocationes,
1602 2852 1747 2919 quia,

185 2942 397 2995 corpore
426 2935 723 2993 provocante
748 2932 794 2978 et
822 2932 1139 2994 suggerente,
1169 2921 1340 2973 anima
1368 2921 1612 2974 consentit
1640 2936 1752 2990 pec-

187 3006 359 3050 catum
386 2996 685 3063 aliquando,
716 2996 755 3049 Ι.

256 3066 386 3120 525.
419 3065 672 3129 Affectus,
699 3064 948 3118 desideria
966 3102 980 3124 ,
1007 3064 1046 3116 Ι.

258 3135 385 3189 527.
434 3134 809 3201 Ριδωδιευιίοιι,
859 3134 1068 3195 melior,
1119 3130 1339 3185 nobilior
1392 3132 1579 3183 scilicet
1632 3144 1747 3180 cor-

279 3222 327 3271 e,
360 3206 398 3260 Ι.
1510 3204 1517 3211 ’

184 3220 327 3275 pore,
360 3220 398 3260 I.

252 3274 377 3331 529.
408 3274 699 3341 Quassare,
748 3275 988 3345 fatigare,
1039 3274 1303 3336 edomare,
1354 3286 1597 3337 premere,
1650 3269 1750 3322 da-

186 3361 347 3409 mare,
380 3345 421 3399 l.

254 3416 379 3469 550.
414 3415 639 3485 Dedere,
672 3431 935 3485 occupare,
960 3413 1129 3467 animo
1160 3413 1378 3485 tradere.
1407 3437 1478 3451 -—
1505 3409 1753 3473 Domino,

184 3486 376 3538 animo.
399 3514 467 3524 —
495 3484 586 3539 Vis
618 3485 759 3538 nulla
780 3481 802 3548 ,’
827 3485 1016 3537 scilicet
1042 3484 1287 3553 corporis,

254 3556 375 3608 ssi.
411 3554 599 3622 Major,
632 3556 695 3607 de
722 3557 890 3606 animo
920 3553 1063 3608 dicit.
1085 3549 1155 3593 —'—
1184 3552 1269 3605 Vis
1318 3549 1749 3622 illa,rdiaboli_._l.

250 3623 373 3678 552.
406 3618 631 3692 Ingerit,
655 3625 896 3676 intmittit.
916 3652 984 3662 —
1004 3623 1239 3692 Tenuem
1258 3661 1273 3685 ,
1298 3621 1548 3690 fragilem.
1564 3648 1630 3663 -κ
1658 3618 1754 3672 Fe-

182 3693 275 3755 rit,
307 3690 628 3761 percuiit.—
654 3695 812 3756 Aere,
840 3694 1182 3759 persuasione,
1213 3690 1253 3743 Ι.

258 3764 385 3819 555.
418 3762 619 3833 .Eque,
662 3762 920 3827 similiter,
961 3777 1060 3816 non
1098 3763 1192 3815 sic.
1214 3788 1283 3801 —
1310 3760 1560 3827 Arundo,
1591 3762 1754 3831 sagit-

1863 2790 1945 2845 ta,
1981 2781 2017 2832 I.

1930 2851 2053 2905 555.
2090 2850 2321 2917 Prmpes,
2352 2853 2524 2913 velox,
2552 2852 2589 2905 l.
2866 2888 2869 2891 .

1929 2922 2055 2975 558.
2088 2921 2366 2983 Medicalo,
2398 2922 2550 2985 illita,
2585 2921 2826 2985 toxicato,
2853 2921 2888 2971 Ι.

1927 2990 2048 3045 559.
2080 2990 2285 3053 Aligera
2305 3031 2319 3053 ,
2351 2991 2512 3043 velox.
2538 3019 2605 3028 ———
2638 2990 2887 3043 Medicata
2908 3033 2921 3056 ,
2948 3000 3216 3052 venenata,
3250 2993 3286 3045 l.

1926 3060 2051 3114 540.
2092 3058 2336 3114 Umbrosi
2355 3100 2369 3126 ,
2404 3059 2671 3111 tenebrosi.
2698 3088 2763 3098 —
2793 3060 3002 3121 Mundi,
3032 3060 3252 3125 diaboli,
3281 3062 3319 3114 1.

1926 3129 2050 3185 5H.
2083 3128 2339 3194 Eludens,
2372 3130 2647 3199 decipiens.
2672 3159 2739 3168 —
2767 3129 3030 3195 Excussa,
3066 3131 3330 3199 sagittam.
3357 3162 3375 3171 ο
3410 3158 3424 3172 υ

1783 3218 1829 3282 c
1866 3198 2064 3282 eam
2083 3200 2211 3282 ’.ιεέξ
2226 3198 2312 3282 .1:

1932 3268 2055 3323 546.
2087 3269 2369 3338 Agitabile,
2399 3267 2600 3333 mobile,
2628 3269 2664 3323 I.

1930 3340 2058 3394 550.
2089 3338 2307 3405 Libans,
2332 3339 2559 3407 cupiens,
2588 3340 2626 3393 Ι.

1930 3410 2053 3463 551.
2089 3408 2277 3473 Fasce,
2310 3425 2479 3472 onere,
2508 3409 2546 3462 l.

1929 3480 2056 3533 552.
2090 3480 2336 3547 Argutas,
2364 3480 2553 3532 scilicet
2579 3479 2720 3543 viles,
2746 3480 2782 3534 Ι.

1929 3549 2054 3603 554.
2088 3549 2407 3618 Detorqueo,
2431 3558 2684 3612 converto,
2713 3548 2752 3603 I.

1927 3619 2053 3672 555.
2085 3618 2373 3683 Conereta,
2401 3619 2702 3687 coagulata,
2734 3618 2833 3672 lso.

1931 3688 2055 3809 5‘57.
2089 3688 2211 3812 llltla,
2252 3686 2593 3742 diabolus.—
2622 3686 2831 3752 Fomes,
2873 3687 3205 3752 incentivum,
3232 3690 3306 3743 vel
3344 3689 3423 3742 in-

1931 3776 1949 3811 t
1989 3774 2121 3812 tum.
2180 3795 2195 3811 .

1858 3759 2093 3813 cendium
2106 3801 2121 3825 ,
2155 3759 2195 3812 Ι.
3486 3776 3489 3781 ν

1510 3870 2069 3970 COMMENTARIUS.

245 4030 369 4086 525.
402 4029 555 4097 Mar.,
587 4030 892 4101 nimiosque,
930 4029 1024 4086 sed
1054 4024 1213 4100 supra
1242 4028 1525 4085 recentiori
1560 4043 1747 4096 manu,

183 4102 533 4169 minimasque.

246 4172 376 4226 550.
410 4167 563 4223 Alex.
594 4184 712 4224 cum
746 4171 1046 4227 Heinsianis
1076 4168 1343 4225 nonnullis
1378 4169 1593 4221 resistet.
1625 4167 1744 4221 Ald.

182 4242 340 4311 etgalii
365 4240 493 4311 editi
516 4255 635 4311 cum
664 4240 789 4295 Urb.
814 4243 1037 4311 aliisque
1065 4256 1217 4306 mss.,
1246 4239 1462 4311 resistit:
1488 4237 1625 4307 quod
1653 4252 1748 4292 ne-

182 4309 293 4363 scio
323 4326 419 4363 cur
458 4310 704 4364 lleinsius
753 4309 966 4366 damnet
1011 4329 1022 4361 :
1068 4326 1187 4363 nam
1237 4310 1375 4363 idem
1419 4317 1499 4361 est
1536 4321 1743 4361 sensus.

182 4376 465 4499 Serperam
485 4390 659 4434 autem
682 4381 874 4451 vulgati
903 4380 1296 4449 distinguebant
1314 4378 1496 4431 dedere
1516 4378 1749 4447 regnanti

218 4464 413 4499 οπηηο.

218 4464 413 4503 οπηηο.

248 4519 371 4590 555.
405 4520 587 4588 Prag.,
614 4522 918 4574 transcendit
946 4536 1039 4590 pro
1066 4519 1381 4572 transcurrit.
1415 4516 1619 4590 Veruli,
1650 4532 1743 4572 seu

185 4588 272 4658 teli
291 4586 810 4658 cursum'eleganter
834 4586 1003 4645 dici'a
1037 4590 1282 4643 Lucretio
1312 4594 1459 4642 notat
1480 4586 1738 4651 Gifanius,

186 4667 236 4708 et
260 4656 362 4728 hnc
393 4656 662 4712 Prudentii
695 4662 998 4728 exemplum
1024 4661 1235 4727 allegat.

254 4727 373 4781 555.
402 4728 546 4791 Ald.,
573 4728 786 4791 Weitz.,
816 4727 977 4793 Mar.,
1006 4729 1253 4792 volucris,
1284 4727 1475 4783 melius
1512 4727 1631 4791 alii,
1659 4742 1747 4779 vo-

188 4794 372 4868 lateres,-
402 4798 455 4851 in
487 4812 617 4852 mss.
645 4799 871 4868 antiquis
905 4814 1058 4853 casus
1098 4798 1397 4867 huiusmodi
1433 4812 1583 4868 saepe
1610 4797 1662 4850 in
1700 4797 1745 4849 is

188 4867 553 4936 terminantur,
580 4883 642 4921 ex
674 4867 862 4936 quo’ea
886 4871 1112 4923 varietas
1140 4868 1265 4921 oriri
1298 4867 1486 4935 potuit.

251 4935 367 5054 5'57.
422 4938 614 5001 Fabr.,
664 4935 863 5007 Bong.,
914 4940 1073 5003 Mar.,
1128 4938 1309 5000 Sich.,
1358 4938 1584 5005 rumpit,
1638 4950 1743 4991 non

290 5020 337 5054 ε.

190 5016 337 5057 male.

254 5072 373 5129 558.
408 5075 595 5143 Egm.,
642 5073 684 5129 a'
722 5078 951 5132 secunda
1002 5092 1189 5139 manu,
1241 5076 1440 5144 Bong.,
1483 5074 1631 5130 Sich.
1678 5077 1746 5129 ad

190 5154 355 5210 oram,
382 5144 521 5211 Put.,
548 5146 745 5217 Oxon,
769 5148 1001 5213 Thuan.,
1032 5157 1320 5217 penetrans.
1348 5146 1496 5215 Egm.
1524 5160 1551 5197 a
1578 5146 1745 5215 prima

192 5226 371 5288 manu,
412 5217 593 5282 Alex.,
637 5216 788 5282 Urb.,
832 5218 1024 5286 aliique
1071 5216 1237 5271 nostri
1282 5230 1402 5269 cum
1446 5217 1619 5285 vulg.,
1662 5230 1747 5267 ra-

190 5297 339 5347 piens.

222 5353 369 5473 r555.
395 5355 583 5473 (Egmw
610 5357 781 5425 segni,
814 5371 917 5410 non
945 5356 1101 5423 bene,
1136 5369 1231 5424 pro
1255 5356 1438 5425 segnis.
1474 5354 1620 5422 Ald.,
1655 5365 1742 5418 ut;

241 5439 252 5473 Ι
291 5465 305 5473 .
328 5442 389 5473 an
417 5465 431 5473 .

190 5435 272 5475 aut
291 5465 305 5487 ,
328 5438 431 5479 aut.

253 5494 367 5550 546.
397 5497 604 5563 Legunt
623 5495 787 5549 nobile
806 5494 923 5549 Rat.
950 5510 977 5547 a
1003 5495 1172 5562 prima
1199 5493 1740 5563 manu,Mar.,Prag.,
1764 5526 1775 5531 -

187 5558 391 5632 WeitL,
422 5558 535 5620 (iis.
577 5564 683 5619 Sed
713 5566 761 5618 in
802 5558 1048 5619 omnibus
1092 5564 1303 5627 ileins.,
1339 5564 1490 5625 Ald.,
1522 5562 1637 5615 Vat.
1664 5558 1738 5625 Ᾰ,

185 5634 353 5700 Alex.,
386 5636 507 5688 Rat.
536 5648 567 5687 a
603 5635 834 5688 secunda
862 5650 1017 5689 manu
1041 5675 1053 5698 ,
1086 5634 1288 5687 mobile.
1313 5635 1397 5688 Sic
1436 5632 1625 5687 melius
1661 5641 1743 5685 est

182 5705 443 5769 vegetabile
465 5719 585 5773 cum
615 5704 826 5758 Tbuan.
856 5720 884 5757 a
912 5720 1066 5759 manu
1097 5708 1280 5773 prima,
1309 5705 1483 5765 Alex.,
1514 5703 1741 5773 Boherio

184 5783 498 5838 pervetusto.
531 5772 663 5829 Nam
704 5775 969 5844 agitabile,
1011 5770 1149 5845 quod
1195 5774 1283 5829 alii
1323 5774 1552 5837 habent,
1598 5770 1736 5826 idem

1852 4037 2007 4084 sonat
2036 4042 2097 4083 ac
2125 4028 2323 4081 mobile.
2358 4026 2471 4081 Non
2510 4036 2589 4082 est
2627 4035 2803 4082 autem
2835 4026 3217 4082 contemnenda
3264 4028 3422 4083 lectio

1854 4099 2037 4161 nobile,
2067 4096 2328 4168 agitabile,
2358 4106 2677 4168 quaerexstat
2713 4098 2766 4168 in
2796 4094 2926 4152 Urb.
2954 4106 3006 4151 et
3036 4097 3172 4151 aliis.
3206 4098 3423 4155 Teolius

1853 4169 1903 4221 in
1936 4182 2040 4222 uno
2069 4166 2268 4222 tantum
2300 4167 2417 4221 Vat.
2444 4166 2574 4221 vidit
2601 4166 2786 4221 nobile.

1923 4238 2046 4293 547.
2079 4237 2271 4305 Optimi
2326 4238 2626 4302 lleinsiani,
2658 4237 2810 4303 Mar.,
2850 4238 3003 4303 Rat.,
3032 4240 3182 4294 Alex.
3203 4280 3218 4303 ,
3247 4238 3417 4305 Sich.,

1855 4305 2067 4375 Weitz.,
2095 4320 2253 4377 casta.
2281 4307 2396 4361 Vat.
2424 4311 2489 4373 Α,
2518 4307 2662 4371 Ald.,
2691 4306 2831 4374 Gis.,
2859 4306 3013 4373 Urb.,
3043 4311 3196 4377 facta.
3280 4369 3282 4373 ν

1924 4378 2053 4439 549.
2081 4377 2135 4430 In
2167 4376 2286 4431 Rat.
2318 4378 2413 4430 fuit
2442 4378 2795 4447 falsiﬁcantis,
2824 4378 2914 4430 sed
2956 4396 2985 4431 n
3016 4376 3096 4431 cst
3123 4378 3415 4433 inductum.

1854 4444 2131 4515 Falsiﬁcus
2153 4448 2320 4501 Plauti
2345 4444 2450 4502 est.
2472 4444 2796 4502 Faeciolatus
2820 4447 3093 4569 falsigcare
3108 4449 3170 4500 ad
3196 4449 3417 4501 barbara

1857 4518 2070 4569 reiecit.
2097 4531 2215 4569 cum
2244 4517 2389 4569 plura
2413 4518 2513 4569 alia
2543 4518 2705 4569 verba
2734 4518 2900 4569 solius
2972 4518 3197 4569 rudentii
3236 4526 3417 4568 aucto-

1857 4518 2070 4583 rejecit,
2097 4531 2215 4571 cum
2244 4517 2389 4586 plura
2413 4518 2513 4570 alia
2543 4518 2705 4571 verba
2734 4518 2900 4570 solius
2928 4517 3207 4586 Prudentii
3236 4526 3420 4586 aucto-

1854 4585 2012 4641 ritate
2041 4588 2178 4641 inter
2201 4584 2386 4640 Latina
2411 4588 2755 4653 reposuisset.
2787 4587 2839 4639 In
2867 4586 3099 4639 editione
3118 4584 3151 4636 2
3173 4584 3415 4644 Giselini,

1854 4665 1908 4709 et
1962 4659 2013 4710 in
2067 4657 2293 4724 quodam
2346 4656 2636 4723 exemplari
2690 4655 2939 4710 editionis
2990 4653 3301 4708 Weilzianc
3350 4653 3416 4705 ad

1854 4739 2047 4794 marg,
2074 4728 2151 4778 vel
2183 4740 2275 4794 pro
2304 4733 2412 4794 aut.

1923 4792 2049 4850 551.
2084 4792 2239 4859 Mar.,
2264 4793 2479 4859 Weilz.,
2510 4811 2601 4857 ne;
2642 4795 2763 4857 alii,
2794 4811 2903 4848 nec.
2935 4794 3074 4857 Rat.,
3117 4810 3237 4846 non.
3274 4792 3418 4845 Non-

1768 4854 1822 4915 Ι)
1850 4865 1980 4918 nulli
2008 4865 2203 4933 vulgati
2229 4854 2386 4917 'male
2427 4854 2760 4934 distinguunt
2799 4881 2887 4916 nec
2926 4864 3017 4917 sub
3064 4854 3199 4934 [asce
3236 4867 3416 4934 jacens

1852 4935 2051 5005 alieno,
2086 4932 2131 4987 et
2170 4934 2340 4987 dedita
2370 4950 2541 5005 regno.
2587 4934 2641 4987 In
2675 4933 2890 4988 lleinsio
2929 4932 3175 4987 mendum
3216 4932 3299 4986 est
3328 4947 3417 4984 nec

1851 5004 1941 5056 sub
1973 5004 2099 5067 face.

1922 5072 2045 5127 552.
2084 5075 2267 5140 Aldus,
2301 5089 2363 5125 ne
2393 5087 2487 5137 pro
2514 5089 2633 5126 non.

1925 5143 2048 5197 555.
2084 5144 2276 5198 Weitz.
2298 5185 2310 5206 ,
2340 5142 2518 5194 mundi
2546 5143 2939 5210 hominumque;
2969 5142 3144 5197 caueri
3164 5185 3177 5207 ,
3213 5140 3413 5210 mundi-

1854 5229 1969 5282 que,
2002 5214 2381 5281 hominumque,
2415 5213 2625 5265 reCtius.
2658 5210 2787 5265 Cum
2815 5209 3265 5282 demonstraveriti
3287 5209 3414 5282 Pru-

1854 5280 2065 5336 dentius
2109 5280 2283 5338 Deum
2324 5297 2425 5335 non
2466 5296 2585 5335 esse
2616 5284 2816 5349 peccati
2848 5295 3148 5343 auctorem,
3178 5281 3268 5334 sed
3301 5280 3416 5332 dia~

1856 5352 2033 5405 bolum
2065 5370 2182 5408 eum
2212 5368 2328 5407 esse
2350 5354 2435 5420 qui
2466 5352 2705 5405 homines
2744 5353 2795 5405 in
2828 5362 3036 5419 peccata
3066 5353 3317 5420 traxerit,
3350 5364 3416 5402 nc

1822 5436 1827 5439 '
1850 5420 1902 5492 in
1925 5427 2243 5478 contrariam
2270 5419 2469 5492 partem
2493 5422 2762 5475 declinare
2790 5423 3050 5484 videatur,
3073 5430 3153 5484 et,
3178 5430 3232 5472 ut
3253 5419 3416 5492 alintn

1851 5490 2282 5547 Marcionitaruni
2314 5507 2549 5545 errarem
2582 5500 2815 5556 evertat,
2845 5492 2908 5546 ad
2943 5493 3239 5546 libertatem
3276 5490 3417 5543 arbi-

1849 5562 1935 5613 trii
1963 5564 2343 5616 ostendendam
2368 5561 2688 5629 aggreditur.

1916 5632 2040 5685 556.
2076 5634 2175 5686 Alii
2210 5634 2402 5685 habent
2424 5631 2486 5683 de
2507 5632 2659 5683 corde
2691 5630 2908 5698 parenti.
2933 5631 3207 5685 Sententia
3235 5642 3418 5695 sump—

1849 5710 1898 5752 ta
1930 5710 2009 5753 est
2038 5716 2101 5753 ex
2132 5702 2311 5756 Μςιιιιι.
2340 5718 2421 5761 xv,
2450 5702 2513 5755 l9
2539 5718 2551 5752 :
2584 5702 2658 5753 De
2680 5703 2829 5755 corde
2852 5701 2985 5755 enim
3013 5710 3193 5755 exeunt
3222 5700 3414 5768 cogita-

1808 5842 1813 5847 .
1848 5770 2006 5824 tiones
2036 5772 2207 5839 male,
2236 5772 2532 5837 homicidia,
2561 5781 2663 5826 etc.
