3950 6326
527 371 656 432 1051

621 546 630 549 ,
694 482 800 538 Nos
832 482 1102 536 volumus:
1131 481 1220 549 qui
1239 478 1516 546 decrepito
1544 487 1792 548 suggesta
1825 479 1968 533 leoni

523 572 629 628 560
686 574 1040 626 "Armamenta
1064 568 1281 623 damus:
1313 568 1469 637 friget
1503 567 1612 622 lora
1636 567 1784 622 futile
1814 567 2083 633 frendens,

689 660 920 716 “Humani
945 658 1154 728 generis
1180 657 1234 711 ni
1265 671 1358 725 per
1377 657 1627 726 sull'ragia
1653 659 1862 726 gliscat.

693 752 970 821 Gignimus
992 764 1152 805 omne
1181 749 1379 804 malum
1409 749 1627 818 preprio
1647 749 1715 804 de
1743 761 1967 816 corpore
1996 762 2091 802 no-

1780 838 1969 910 [strum
2002 856 2014 890 ε

698 929 765 985 Ut
791 931 974 1000 genuit
1003 929 1198 997 David,
1225 928 1356 984 alias
1386 937 1536 998 pater
1562 928 1820 998 optimus,
1854 944 2016 981 unum

694 1021 907 1077 Crimen
965 1022 1312 1078 Abessalon:
1364 1029 1558 1076 tetrum
1619 1031 1772 1089 pater
1817 1020 1939 1087 ille,
1996 1019 2090 1073 sed

1836 1111 2017 1180 [unum

701 1205 958 1260 ltmocuas
985 1206 1121 1260 inter
1148 1205 1359 1259 soboles
1384 1203 1567 1273 genuit
1593 1201 1903 1272 patricidam
1933 1220 1946 1254 :

700 1304 872 1354 Ausus
913 1300 966 1354 in
1007 1310 1276 1354 auctorem
1317 1301 1530 1368 generis
1560 1300 1648 1368 qui
1694 1299 1957 1367 stringere
1988 1298 2094 1352 ler-

1612 1447 1619 1458 ,
1848 1393 1984 1462 [rum
2003 1432 2016 1455 ,

698 1483 775 1533 Ah
810 1483 1002 1545 pietas!
1034 1481 1199 1550 signis
1227 1483 1492 1536 contraria
1523 1483 1670 1550 signa
1705 1483 1940 1550 paternis

700 1571 840 1639 Egit,
869 1580 925 1626 et
948 1573 1102 1625 unius
1124 1572 1394 1627 commisit
1415 1572 1690 1641 sanguinis
1714 1586 1880 1626 arma.

697 1663 883 1716 Nostra
915 1662 1092 1718 itidem
1121 1662 1266 1717 diros
1297 1675 1483 1718 urente
1515 1664 1802 1732 propagine
1835 1672 1987 1716 natos

701 1757 922 1810 PectOra
953 1757 1290 1825 parturiunt:
1317 1759 1486 1812 versis
1510 1759 1601 1827 qui
1628 1751 1870 1826 protin‘us
1911 1759 1962 1812 in
1995 1774 2092 1812 nos

524 1206 627 1259 565

528 1757 558 1807 5

564 1755 628 1808 70

1615 366 1888 424 Αυῆεωι
1930 365 2290 424 PMJDEN'I‘II
2327 365 2642 424 CARMINA.

2112 483 2162 540 Δ

3616 367 3734 424 I05!

2368 461 2603 544 Viscera,
2634 485 2687 530 et
2716 475 2932 530 interitu
2959 474 3206 543 genitalis
3225 474 3408 542 stirpis
3433 477 3659 530 aluntur.

2367 570 2678 638 Progeniem
2708 583 2892 623 verum
2939 568 3027 622 ille
3057 582 3202 620 suam
3223 611 3236 634 ,
3278 583 3370 621 rex
3400 576 3580 637 utpote
3607 585 3729 622 sum-

3516 663 3533 730 ιη
3549 677 3671 722 mus,

2228 754 2328 809 575
2365 753 2536 822 Atque
2559 751 2648 807 Dei
2667 759 2834 814 vates,
2862 751 3113 818 paritura:
3133 759 3188 804 et
3209 751 3430 820 virginis
3456 760 3647 811 auctor,

2369 843 2634 896 Tristibus
2673 848 2833 910 atque
2869 842 2968 911 piis
3003 843 3331 906 variaverat,
3369 853 3426 896 ut
3459 842 3735 896 Salomonis

2371 933 2554 987 Frater
2568 933 2862 987 Abessalon
2884 940 3088 985 sereret
3111 946 3205 985 sua
3223 932 3446 986 crimina
3472 933 3612 999 iustis

2373 1024 2704 1093 Pignoribus,
2724 1024 3040 1092 dulcemque
3052 1023 3268 1078 domum
3293 1025 3531 1078 turbaret
3545 1029 3732 1079 amaris.

2368 1118 2475 1172 Nos
2501 1118 2718 1186 dignum
2751 1117 3034 1173 Salomone
3060 1118 3190 1171 nihil
3221 1136 3232 1169 :
3277 1133 3373 1172 nos
3402 1118 3626 1188 degener
3653 1123 3734 1173 im-

3557 1209 3573 1279 [
3589 1214 3680 1278 plet

2231 1299 2333 1353 580
2369 1299 2526 1353 Solus
2554 1298 2868 1364 Abessalon,
2898 1298 3234 1364 lacerans-pia
3257 1298 3463 1353 viscera
3490 1299 3641 1354 ferro.

2369 1389 2424 1444 Si
2447 1390 2570 1444 licet
2599 1404 2662 1443 ex
2691 1390 2881 1444 ethicis
2903 1389 3190 1457 quidquam
3221 1403 3544 1456 praetimere.
3566 1434 3578 1456 ,
3605 1393 3676 1443 vel
3702 1395 3737 1443 si

2373 1486 2447 1539 De
2494 1485 2726 1554 physicis
2765 1485 2990 1552 exempli
3032 1484 3266 1551 aliquid;
3316 1485 3393 1538 sic
3455 1485 3657 1551 vipera.
3691 1497 3736 1539 ut

3500 1575 3510 1641 |
3531 1575 3678 1639 aiunt,

2374 1665 2627 1720 Dentibus
2652 1664 2910 1719 emoritur
2936 1662 3064 1716 lusa:
3087 1679 3180 1732 per
3202 1662 3404 1717 viscera
3437 1665 3616 1733 prolis.

2369 1755 2534 1826 ξω
2562 1755 2728 1810 Mater
2758 1765 2930 1809 morte
2949 1769 3066 1818 sua,
3095 1769 3200 1806 non
3215 1769 3348 1808 sexu
3368 1755 3577 1819 fertilis,
3601 1757 3742 1810 auide

699 1845 856 1916 5&3
895 1847 1155 1902 Morsibus
1197 1849 1506 1904 insuescunt
1545 1850 1855 1918 gignentum
1903 1852 2089 1904 vivere
2121 1849 2168 1908 Β
2231 1847 2336 1903 585
2372 1845 2669 1900 Concubitu
2694 1844 2926 1899 distenta
2966 1852 3210 1908 uterum;
3238 1845 3478 1898 scd'cum
3504 1846 3631 1899 Cale!
3655 1847 3739 1898 iani

1903 1957 1982 1995 IIIS
2007 1960 2020 1994 ἒ

1903 1957 1934 1995 ιι
2007 1960 2020 1994 :

706 2027 1101 2098 Depopulantur
1129 2032 1270 2087 enim
1305 2032 1524 2088 nimium
1556 1941 2085 2101 fecundaTtiteiftum

2377 1937 2581 1991 Percita
2602 1936 2831 1991 femineo
2853 1975 2867 2000 ,
2902 1937 3215 1989 moriturum
3248 1935 3483 1989 obscena
3522 1938 3738 1992 marium

2371 2029 2476 2082 Ore
2497 2027 2609 2082 sitit
2641 2027 2820 2094 patulo
2844 2043 2859 2090 ;
2887 2022 3043 2094 caput
3065 2026 3250 2080 inserit
3276 2025 3632 2097 ille-trilingue

1813 2148 2095 2203 GLOSSAE
2137 2144 2472 2202 VETERES.

596 2230 717 2288 559.
753 2233 1066 2307 Decrepito,
1108 2238 1345 2303 atttiquo,
1393 2239 1534 2300 seni,
1584 2248 1832 2307 veterano.
1860 2268 1927 2276 —
1952 2239 2089 2307 Sug-

527 2313 672 2370 gesta
690 2346 702 2367 ,
726 2303 1127 2360 subministrata.
1153 2336 1220 2347 —
1251 2307 1445 2369 Leoni,
1473 2307 1635 2370 hosti,
1663 2306 1700 2359 l.

598 2371 1128 2446 5§0._Artnamenta,
1160 2378 1427 2434 utensilia.
1473 2391 1645 2438 arma,
1692 2379 1766 2428 vel
1809 2377 2113 2446 adjtttoria-

533 2469 611 2510 -γ
631 2439 669 2493 Ρ
675 2442 822 2506 utile,
852 2444 1093 2508 inaniter,
1117 2439 1390 2510 inutiliter,
1419 2446 1457 2498 Ι.

599 2509 719 2580 561.
753 2512 1042 2580 Sullragia,
1065 2515 1280 2567 auxilia.
1304 2513 1632 2578 —-Glisrat,
1665 2523 1886 2576 crescat,
1921 2515 1958 2564 l.

601 2578 724 2634 564.
757 2578 1004 2646 Tetrum,
1043 2584 1322 2652 infaustum
1343 2628 1356 2648 ,
1400 2584 1677 2652 infelicem.
1708 2584 2010 2646 Abessalon,
2049 2593 2094 2634 et

535 2649 752 2702 Absalon
783 2663 1048 2718 utrumque
1072 2649 1305 2717 dicimus,
1336 2655 1374 2707 Ι.

605 2720 724 2790 555.
762 2720 1076 2775 Patricidam
1095 2765 1107 2784 ,
1131 2727 1220 2790 qui
1249 2734 1441 2790 patrem
1472 2724 1684 2787 occidit,
1713 2725 1750 2777 Ι.

601 2786 722 2861 565.
755 2790 840 2854 In,
869 2800 1077 2861 contra.
1106 2786 1168 2830 -ἒ
1189 2786 1494 2861 Ξῑιίῐιεθῑθ,
1543 2786 1679 2844 nam
1705 2793 1861 2847 voluit
1905 2802 2098 2855 patrem

535 2858 835 2924 interﬁcere,
863 2860 903 2912 1.

759 2927 875 3006 Alii
901 2930 1035 2984 heu!
1058 2933 1244 3006 ubi__est
1282 2933 1430 3006 modo
1461 2934 1655 3000 pietas?
1690 2932 1970 3000 interjectio
2009 2931 2101 2982 da-

533 2995 699 3068 letttis,
726 3026 793 3068 -—5
824 2999 1014 3068 Signa,
1038 3001 1250 3061 vexilla,
1281 3002 1320 3056 Ι.

604 3065 727 3144 568.
769 3065 914 3136 Egit,
941 3065 1214 3149 .pOrtavit,
1255 3070 1491 3149 elevavit-_,
1537 3071 1717 3149 ausa,
1767 3073 2003 3149 portavit.
2032 3099 2100 3149 '—

540 3133 734 3206 Uttius,
778 3133 1002 3206 proprii;
1042 3139 1252 3193 Judteos
1291 3157 1405 3192 cum
1445 3141 1666 3192 ludatis.
1693 3133 1776 3178 --
1793 3142 2099 3201 Commisit,

537 3205 652 3270 fecit
680 3205 942 3260 committi.
968 3237 1038 3247 —
1066 3211 1223 3261 Arma
1242 3249 1256 3270 ,
1289 3208 1433 3261 civile
1461 3210 1674 3270 bellum,
1710 3210 1746 3260 Ι.

609 3272 731 3327 569.
767 3275 979 3339 Itidem,
1017 3278 1153 3329 item.
1179 3305 1246 3316 —
1273 3278 1597 3345 Propagine,
1641 3279 2005 3342 procreatione.
2036 3306 2102 3315 --

540 3339 721 3415 Natos,
756 3346 1014 3415 santiones
1044 3339 1408 3415 malignorum,
1441 3347 1540 3400 lso.

605 3410 732 3485 571.
771 3411 1115 3485 Gignentum,
1145 3410 1368 3483 patrum,
1389 3417 1508 3485 quia
1537 3416 1636 3484 ipsi
1664 3418 1879 3483 peccatis
1915 3417 2099 3469 nostris

536 3483 879 3534 excruciantur
891 3523 906 3548 ,
937 3483 977 3536 ι.

2269 2235 2391 2288 574.
2435 2234 2656 2302 Verum,
2690 2235 2802 2295 sed,
2837 2235 2873 2284 l.

2265 2304 2388 2358 575.
2430 2303 2681 2371 Virginis,
2719 2302 3126 2370 Mariw,quiade
3149 2319 3326 2372 genere
3357 2304 3524 2357 David
3550 2304 3640 2370 fuit
3669 2302 3743 2354 Dei

2196 2376 2436 2442 genitrix,
2464 2373 2502 2425 Ι.
2549 2432 2562 2442 _
2964 2406 2970 2411 -

2267 2443 2388 2494 576.
2427 2432 2714 2503 Τι’ἰδὶἰίηις,
2749 2442 2896 2494 malis
2926 2443 3076 2492 natis.
3111 2471 3177 2480 —
3201 2442 3303 2494 Piis
3330 2485 3342 2503 ,
3367 2443 3543 2503 bonis,
3579 2443 3618 2496 l.

2266 2513 2390 2566 577.
2431 2511 2625 2574 Justis,
2660 2512 2932 2580 fratribus,
2955 2513 3042 2562 ‘vel
3074 2514 3262 2564 sanctis
3291 2514 3478 2564 scilicet
3512 2515 3745 2580 cperibus,

2200 2583 2390 2634 sanctis
2414 2581 2532 2647 [iliis
2552 2620 2565 2642 ,
2601 2582 2638 2630 l.

2269 2652 2392 2704 578.
2437 2649 2769 2716 Pignoribus,
2821 2649 2963 2716 ﬁliis.
2997 2679 3064 2691 —
3095 2651 3331 2714 Amoris,
3368 2653 3555 2704 scilicet
3595 2653 3743 2717 operi-

2201 2723 2322 2780 bus,
2365 2721 2401 2772 I.

2244 2789 2740 2861 ‘7579.ASalomone,
2773 2788 3100 2861 Sulotttonem
3118 2801 3255 2843 uocat
3275 2792 3557 2861 justitiam.
3597 2822 3640 2831 —-
3674 2791 3746 2844 Ni-

2203 2860 2295 2922 hil,
2327 2859 2512 2911 scilicet
2560 2860 2762 2927 agimus
2791 2860 2878 2911 .vel
2919 2859 3157 2911 habemus
3177 2901 3190 2923 ,
3219 2859 3337 2926 quia
3369 2878 3463 2914 nos
3501 2864 3628 2914 uitiis
3654 2863 3748 2928 plus

2201 2930 2462 2992 itnplemus
2481 2943 2631 2994 quam
2663 2928 2957 2991 Salomone,
2989 2931 3074 2992 qui
3097 2930 3349 2997 signiﬁcat
3380 2933 3616 2993 virtutes,
3649 2933 3683 2982 ι.

2271 2999 2394 3069 580.
2438 2997 2732 3069 Abessalon
2757 3038 2769 3054 .
2795 2998 2934 3049 vitia.
2960 3027 3027 3035 —
3058 2997 3339 3056 Lacerans.
3369 3016 3684 3069 oppugnans,
3711 2999 3744 3050 1.

2271 3068 2394 3122 581.
2437 3067 2614 3129 Licet,
2648 3067 2840 3118 licitttnt
2869 3077 2957 3120 est.
2993 3098 3058 3106 -—
3090 3070 3289 3122 Etlticis
3313 3109 3327 3130 ,
3362 3067 3665 3130 moralibus,
3697 3071 3748 3118 de

2204 3139 2443 3189 moribus.
2466 3165 2536 3175 —
2565 3136 2914 3206 Praisumerc,
2945 3153 3140 3189 sumere
3163 3179 3175 3200 ,
3213 3141 3466 3206 attingere
3484 3181 3498 3200 .
3531 3141 3565 3194 Ι.

2275 3207 2400 3262 582.
2443 3207 2516 3259 De
2541 3205 2791 3274 physicis.
2823 3207 3162 3277 naturalibus,
3189 3209 3251 3262 de
3269 3205 3542 3277 scripturis
3571 3219 3752 3262 natura-

2209 3276 2333 3328 lium
2359 3291 2550 3339 rerum,
2575 3276 2637 3326 de
2661 3276 2878 3335 naturis,
2905 3275 2942 3327 1.

2277 3346 2399 3398 585.
2445 3344 2701 3409 Distenla,
2730 3344 2941 3408 repleta,
2972 3347 3046 3399 vel
3077 3349 3313 3415 gravida,
3345 3349 3381 3400 1.

2277 3416 2402 3468 586.
2448 3415 2649 3467 Percita
2669 3455 2682 3476 ,
2712 3415 2989 3476 insaniens.
3021 3417 3060 3469 I.

2277 3486 2398 3538 587.
2444 3483 2565 3538 Sitit
2591 3527 2603 3549 ,
2639 3483 2796 3552 capit.
2828 3513 2895 3524 —
2943 3485 3216 3555 Trilittgue
3244 3527 3257 3549 ,
3288 3503 3518 3555 serpens,
3555 3501 3755 3556 quantus

1896 3575 2418 3630 ZOMMENTARIUS.

1089 3597 1098 3602 -
1896 3580 1907 3594 ‘
1957 3605 1960 3608 ~
2087 3577 2102 3593 ‘
2154 3575 2310 3630 TARI
2381 3579 2418 3627 ‘.

609 3661 728 3718 559.
763 3663 1012 3737 Diabolus
1047 3665 1185 3722 leoni
1214 3666 1442 3737 rugienti
1471 3675 1809 3737 comparatur
2203 3575 3322 3737 cttmuaiiis,miscerctcrimina.Utrumlibet
3344 3679 3522 3736 potest
3548 3671 3759 3723 retineri.

484 3796 489 3808 Ι
540 3731 732 3808 Pet_._v,
763 3736 814 3808 8.

608 3803 732 3878 599.
766 3803 821 3878 in
851 3805 981 3860 Mar.
1011 3805 1110 3861 fuit
1139 3806 1323 3874 [ultule
1346 3821 1442 3876 pro
1472 3809 1637 3878 futile,
1669 3819 1933 3874 corrupte.

610 3872 733 3946 561.
766 3874 822 3929 S.
855 3872 1209 3945 Augustinus,
1251 3872 1364 3931 sive
1403 3872 1577 3946 potius
1613 3872 1873 3932 Caesarius
1914 3879 2098 3932 Arela-

541 3942 705 4016 tensis
741 3942 991 4016 sermone
1029 3947 1096 4000 37
1148 3946 1377 4015 append.
1403 3942 1460 4000 Β.
1492 3949 1796 4016 Augustini,
1843 3949 1973 4001 alias
2004 3947 2102 4000 197

539 4014 605 4086 de
634 4011 915 4082 Tempore,
943 4011 1358 4086 diabolum'cani
1387 4011 1602 4083 alligati?
1628 4033 1962 4086 comparans.
1991 4020 2062 4069 ait
2087 4033 2097 4067 :

543 4077 749 4133 Latrare
769 4077 962 4150 potest,
991 4083 1268 4138 sollicitare
1294 4095 1457 4153 potest
1476 4077 1508 4151 ξ
1520 4077 1977 4141 mordere-omnino
2005 4102 2102 4140 non

542 4156 730 4215 potest,
762 4153 860 4204 nisi
883 4157 1149 4208 volentem.

610 4219 748 4293 56%.
774 4221 916 4293 Ald.,
948 4220 1130 4285 Fabr.,
1156 4221 1322 4292 Bong.
1360 4237 1477 4277 cum
1509 4225 1648 4289 aliis,
1677 4227 1738 4278 de
1765 4240 1977 4293 corpore
2015 4241 2104 4278 no—

541 4293 662 4338 stra.
694 4284 958 4357 Plerique,
989 4284 1237 4344 nostrum.

543 4425 554 4436 .
771 4358 842 4436 Ita
882 4358 1393 4436 111131..ἱιιιςειίριοιξιιξβΔ
1427 4362 1660 4436 ederunt
1684 4365 1988 4436 Abessalon,
2012 4364 2104 4436 qui

542 4425 592 4503 in
613 4425 858 4503 yttlgatis
901 4428 1081 4482 Bibliis
1111 4425 1303 4503 dicitur
1331 4431 1598 4503 Absalom,
1632 4433 1698 4503 de
1730 4449 1834 4501 quo
1866 4425 1983 4503 lege
2008 4425 2102 4487 lib.

544 4493 583 4548 Il
613 4493 813 4567 Regum
843 4512 912 4552 xv
938 4508 991 4552 et
1015 4511 1164 4567 seqq.
1192 4498 1294 4554 Alii
1318 4502 1555 4555 scribunt
1585 4493 1876 4556 Abessalon.

614 4565 736 4640 {illi}.
769 4566 881 4640 (iis.
909 4567 972 4640 ad
1002 4565 1179 4640 ouanti,
1211 4571 1486 4638 parieidam
1520 4587 1612 4640 pro
1642 4572 1962 4632 patricidam.

614 4635 736 4690 567.
769 4636 995 4692 lmitalio
1024 4635 1218 4692 Lucani
1243 4641 1392 4694 initio
1421 4635 1726 4696 Pharsaliae.

613 4704 734 4780 56!}.
770 4707 1022 4780 Weitzius
1048 4723 1142 4780 pro
1167 4710 1320 4762 duros
1352 4712 1542 4780 allegat
1579 4712 1720 4774 Altl.,
1756 4711 1938 4778 Fabr.,
1974 4711 2097 4764 Bun-

544 4789 658 4841 gar.
688 4778 791 4830 Sed
822 4778 984 4831 Aldus
1026 4778 1152 4832 mihi
1185 4780 1344 4834 habet
1371 4778 1530 4834 diros.
1567 4781 1623 4835 ln
1665 4782 1910 4836 Fabricio
1948 4783 2104 4834 etiam

547 4843 661 4920 lego
693 4847 851 4899 diros.
882 4846 991 4899 Gis.
1015 4847 1084 4920 ad
1113 4862 1306 4920 marg.
1338 4851 1516 4915 duros,
1548 4854 1686 4917 quod
1717 4855 1766 4906 in
1800 4853 1966 4920 prima
1993 4849 2105 4905 edi-

547 4914 690 4967 tione
735 4925 992 4990 tenuerat.
1039 4914 1682 4986 Melius'cteteri,'diros.
1734 4914 1812 4975 Dc'
1854 4921 2103 4990 peccatis,

546 4997 661 5048 q-Izt‘!
691 4999 758 5036 ex
791 4986 950 5037 corde
983 4995 1198 5052 parente
1222 5001 1446 5052 exeunt,
1472 5005 1648 5043 sermo
1673 5002 1774 5044 est.

619 5053 744 5127 572.
790 5055 910 5127 Vat.
939 5057 1001 5115 Α,
1028 5058 1399 5127 depopulatur;
1427 5068 1569 5114 recte
1587 5076 1743 5114 manu
1773 5061 1971 5126 recenti
2004 5062 2107 5114 l‘ac-

550 5129 664 5193 lunt
690 5125 1084 5193 depopulantur.

585 5261 596 5272 .
621 5189 1038 5272 574.'Cau_chius
1063 5209 1125 5248 ex
1156 5199 1482 5272 coniectura,
1510 5217 1623 5253 vero
1653 5215 1748 5269 pro
1779 5216 1968 5272 uram.
1997 5199 2108 5272 Non

550 5261 728 5386 videol;
758 5264 845 5386 qu:
876 5265 1021 5318 locus
1050 5279 1169 5319 esse
1200 5269 1320 5322 huic
1347 5261 1669 5338 conjectura?
1699 5270 1896 5340 possit,
1930 5269 2107 5323 invitis

551 5345 688 5384 mem
735 5348 894 5386 rans.

551 5345 894 5387 membranis.

621 5402 743 5455 576.
785 5401 977 5457 Tristes
1024 5419 1118 5471 pro
1165 5407 1319 5461 malis
1354 5420 1446 5461 seu
1479 5407 1731 5472 improbis
1776 5408 1861 5461 hic
1898 5409 2107 5474 accipi,

551 5479 676 5544 nota
705 5487 766 5524 ex
789 5475 982 5540 glossa.
1009 5474 1282 5543 Signiﬁcat
1311 5479 1467 5530 etiam
1496 5478 1652 5532 tristis
1675 5480 1888 5544 iratum,
1920 5477 2110 5530 (1ἱαὶρί-

552 5539 933 5612 lemlstevum,
969 5539 1238 5612 asperum,
1271 5547 1553 5601 infelicem.

566 5680 572 5686 _
617 5609 740 5689 577.
775 5613 926 5665 Alex.
957 5609 1112 5689 ,_Put_.
1135 5657 1153 5689 _,
1186 5609 1393 5671 T'liuan.
1425 5660 1438 5682 ,
1473 5617 1596 5671 Itot.
1623 5660 1639 5686 ,
1663 5617 1814 5684 Egm.
1839 5657 1854 5682 ,
1882 5616 2047 5670 Palat.
2081 5631 2107 5668 a

551 5683 918 5758 ρςξηιξῃηέηυ,
941 5683 1305 5758 _Ca_uchianus,
1334 5696 1516 5758 sereret
1542 5683 1645 5758 sua?
1665 5683 1909 5758 crimina;
1942 5702 2110 5758 neque

552 5745 754 5800 abludit
783 5747 894 5803 Vat.
925 5755 988 5803 A.
1017 5752 1207 5808 Verum
1229 5745 1379 5820 Man,
1408 5756 1558 5823 Urb.,
1589 5745 1965 5824 Ald.,Weitz.,
1995 5745 2106 5811 (iis.

2137 5022 2188 5081 D

2277 3735 2401 3788 5:78.
2428 3735 2626 3800 Vat.A,
2646 3735 2923 3798 turbasset;
2953 3739 3145 3790 rectius
3166 3735 3355 3806 supra,
3377 3741 3600 3793 turbaret
3622 3755 3638 3792 :
3659 3753 3759 3791 nam

2206 3819 2363 3860 versu
2390 3819 2510 3872 sup.
2543 3815 2623 3858 est
2653 3814 2856 3857 sereret.

2277 3876 2400 3929 581.
2434 3869 2577 3934 Ald.,
2612 3875 2888 3939 mendose,
2908 3891 2968 3928 ea:
2996 3869 3208 3928 etht'ticii
3240 3892 3333 3944 pro
3363 3894 3424 3930 ea:
3448 3879 3623 3930 ethicis
3649 3896 3657 3928 :
3686 3876 3757 3943 qni

2207 3961 2359 3999 error
2416 3946 2698 3999 nonnullos
2739 3955 2946 3998 veteres
2975 3947 3188 4000 codices
3221 3946 3447 4009 insedit,
3478 3962 3550 4014 ,ιιι
3575 3949 3694 4001 Mar.
3717 3957 3758 3998 et

2211 4017 2385 4075 l’rag.,
2422 4017 2472 4067 in
2495 4014 2685 4080 quibus
2712 4026 2924 4070 recente
2949 4032 3104 4069 tnann
3122 4017 3383 4070 correctio
3411 4019 3647 4071 adhibita
3673 4027 3758 4070 est.
3822 4071 3830 4082 ,

2209 4086 2264 4138 ln
2292 4084 2436 4146 liat.,
2463 4093 2508 4135 et
2537 4083 2711 4137 ethicis
2729 4098 2821 4152 pro
2849 4101 2909 4136 ea:
2935 4086 3130 4138 ethicis.
3165 4085 3341 4151 Neque
3369 4085 3758 4149 Cbamillardns,

2209 4169 2381 4222 neque
2402 4154 2629 4212 Tcolius.
2658 4155 3098 4223 neqtteCellaritts
3121 4157 3292 4209 ittsuis
3311 4156 3575 4209 indicibus
3593 4157 3759 4209 adver‘

2212 4234 2405 4286 terunt,
2432 4223 2528 4292 ein
2546 4223 2738 4285 ethicis,
2755 4239 2869 4290 qua:
2889 4223 3041 4290 longa
3070 4241 3168 4290 eet,
3196 4240 3224 4277 τι
3246 4226 3540 4279 Prudentio
3565 4226 3758 4292 corripi.

2281 4293 2402 4346 582.
2444 4291 2701 4345 Observat
2729 4293 2994 4347 GiSclinus
3035 4307 3176 4348 recte
3219 4295 3452 4362 adjicere
3489 4291 3757 4360 pot-tantm

2209 4364 2388 4435 aiunt;
2417 4376 2599 4435 revera
2627 4363 2774 4435 enim
2811 4361 2984 4415 fabula
3016 4375 3096 4435 est
3122 4380 3149 4418 a
3180 4361 3348 4418 Plinio
3379 4366 3607 4435 aliisque
3637 4374 3764 4418 rete-

2211 4431 2651 4504 ribusadoptata.
2679 4431 2861 4484 Obiter
2883 4434 3112 4504 monebo
3146 4450 3249 4487 non
3300 4431 3534 4502 peccare
3553 4437 3757 4504 scripto:

2211 4516 2298 4574 res
2327 4503 2441 4569 pios
2461 4511 2595 4574 ,Uaut
2622 4501 2895 4574 depravati
2917 4503 3101 4574 judicii
3125 4519 3244 4558 esse
3273 4507 3606 4573 arguendos,
3637 4501 3762 4574 quod

2212 4571 2514 4638 hujusmodi
2549 4571 2849 4625 ltistoriolas
2879 4582 2968 4625 aut
2996 4572 3159 4642 falsas
3180 4618 3194 4642 ,
3221 4571 3431 4628 auttion
3466 4578 3597 4628 satis
3627 4571 3755 4628 com-

2214 4642 2462 4707 probatas
2497 4642 2546 4692 in
2579 4642 2876 4706 exemplum
2906 4645 2968 4694 ad
3000 4641 3365 4697 informandos
3398 4661 3578 4699 mores
3607 4655 3761 4698 trans-

2213 4712 2420 4773 ferunt;
2444 4710 2633 4778 quibus
2657 4711 2729 4763 illi
2762 4718 3008 4778 tanquam
3041 4713 3176 4766 veris
3206 4713 3376 4778 lactis,
3411 4716 3451 4765 si
3482 4717 3758 4770 evenerint.

2211 4792 2298 4832 aut
2335 4791 2578 4850 tanquam
2607 4781 2845 4848 apologis
2872 4824 2883 4847 ,
2913 4783 2955 4833 si
2987 4783 3179 4835 iuerint
3206 4783 3446 4838 conﬁcta:
3475 4827 3487 4843 ,
3522 4801 3618 4837 suo
3658 4784 3762 4850 jure

2213 4860 2449 4903 utuntur.
2483 4849 2724 4903 Teolium
2758 4864 2860 4902 non
2886 4852 3138 4919 intelligo,
3173 4854 3259 4918 qui
3319 4856 3393 4906 ait
3434 4849 3760 4907 Prudentium

2209 4919 2362 4972 aliter
2391 4935 2508 4974 esse
2537 4921 2861 4982 locuturum,
2897 4923 2938 4972 si
2973 4921 3025 4974 in
3050 4923 3148 4975 hoc
3181 4932 3417 4977 nostrum
3447 4940 3618 4976 tcvutn
3651 4923 3759 4975 luis-

2212 4999 2293 5043 set
2313 4990 2550 5063 delatus,
2585 5003 2698 5042 cum
2729 4999 2917 5063 constet
2967 4993 3136 5045 omnia
3161 4994 3404 5045 animalia
3431 4996 3764 5063 cujuscunque

2213 5061 2410 5131 generis
2451 5076 2512 5112 ex
2539 5075 2627 5111 ovo
2657 5059 2828 5121 nasci,
2869 5061 2918 5131 in
2959 5078 3056 5126 quo
3102 5073 3216 5114 sunt
3262 5059 3504 5131 formata:
3543 5059 3764 5131 Ncgttne

2211 5117 2527 5200 Prudentius
2569 5145 2631 5200 ex
2674 5144 2776 5200 ovo
2803 5117 2826 5192 ,⁷
2872 5130 2923 5181 in
2963 5117 3068 5198 quo
3110 5143 3192 5184 est
3238 5117 3460 5186 liirtnata
3490 5177 3503 5198 ,
3540 5117 3762 5200 summa

2213 5202 2396 5270 nasci?
2449 5198 2622 5270 Clarisg
2663 5199 2852 5270 verbis
2885 5211 3061 5263 postea
3108 5203 3220 5261 ait,
3268 5213 3538 5270 postquam
3589 5198 3764 5255 semine

2212 5269 2407 5329 adulto,
2438 5277 2542 5320 etc.
2571 5267 2770 5320 Plinius
2802 5268 2895 5319 lib.
2929 5285 2981 5334 χ,
3013 5284 3128 5336 cap.
3164 5271 3230 5323 6?.
3259 5267 3274 5322 :7
3310 5267 3501 5326 Rursus
3525 5275 3578 5325 in
3595 5284 3764 5324 terres-

2213 5337 2376 5410 tribus
2398 5352 2486 5389 ova
2517 5339 2722 5410 pariunt
2751 5349 3114 5410 serpentes...”
3146 5339 3343 5408 Vipera:
3382 5359 3491 5396 mas
3517 5352 3669 5410 caput
3696 5345 3762 5392 in'

2211 5407 2330 5459 serit
2360 5407 2411 5458 in
2442 5425 2514 5466 os,
2548 5407 2681 5472 quod
2708 5407 2798 5458 illa
2823 5409 3022 5460 abrodtt
3048 5407 3316 5478 roluptatis
3345 5407 3626 5465 dulcedine.
3656 5409 3760 5462 Ter-

2216 5477 2447 5548 restriam
2469 5478 2644 5529 cadent
2672 5479 2780 5548 sola
2809 5478 2940 5530 intra
2962 5494 3013 5531 se
3032 5477 3173 5548 parit
3195 5495 3284 5532 ora
3310 5483 3454 5536 unius
3477 5481 3661 5536 coloris
3683 5521 3696 5545 ,
3724 5488 3764 5530 cl

2218 5547 2394 5619 mollia
2418 5585 2432 5609 ,
2467 5547 2719 5619 utpisces.
2755 5547 2824 5599 De
2857 5547 3069 5601 insectis
3096 5548 3178 5602 illa
3211 5561 3290 5604 est
3319 5553 3570 5619 qua-stic,
3605 5568 3668 5604 att
3708 5564 3762 5602 ex

2218 5618 2376 5682 putri,
2415 5626 2468 5667 ut
2499 5618 2665 5680 aiunt,
2700 5627 3002 5670 llﬂSCnllllll‘.

2289 5684 2410 5738 581.
2449 5686 2647 5748 \’at.A,
2680 5702 2828 5739 sexus
2853 5702 2946 5752 pro
2977 5705 3118 5742 sexu.

2289 5753 2409 5808 587.
2446 5756 2607 5808 Aldus
2656 5757 2819 5809 edidit
2867 5757 3150 5829 trilinguia,
3197 5760 3494 5817 emendavit
3533 5759 3769 5832 triligue;
