3950 6326
144 337 170 392 1
181 334 283 394 065

317 544 596 600 lnsinuaus
617 546 729 600 oris
756 545 900 601 coitu
927 546 1163 618 genitale
1185 561 1472 602 venenum.

312 636 510 706 Nupta,
543 637 830 706 voluptatis
862 639 910 692 vi
941 639 1139 704 saucia,
1175 638 1444 694 mordicus
1476 638 1724 694 haustum

315 728 534 800 Frangit
561 729 821 786 amatoris
841 728 1038 785 blanda
1061 731 1198 787 inter
1218 729 1422 787 foedera
1445 739 1648 802 guttur,

313 820 626 891 lufusasque
649 821 949 888 bibit,caro
980 829 1258 891 pereunte,
1293 823 1508 877 salivas.

315 909 410 964 llis
445 920 596 980 pater
623 911 898 968 illecebris
926 913 1295 980 consumitur,
1329 922 1384 966 at
1412 911 1720 982 genitricem

313 1002 508 1059 Clausa
547 1014 704 1061 necat
741 1005 987 1071 soboles;
1033 1019 1157 1060 nam
1204 1014 1481 1076 postquam
1517 1005 1722 1060 semine

1442 1097 1653 1168 [adnuo

315 1187 587 1259 Incipiunt
607 1187 798 1244 calidis
824 1190 1141 1259 corpuscula
1171 1205 1331 1260 parva
1362 1190 1581 1245 latebris

310 1277 564 1349 Serpere,
597 1288 965 1349 motatumque
995 1288 1203 1336 uterum
1231 1281 1434 1335 vibrata
1461 1279 1645 1346 ferire,

312 1370 536 1428 Aistuat
564 1373 778 1429 interno
800 1375 1012 1443 pietatis
1041 1375 1267 1430 crimine
1289 1385 1480 1442 mater,

313 1463 475 1536 55.5
532 1463 962 1538 Carnificemque
1000 1469 1168 1536 gemit
1212 1468 1451 1523 damnati
1505 1469 1716 1523 conscia

1457 1559 1648 1629 [sexus

56 654 73 715 ἓ
139 635 237 691 590

135 1186 234 1242 595

306 1643 650 1716 Progeniem,
676 1647 811 1717 septi
847 1658 1184 1718 rumpentem
1207 1649 1479 1705 obstacula
1513 1660 1714 1720 partus.

305 1737 441 1794 Nam
463 1779 479 1807 ,
508 1740 633 1810 quia
668 1743 923 1798 nascendi
965 1744 1143 1800 nullus
1172 1754 1318 1814 patet
1337 1748 1534 1811 exitus,
1565 1746 1716 1800 alvus

301 1829 529 1889 Fetibus
547 1831 603 1888 in
632 1833 806 1890 lucem
828 1835 1120 1892 nitentibus
1141 1838 1446 1894 excruciata

303 1919 572 1995 Carpitur,
601 1934 762 1996 atque
790 1926 931 1984 viam
953 1929 1186 1986 lacerata
1210 1945 1306 2000 per
1327 1930 1412 1984 ilia
1438 1930 1640 2002 pandit.

304 2011 546 2072 Tandem
577 2014 728 2072 obitu
749 2016 954 2074 altricis
975 2019 1153 2089 prodit
1177 2035 1308 2090 grex
1332 2021 1422 2075 ille
1444 2021 1712 2086 dolorum,

302 2103 608 2176 lngressum
631 2107 756 2163 vita
778 2108 866 2164 vix
896 2109 1181 2177 eluctatus,
1215 2120 1268 2166 et
1298 2121 1473 2165 ortum

305 2195 413 2252 Per
438 2197 613 2252 scelus
633 2199 992 2270 exsculpens:
1021 2200 1264 2256 lambunt
1286 2202 1461 2254 natale
1487 2201 1718 2255 cadaver

301 2288 597 2358 Reptantes
615 2291 798 2359 catuli,
817 2291 1015 2362 proles,
1040 2293 1167 2348 dum
1197 2295 1455 2360 nascitur,
1487 2294 1640 2359 orba,

132 1735 231 1794 600

131 2193 228 2253 605

361 424 368 431 Π
865 346 871 348 “
1509 343 2047 404 HAMARTIGENIA.

311 449 568 520 Conjugls
597 452 650 506 in
681 452 860 509 fauces
889 461 1051 525 atque
1071 453 1250 509 oscula
1279 437 1720 524 fervidus'intrat,
1751 467 1807 527 Α

1747 1827 1796 1888 Β
1823 1836 1924 1892 620

3271 352 3408 410 105ι

2006 460 2156 517 Haud
2196 468 2416 532 experta
2467 462 2650 533 diem,
2703 462 2914 519 miserre
2967 463 3070 520 nisi
3125 463 3409 533 posthums

2207 553 2211 558 ε
3095 553 3336 625 [matris.

2004 642 2118 698 Non
2142 642 2324 714 dispar
2345 652 2542 698 nostra:
2569 652 2861 713 conceptus
2890 645 3118 710 mentis;
3149 645 3217 698 ab
3247 660 3340 700 ore

2004 734 2231 804 Vipereo
2253 735 2483 789 infusum
2506 738 2585 790 sic
2605 736 2862 792 combibit
2884 737 2972 790 illa
3001 752 3268 793 venenum

2007 825 2244 895 Conjuge
2275 825 2488 881 Beliade
2508 868 2522 892 ,
2543 827 2619 881 sic
2642 827 2824 881 oscula
2845 826 3066 882 devorat
3089 827 3298 890 haustu,

2003 917 2338 985 lnteriusque
2365 919 2522 986 rapit,
2553 918 2628 974 sic
2652 918 2778 973 felle
2809 918 3044 973 libidinis
3075 919 3267 973 ardens

2003 1007 2165 1079 546
2194 1009 2448 1076 lmpletur
2479 1009 2640 1072 vitiis,
2673 1010 2909 1076 perituro
2933 1009 3096 1063 mixta
3120 1011 3330 1065 marito.

2003 1100 2151 1154 ’I‘unc
2178 1113 2456 1167 [irazgnans
2491 1099 2686 1154 lethale
2711 1115 2896 1170 genus,
2914 1109 3170 1168 concepta
3192 1101 3406 1168 maligni

2005 1193 2128 1249 Fert
2147 1209 2308 1263 opera
2343 1195 2561 1264 ingenii,
2587 1194 2654 1248 de
2681 1195 2888 1249 semine
2919 1193 3195 1263 complicis
3219 1193 3405 1263 hydri:

1827 825 1932 879 610

1827 1284 1930 1339 615

2002 1378 2280 1448 Corrupta:
2309 1394 2405 1448 pro
2429 1389 2613 1448 stupro
2643 1378 2856 1449 animm,
2893 1393 3094 1448 proque
3123 1379 3253 1433 orbe
3289 1394 3408 1446 per-

3105 1469 3121 1540 l
3137 1481 3334 1540 empto.

2001 1563 2172 1632 Ipsam
2206 1578 2367 1632 porro
2397 1564 2629 1618 animam
2657 1562 2894 1616 crudelia
2925 1563 3148 1642 vulnera
3179 1572 3406 1632 carpunt

2005 1651 2148 1706 Mille
2172 1654 2485 1724 puerperiis,
2519 1654 2732 1710 soboles
2752 1653 2878 1709 dum
2902 1654 3129 1724 parturit
3155 1669 3222 1709 ex
3253 1670 3312 1710 se

1997 1743 2193 1798 Contra
2223 1755 2466 1809 naturam
2497 1745 2735 1815 genitas,
2773 1747 3078 1816 peccamina
3112 1749 3300 1802 crebra

1999 1835 2232 1911 Scilicet,
2260 1844 2316 1892 et
2337 1846 2516 1906 pastos
2544 1846 2786 1892 materno
2815 1838 2998 1893 funere
3022 1849 3196 1894 natos.

2004 1927 2139 1983 Hin‘c
2161 1928 2247 1982 illa
2273 1936 2356 1984 est
2378 1928 2587 1982 Domini
2605 1928 2747 1998 justa
2778 1928 3079 1999 objurgatio
3104 1928 3333 1984 Christi:

1999 2018 2188 2074 Nonne
2216 2025 2367 2088 pater
2387 2019 2598 2074 daemon
2619 2060 2633 2085 ,
2665 2034 2760 2075 vos
2784 2019 3009 2090 increpo
3032 2061 3047 2088 ,
3073 2031 3402 2092 peccatores,

1999 2111 2297 2167 Concubitu
2324 2114 2499 2166 carnis
2529 2126 2713 2166 semen
2747 2111 2976 2166 sitientis
3005 2113 3244 2181 iniquum

2005 2203 2107 2258 Vos
2131 2204 2350 2274 genuit?
2381 2203 2636 2258 Sanctum
2665 2247 2677 2272 ,
2713 2202 2880 2258 lector
2904 2242 2918 2269 ,
2965 2218 3223 2274 percense
3253 2205 3401 2259 volu-

3127 2294 3284 2364 [men
3320 2313 3331 2359 _:

1435 2383 1725 2440 GLOSSA‘I
1769 2383 2105 2441 VETERES.

128 2488 225 2527 non
263 2472 446 2528 habent
475 2476 590 2548 nisi
610 2475 838 2548 linguam
867 2493 1020 2532 unam
1042 2519 1056 2543 ,
1093 2487 1234 2531 tanta
1257 2489 1424 2532 tamen
1455 2478 1709 2532 celeritate

127 2560 236 2596 eam
258 2555 438 2610 movet,
471 2556 524 2598 at
545 2546 810 2600 videantur
839 2554 936 2601 (res
963 2565 1070 2602 esse
1090 2590 1104 2614 ,
1139 2549 1176 2602 l.

359 2617 576 2686 Oscula,
602 2632 712 2686 per,
733 2615 773 2669 1.

359 2684 655 2758 insinuans,
686 2688 984 2742 imminens.
1020 2718 1087 2728 -
1116 2688 1294 2754 Coitn,
1326 2703 1442 2758 pro,
1479 2689 1554 2752 in,
1592 2689 1627 2739 I.

158 2755 315 2832 _590.
356 2755 550 2832 Nupta,
578 2759 786 2826 conjux.
819 2788 889 2832 έ-
912 2759 1102 2832 Saucia
1123 2803 1136 2826 ,
1169 2755 1416 2832 sauciata.
1458 2759 1696 2832 -ΑΜυτο

127 2823 269 2878 dicus
291 2866 306 2890 ,
334 2823 624 2879 adverbium
645 2823 678 2894 ,⁷
700 2828 1006 2882 ntordaciter
1034 2870 1049 2894 ,
1089 2823 1391 2882 mordenda.
1429 2857 1496 2867 --
1529 2829 1700 2882 Haus-

128 2901 254 2969 tum,
285 2897 619 2969 deuoratum,
643 2900 697 2950 in
730 2913 816 2950 ore
845 2910 1193 2969 assumptum,
1228 2900 1265 2951 Ι.

187 2965 310 3019 591.
353 2966 592 3035 Frangit,
621 2969 834 3022 mordet.
868 2998 935 3008 —
959 2965 1256 3033 Amatoris,
1293 2969 1486 3035 mariti,
1514 2969 1552 3021 Ι.

185 3035 312 3088 592.
351 3038 510 3102 Caro,
547 3040 729 3091 marito
751 3079 768 3102 ,
795 3039 832 3092 Ι.

123 3176 147 3225 ὁ
186 3105 308 3225 59ῗ.
352 3106 547 3172 Pater,
574 3108 664 3161 ille
686 3111 960 3163 masculus.
994 3140 1063 3150 ——
1091 3109 1392 3172 lllecebris,
1425 3110 1704 3177 voluptati-

153 3193 233 3225 HS.
295 3221 308 3225 _

153 3193 234 3239 us,
265 3179 308 3231 l.

183 3247 307 3301 594.

182 3318 308 3371 596.

352 3388 572 3462 Pietatis
598 3431 612 3453 ,
643 3390 824 3458 prolis.
867 3422 935 3430 —-
964 3390 1236 3456 Crimine,
1293 3387 1412 3462 quia
1458 3393 1698 3444 maritum

121 3460 296 3510 occidit
321 3473 339 3511 :
363 3460 505 3530 dolet
535 3461 668 3511 enim
697 3476 749 3514 se
779 3476 885 3514 esse
911 3462 1202 3530 carni/item
1231 3460 1419 3525 mariti,
1455 3464 1492 3514 1.

182 3530 307 3583 598.
348 3529 690 3592 Carniﬁcem,
715 3547 790 3596 se,
827 3532 863 3584 I.

179 3597 302 3653 599.
343 3599 516 3666 Sepli,
545 3601 753 3666 inclusi,
779 3603 1056 3667 reconditi,
1089 3603 1411 3664 circumdati,
1446 3605 1482 3656 l.

178 3669 303 3724 605.
343 3668 526 3731 Obitu,
562 3682 742 3725 morte.
777 3699 847 3711 —
876 3673 1109 3736 Altricis,
1139 3675 1340 3736 matris,
1371 3675 1410 3725 Ι.

179 3740 302 3812 604.
347 3743 644 3812 ζριυοιειυε,
676 3743 913 3806 suadens,
943 3743 980 3795 Ι.

183 3811 304 3865 605.
346 3811 704 3881 Exsculpens,
723 3813 952 3880 sulcans,
978 3814 1566 3886 irwestigans;sculpere
1594 3833 1700 3871 rem

351 3246 535 3313 Necat‘,
567 3249 772 3312 occidit,
808 3250 846 3302 l.

353 3317 633 3392 uiolatum,
666 3331 1001 3392 commotum,
1043 3350 1110 3361 —
1133 3322 1373 3386 Vibrata,
1401 3320 1628 3392 pulsata,
1657 3321 1693 3374 Ι.
1729 3317 1774 3380 C

1819 2478 2060 2542 dicimus,
2084 2493 2199 2530 cum
2223 2475 2516 2546 diﬁicultate
2534 2475 2836 2546 investigare
2852 2516 2867 2542 ,
2894 2475 2934 2528 Ι.

1889 2547 2016 2602 606.
2058 2547 2222 2613 Orba,
2250 2552 2448 2611 orbata,
2486 2547 2524 2598 I.
3114 2590 3121 2597 .

1886 2620 2008 2674 601.
2056 2619 2229 2679 Diem,
2254 2627 2426 2669 vitam.
2457 2647 2523 2656 —
2549 2616 2837 2670 Posthuma
2869 2615 3070 2684 proles,
3102 2627 3215 2683 post
3262 2632 3400 2668 mor-

1813 2700 1950 2754 tem;
1973 2690 2243 2758 posthuma
2277 2691 2440 2758 proles
2482 2687 2669 2739 dicitur
2707 2703 2824 2757 qua:
2849 2695 2958 2756 post
2988 2695 3198 2738 mortem
3239 2688 3400 2755 patris

1811 2769 1897 2812 aut
1931 2757 2108 2812 matris
2138 2769 2256 2811 nata
2279 2767 2371 2822 est,
2400 2757 2435 2809 Ι.
3197 2795 3199 2797 .

1880 2831 2003 2884 609.
2054 2829 2300 2896 Vipereo,
2328 2827 2611 2890 diabolica,
2643 2829 2680 2880 1.

1879 2900 2002 2954 610.
2050 2895 2293 2961 Beliade,
2324 2898 2561 2962 diabolo;
2587 2898 2994 2966 patronymicum
3037 2914 3067 2948 a
3109 2895 3298 2951 Belial.
3329 2925 3397 2938 —-

1809 2971 2036 3036 llaustu,
2068 2977 2393 3038 consumptu,
2431 2967 2468 3020 Ι.

1881 3041 2004 3094 615.
2054 3041 2364 3108 Prmgnans,
2392 3052 2550 3103 mens,
2577 3037 2679 3091 lso.

1877 3112 2003 3166 6M.
2045 3107 2356 3178 Complicis,
2386 3109 2534 3178 socii,
2569 3109 2816 3178 censorii,
2851 3107 3134 3178 conjuncti,
3168 3107 3390 3174 compti-

1809 3197 1928 3246 ces;
1957 3177 2264 3252 frequentius
2295 3183 2346 3232 in
2378 3177 2514 3232 malo
2546 3177 2900 3252 ponuntur-,1.

1879 3247 2000 3307 615.
2043 3247 2303 3316 'Pensare,
2329 3265 2734 3318 recompensare,
2769 3250 2843 3302 vel
2870 3251 3139 3314 resoluere,
3175 3247 3211 3301 Ι.

1881 3323 2006 3379 616.
2049 3324 2207 3382 Orbe,
2244 3321 2448 3384 orbem;
2473 3321 2726 3372 hominem
2753 3318 2999 3389 appellat,
3018 3319 3092 3372 vel
3117 3320 3391 3384 mundatis,

1813 3397 1900 3465 qui
1933 3396 1984 3447 in
2015 3393 2396 3465 similitudinem
2416 3391 2563 3465 orbis
2600 3400 2672 3443 est
2698 3392 2970 3465 conditus}
2999 3392 3073 3465 vel
3105 3392 3272 3465 ipsum
3308 3406 3392 3465 or-

1817 3461 1946 3531 bem,
1961 3481 2110 3534 quem
2135 3463 2326 3534 laqueis
2349 3462 2452 3514 suis
2474 3470 2686 3534 conatur
2701 3461 2951 3532 decipere,
2969 3469 3012 3534 et
3037 3461 3335 3534 interﬁcere,
3355 3461 3389 3513 I.

1887 3531 2010 3591 618.
2053 3533 2375 3601 Puerperiis,
2410 3532 2775 3602 nativitatiltus,
2806 3531 3250 3602 parturitionibus,
3281 3533 3319 3584 Ι.

1886 3605 2009 3662 619.
2056 3604 2389 3667 l’eccamina,
2420 3611 2647 3672 peccata,
2677 3601 2718 3654 Ι.

1886 3678 2010 3730 621.
2051 3673 2382 3743 Olijurgatio,
2409 3672 2708 3738 increpatio,
2742 3673 2781 3725 Ι.

1887 3747 2014 3804 624.
2055 3746 2336 3810 Percurre,
2358 3743 2618 3814 perquire,
2653 3743 2754 3799 lso.

1464 3926 2020 3985 COMMENTARIUS.

117 4036 336 4109 opinor_,
371 4035 545 4109 voluit
581 4035 1076 4109 dicereatrilingue.
1139 4038 1209 4091 ita
1261 4039 1458 4094 habent
1507 4044 1689 4109 Alex.,

120 4106 270 4171 Urb.,
293 4107 479 4173 Fabr.,
514 4108 680 4176 Bong.
701 4148 716 4173 ,
747 4106 859 4160 Gis.
896 4107 946 4158 in
978 4118 1253 4162 contextu.
1285 4109 1427 4170 l’ul.,
1460 4106 1690 4173 Thnan.,

117 4176 300 4258 Wcilz.
320 4219 334 4242 ,
357 4187 411 4233 et
441 4178 528 4258 ξιἹὶ
563 4178 818 4258 trilinqu
844 4191 874 4229 τι
912 4178 1216 4258 trilinguus,
1239 4182 1386 4258 quod
1415 4183 1695 4258 _Sa_liiiasio

119 4247 387 4316 probatum
422 4248 590 4303 refert
619 4247 891 4311 Heinsius,
915 4247 1004 4316 qui
1037 4264 1140 4302 non
1165 4247 1369 4304 viderat
1397 4253 1517 4308 Atili
1567 4269 1691 4306 cor-

119 4320 420 4401 rectionem,
450 4334 574 4374 cum
605 4318 896 4374 asseruerit
923 4319 1114 4372 Aidani
1140 4335 1246 4373 non
1291 4323 1447 4376 aliter
1478 4337 1696 4392 expres-

119 4403 268 4442 ειεεε.

192 4459 301 4515 595.
328 4460 496 4532 Giscl.
530 4502 544 4527 ,
579 4459 746 4515 Palat.
779 4474 971 4530 supra,
999 4459 1128 4514 Mar.
1157 4477 1218 4514 ac
1241 4476 1336 4530 pro
1359 4473 1430 4520 at.
1463 4463 1580 4519 Vat.
1617 4469 1682 4532 Α,
1718 4469 1720 4472 ’

122 4542 383 4597 perperam
416 4531 506 4584 ad.
1142 4545 1150 4555 ·
1245 4576 1248 4579 .

193 4601 304 4656 594.
339 4601 457 4656 Vat.
492 4606 557 4668 A,
609 4600 824 4666 sobolis;
877 4601 989 4671 alii,
1023 4601 1254 4670 soboles,
1281 4601 1448 4673 Bong.
1481 4605 1694 4671 adulta;

125 4683 290 4738 supra,
315 4673 518 4725 adulto.

192 4741 303 4796 596.
333 4743 627 4807 Giseliuus,
655 4751 880 4808 mutatu;
903 4744 1106 4810 caiteri,
1141 4753 1405 4800 metatum.

323 4813 516 4886 Giscl.,
548 4823 787 4886 pectore;_
805 4813 879 4886 ad
895 4827 1071 4886 tuarg.
1100 4859 1114 4882 ,
1133 4815 1357 4886 crimine
1381 4857 1395 4881 ,
1441 4818 1581 4886 quod
1607 4827 1691 4873 cst

126 4880 176 4933 in
210 4885 319 4938 aliis
349 4880 629 4945 omnibus;
662 4891 717 4937 et
745 4880 1232 4947 sigriificaniissime
1273 4880 1474 4941 dictum
1505 4888 1694 4942 obser-

125 4962 207 5027 vat
226 4953 286 5006 11.
319 4954 543 5027 Bergius
574 4944 712 5027 apud
743 4944 1051 5027 Weitzium,
1076 4956 1196 5025 quia
1225 4957 1394 5025 pietas
1419 4966 1502 5027 est
1547 4959 1688 5027 quod

125 5023 950 5146 tetus|patrisneccmnlciscitur,
977 5038 1030 5080 at
1055 5023 1258 5081 crimen
1289 5026 1432 5096 quod
1464 5023 1687 5084 matrem

125 5107 240 5146 OCClt
265 5107 316 5146 tl.

123 5107 316 5150 OCL'ltltl.

190 5163 300 5218 600.
338 5166 680 5238 Burmannus
712 5174 842 5222 tom.
893 5167 914 5220 l
949 5167 1263 5238 Antholog.,
1307 5183 1424 5238 pag.
1458 5167 1584 5234 465,
1619 5185 1687 5226 ex

125 5230 264 5300 Egm.
296 5239 415 5307 legit
439 5239 557 5306 jam
577 5237 718 5306 quia,
752 5248 805 5292 et
835 5238 1017 5293 multis
1041 5230 1504 5308 proba'tlibrarios
1536 5230 1687 5296 vele~

124 5315 205 5378 r_rs
226 5319 358 5376 saepe
390 5317 627 5367 mutasse
647 5309 760 5378 jam
789 5309 840 5362 in
872 5325 1010 5363 nam.
1046 5309 1171 5364 iisne
1200 5309 1410 5366 diversa
1441 5311 1602 5366 lectio
1630 5311 1683 5365 in

124 5371 454 5448 Egtnoridano
483 5378 606 5433 cod.
640 5371 773 5448 fugit
798 5378 1090 5434 Weitzium
1120 5390 1174 5434 et
1203 5380 1502 5435 Heinsium.

153 5515 163 5524 .
192 5445 302 5524 60,3.
341 5449 418 5503 Ex
450 5445 992 5524 veterum'opinione,
1022 5451 1106 5505 cui
1137 5454 1499 5524 recentiorum
1530 5467 1617 5520 ex;
1637 5468 1685 5506 e-

122 5518 316 5591 tientia
349 5521 656 5591 Opponitur.
711 5518 910 5575 Plinius
957 5522 1026 5575 ita
1076 5537 1189 5576 rem
1236 5521 1453 5588 exponit
1485 5524 1577 5576 lib.
1608 5518 1684 5591 Vx,

122 5599 232 5653 cap.
266 5589 366 5643 62:
412 5589 590 5644 Tertia
615 5591 699 5644 die
747 5592 881 5644 intra
928 5601 1128 5645 uterum
1174 5594 1369 5645 catulus
1420 5589 1681 5655 exclmlitj

123 5656 291 5743 deinde
303 5663 527 5743 singulos
544 5661 762 5743 singulis
783 5662 1106 5743 diebuspart't
1125 5664 1300 5732 viginti
1328 5664 1431 5732 fere
1453 5679 1684 5743 numero.

125 5723 293 5810 Itaque
313 5723 479 5784 ca’leri
506 5723 765 5786 tarditatis
791 5723 1111 5801 impatientes
1137 5723 1471 5804 pirrun'tpunt
1497 5735 1682 5800 latera,

122 5809 274 5872 οεςιδα
297 5809 520 5872 parente.

1691 5892 1714 5919 Ι

1875 4040 1996 4095 606.
2030 4036 2151 4090 V'at.
2181 4037 2246 4097 A,
2269 4035 2428 4104 prolis
2455 4047 2549 4102 pro
2573 4033 2757 4104 proles.

1875 4111 1999 4165 607.
2034 4107 2177 4172 Ald.,
2225 4098 2336 4159 Gis.
2395 4098 2465 4158 ρι’
2493 4098 2582 4157 alii
2622 4104 2794 4170 vulg.,
2822 4100 3005 4172 matri;
3061 4098 3386 4172 vetustiores

1802 4183 2012 4244 lleins.,
2037 4169 2179 4243 Rat.,
2202 4176 2329 4228 Mar.
2351 4191 2379 4228 a
2404 4178 2573 4245 prima
2605 4169 2796 4238 manu,
2815 4171 2994 4240 Prag.,
3025 4171 3201 4236 Alex.,
3228 4169 3386 4234 Urb.,
3421 4187 3423 4190 ·

1807 4252 2007 4314 matris,
2039 4265 2158 4302 cum
2195 4246 2422 4300 Weitzio
2455 4247 2702 4314 aliisque.

1883 4310 2006 4378 6l0.
2054 4319 2174 4373 Ald.
2205 4327 2258 4369 et
2305 4317 2433 4370 Fab.
2462 4357 2477 4382 ,
2507 4310 2649 4370 male
2676 4356 2688 4378 ,
2727 4310 2973 4378 Beliadaz,
2994 4325 3165 4380 neque
3198 4310 3387 4364 melius

1807 4395 1953 4457 Ald.,
1984 4393 2184 4442 hausto.
2221 4387 2488 4460 Giselinns
2517 4387 2707 4460 ait,_in
2742 4383 2842 4437 hoc
2879 4384 3095 4460 nomine
3134 4391 3386 4460 patrony-

1807 4450 1952 4517 tnico
1979 4459 2188 4534 Beliade
2217 4450 2735 4534 corripiysecnndarn
2765 4496 2779 4520 ,
2813 4470 2929 4534 qua:
2963 4452 3106 4534 prius
3145 4453 3221 4532 in_
3241 4450 3384 4534 Belia

1809 4535 2066 4603 producta
2097 4531 2197 4603 fuit
2238 4521 2378 4603 vers:
2409 4528 2514 4603 520
2541 4570 2554 4593 ,
2596 4528 2664 4603 ob
2696 4521 2964 4580 licentiam
2996 4524 3050 4603 in
3079 4521 3384 4603 nominibus

1809 4591 2061 4672 prepriis.
2095 4601 2295 4655 l’rmter
2319 4602 2455 4672 hanc
2484 4591 2752 4672 licentiam
2785 4605 2956 4672 potest
2984 4595 3140 4672 etiam
3175 4591 3380 4672 διερῇ-υἱ

1805 4657 2093 4745 syniuresis
2118 4673 2166 4724 in
2200 4669 2432 4745 secunda
2458 4679 2510 4722 et
2530 4669 2708 4745 tertia,
2729 4657 2882 4718 ut'sit
2902 4661 3193 4745 .sponr'l‘m‘us
3218 4657 3383 4745 Belia:

1807 4727 2027 4813 Hegiam,
2053 4743 2096 4795 si
2131 4757 2223 4808 per
2255 4727 3013 4813 membranasliceat_conjuge
3042 4730 3183 4784 Belia
3210 4745 3226 4781 :
3251 4727 3382 4813 nihil

1805 4805 1945 4872 enim
1973 4805 2193 4868 necesse
2213 4820 2296 4863 Cal
2318 4810 2740 4881 patronymicum
2764 4805 3027 4881 deducere
3053 4820 3064 4854 :
3087 4815 3217 4881 nim}.
3234 4809 3380 4881 post:

1800 4870 1867 4941 ea
1893 4887 1961 4940 de
1991 4883 2182 4936 semine
2211 4870 2472 4949 com-plicis
2502 4870 2651 4948 itydri
2676 4919 2690 4944 ,
2721 4877 2810 4946 qui
2844 4886 2922 4928 est
2968 4875 3078 4944 ipse
3110 4870 3254 4925 Belia
3286 4876 3378 4922 aut

1807 4956 1994 5022 Belial,
2021 4954 2121 5022 hoc
2143 4963 2225 5005 est
2252 4951 2518 5022 diabolus.
2557 5021 2563 5022 γ
2715 4970 2719 4974 ί

1873 5009 1996 5080 614ί
2027 5021 2270 5091 Complex
2301 5021 2364 5073 ad
2399 5021 2746 5091 Latinitatem,
2779 5016 3077 5091 prolapsam
3126 5009 3380 5091 refertur.

1805 5099 1879 5152 lta
1918 5097 2078 5151 locuti
2121 5081 2246 5147 sunt
2288 5092 2539 5146 Sidonius
2564 5130 2577 5155 ,
2604 5081 3007 5149 Cassiodorius,
3047 5094 3101 5139 et
3125 5081 3380 5152 aequales.

1803 5168 2038 5224 Isidorus
2088 5164 2182 5218 lib.
2228 5180 2281 5218 κ.
2312 5162 2490 5234 Elym.
2540 5168 2709 5234 notat,
2754 5158 2820 5213 ad
2861 5158 3058 5212 bonum
3115 5165 3381 5223 nunquam

1801 5238 2097 5310 complicem
2127 5234 2251 5298 dici,
2273 5231 2490 5310 quolso
2517 5231 2754 5310 re~p_icit.

1873 5300 1996 5365 618.
2030 5308 2212 5376 Prag.,
2239 5300 2667 5378 proles;c:ete_ri,
2703 5300 2951 5378 sobo_le_s._l
2995 5368 3005 5378 .
3085 5367 3096 5378 _

1873 5379 1996 5434 620.
2031 5369 2304 5432 Ηθίὗείάηὶ
2343 5386 2398 5428 et
2449 5375 2612 5428 nostri
2653 5387 2772 5426 cum
2818 5369 3149 5432 Weitzianis,
3187 5377 3379 5436 pastos.

1800 5451 1926 5506 Ald.
1958 5458 2011 5505 et
2031 5448 2198 5520 Gisel.
2226 5447 2279 5502 in
2301 5455 2574 5520 contextu,
2603 5455 2796 5515 partos.
2890 5513 2920 5520 η
2964 5512 2974 5520 _
3028 5510 3040 5520 .
3163 5511 3193 5520 Α,

1871 5522 1994 5577 6‘22.
2028 5519 2185 5572 Joan.
2207 5533 2317 5584 vin,
2346 5517 2413 5575 44
2448 5535 2458 5568 :
2493 5510 2674 5569 Vos'ea:
2697 5523 2839 5580 patre
2866 5510 3071 5566 diabolo
3101 5511 3241 5564 estis.

1870 5591 1993 5647 69A.
2039 5587 2230 5643 Weitz.
2285 5581 2404 5642 cum
2464 5587 2620 5640 Fabr.
2671 5594 2724 5638 et
2771 5584 2882 5638 Gis.
2913 5625 2927 5647 ,
2965 5581 3384 5650 repugnantibus

1796 5663 2013 5731 scriptis
2035 5661 2147 5714 fere
2169 5659 2442 5731 omnibus,
2463 5671 2720 5731 percurre.
2748 5655 2936 5731 [$0ng
2973 5651 3167 5731 W_i_dm.
3199 5663 3382 5731 siipra,

1796 5716 1972 5798 Sicli.,
2006 5732 2256 5800 perquire.
2281 5716 2555 5800 iieinsvinni
2569 5741 2782 5800 omnes,
2810 5716 2987 5800 Ειξηὶ.ἱ
3012 5716 3382 5800 ﬂexu-Urb"

1796 5790 2058 5874 percense,
2107 5790 2233 5857 cum
2266 5799 2403 5857 Aldo
2431 5809 2483 5854 et
2514 5798 2629 5853 aliis
2657 5790 2894 5865 nostris]
2939 5795 3039 5851 nisi
3082 5791 3222 5865 quod
3255 5790 3385 5846 Mar.

2003 1286 2170 1352 Quem
2191 1289 2364 1355 poenis
2391 1301 2615 1356 pensare
2641 1287 2788 1355 prius
2814 1301 2908 1340 sua
2938 1286 3072 1340 facta
3093 1300 3314 1341 necesse
3327 1294 3410 1340 est
3504 1363 3506 1365 _
