3950 6326
151 360 259 423 1057

1461 347 1992 405 "AMARTIGENIA.

3202 341 3337 394 11153

289 465 433 539 549
453 462 729 532 Concipiat
750 463 949 520 tlexura
968 478 1146 520 sonos.
1174 464 1265 518 Est
1287 463 1508 533 perdere
1530 465 1657 518 tanti
1684 470 1735 527 Α
1761 464 1864 520 665
1893 449 1902 457 ’
1939 461 2097 533 55o
2123 456 2249 513 Labi
2278 452 2510 511 hominis
2534 491 2551 520 ,
2598 460 2816 504 servare
2846 446 2937 500 Dei
2975 452 3052 499 est
3078 464 3092 509 ;
3133 446 3335 499 meri“!

289 558 603 614 Exstinctum
642 555 767 608 vitae
796 554 1029 609 oflicium
1059 556 1125 610 de
1156 565 1302 625 parte
1330 557 1557 621 cerebri,

286 652 563 707 Immunem
596 647 755 702 modo
782 662 903 704 sese
927 650 1126 716 anima,
1156 657 1533 717 expertemque
1572 662 1665 702 ne-

1435 738 1598 809 [fandi

146 834 231 892 655
290 829 518 895 Auditus,
542 826 672 882 felix
699 826 891 881 stolida
917 835 1196 882 conservet
1219 826 1286 881 ab
1312 841 1456 881 aure.

292 923 407 989 Quis
436 919 573 973 ferat
593 918 706 973 haec
735 916 929 987 injecta
961 919 1070 973 Deo
1096 918 1352 982 convicia,
1382 918 1469 987 qui
1502 931 1559 971 se

291 1012 475 1067 Divinis
508 1009 748 1065 meminit
777 1010 1082 1077 praecellere
1114 1010 1447 1063 nobilitatum

292 1100 616 1158 Muneribus?
635 1100 797 1154 multa
820 1110 875 1152 ut
899 1107 1126 1164 taceam,
1143 1102 1226 1154 vel
1255 1101 1363 1153 sola
1390 1100 1670 1167 benignum

293 1194 389 1250 Res
412 1194 603 1263 probat
628 1205 749 1247 esse
781 1191 967 1255 Deum,
1001 1192 1151 1246 vetiti
1175 1192 1315 1260 quod
1343 1206 1524 1245 amore
1556 1207 1674 1259 per-

754 1334 758 1337 .
1356 1279 1375 1352 [
1397 1290 1605 1349 emptos

149 1379 233 1435 660
292 1370 487 1431 Excitat
507 1386 538 1427 e
560 1370 773 1426 tumulis
804 1370 1066 1437 homines,
1095 1372 1349 1440 regnique
1384 1387 1475 1440 per
1504 1386 1672 1426 aevum

292 1465 571 1533 Participes
596 1463 747 1532 jubet
784 1477 904 1517 esse
934 1464 1053 1516 sui:
1086 1464 1196 1531 qui,
1227 1463 1273 1517 si
1307 1464 1442 1517 foret
1468 1472 1671 1527 auctor,

292 1556 639 1625 Servatorque
660 1554 809 1619 mali,
833 1569 1101 1624 nunquam
1140 1561 1258 1622 post
1296 1553 1487 1608 damna
1535 1553 1674 1607 salu-

1475 1644 1607 1714 [tis,

292 1741 707 1806 Peccantumque
731 1736 905 1791 obitus
934 1734 1221 1790 redivivam
1253 1734 1389 1790 ferre
1416 1734 1675 1788 medelam

295 1829 473 1894 Vellet,
504 1836 558 1882 et
585 1826 808 1882 amissos
833 1840 997 1896 opere
1027 1827 1324 1881 instaurare
1350 1825 1605 1880 secundo.

1775 1199 1877 1254 670

1781 1739 1884 1794 675

2940 540 3109 611 [perit
3132 539 3265 593 iste:

1947 648 2039 701 Ille
2053 647 2231 701 abolet
2253 642 2521 712 pereuntis
2545 651 2701 706 opus,
2730 634 3079 703 meritumque
3100 629 3337 687 resolvit.

1948 742 2329 809 Argumentum
2359 736 2565 803 ingens,
2598 728 2902 792 Dominum,
2932 727 3021 795 qui
3053 724 3176 779 talia
3206 738 3342 792 prte-

3113 820 3269 890 [stet,

1950 924 2101 980 Nolle
2130 922 2349 986 malum,
2383 933 2501 982 nec,
2536 916 2673 987 quod
2705 923 2825 985 post
2854 913 3039 981 abluit,
3068 924 3191 967 ante
3222 926 3343 980 pro-

3092 1007 3271 1079 [bare.

1950 1106 2188 1159 lnvitone
2218 1102 2406 1171 aliquis
2440 1101 2578 1171 potis
2604 1108 2686 1156 est
2714 1114 2932 1168 peccare
2968 1098 3231 1163 Tonante,

1949 1197 2047 1252 Cui
2076 1195 2234 1250 facile
2251 1203 2334 1251 est
2359 1196 2410 1248 in
2433 1193 2593 1249 corde
2619 1192 2846 1247 hominis
2873 1206 3195 1261 componere
3225 1205 3344 1244 sen-

2916 1280 2922 1285 .
3120 1282 3274 1350 μηδ’

1954 1375 2100 1443 Quos
2122 1376 2305 1443 libeat,
2336 1376 2600 1444 ﬁbrasque
2629 1389 2815 1429 omnes
2844 1375 3079 1428 animare
3108 1372 3313 1441 pudicis

1953 1466 2220 1531 Pulsibus,
2252 1475 2306 1520 et
2343 1474 2512 1520 totum
2543 1466 2691 1521 venis
2724 1464 3005 1519 infundere
3036 1464 3349 1519 honestum?

1951 1556 2158 1620 Nescis,
2190 1556 2369 1621 stulte,
2398 1564 2499 1609 tua:
2524 1557 2629 1609 vim
2658 1555 2915 1609 libertatis
2937 1555 3004 1607 ab
3030 1555 3142 1623 ipso

1956 1649 2267 1703 Formatore
2295 1647 2507 1700 datam?
2537 1646 2727 1710 nescis,
2759 1647 2826 1700 ab
2854 1645 3059 1715 origine
3084 1652 3281 1714 quanta

1956 1738 2037 1794 Sit
2063 1751 2316 1793 concessa
2360 1737 2457 1792 tibi
2484 1736 2682 1791 famulo
2716 1751 2877 1804 super
2924 1736 3053 1789 orbe
3093 1742 3347 1804 potestas,

1967 1829 2035 1883 Et
2064 1842 2224 1897 super
2250 1826 2465 1896 ingenio
2496 1827 2728 1896 proprio,
2762 1826 3000 1894 laxeequo
3033 1825 3208 1881 soluto

1316 1926 1324 1937 ‘
1384 1939 1671 1998 GLOSSAf.
1717 1942 2047 1999 VETERES.
2340 1994 2343 1997 .
3331 2009 3334 2012 .

211 2034 316 2089 652.
343 2032 489 2106 Tanti
510 2070 525 2095 ,
558 2030 746 2106 pretii;
775 2030 951 2082 melius
969 2067 995 2106 ._
1012 2029 1133 2082 mihi
1159 2030 1428 2083 amabilius
1454 2033 1681 2106 ,_placet_.
1713 2037 1763 2097 B
1859 2036 1981 2091 666.
2025 2036 2140 2098 ille,
2173 2035 2441 2106 Dominus,
2476 2035 2629 2091 Deus.
2658 2065 2727 2077 —
2750 2035 3007 2102 Resolvit,
3040 2047 3244 2106 peccata
3272 2039 3351 2090 di-

154 2104 308 2159 11111111
335 2112 403 2155 est
436 2102 482 2155 si
532 2098 710 2153 oculus
759 2107 873 2151 tuus
918 2098 995 2151 vel
1037 2115 1122 2167 pes
1168 2109 1283 2153 tuus
1326 2098 1686 2155 scandalizarit

154 2171 599 2302 ‘8'665'62’6iﬁcium,
631 2253 796 2291 aures.
827 2266 898 2278 —
924 2236 1160 2304 Cerebri,
1193 2241 1394 2307 capitis,
1426 2242 1466 2294 l.

206 2313 313 2366 651.
342 2312 661 2375 Immunem,
689 2308 962 2375 mundam,
985 2324 1231 2362 securam.
1262 2340 1329 2347 —
1354 2309 1543 2377 Modo,
1572 2319 1684 2363 tau-

151 2383 395 2445 tummodo,
425 2380 462 2436 1.

210 2452 316 2505 656.
345 2449 614 2514 Convicia,
647 2448 976 2514 imprOperia,
1008 2448 1049 2503 1.

208 2520 317 2575 657.
342 2520 701 2589 Nobilitatem,
727 2518 1089 2588 justi/iculum,
1132 2521 1217 2585 qui
1246 2522 1391 2589 floret
1419 2519 1683 2573 nobilitate

152 2591 377 2643 catholica
399 2591 547 2657 ﬁdei,
578 2588 617 2641 1.

208 2659 312 2714 658.
342 2659 403 2715 Ut
438 2670 669 2722 taceam,
715 2672 829 2727 qua:
872 2658 1037 2711 dicere
1067 2673 1166 2710 non
1205 2663 1425 2727 possunt.
1473 2688 1542 2698 —
1564 2658 1684 2725 Vel,

151 2730 293 2782 etiam.
318 2760 381 2769 —
406 2730 703 2797 Benignum
730 2767 745 2793 ,
768 2744 867 2781 non
898 2730 1034 2780 mala
1062 2738 1309 2782 creantem
1328 2768 1344 2795 ,
1380 2744 1471 2782 nec
1516 2730 1686 2783 volen-

342 2869 518 2934 Vetiti,
558 2868 715 2937 pomi,
747 2868 823 2923 uel
852 2868 968 2934 cibi,
1002 2866 1041 2921 1.

208 2937 311 2991 661.
339 2941 507 3005 Opere
532 2935 791 3003 secundo,
820 2940 1202 3003 resurrectione,
1229 2935 1270 2991 l.

208 3006 311 3061 665.
339 3009 481 3072 Labi,
518 3024 761 3075 peccare;
789 3024 877 3075 per
907 3018 1187 3075 peccatum.
1216 3038 1287 3048 —-
1314 3008 1565 3069 Servare,
1595 3024 1681 3077 per

151 3079 448 3141 paenitentiam
474 3086 644 3132 servat
677 3077 949 3131 hominem.
981 3107 1046 3117 —
1070 3078 1195 3142 Iste,
1226 3079 1396 3145 homo,
1430 3079 1470 3132 1.

1790 2107 1962 2169 mittit,
1996 2107 2132 2175 quod
2159 2105 2393 2160 debuerat
2414 2108 2666 2172 damnari,
2697 2107 2929 2171 indulsit,
2962 2107 2999 2159 l.

1859 2176 1981 2230 667.
2012 2176 2392 2243 Argumentum
2419 2219 2433 2240 ,
2460 2177 2733 2229 declaratio
2760 2218 2773 2238 ,
2811 2177 3125 2241 exemplum,
3168 2179 3244 2231 uel
3288 2179 3358 2230 si-

1778 2238 2063 2369 lgnumi-i
2090 2238 2188 2313 Qui
2219 2246 2362 2309 talia,
2386 2238 2473 2314 qui
2502 2255 2642 2298 tanta
2672 2244 2899 2314 indulget
2928 2238 3212 2299 hominibus
3245 2264 3360 2315 pce-

1790 2326 1927 2369 cata.
1985 2355 1999 2369 ο

1790 2326 1927 2380 cata,
1958 2326 1999 2369 l.

1860 2387 1983 2439 668.
2014 2384 2185 2448 Nolle,
2214 2384 2405 2437 scilicet
2433 2384 2635 2437 dixisse.
2667 2414 2735 2423 ——
2764 2382 3016 2444 Probare,
3047 2385 3281 2451 laudare,
3316 2385 3353 2451 l.

1860 2455 1984 2508 669.
2019 2454 2277 2517 lttvitone,
2307 2454 2431 2506 dicis
2458 2464 2513 2505 tu
2533 2471 2551 2507 :
2580 2454 2656 2507 uel
2684 2454 2803 2505 dicit
2830 2453 3115 2514 haereticus,
3141 2457 3181 2507 l.
3270 2448 3277 2451 ⁷
3330 2448 3337 2461 ’

1860 2523 1984 2578 672.
2020 2524 2327 2589 Honestum,
2364 2524 2553 2575 scilicet
2598 2524 2863 2576 honestum
2887 2563 2900 2583 ,
2930 2531 2984 2575 ut
3016 2524 3119 2592 ipse
3148 2541 3357 2577 consen-

1790 2593 1903 2658 tiat,
1934 2595 1974 2648 1.

1860 2663 1978 2718 675.
2013 2663 2207 2729 Stulte,
2243 2682 2271 2717 ο
2301 2662 2551 2717 Marcion.
2574 2692 2641 2703 —
2666 2662 2968 2727 Libertatis,
2997 2662 3216 2729 arbitrii,
3247 2664 3285 2716 1.

1860 2733 1983 2787 674.
2020 2735 2250 2801 Origine,
2284 2734 2446 2796 initio,
2480 2732 2518 2786 Ι.

1858 2804 1981 2858 675.
2024 2804 2243 2857 Famula
2266 2840 2281 2865 ,
2322 2801 2593 2871 famulanti
2632 2801 2837 2855 smculo.
2864 2832 2930 2841 —
2966 2801 3135 2871 Super
3159 2843 3173 2867 ,
3202 2802 3355 2855 desu-

1790 2890 1900 2941 per,
1930 2874 1968 2925 l.

1861 2944 1982 2997 676.
2028 2941 2262 3010 Ingenio,
2294 2941 2348 2993 id
2372 2950 2443 2993 est
2467 2979 2481 3004 ,
2512 2940 2726 2992 liberum
2770 2941 3031 2993 arbitrium
3083 2942 3254 2994 habes.
3287 2969 3355 2982 -—

1792 3012 1952 3077 Laxe,
1982 3012 2303 3077 adverbium,
2337 3010 2507 3075 libere,
2540 3011 2575 3063 1.

1464 3164 2012 3242 COMMENTARIUS.

148 3310 229 3369 nos
251 3297 372 3353 bene
395 3340 408 3365 ,
450 3297 996 3369 progobbrutescentis.
1029 3296 1301 3369 Weitz.et
1327 3299 1415 3369 alii
1448 3299 1686 3352 scribunt
1717 3304 1763 3368 α
1796 3296 1965 3369 tendit
2011 3295 2288 3364 legendum
2321 3311 2471 3369 opere
2509 3297 2793 3369 instaurare
2820 3299 3059 3369 secundo,
3091 3299 3229 3368 quod
3262 3301 3363 3355 La-

149 3366 507 3435 obbrutiscentis,
537 3367 778 3420 Gifanius
802 3367 913 3419 lnd.
940 3367 1295 3431 Lucr.,verbo
1316 3366 1686 3433 Oeenurusco,

148 3438 313 3503 accipit
338 3454 426 3506 pro
450 3439 829 3503 obstupescere,
862 3451 1177 3506 omnemque
1206 3437 1449 3491 amittere
1478 3453 1691 3492 sensum

151 3518 205 3573 ex
242 3507 328 3559 hoc
343 3505 466 3562 loco
490 3507 774 3561 Prudentii
794 3546 807 3568 ,
836 3521 904 3558 ex
938 3505 1200 3569 Lucretio,
1236 3506 1416 3573 Festo,
1447 3507 1690 3561 Afranio.

148 3571 196 3644 ln
224 3574 326 3629 Vat.
361 3579 423 3643 Α,
456 3585 511 3631 et
536 3575 670 3627 Mar.
701 3590 730 3628 a
762 3575 929 3643 prima
958 3590 1141 3641 manu,
1170 3591 1258 3629 nec
1286 3571 1474 3644 pervia.
1509 3577 1694 3631 Melius

148 3643 241 3715 alii,
266 3662 322 3697 ne
348 3648 540 3715 pervia.

206 3713 313 3768 652.
350 3713 529 3770 Locus
580 3714 870 3783 Evangelii,
916 3728 1072 3782 quem
1121 3714 1204 3768 lso
1236 3715 1475 3779 indicat,
1517 3725 1696 3770 exstat

151 3794 248 3852 cap.
278 3800 395 3839 xvut
424 3786 645 3849 Matth.,
676 3799 815 3839 vers.
858 3785 890 3837 8
920 3794 973 3838 et
1002 3798 1148 3852 seqq.
1196 3785 1250 3838 In
1285 3784 1503 3839 Heinsio
1546 3800 1694 3839 men-

152 3850 563 3925 dumconcipias.

205 3922 312 3977 655.
343 3925 394 3977 ln
417 3922 704 3977 nonnullis
731 3923 885 3991 Vulg.
911 3923 973 3974 ab
997 3938 1130 3986 arce,
1159 3923 1319 3989 male,
1344 3938 1442 3991 pro
1467 3926 1528 3976 ab
1548 3940 1695 3979 aure.

150 3992 380 4113 Gliseliuus
402 3994 427 4046 1
454 3996 542 4052 ed,
560 4034 577 4061 ,
601 3993 662 4063 ab
689 4008 822 4057 arce,
853 3994 888 4045 2
908 3993 1017 4055 (1(1.,
1045 3992 1106 4044 ab
1134 4008 1273 4059 aure,
1303 3993 1395 4047 sed
1417 3992 1481 4046 ad
1503 4009 1692 4062 marg.,

150 4080 175 4113 a
219 4077 336 4113 arce.

149 4077 336 4114 acerna

209 4131 318 4185 659.
344 4132 667 4187 Sermonem
700 4131 783 4184 hic
811 4145 929 4186 esse
954 4131 1019 4185 de
1047 4142 1265 4199 peccato
1296 4132 1559 4200 originali,
1593 4147 1697 4199 quo

150 4215 309 4255 omnes
338 4205 586 4256 homines
616 4202 910 4271 perierunt.
942 4202 1273 4267 exploratum
1303 4212 1403 4255 est.
1434 4201 1698 4255 Giselinus

151 4279 303 4324 autem
340 4272 615 4325 existimat
662 4272 801 4338 loqui
844 4282 1052 4337 poetam
1094 4274 1159 4324 de
1204 4272 1409 4325 Adamo
1463 4280 1517 4323 et
1571 4273 1694 4337 Eva,

151 4340 347 4404 aliisque
374 4357 477 4395 una
506 4356 632 4395 cum
667 4351 972 4407 resurgente
1004 4341 1215 4394 Christo
1236 4341 1301 4393 ad
1336 4341 1699 4393 immortalita-

150 4418 241 4461 tem
256 4412 538 4465 translatis.
565 4409 674 4464 Sed
695 4409 834 4475 quid,
863 4410 1050 4477 inquit,
1074 4411 1167 4461 hoc
1186 4412 1252 4461 ad
1268 4412 1700 4476 confirmationem

152 4481 246 4547 ejus
285 4482 340 4533 de
387 4496 488 4546 quo
538 4478 1179 4549 agitur?.Chatnillardus
1224 4488 1499 4549 propterea
1533 4488 1698 4547 putat,

151 4549 298 4602 solum
328 4548 663 4605 mentionem
694 4562 814 4602 esse
841 4548 908 4601 de
937 4548 1271 4616 reparatione
1301 4548 1573 4601 hominum
1605 4564 1700 4616 per

154 4617 320 4672 Christi
342 4622 792 4677 incarnationem,
820 4633 925 4670 non
956 4632 1085 4671 vero
1108 4618 1172 4670 de
1201 4619 1265 4671 iis
1294 4619 1517 4686 quicum
1545 4617 1697 4671 Chri-

1800 3367 1958 3420 tinius
1986 3375 2131 3419 certe
2156 3376 2254 3427 est,
2282 3364 2520 3433 adeoque
2544 3367 2893 3419 retinendum.
2924 3364 3238 3423 Prudentius
3258 3372 3363 3425 ali-

1795 3436 1848 3490 bi
1877 3436 2034 3489 etiam
2066 3438 2227 3487 verbo
2255 3437 2575 3488 instaurandi
2604 3450 2728 3488 usus
2756 3444 2856 3496 est,
2897 3446 2951 3489 et
2980 3438 3047 3491 de
3086 3454 3366 3495 resurrec-

1797 3508 1940 3626 tiigpf
1969 3508 2188 3573 loquens
2216 3520 2331 3557 eam
2364 3514 2514 3558 vocat
2544 3507 2958 3558 instaurationem
2989 3508 3184 3576 Apoth.
3216 3526 3358 3565 vers.

1868 3644 1992 3698 665.
2027 3644 2149 3697 Hmc
2189 3644 2362 3697 omnia
2391 3644 2698 3710 argumenta
2739 3644 2992 3697 adversus
3037 3646 3353 3701 Marcionetn

1797 3729 1917 3767 cum
1962 3715 2048 3766 alii
2083 3714 2263 3766 Patres
2308 3722 2492 3779 urgent
2518 3752 2532 3775 ,
2569 3724 2675 3764 tum
2708 3716 2968 3781 praecipue
3001 3714 3359 3771 Tertullianus

1797 3783 1847 3836 in
1882 3784 1970 3836 lib.
2003 3782 2252 3835 adversus
2274 3784 2539 3835 eumdem.
2565 3782 2765 3834 Seneca
2791 3784 2879 3835 lib.
2910 3799 2923 3835 1
2949 3786 3014 3837 de
3034 3783 3353 3851 Clementia,

1796 3867 1915 3920 cap.
1945 3851 2012 3905 ‘26
2039 3868 2053 3904 :
2089 3851 2215 3905 Haec
2251 3852 2421 3904 dit-ina
2451 3852 2668 3921 potentia
2690 3860 2759 3903 est
2797 3855 3061 3922 gregatim,
3088 3870 3147 3907 ac
3172 3850 3369 3921 publice
3466 3850 3469 3851 ν

1796 3938 2013 3974 servare.

1868 3992 1989 4044 666.
2030 3989 2268 4043 Meritum
2298 3990 2544 4044 resolvere
2574 3999 2657 4043 est
2686 3989 2942 4057 condigna
2978 3992 3064 4044 illa
3114 4008 3210 4060 pro
3245 4010 3364 4060 pec-

1798 4071 1918 4114 cato
1943 4060 2253 4120 satisfactio,
2286 4061 2348 4112 ad
2380 4075 2538 4128 quam
2570 4061 2717 4111 aiunt
2751 4060 2981 4131 theologi
3014 4067 3371 4120 necessariam

1800 4131 1964 4183 fuisse
1992 4131 2432 4200 incarnationem.
2858 4186 2886 4200 υ

1871 4199 1991 4253 667.
2022 4199 2197 4267 Prag.,
2232 4199 2417 4266 Bong.,
2442 4214 2470 4251 a
2501 4213 2658 4251 manu
2692 4199 2880 4267 prima,
2912 4210 3148 4268 prtt’slal,‘
3169 4206 3374 4269 cancri,

1801 4269 2168 4339 pra'slet;_Gis.
2197 4270 2221 4322 1
2253 4271 2364 4329 ed.,
2388 4278 2621 4334 prcestet;
2652 4270 2701 4321 111
2731 4270 2815 4322 ed.
2843 4271 2876 4321 ‘2
2900 4282 3120 4337 prws'at.

1872 4338 1996 4412 668.
2017 4337 2141 4412 Cis.
2173 4339 2223 4391 in
2252 4348 2500 4412 contextu
2528 4342 2549 4390 1
2579 4339 2745 4412 ed._et
2768 4340 2831 4391 ad
2857 4355 3018 4408 marg.
3047 4340 3206 4409 2,,1111,
3234 4346 3371 4412 quod

1802 4418 1914 4478 post
1943 4408 2122 4479 abluit,
2148 4417 2264 4461 ante
2289 4409 2544 4478 probaret.
2577 4408 2701 4472 Alii,
2739 4424 2848 4477 nec,
2882 4412 3017 4479 quod
3049 4408 3160 4477 post
3191 4408 3370 4478 abluit,

1805 4490 1922 4531 ante
1948 4478 2181 4547 probare.

1876 4547 1998 4601 669.
2052 4547 2280 4615 Reponit
2326 4548 2633 4601 Marcionita
2691 4548 2952 4601 neminem
3012 4562 3165 4610 posse
3210 4550 3377 4603 ittvito

1811 4618 1923 4670 Deo
1954 4632 2195 4686 peccare,
2227 4620 2307 4668 cui
2340 4620 2625 4683 respondet
2668 4616 3003 4686 Prudentius,
3032 4631 3059 4686 a
3112 4619 3218 4669 Deo
3246 4634 3375 4671 cott-

155 4696 222 4738 sto
243 4661 667 4743 resurge'xerunt.
696 4661 936 4741 Arbitror
971 4696 1175 4755 poetam
1212 4661 1324 4740 haed
1346 4687 1452 4740 duo
1479 4688 1702 4755 conjun-
1727 4661 1779 4721 D
1809 4661 2010 4740 cessain
2042 4702 2158 4740 esse
2181 4661 2385 4738 itontini
2418 4661 2745 4755 libertatem,
2778 4694 2832 4737 ut
2856 4661 3011 4755 digna
3044 4685 3197 4738 laude
3224 4702 3376 4754 gere-

153 4757 289 4824 xisse,
317 4773 509 4827 nempe
537 4756 790 4812 homines
814 4756 977 4827 fuisse
1003 4757 1304 4827 redemptos
1329 4765 1383 4810 et
1416 4772 1445 4810 e
1486 4759 1701 4811 tumulis

154 4829 405 4894 excitatos,
444 4825 514 4880 ut
556 4841 663 4880 una
707 4841 827 4879 cum
867 4825 1080 4879 Christo
1109 4828 1158 4877 in
1201 4826 1337 4879 caelo
1380 4837 1697 4895 regnarent:

155 4908 256 4967 nam
282 4908 565 4967 utrumque
608 4897 836 4964 pertinet
879 4897 943 4967 ad
974 4896 1297 4967 voluntatem
1328 4897 1565 4949 salvandi
1603 4897 1701 4950 ho-

151 4964 317 5036 mines,
343 4964 501 5036 quam
537 4968 593 5020 in
630 4967 737 5018 Deo
769 4966 955 5036 astruit
998 4965 1314 5019 Prudentius
1349 4981 1366 5036 1
1390 4981 1612 5036 quaeque
1639 4981 1704 5020 eo

154 5035 301 5104 major
324 5034 423 5101 eSt,
460 5052 575 5104 quo
620 5039 786 5104 magis
818 5034 957 5088 Deus
1006 5035 1272 5089 hominem
1320 5034 1485 5103 gloria
1517 5035 1700 5088 afﬁcit.

156 5101 217 5153 De
236 5101 630 5161 resurrectione
654 5101 972 5158 Prudentius
993 5104 1186 5172 Apoth.
1213 5101 1355 5158 versi.
1383 5104 1485 5158 780
1506 5121 1518 5156 :
1547 5105 1707 5166 Omne

151 5173 387 5244 reducens,
420 5176 692 5244 Quidquid
720 5174 867 5227 homo
890 5182 996 5239 est;
1040 5174 1175 5227 istud
1217 5173 1442 5239 tumulis,
1476 5184 1551 5227 ast
1582 5174 1710 5227 illud

156 5240 333 5309 abysso.

228 5314 321 5384 i6l.
352 5315 731 5384 Prag.,ifacit;
760 5312 958 5384 caeteri,
987 5314 1147 5383 jubet.
1601 5382 1610 5384 4
1666 5344 1669 5349 ι

211 5382 321 5435 661.
354 5382 497 5447 Ριιιξ,
524 5383 763 5445 'l‘huan.,
782 5382 1059 5436 Widm.’et
1083 5384 1249 5451 Bong.
1274 5385 1337 5436 ad
1361 5398 1527 5448 oram,
1552 5382 1703 5437 Alex.

154 5462 177 5498 a
204 5450 355 5515 prima
387 5468 577 5517 manu,
616 5455 799 5523 [δι-δε..
836 5451 963 5523 Rat.
992 5467 1021 5523 a
1061 5450 1233 5523 prisca
1266 5469 1446 5517 manu,
1479 5468 1572 5519 ope
1600 5469 1706 5504 res-

155 5528 334 5575 taurare
362 5523 615 5587 secunda,
663 5521 803 5588 quod
834 5521 1076 5575 Heinsio'
1101 5522 1313 5591 placuit.
1349 5524 1448 5575 Alii
1481 5531 1706 5583 veteres,

154 5602 282 5653 opere
300 5593 593 5644 instaurare
624 5592 861 5653 secundo,
890 5592 1029 5658 quod
1058 5592 1108 5643 in
1137 5592 1367 5657 antiquis
1393 5591 1712 5645 etlitionibus

154 5669 348 5729 apparet
381 5679 392 5712 :
426 5677 554 5715 nam
590 5661 918 5714 recentiores
946 5660 1217 5714 lleinsium
1256 5661 1367 5714 fere
1396 5672 1708 5729 sequuntur.

152 5726 469 5785 Burmannus
496 5742 637 5785 tom.
663 5732 680 5783 l
702 5730 938 5796 Anthol.,
958 5744 1077 5800 pag.
1111 5731 1234 5797 459,
1259 5746 1377 5787 (111111
1409 5726 1559 5799 Plgm.
1587 5746 1713 5785 con-

1812 4767 1893 4809 ret
1925 4773 1937 4809 :
1973 4772 2072 4823 qua
2118 4756 2338 4822 proinde
2369 4757 2525 4807 homo
2556 4764 2609 4807 et
2637 4754 2774 4809 bene
2820 4762 2877 4807 et
2902 4754 3039 4806 male
3082 4755 3155 4807 uti
3184 4765 3374 4823 potest.

1814 4824 1943 4878 Vide
1977 4826 2176 4892 proleg.
2201 4840 2319 4888 cap.
2353 4824 2436 4877 16.

1883 4896 2005 4948 674.
2057 4894 2159 4946 Pro
2210 4895 2367 4945 nescis
2418 4893 2574 4947 Fabr.
2625 4902 2677 4946 et
2714 4892 2881 4959 Bong.
2930 4893 3187 4962 nesciaque
3239 4896 3378 4962 apud

1812 4963 2116 5027 Webzium,
2141 4963 2229 5031 qui
2254 4964 2440 5016 Aldum
2460 4978 2665 5031 quoque
2685 4962 2872 5029 allegat
2898 4976 2992 5029 pro
3014 4961 3110 5015 hac
3132 4961 3377 5020 lectione.

1816 5034 1945 5088 Mihi
1979 5033 2165 5098 Aldus,
2212 5033 2372 5085 nescis
2416 5033 2477 5083 ab
2507 5032 2702 5101 origine
2725 5070 2738 5093 ,
2766 5032 2909 5101 quod
2939 5032 3248 5085 concinnius
3277 5044 3377 5088 est.

1816 5104 2065 5156 Claudius
2090 5102 2282 5155 Marius
2309 5102 2486 5155 \‘ictor
2514 5099 2717 5168 praefat.
2750 5099 3045 5154 Comment.
3078 5102 3128 5153 in
3153 5101 3380 5157 Genesin

1819 5174 1957 5227 idem
2007 5184 2367 5240 argumentum
2400 5180 2713 5239 pertractat,
2744 5170 2893 5238 cujus
2927 5173 3143 5223 notandi
3175 5182 3298 5225 sunt
3328 5174 3381 5226 hi

1818 5258 2004 5297 versus
2038 5259 2049 5293 :
2088 5241 2251 5293 Porro
2282 5243 2431 5293 etiam
2461 5240 2615 5308 (mi/ti
2637 5241 2681 5292 si
2714 5244 2792 5307 fas
2813 5250 2883 5292 est
2911 5241 3003 5291 hoc
3030 5241 3213 5306 dicere,
3244 5243 3383 5295 salua

1820 5312 1956 5366 Pace
1994 5321 2099 5373 tua,
2129 5311 2369 5380 Genitor)
2418 5312 2583 5379 majus
2623 5310 2851 5375 fortassis
2894 5310 3033 5379 apud
3070 5319 3115 5361 te
3147 5322 3219 5363 est
3262 5310 3383 5364 Non

1820 5398 2050 5451 peccasse
2080 5381 2262 5433 bonum
2296 5398 2381 5447 per
2410 5380 2601 5451 lubrica
2645 5390 2866 5451 tetttpora
2916 5380 3248 5451 νῆφε-01111111
3290 5384 3383 5433 mi-

1815 5447 1937 5505 seris
1970 5467 2196 5514 peccasse
2219 5450 2408 5501 malum
2434 5466 2453 5512 ;
2489 5449 2575 5502 sed
2616 5450 2816 5510 videris,
2845 5458 2899 5500 ut
2939 5465 2993 5501 se
3024 5447 3135 5501 Hoc
3164 5449 3341 5503 Itabeat
3368 5491 3382 5517 ,

1817 5538 1994 5573 causas
2026 5522 2113 5572 uni
2141 5520 2219 5571 cui
2245 5520 2493 5571 credimus
2521 5536 2711 5571 omnes.

1887 5593 2008 5644 676.
2048 5589 2189 5652 l’ut.,
2218 5590 2394 5650 Alex.,
2419 5589 2574 5651 Urb.,
2598 5590 2845 5656 laxatque,
2872 5590 3072 5643 scilicet
3092 5590 3380 5646 voluntatis.

1818 5662 1918 5716 Alii
1954 5659 2149 5712 habent
2180 5660 2323 5721 laxe;
2354 5660 2444 5712 sed
2481 5661 2551 5711 ttil
2584 5660 2773 5711 mirum
2804 5660 2870 5711 de
2897 5659 3096 5723 multis,
3121 5661 3170 5711 in
3197 5661 3383 5727 quibus

1820 5734 2008 5785 desunt
2038 5729 2365 5801 diphthongi.
2403 5730 2484 5782 lso
2510 5729 2651 5783 clare
2678 5732 2789 5783 vult
2819 5728 2949 5783 lare.
