3950 6326
555 418 684 475 1959

670 658 676 665 .
731 621 879 690 Quod
935 619 1203 689 placitum,
1254 612 1488 682 nullique
1525 612 1760 673 animum
1804 612 2121 681 subjungere

1814 699 2052 772 [vinclo?
2076 712 2081 719 '

725 799 805 853 An
831 812 951 849 cum
984 805 1035 849 te
1063 792 1333 847 dominum
1361 791 1585 856 eunetis,
1616 803 1943 860 quaecunque
1969 802 2120 842 erea-

1917 881 2021 953 [rat
2040 920 2053 945 ,

558 984 659 1038 680
735 978 1035 1034 Prmlieeret
1060 1018 1073 1040 ,
1101 974 1459 1044 mundumque
1494 975 1597 1027 tuis
1625 972 1825 1027 servire
1844 972 2059 1039 juberet

737 1063 999 1131 Imperiis,
1028 1074 1255 1129 cumque
1284 1073 1427 1123 arva,
1460 1059 1661 1128 polum,
1689 1070 1859 1119 mare,
1887 1055 2124 1117 flumina,

1846 1144 2058 1216 [ventos

738 1246 986 1309 Dederet,
1022 1242 1300 1297 arbitrium
1348 1242 1415 1295 de
1456 1249 1507 1293 te
1538 1239 1632 1294 tibi
1678 1238 1899 1293 credere
1940 1250 2129 1291 avarus

737 1338 926 1400 Nollet,
960 1346 1010 1389 ut
1043 1334 1277 1405 indigno,
1315 1334 1720 1401 libertatemque
1770 1332 2025 1400 negaret?

736 1428 903 1494 Quale
930 1434 1064 1488 erat,
1115 1426 1317 1479 electus
1346 1423 1516 1491 magni
1552 1437 1644 1474 rex
1694 1422 1838 1475 orbis
1871 1430 1921 1475 ut
1948 1430 2128 1486 esset,

739 1520 850 1571 Non
879 1530 975 1569 rex
1002 1515 1113 1583 ipse
1145 1514 1246 1576 sui,
1278 1522 1430 1565 curto
1455 1510 1679 1564 foedatus
1710 1510 1912 1564 honore
1936 1511 1958 1561 ?

748 1608 877 1661 Nam
909 1604 1029 1675 quis
1055 1606 1224 1661 honos
1265 1602 1461 1656 domini
1495 1610 1595 1665 est,
1616 1602 1765 1669 cujus
1796 1616 1945 1654 mens
1968 1602 2132 1655 libera

1791 1692 1917 1759 [non
1953 1701 2061 1746 est:

742 1792 855 1846 Una
898 1787 990 1843 sed
1023 1785 1283 1854 impositm
1316 1784 1485 1839 servit
1512 1782 1775 1837 sententia
1806 1781 1909 1850 legi
1939 1781 1961 1834 ?

563 1519 665 1575 685

1631 405 1902 463 AURELII
1941 405 2305 464 PRUDENTII
2345 405 2660 464 CARMINA.

724 529 880 601 551
906 524 1032 581 lure
1047 520 1349 586 voluntatis,
1370 516 1628 572 liceatcui
1659 516 2111 588 velle,sequique,
2143 518 2195 579 Α

3092 361 3184 371 -νι-ς

3654 404 3781 464 1000

2414 522 2539 588 Quae
2570 520 2683 572 laus
2713 530 2872 587 porro
2916 514 3167 579 hominis,
3202 513 3283 571 vel
3322 514 3462 586 quod
3493 514 3763 586 meritum,

3402 606 3542 678 [sine
3570 618 3712 662 certo

2404 706 2541 759 Inter
2592 712 2868 768 utramque
2896 699 3036 751 viam
3066 696 3373 750 discrimine
3408 696 3588 752 vivere
3611 697 3773 766 iuste?

2233 784 2339 839 690
2413 784 2524 836 Non
2580 783 2851 848 litspoute
2876 778 3089 841 bonus,
3143 776 3226 828 cui
3265 790 3370 830 non
3419 784 3504 830 est
3553 787 3779 849 prompta

3466 866 3720 938 [potestas

2410 966 2559 1019 Velle
2588 962 2750 1019 aliud.
2778 960 3048 1026 nexosque
3069 958 3231 1012 animi
3253 968 3571 1015 convertere
3586 974 3777 1017 sensus.

2414 1056 2566 1123 Atqui
2601 1068 2696 1106 nec
2729 1052 2899 1105 bonus
2920 1059 3019 1115 est,
3047 1064 3143 1103 nec
3173 1049 3542 1105 collaudabilis
3574 1051 3662 1109 ille
3683 1095 3695 1117 ,

2412 1147 2569 1219 552
2611 1145 2706 1210 Qui
2742 1159 2843 1197 non
2890 1151 3077 1211 sponte
3104 1142 3274 1195 bonus
3302 1161 3313 1193 :
3347 1143 3600 1211 quoniam
3630 1144 3781 1214 probi.

3396 1230 3529 1299 [tate
3553 1244 3726 1284 coacta

2418 1326 2597 1379 Gloria
2632 1322 2774 1376 nulla
2812 1321 2977 1387 venit,
3004 1320 3295 1387 sordetque
3327 1320 3553 1389 ingloria
3608 1323 3783 1375 virtus.

2420 1417 2525 1470 Nec
2556 1423 2731 1467 tamen
2758 1420 2841 1467 est
2871 1411 3059 1477 virtus,
3088 1410 3139 1461 ni
3172 1409 3439 1471 deteriora
3462 1410 3695 1475 refutans

2409 1508 2632 1571 Emieet,
2657 1516 2711 1561 et
2740 1505 2963 1559 meliore
2988 1503 3127 1556 viam
3161 1512 3302 1571 petat
3331 1502 3505 1557 indole
3534 1513 3744 1558 rectam.

2414 1598 2581 1663 Vade,
2612 1598 2683 1650 ait
2724 1598 2837 1666 ipse
2868 1610 3078 1663 parens,
3114 1593 3400 1663 opifexque
3424 1634 3439 1660 ,
3470 1604 3523 1649 et
3564 1595 3788 1648 conditor

3619 1685 3757 1757 [Δάαι
3778 1704 3786 1735 ῖ

2420 1783 2581 1849 Vade,
2626 1781 2808 1846 homo,
2840 1789 2893 1833 et
2918 1780 3098 1832 alllatu
3131 1778 3296 1830 nostri
3326 1778 3639 1847 praenobilis.
3663 1780 3790 1841 oris,

2243 1418 2346 1473 693

1854 1893 2134 1950 (ΙΙ.Οὸεῶ
2175 1892 2507 1951 VETERES.

639 1998 759 2053 678.
795 1994 1077 2056 Placitum,
1106 1991 1293 2045 scilicet
1323 1988 1435 2051 tibi,
1467 1988 1504 2039 l.

645 2066 769 2121 682.
810 2064 1039 2118 Credere
1062 2102 1076 2124 ,
1116 2062 1236 2114 dare
1268 2059 1395 2119 tibi,
1445 2056 1815 2109 commendare.
1840 2084 1907 2092 —
1931 2056 2135 2109 Avarus

571 2154 678 2208 ipse
707 2136 877 2189 Deus:
914 2149 1086 2208 sensus
1118 2140 1223 2208 est,
1244 2145 1368 2208 cum
1399 2126 1536 2206 Deus
1557 2125 1729 2176 omnia
1758 2125 1947 2208 homini
1975 2126 2134 2208 dedit,

572 2193 771 2275 sitteque
797 2203 1027 2278 potestati
1071 2200 1314 2278 subdidit,
1361 2197 1503 2278 quasi
1538 2210 1729 2278 auarus
1754 2194 1947 2278 h-omyii
1980 2193 2135 2246 nollet

575 2264 848 2331 libertatein
871 2274 1065 2333 dare,et
1087 2270 1348 2323 arbitrium
1377 2268 1491 2319 boni
1517 2266 1590 2317 vel
1608 2266 1749 2327 ntali,
1783 2264 1820 2315 I.

596 2382 599 2383 ν
647 2350 767 2401 685.
813 2345 898 2409 Ut,
927 2343 1095 2412 quasi,
1122 2340 1162 2412 l._

592 2450 605 2471 ι
648 2418 767 2470 684.
809 2402 993 2480 Quale,
1026 2402 1535 2480 qualis_res.——llex,
1570 2403 1743 2465 ltomo,
1778 2402 1817 2453 1.

646 2487 766 2539 683i.
806 2478 991 2541 Curio,
1018 2479 1172 2544 breui,
1202 2478 1241 2529 Ι.

655 2555 777 2608 686.
824 2539 1054 2611 Domini,
1099 2539 1587 2602 hominis.—Meus,
1642 2556 1755 2592 nam
1786 2542 1935 2591 homo
1966 2541 2017 2591 in
2048 2539 2140 2591 hoc

580 2625 820 2676 honorem
851 2636 948 2673 non
968 2610 1192 2679 haberet,
1214 2617 1256 2667 si
1277 2615 1431 2666 libero
1457 2612 1666 2664 arbitrio
1689 2626 1785 2662 non
1820 2618 2069 2674 uteretur,
2098 2610 2140 2661 Ι.

518 2748 523 2749 ,
649 2694 775 2746 687.
816 2692 1099 2754 Impositze,
1123 2686 1311 2739 scilicet
1332 2682 1819 2754 sibi—Sententia,
1856 2682 2093 2732 bonitatis
2123 2720 2137 2742 ,

579 2750 1040 2828 Itominis.-—Legi,
1067 2757 1188 2824 tigni
1212 2756 1261 2807 in
1296 2754 1553 2824 paradiso,
1583 2750 1620 2802 Ι.

2163 1991 2211 2051 Β
2308 1986 2429 2040 689.
2476 1983 2616 2037 Inter
2640 1979 3090 2051 utramque,‘inter
3112 1976 3296 2051 bonum
3325 1986 3372 2051 et
3396 1977 3791 2051 nial_i_tm.;—_Disg

2242 2056 2497 2119 crimine,
2546 2052 2780 2114 arbitrio,
2812 2045 2887 2102 uel
2908 2047 3140 2119 decreto,
3168 2054 3213 2098 et
3248 2045 3448 2114 judicio
3472 2046 3793 2105 discriminari

2242 2129 2373 2178 inter
2396 2118 2577 2177 bonum
2594 2134 2639 2174 et
2667 2122 2877 2185 malum,
2906 2118 2942 2170 Ι.

2314 2195 2439 2248 690.
2485 2195 2752 2260 l’rompta,
2784 2190 2963 2249 libera,
2997 2187 3036 2239 l.

2315 2266 2436 2318 691.
2484 2254 2657 2322 Velle,
2684 2260 3126 2327 concttpiscere.-—
3144 2254 3327 2319 Aliud,
3360 2263 3508 2324 quam
3540 2254 3738 2319 bonum,
3758 2255 3789 2309 Ι.

2318 2335 2440 2387 692.
2487 2331 2675 2398 Atqui,
2704 2340 2856 2389 certe,
2888 2329 2988 2381 lso.

2321 2405 2445 2457 695.
2489 2394 2787 2464 Probitate,
2820 2395 3361 2457 bonitate—Coacta,
3402 2394 3643 2463 probitati
3688 2395 3803 2445 ineic

2251 2485 2345 2535 tte,
2383 2474 2419 2524 Ι.

2320 2533 2443 2595 694.
2485 2541 2714 2609 lngloria
2738 2582 2751 2605 ,
2794 2537 3072 2608 ingloriosa
3091 2581 3103 2603 ,
3137 2537 3245 2589 sine
3290 2535 3474 2602 gloria.
3501 2564 3570 2572 —
3598 2533 3766 2588 Virtus
3787 2574 3799 2597 ,

2249 2613 2435 2666 scilicet
2459 2611 2625 2676 aliter,
2655 2610 2693 2662 1.

2324 2682 2444 2733 696.
2492 2679 2763 2739 Rcfutans,
2794 2692 3050 2746 respuens,
3076 2677 3112 2728 l.

2317 2751 2439 2805 696.
2487 2751 2719 2815 Emieet,
2753 2742 3309 2805 clarescat—indole,
3343 2744 3626 2810 nobilitate,
3658 2744 3694 2796 I.

1896 2836 2445 2895 COMMENTARIUS.

652 2946 774 3000 677.
820 2944 961 3006 Ald.,
990 2942 1170 3001 F.tbr.,
1192 2943 1311 3009 jure
1338 2936 1639 3009 potestatis.

652 3017 775 3070 678.
816 3004 961 3077 Ald.,
988 3004 1206 3076 Weitz.,
1229 3006 1454 3070 Widm.,
1488 3006 1615 3059 Mar.
1644 3020 1673 3058 a
1696 3004 1929 3058 secunda
1955 3018 2132 3068 manu,

582 3086 713 3154 quod
739 3085 975 3154 placitum
1005 3090 1097 3154 est.

653 3144 775 3208 679.
817 3152 995 3218 Prag.,
1023 3149 1290 3209 dominus,
1321 3147 1494 3218 minus
1524 3144 1677 3218 bene.

651 3224 775 3276 682.
820 3210 1031 3281 VatTA,
1065 3218 1303 3278 dederat;
1351 3213 1493 3275 Ald.,
1546 3212 1723 3278 Egm.,
1768 3210 2143 3266 dederityNeu-

586 3302 725 3345 trntn
762 3295 915 3343 bene.
954 3286 1273 3355 Legendum
1296 3283 1515 3335 dederet.

656 3358 779 3413 68L
825 3358 877 3409 In
912 3350 1101 3409 Vath
1131 3352 1459 3407 desideratur
1487 3350 1690 3403 electus.

658 3428 781 3481 686.
842 3425 1039 3478 Widm.
1066 3439 1225 3492 supra
1248 3463 1261 3480 ,
1293 3420 1526 3482 homini;
1560 3418 1744 3492 Boug._
1770 3430 1950 3492 supra,
1985 3418 2149 3471 hami-

589 3499 666 3550 nis
688 3514 704 3559 ;
730 3496 929 3554 caeteri,
952 3487 1162 3545 domini.
1187 3492 1330 3545 Wid.
1371 3504 1467 3559 pro
1493 3489 1643 3559 cujus
1662 3487 1822 3559 habet
1845 3487 1944 3538 cui.

655 3556 777 3620 688.
822 3564 965 3617 Wid.
999 3577 1179 3627 supra,
1205 3564 1312 3612 sine
1340 3558 1501 3620 nullo,
1546 3556 1700 3611 male.
1730 3557 1852 3627 limo
1886 3556 2017 3609 ratio
2038 3556 2153 3627 eflif

591 3654 686 3690 cax
734 3644 846 3697 est,
892 3648 996 3702 qua
1042 3625 1140 3687 SS.
1168 3625 1390 3693 Patres,
1443 3627 1695 3695 theologi,
1727 3625 2044 3702 _phil050phi
2088 3626 2153 3679 ad

592 3695 962 3761 stabilien’dain
1011 3702 1307 3755 libertatem
1364 3705 1580 3751 utuntur
1603 3737 1616 3759 ,
1650 3697 1847 3749 nullam
1874 3710 1992 3749 esse
2023 3695 2154 3749 futu-

588 3792 701 3830 ram
734 3777 966 3839 laudem,
1014 3772 1216 3825 nullum
1248 3770 1525 3829 meritum,
1570 3766 1667 3819 nisi
1704 3776 1903 3839 certum
1940 3766 2155 3839 sitgdis-

595 3848 796 3899 crimen
831 3835 1043 3898 vivendi
1084 3841 1224 3908 juste
1265 3841 1405 3892 inter
1447 3846 1726 3901 utramque
1764 3835 1946 3908 viam;
1978 3835 2154 3908 dicam

590 3914 861 3969 vocabulis
906 3903 1125 3971 schola},
1166 3909 1267 3963 nisi
1316 3908 1454 3960 adsit
1504 3907 1718 3959 libertas
1763 3903 2149 3959 indifferentia.

592 3985 688 4038 SS.
722 3984 935 4036 Patrum
950 3981 1296 4035 auctoritates
1318 3979 1472 4045 plena
1495 3975 1869 4045 manudabunt
1894 3974 2145 4045 theologi.

661 4054 784 4107 699.
831 4052 946 4103 Vat.
983 4056 1045 4111 Α,
1075 4052 1137 4101 sit
1162 4064 1258 4114 pro
1294 4044 1372 4113 ﬁt.
1417 4044 1734 4099 Prudentius
1767 4044 1931 4111 magis
1962 4046 2154 4114 magis-

590 4137 691 4188 que
732 4121 1025 4173 libertatem
1057 4112 1421 4188 indill'erentige
1450 4116 1680 4188 explicat
1706 4153 1720 4174 ,
1742 4122 1804 4188 et
1827 4112 2154 4188 clariusfor-

595 4182 755 4254 t'assc,
801 4204 958 4256 quam
1005 4186 1241 4238 no‘lmulli
1289 4186 1510 4256 vellent.
1547 4182 1679 4256 Vide
1706 4182 1866 4256 aliaht
1917 4183 2154 4256 in_Sym-

594 4250 765 4311 maeli.
802 4250 941 4310 vers.
970 4258 1102 4319 555,
1132 4269 1248 4321 que
1281 4254 1569 4321 plurimum
1614 4250 1791 4321 laudat
1813 4250 2082 4305 Petavius.

665 4327 785 4382 695.
829 4329 883 4379 ὃ.
918 4319 1244 4393 Augustinus
1284 4319 1355 4393 ad
1402 4319 1731 4393 laudabiliter
1774 4320 2032 4393 agendum
2066 4336 2155 4393 vo-

601 4399 857 4450 luntatein
880 4397 943 4447 ab
966 4390 1108 4447 onttii
1135 4391 1339 4444 ucccssi
1365 4400 1449 4442 ate
1471 4390 1687 4441 liberam
1719 4390 1910 4454 smptus
1935 4390 2157 4457 requirit

604 4468 687 4519 his
718 4464 1036 4524 rationibus,
1071 4478 1200 4529 quas
1232 4468 1383 4527 poeta
1416 4468 1593 4529 noster
1623 4458 2009 4523 complectitur.
2037 4459 2152 4511 Lib.

599 4536 665 4590 de
690 4535 882 4589 Natura
925 4543 978 4586 et
1024 4528 1203 4584 Gratia
1227 4545 1343 4595 cap.
1391 4528 1460 4581 65
1502 4530 1842 4579 vehementer
1896 4529 2155 4593 approbat

601 4608 711 4658 brec
731 4607 789 4657 δ.
822 4603 1127 4670 Hieronymi
1155 4604 1310 4653 verba
1340 4615 1351 4649 :
1382 4596 1545 4670 Liberi
1576 4595 1779 4670 arbitrii
1808 4611 1898 4670 nos
1928 4598 2154 4649 condidit

598 4674 754 4735 Deus,
789 4689 873 4725 nec
895 4674 961 4725 ad
983 4665 1252 4734 virtutem,
1297 4684 1383 4722 nec
1425 4666 1489 4718 ad
1540 4665 1659 4718 uitia
1712 4668 1999 4717 necessitate
2054 4679 2154 4718 tra-

600 4744 800 4796 himur:
847 4744 1070 4809 alioquin
1114 4742 1195 4792 ubi
1243 4737 1508 4809 necessitas
1540 4746 1633 4799 est,
1680 4751 1768 4788 nec
1819 4749 2005 4809 corona
2059 4747 2152 4788 est.

593 4814 637 4879 ρ
661 4814 792 4865 tibus
836 4814 901 4863 ita
934 4806 1165 4864 concinit
1189 4826 1223 4879 εγ
1249 4808 1380 4879 Quis
1413 4823 1513 4879 non
1557 4814 1797 4879 agnoscat
1832 4808 1853 4855 Ι)
1876 4806 2157 4879 Διμιὶε-ῌηοιξ

595 4873 695 4936 toto
723 4884 872 4936 corde
899 4880 1169 4949 suscipiat!
1192 4877 1385 4943 Quidni
1416 4877 1549 4928 hanc
1571 4873 1975 4927 indiﬂereutiam
2010 4874 2158 4928 liberi

595 4953 798 5005 arbitrii
844 4953 898 5001 ὃ.
942 4950 1261 5018 Augustinus
1306 4954 1636 5018 agnosceret,
1680 4958 1797 5018 cum
1834 4959 1951 4998 eam
1979 4959 2009 5018 εξ
2042 4959 2160 5018 pas-

600 5033 665 5074 to:
686 5022 821 5081 ibus,
852 5036 879 5071 a
923 5012 1111 5085 periis,
1151 5018 1217 5070 ab
1247 5012 1493 5075 indoctis,
1526 5028 1555 5085 a
1594 5013 1782 5075 doctis,
1810 5028 1843 5085 7a
1875 5012 2157 5085 magistris,

596 5092 661 5143 ab
690 5083 1015 5151 antistitibus,
1045 5089 1108 5139 ab
1138 5087 1278 5139 ontni
1306 5100 1501 5153 genere
1543 5084 1772 5153 humano
1801 5083 2006 5153 laudari
2038 5083 2159 5136 fate-

598 5172 761 5212 retur.
808 5160 938 5212 Audi
969 5162 1083 5222 ejus
1105 5156 1260 5209 verba
1289 5151 1405 5221 cap.
1446 5154 1529 5222 li,
1565 5152 1655 5204 lib.
1688 5152 1753 5222 de
1781 5151 1989 5204 duabus
2033 5154 2161 5205 Ani-

597 5236 780 5282 tnabns
820 5220 1011 5280 contra
1050 5220 1404 5279 Manichacus:
1451 5221 1682 5274 Etiamne
1711 5220 1760 5271 hi
1803 5222 1917 5273 libri
1961 5222 2160 5275 obscuri

598 5301 723 5351 mihi
768 5297 1025 5351 scrutandi
1054 5305 1215 5355 erant,
1250 5294 1383 5346 unde
1413 5293 1653 5343 discerem
1694 5292 1941 5344 neminem
1968 5293 2164 5361 vitupe-

596 5369 788 5422 ratione
821 5366 1125 5433 suppliciove
1151 5364 1379 5431 dignum,
1406 5363 1489 5433 qui
1530 5362 1713 5433 aut‘id
1745 5361 1859 5412 velit
1892 5362 2027 5433 quod
2051 5367 2165 5430 jus-

598 5442 705 5489 titia
736 5438 859 5489 velle
886 5431 989 5487 non
1020 5434 1262 5503 prohibet,
1291 5441 1377 5484 aut
1403 5431 1455 5484 id
1486 5447 1586 5503 non
1615 5431 1767 5499 faciat
1792 5432 1952 5503 “quod
2001 5431 2165 5497 facere

598 5523 695 5557 non
724 5504 917 5572 potest?
943 5501 1124 5556 Nonne
1147 5505 1243 5554 ista
1270 5511 1471 5553 cantant
1494 5512 1539 5553 et
1570 5501 1623 5552 in
1645 5501 1893 5572 montibus
1917 5512 2161 5572 pastores,

602 5588 645 5627 tt
670 5569 732 5626 iit
758 5576 961 5627 theatris
993 5582 1169 5639 poetce,
1199 5582 1243 5625 et
1266 5573 1451 5623 indocti
1480 5574 1529 5622 in
1573 5570 1774 5622 circulis
1795 5610 1808 5630 ,
1850 5579 1897 5621 et
1924 5571 2056 5621 docti
2103 5569 2155 5621 in

600 5644 927 5707 bibliothecis,
950 5656 993 5694 et
1028 5642 1532 5711 ntagisfriinscholis,
1562 5650 1603 5694 et
1627 5640 1874 5693 antistites
1894 5640 2155 5711 _in_saci‘af

600 5715 660 5761 tis
690 5712 833 5773 locis,
865 5726 908 5762 et
929 5715 976 5761 in
1000 5708 1128 5764 orbe'
1146 5723 1387 5764 terrarum
1408 5726 1561 5779 genus
1592 5709 1909 5779 humanum?
1941 5708 2085 5772 Quod
2114 5709 2154 5759 si

604 5791 742 5829 nemo
769 5781 1131 5847 uituperatione
1161 5783 1234 5831 uel
1256 5778 1576 5830 damnatione
1606 5778 1787 5845 dignus
1832 5788 1922 5841 est,
1948 5788 2032 5829 aut
2056 5789 2155 5829 non

2252 2946 2427 2989 contra
2478 2937 2675 2987 vetitum
2710 2934 2929 3004 justitia:
2972 2934 3186 3000 faciens,
3208 2941 3299 2984 aut
3344 2934 3481 2999 quod
3520 2950 3624 2986 non
3663 2942 3802 2998 potest

2251 3022 2348 3059 non
2380 3006 2590 3072 faciens,
2636 3008 2747 3071 quis
2795 3003 2981 3055 dubitet
3026 3011 3144 3054 tunc
3175 3019 3281 3055 esse
3307 3013 3573 3070 peccatum
3592 3044 3605 3064 ,
3635 3019 3739 3055 cum
3764 3012 3803 3053 et

2252 3076 2375 3127 velle
2401 3077 2645 3137 iniustum
2662 3083 2754 3135 est,
2775 3082 2821 3125 et
2849 3073 3062 3125 liberum
3076 3073 3212 3126 nolle
3229 3087 3246 3125 :
3265 3082 3313 3124 et
3335 3072 3448 3123 ideo
3479 3072 3802 3138 deﬁnitionem

2252 3146 2396 3199 illam
2424 3156 2467 3198 et
2498 3160 2663 3196 veram
2693 3158 2796 3195 esse
2816 3184 2829 3206 ,
2877 3152 2921 3195 et
2954 3142 3021 3194 ad
3054 3142 3433 3209 intelligendum
3476 3142 3761 3208 facillimam
3787 3186 3797 3203 ,

2253 3226 2295 3268 et
2320 3232 2418 3267 non
2442 3213 2589 3265 modo
2616 3229 2749 3265 nunc
2772 3252 2785 3273 ,
2810 3213 2896 3265 sed
2919 3221 3035 3263 tunc
3062 3228 3252 3278 quoque
3279 3228 3308 3261 a
3331 3227 3407 3261 me
3426 3214 3653 3277 potuisse
3679 3213 3799 3263 dici:

2258 3284 2525 3339 Peccatum
2549 3293 2623 3335 est
2652 3286 2884 3336 voluntas
2926 3282 3171 3335 retinendi
3199 3283 3273 3333 vel
3306 3283 3651 3343 consequendi
3684 3282 3802 3346 quod

2181 3342 2227 3405 C
2249 3355 2454 3425 justitia
2480 3362 2710 3425 t'etat,get
2735 3355 2865 3404 unde
2895 3352 3104 3425 liberum
3137 3360 3209 3403 est
3247 3342 3514 3425 abstinere.
3552 3342 3705 3425 Quod
3725 3368 3801 3402 ex-

2261 3420 2504 3490 plicatius
2533 3423 2692 3475 tradit
2718 3436 2835 3489 cap.
2868 3436 2979 3489 seq.
3009 3437 3022 3472 :
3058 3420 3258 3472 Peccati
3289 3435 3427 3477 reum
3467 3421 3631 3490 teneri
3654 3436 3802 3488 queru-

2256 3489 2427 3561 quam,
2452 3494 2569 3559 quia
2595 3508 2692 3543 non
2720 3493 2835 3557 fecit
2875 3494 3010 3561 quod
3043 3491 3206 3561 facere
3239 3489 3577 3561 nongpotuit,
3617 3505 3803 3561 sumunt

2257 3556 2537 3628 iniquitatis
2564 3572 2635 3615 est
2661 3556 3307 3624 etinsanitc.Quamobrem
3334 3556 3438 3609 illa:
3466 3560 3657 3610 animm
3672 3560 3803 3625 quid-

2258 3634 2378 3696 quid
2411 3632 2634 3698 fuciunt,
2669 3634 2710 3682 si
2739 3639 2950 3690 natura,
2973 3646 3071 3680 non
3102 3630 3360 3679 voluntate
3387 3628 3589 3698 faciunt
3610 3668 3624 3690 ,
3656 3630 3704 3680 id
3726 3638 3804 3690 est,

2256 3705 2301 3754 si
2343 3701 2504 3753 libero
2544 3710 2590 3752 et
2628 3700 2694 3752 ad
2734 3699 3023 3766 faciendum
3061 3707 3108 3749 et
3146 3700 3213 3749 ad
3245 3713 3343 3751 non
3374 3697 3667 3766 faciendum
3691 3709 3807 3749 metu

2258 3773 2411 3824 animi
2453 3782 2663 3833 carent;
2710 3771 2752 3821 si
2783 3768 3003 3834 denique
3044 3767 3120 3819 his
3147 3766 3430 3819 abstinendi
3458 3768 3521 3818 ab
3556 3784 3703 3833 opere
3730 3782 3805 3818 sui

2258 3850 2475 3908 potestas
2511 3840 2654 3891 nulla
2684 3839 2976 3889 conceditur
2998 3876 3011 3899 ,
3042 3847 3298 3908 peccatum
3326 3847 3700 3908 earumgtenere
3723 3853 3807 3908 nos

2291 3924 2541 3962 assumus.
2577 3908 2755 3975 Itaque
2780 3908 2837 3961 S.
2877 3904 3199 3973 Augustinus
3219 3948 3232 3969 ,
3264 3907 3350 3973 qui
3378 3905 3447 3960 de
3483 3906 3731 3963 libertate
3747 3904 3801 3955 ad

2291 3928 2541 3962 οδειιηιιιδ.
2577 3928 2755 3975 Itaque
2781 3928 2837 3961 δ.
2877 3928 3199 3973 augustum:
3219 3948 3232 3969 ,
3264 3928 3350 3973 «μη
3378 3928 3447 3960 ut:
3484 3928 3731 3963 ιιυεηιιυ
3747 3928 3801 3955 au

2257 3928 2392 4032 Keue
2425 3978 2683 4045 agendum
2707 3978 3002 4031 necessaria
3044 3992 3101 4028 se
3134 3977 3317 4030 eadem
3347 3991 3467 4028 cum
3494 3976 3690 4039 doctis,
3713 3990 3807 4026 uta-

2257 4047 2455 4115 gistris,
2481 4046 2829 4109 antistitibus,
2866 4050 2969 4099 imo
2997 4061 3113 4098 cum
3146 4046 3467 4112 pastoribus,
3492 4060 3620 4098 eum
3637 4048 3807 4113 poetis,

2258 4132 2375 4171 cum
2405 4116 2636 4170 indoctis
2671 4118 2871 4169 sentire
2900 4117 3172 4183 professus
3207 4124 3308 4179 est,
3350 4126 3495 4168 certe
3527 4131 3636 4171 non
3663 4115 3814 4169 tenuit

2258 4202 2378 4242 eam
2404 4186 2747 4250 sententiam,
2781 4200 2937 4252 quam
2970 4184 3160 4238 frustra
3181 4185 3232 4237 in
3264 4184 3601 4253 pastoribus,
3630 4185 3684 4238 in
3707 4196 3814 4252 poe-

2260 4258 2346 4321 tis,
2374 4257 2424 4308 in
2450 4256 2674 4309 indoctis
2703 4254 2997 4323 quaesieris,
3022 4270 3089 4307 ne
3112 4268 3526 4315 commemorem
3554 4269 3693 4309 nunc
3715 4268 3813 4305 rna—

2258 4326 2469 4392 gistros,
2502 4325 2767 4384 doctores,
2798 4325 3083 4385 antistites,
3117 4324 3205 4390 qui
3245 4332 3367 4377 ante
3394 4339 3517 4377 eum
3567 4336 3658 4378 aut
3711 4337 3815 4375 cuiu

2259 4410 2321 4447 eo
2351 4397 2629 4459 vixerunt:
2662 4409 2795 4461 quos
2847 4395 2987 4447 ultro
3031 4395 3183 4446 nobis
3235 4396 3553 4447 concedunt
3590 4394 3683 4463 qui
3728 4394 3819 4446 Au-

2261 4466 2454 4529 gustini
2489 4474 2717 4518 mentem
2750 4465 2851 4516 alio
2899 4463 3240 4531 detorquent.
3285 4464 3553 4529 Quorsum
3600 4465 3712 4518 hac
3740 4478 3819 4514 au-

2262 4535 2403 4585 tem?
2454 4535 2746 4597 quorsum?
2788 4542 2843 4585 ut
2894 4542 3070 4601 pateat
3121 4534 3435 4587 catholicam
3486 4548 3614 4591 esse
3668 4532 3821 4587 nostri

2263 4615 2430 4667 poene
2451 4602 2516 4656 de
2548 4604 2789 4658 libertate
2825 4603 3162 4667 sententiam,
3193 4604 3281 4671 qui
3307 4617 3368 4655 ea
3400 4612 3610 4655 tantum
3635 4603 3821 4657 decue-

2262 4675 2327 4723 rit
2372 4689 2488 4739 qua:
2537 4688 2757 4739 inagnus
2800 4673 2983 4739 gratiae
3042 4672 3226 4725 doctor
3286 4673 3616 4739 Augustinus
3662 4672 3822 4727 obviis

2267 4742 2402 4794 nlttis
2436 4744 2866 4807 amplectebatur.

2337 4813 2457 4864 697.
2499 4811 2763 4866 Giselinus
2794 4812 2994 4865 invenit
3018 4810 3164 4873 vade,
3197 4811 3285 4875 ait,
3312 4810 3403 4865 sed
3436 4812 3675 4878 prmtulit
3706 4811 3823 4863 unde

2267 4881 2361 4941 ait,
2390 4880 2513 4949 quia
2539 4882 2705 4949 magis
2733 4882 2898 4934 servit
2921 4882 3177 4933 orationis
3201 4883 3549 4946 coutiexioni,
3581 4891 3639 4936 et
3664 4881 3822 4935 facilis

2272 4951 2368 5002 fuit
2393 4948 2643 5003 mutatio.
2688 4952 2757 5003 lta
2788 4950 3002 5015 quidem
3046 4949 3240 5003 habent
3290 4949 3451 5014 aliqui
3481 4951 3650 5004 codd.
3679 4991 3696 5015 ,
3740 4948 3823 5003 sed

2273 5032 2380 5073 tres
2433 5021 2747 5073 vetustiores
2798 5020 3101 5084 Heinsiani,
3151 5020 3303 5072 Alex.
3324 5059 3337 5081 ,
3367 5018 3501 5073 Urb.
3532 5036 3661 5073 cum
3692 5020 3823 5080 ΑΜ..

2277 5089 2456 5147 Fabr.,
2490 5090 2647 5147 vade,
2677 5092 2767 5141 ait.
2797 5089 3221 5143 Elnienhorstius
3249 5089 3298 5141 in
3334 5088 3632 5141 Arnobium
3658 5090 3748 5141 lib.
3772 5104 3821 5145 ιι.

2278 5175 2396 5223 pag.
2426 5160 2844 5229 60,sententiam
2865 5161 2999 5229 hanc
3013 5160 3258 5219 illustrat,
3279 5161 3676 5228 cantirmatque
3695 5157 3823 5229 quod

2269 5228 2339 5279 ait
2372 5228 2635 5279 Arnobius
2663 5245 2673 5279 :
2703 5228 2849 5279 Nulli
2882 5227 3017 5280 Deus
3048 5229 3197 5294 infert
3220 5230 3587 5281 necessitatem.

2272 5348 2277 5351 _
2338 5298 2458 5350 698.
2508 5296 2560 5348 In
2588 5298 2699 5348 l'nt.
2726 5298 2873 5350 abest
2894 5307 2941 5350 et
2967 5306 3083 5365 post
3106 5297 3273 5359 homo,
3302 5298 3427 5349 utin
3453 5298 3602 5363 Atd.,
3630 5308 3686 5353 et
3708 5297 3821 5351 Mar.

2224 5398 2231 5405 -
2269 5384 2296 5420 a
2324 5368 2488 5433 prima
2518 5381 2693 5419 manu.
2722 5366 3003 5430 Cauchius,
3036 5366 3179 5425 uade.
3208 5366 3375 5431 homo,
3393 5368 3465 5418 ait
3494 5370 3651 5433 ﬂatu.
3685 5370 3822 5421 Alex.

2270 5452 2388 5489 cum
2420 5437 2563 5497 l‘ut.,
2588 5436 2729 5498 vade,
2770 5438 2917 5488 homo
2948 5436 3137 5503 afﬂatu.
3174 5435 3324 5497 Urb.,
3381 5436 3536 5505 l’rag.
3567 5479 3585 5503 ,
3622 5438 3821 5496 Weitz.,

2271 5506 2407 5569 Cis.,
2443 5506 2586 5567 vade,
2609 5508 2780 5567 homo,
2809 5514 2853 5557 et
2884 5506 3085 5573 afﬂatu.
3114 5505 3386 5574 Mariettus
3411 5516 3567 5558 uetat
3587 5522 3653 5559 ex
3681 5507 3821 5574 Prag.

2264 5587 2315 5628 et
2340 5575 2480 5635 Rat.,
2511 5576 2643 5625 unde
2669 5589 2762 5641 pro
2787 5576 2927 5639 vade,
2953 5580 3122 5626 homo.
3145 5573 3365 5628 Defendi
3384 5576 3432 5627 id
3460 5587 3668 5641 posset,
3692 5577 3820 5637 vade,

2266 5646 2433 5711 homo,
2476 5646 2691 5711 afﬂatu,
2732 5644 2826 5697 sed
2858 5645 2928 5697 ita
2953 5653 3009 5697 ut
3038 5657 3144 5697 non
3173 5643 3396 5697 elidatur
3424 5654 3519 5698 aut
3546 5662 3574 5697 e
3606 5649 3661 5700 in
3688 5647 3820 5707 uade,

2265 5723 2353 5767 aut
2380 5730 2406 5763 ο
2432 5725 2752 5782 postremum
2777 5714 2825 5765 in
2858 5713 3026 5764 homo.
3572 5724 3575 5727 ·
