3950 6326
200 295 307 355 1081

194 589 283 644 700
349 586 414 642 Et
435 585 599 655 iudex
626 588 821 641 mentis
849 589 1094 658 propriae,
1128 591 1256 644 mihi
1287 503 1649 648 segregati

339 676 534 747 Sponte
559 686 669 740 tua,
701 692 805 746 quo
829 678 897 730 sit
928 677 1186 746 subjectio
1223 689 1278 735 et
1301 681 1415 750 ipsa
1441 683 1618 736 soluto

338 769 519 824 Libera
540 767 780 837 judicio;
811 781 918 823 non
945 784 1098 839 cogo,
1140 787 1238 826 nec
1265 774 1423 842 exigo
1446 789 1541 843 per
1572 777 1674 829 vim
1704 793 1716 830 :

333 858 431 914 Sed
479 872 693 924 moneo,
748 857 1000 927 iniustum
1052 851 1238 931 fugias,
1279 863 1590 934 iustumque
1637 882 1720 920 se-

1410 954 1608 1025 [quaris
1634 973 1646 1009 :

337 1040 443 1093 Lux
479 1053 659 1096 eomes
698 1047 780 1094 est
801 1039 956 1107 justi,
988 1055 1168 1095 comes
1201 1053 1281 1095 est
1319 1057 1464 1098 mors
1504 1045 1716 1100 horrida

1427 1133 1644 1204 [‘iniqui;

177 1219 266 1271 705
346 1219 493 1288 Elige
523 1234 634 1275 rem
657 1219 800 1286 vita,
835 1229 926 1276 tua
951 1222 1117 1276 virtus
1148 1230 1309 1277 temet
1339 1225 1390 1277 in
1422 1239 1593 1278 aevum

331 1309 616 1374 Provebat,
642 1319 900 1365 aeternum
928 1319 1019 1366 tua
1033 1311 1253 1368 damnet
1277 1315 1436 1381 culpa
1459 1314 1710 1381 vicissim,

334 1400 554 1454 Praistet
569 1407 624 1454 et
640 1399 949 1456 alterutram
977 1402 1234 1468 permissa
1257 1402 1468 1482 licentia
1491 1414 1711 1458 sortem.

333 1490 438 1546 Hac
465 1491 664 1558 pietate
692 1505 873 1561 vagus,
899 1501 953 1546 et
978 1501 1122 1548 tanto
1157 1508 1378 1549 munere
1405 1495 1704 1559 abundans,

327 1580 488 1653 554Ι
514 1581 726 1635 Transit
762 1584 1091 1650 propositum
1124 1583 1223 1650 fas,
1253 1594 1303 1637 et
1345 1584 1558 1638 lethalia
1591 1601 1714 1654 pru-

1490 1677 1641 1747 [dens

189 1742 278 1796 710
345 1742 515 1812 Eligit,
538 1753 694 1812 atque
707 1743 910 1811 volens,
929 1743 1094 1814 magis
1116 1745 1244 1801 utile
1256 1745 1379 1799 dum
1403 1742 1706 1814 sibi'credit,
1741 1787 1788 1845 Β
1817 1755 1918 1813 72ὃ

323 1832 492 1901 Quod,
523 1834 841 1904 prohibente
873 1835 1001 1900 Deo,
1045 1839 1311 1904 persuasit
1359 1838 1580 1913 callidas
1620 1854 1686 1892 an

1543 1947 1639 1983 IIIS.

325 2014 590 2070 Persuasit
618 2025 768 2071 certe
795 2016 1031 2083 hortatu,
1065 2033 1169 2072 non
1197 2020 1406 2086 impulit
1425 1929 1536 2075 πεῗὶ

1444 2109 1719 2203 cLosszE
1759 2115 2092 2203 VETERE§.

227 2196 337 2252 699.
366 2197 420 2251 In
453 2196 720 2267 subjecta,
750 2212 899 2266 super
928 2208 1129 2251 terrena
1158 2200 1346 2252 ontnia.
1369 2228 1440 2240 —
1465 2201 1701 2267 Arbiter,

168 2267 402 2336 magister.
432 2296 504 2306 --
526 2265 690 2330 Idem,
724 2273 777 2318 tu
801 2265 926 2336 ipse,
956 2268 992 2321 l.

228 2337 340 2390 701.
368 2338 505 2402 Quo,
537 2346 610 2401 ut,
645 2336 687 2389 1.

327 2377 340 2390 .
368 2350 505 2402 uno,
537 2350 610 2401 ut,
645 2350 687 2389 ι.

365 2376 650 2481 liti-ustum,
673 2376 1000 2481 iniustitiam.
1025 2409 1350 2481 7+_.|ustur_u,
1373 2411 1646 2481 justitiam,
1667 2412 1699 2464 I.

231 2474 342 2529 704.
373 2473 506 2543 Lux,
537 2473 698 2529 Deus.
719 2473 789 2514 +
809 2476 969 2540 Mors,
1003 2478 1255 2544 diabolus,
1289 2478 1328 2531 ι.

230 2545 333 2598 705.
359 2545 495 2608 Tua,
524 2553 579 2596 ut
608 2553 715 2609 tua,
738 2545 778 2598 Ι.

225 2613 331 2667 706.
361 2615 671 2680 Αζῑθτηυω,
698 2613 865 2668 aliter.
886 2643 955 2653 —
981 2615 1226 2680 Damnct,
1263 2619 1534 2670 damnetur
1558 2660 1569 2681 ,
1599 2618 1700 2672 lso.

225 2682 333 2736 707.
364 2685 612 2748 Prazstet,
649 2684 819 2754 eligat.
845 2714 912 2724 —
940 2685 1194 2751 Licentia,
1235 2689 1357 2754 quia
1399 2687 1605 2740 licentia
1632 2697 1703 2739 est

165 2754 383 2878 permissa
413 2755 620 2822 cuique,
648 2755 804 2820 sequi,
828 2758 929 2806 sive
950 2757 1063 2808 velit
1081 2758 1286 2819 bonum,
1305 2759 1404 2810 sire
1426 2759 1574 2813 etiam
1597 2774 1709 2810 ma-

182 2837 273 2878 ttnt.
319 2861 334 2876 .

182 2837 273 2890 tarn,
297 2837 334 2878 ι.

223 2889 331 2947 708.
358 2893 592 2958 Pietate,
623 2889 737 2946 Dei.
761 2922 829 2932 —
855 2890 1047 2961 Vagus,
1080 2893 1248 2957 homo,
1283 2896 1314 2948 Ι.

226 2961 330 3016 709.
360 2964 698 3032 Propositum
732 2962 830 3032 ias,
856 2979 918 3014 ne
948 2965 1180 3016 comedas
1217 2965 1277 3016 de
1311 2966 1447 3032 ligno
1487 2967 1708 3019 scientia:

163 3031 262 3083 boni
287 3041 328 3084 et
356 3031 508 3085 ntali.
532 3062 599 3070 —
623 3031 885 3094 Prudens,
914 3036 1174 3101 superbus,
1202 3035 1276 3087 vel
1313 3031 1534 3100 subtilis,
1559 3037 1597 3088 I.

222 3101 331 3154 710.
365 3101 592 3166 Volens,
624 3102 957 3165 voluntarius,
987 3102 1024 3155 l.

1518 303 1862 362 "AMABTIG
1873 304 2048 362 ΕΜΔ.

342 402 496 476 553
527 402 584 460 in
609 405 844 474 subjecta
878 415 1082 476 potens,
1112 424 1288 466 rerum
1330 412 1551 477 arbiter,
1587 415 1726 471 arbi~
1753 417 1803 477 Α

3267 310 3403 368 1062

2008 414 2255 485 Imperio.
2293 413 2404 468 Hoc
2433 413 2630 468 mulier
2662 427 2751 468 rea
2792 413 3032 470 criminis
3061 420 3402 482 exprobranti

2001 505 2300 574 Respondit
2327 505 2554 560 Domino
2582 522 2596 559 :
2627 504 2862 562 suadelis
2882 519 2940 559 se
2968 506 3274 562 malefabris

1827 597 1928 652 715
2005 597 2260 659 lllectam,
2289 597 2523 650 suasisse
2554 597 2706 650 viro:
2733 595 2818 649 vir
2841 605 2895 650 et
2919 596 3034 666 ipse
3065 586 3294 655 libenter

2004 687 2313 743 Consensit.
2353 686 2594 740 Licuitnc
2632 686 2936 742 hortantem
2970 702 3226 758 spernere
3265 697 3398 750 recti

2002 777 2271 832 Libertate
2309 777 2506 831 animi?
2535 776 2682 834 licuit
2709 795 2723 834 :
2749 794 2978 849 namque
3011 789 3067 835 et
3104 782 3243 837 Deus
3269 795 3396 842 ante

2001 867 2278 934 Suaserat,
2312 877 2370 921 ut
2405 867 2626 923 meliora
2652 869 2836 926 volens
2861 881 3273 940 sequereturzat
3295 876 3390 932 illc

2001 959 2275 1026 Spernens
2305 959 2607 1023 consilium,
2641 974 2786 1024 saevo
2817 963 2936 1030 plus
2963 963 3192 1020 credidit
3228 967 3390 1023 hosti.

1824 1048 1924 1102 720
1997 1047 2146 1103 Nunc
2186 1050 2325 1104 inter
2366 1050 2490 1106 vitae
2541 1051 2840 1118 Dominum,
2890 1056 3184 1127 mortisque
3230 1063 3394 1130 magi-

3151 1155 3319 1202 strum

3151 1155 3319 1202 strum

1993 1229 2256 1282 Consistit
2302 1229 2505 1285 medius
2532 1247 2544 1282 :
2570 1240 2726 1287 vocat
2767 1232 2892 1286 hinc
2934 1233 3096 1302 Deus,
3128 1146 3266 1292 [inde
3305 1248 3388 1309 ty-

1997 1389 2336 1460 Amhiguum,
2357 1401 2516 1461 atque
2542 1391 2653 1448 suis
2674 1405 2732 1448 se
2750 1394 2981 1449 motibus
3002 1325 3378 1453 alttgtigrrtlt‘iasm.

2001 1483 2197 1548 Accipe
2226 1490 2492 1557 gestarum
2536 1494 2881 1538 monumenta
2915 1487 3136 1556 insignia
3181 1504 3380 1556 rerum,

1990 1572 2149 1643 555
2206 1572 2450 1626 Pranlusit
2489 1573 2682 1641 quibus
2720 1575 2940 1630 historia
2981 1579 3273 1644 specta-bile
3315 1582 3388 1635 si-

3108 1670 3311 1741 [εηυηιο

1994 1755 2128 1808 Loth
2157 1757 2363 1824 fugiens
2377 1756 2624 1811 Sodomis
2645 1757 2975 1826 ardent-ibus,
3003 1763 3180 1816 omnia
3207 1777 3387 1819 secum

1931 1883 1940 1892 .
1997 1846 2222 1914 Pignora
2254 1862 2374 1901 cara
2405 1847 2598 1903 domus
2637 1849 2978 1917 properabat,
3006 1853 3135 1908 sede
3179 1855 3384 1924 relicta,

1996 1937 2231 1994 Nubibus
2263 1938 2574 1994 urbicremis
2603 1939 2902 1996 subducere
2927 1957 2939 1994 :
2983 1942 3238 2010 sulphure
3263 1960 3385 2001 cum

3188 2034 3314 2105 [jam

1886 2211 2009 2263 715.
2043 2209 2419 2276 Exprobrenti,
2453 2211 2704 2277 arguenti,
2739 2209 2778 2260 1.

1888 2278 2010 2330 71.1.
2040 2277 2315 2352 suadelis,
2333 2278 2550 2346 ingeniis
2581 2279 2842 2347 serpentis.
2877 2307 2945 2318 -——
2976 2279 3299 2350 Malel’abris,
3326 2285 3390 2352 [i-

1815 2347 1928 2411 ctis,
1959 2347 2274 2413 artiﬁciosis,
2298 2345 2333 2398 Ι.

1887 2419 2008 2469 715.
2044 2416 2300 2480 lllectam,
2341 2415 2623 2482 deceptam,
2658 2416 2692 2467 1.

1885 2486 2008 2540 718.
2049 2485 2260 2548 Veiens,
2295 2483 2523 2545 libenter,
2559 2486 2660 2540 lso.

1801 2589 1804 2591 λ
1885 2555 2008 2610 719.
2040 2555 2355 2616 Consilium,
2385 2554 2612 2615 Domini,
2646 2555 2684 2607 Ι.
2789 2581 2799 2591 ·

1885 2624 2006 2678 720.
2037 2625 2366 2693 MagiStrum,
2400 2623 2678 2686 diabolum,
2713 2623 2749 2675 1.

1883 2695 2008 2748 721.
2043 2691 2263 2758 Medius,
2291 2709 2408 2745 nam
2448 2693 2563 2744 hinc
2598 2701 2741 2745 vocat
2772 2691 2906 2746 Deus
2951 2698 3018 2746 ad
3059 2697 3230 2761 vitam,
3265 2700 3381 2752 inde

1816 2774 2061 2832 tyrannus
2087 2765 2153 2816 ad
2178 2772 2424 2832 mortem,
2446 2761 2482 2814 Ι.

2035 2833 2251 2905 Accipe,
2263 2830 2588 2905 irttellige._—
2612 2830 2972 2905 Monumentth
2992 2835 3311 2905 documenta,
3332 2840 3349 2892 l
3371 2882 3380 2891 .

1886 2902 2008 2973 724.
2042 2902 2299 2962 Prtelusit,
2326 2901 2563 2973 ostendit,
2592 2900 2810 2965 scripsit.
2847 2929 2914 2938 —-
2939 2902 3258 2973 Spectabile,
3291 2900 3372 2961 ite-

1818 2972 2061 3032 nerabile,
2092 2967 2433 3032 memorabile,
2463 2969 2502 3021 Ι.

1887 3042 2008 3095 727.
2042 3039 2387 3106 Urbicremis,
2419 3051 2532 3106 quae
2560 3038 2731 3092 urbem
2755 3040 3062 3106 cremabant,
3096 3042 3132 3094 Ι.

1485 3151 2034 3251 sumussumus.

218 3283 329 3339 699.
359 3285 512 3349 Put.,
541 3285 736 3351 Oxon.,
772 3285 916 3349 Ald.,
948 3284 1084 3349 Gis.,
1120 3286 1272 3350 Urb.,
1309 3287 1525 3352 BOllCl‘.,
1559 3289 1708 3356 Egm.

158 3369 263 3427 cum
283 3356 411 3420 aliis,
437 3357 744 3427 insubjeete,
775 3363 831 3408 ut
856 3357 1080 3427 innatus,
1109 3357 1380 3423 ingenitus,
1417 3373 1519 3409 non
1544 3360 1711 3420 male;

159 3425 244 3477 sed
269 3440 382 3478 cum
411 3425 612 3494 agatur
637 3425 703 3478 de
734 3425 965 3478 hominis
1000 3426 1236 3478 dominio
1273 3429 1322 3478 in
1371 3442 1456 3480 res
1484 3439 1710 3490 creatas,

161 3494 334 3549 ntelius
361 3496 469 3559 lso,
495 3497 680 3557 Atex.,
710 3494 826 3546 Vat.
852 3495 916 3556 A.
943 3495 1122 3562 Prag.,
1159 3495 1303 3558 Rat.,
1339 3494 1555 3560 Weitz.,
1583 3497 1710 3548 Mar.

163 3572 210 3616 et
236 3563 342 3628 alii,
373 3567 423 3617 in
455 3567 691 3634 subjecta
721 3573 912 3634 potens.
947 3565 1121 3632 Egm.,
1153 3566 1285 3617 orbis
1307 3566 1511 3630 arbiter,
1544 3575 1597 3617 et
1627 3581 1714 3619 su-

165 3637 382 3700 spicatur
415 3633 673 3688 Heinsius
709 3633 866 3696 orbis,
917 3643 962 3686 et
998 3635 1183 3685 arbiter
1228 3635 1379 3686 idem.
1415 3637 1466 3687 In
1497 3635 1610 3687 Vat.
1645 3639 1710 3701 Δ,

160 3717 311 3756 rerum
334 3706 526 3758 arbiter
557 3704 714 3764 idem,
738 3703 1011 3757 mendose.
1039 3705 1179 3757 Bene
1205 3713 1288 3757 est
1317 3719 1483 3756 rerum
1508 3705 1714 3769 arbiter,

161 3773 334 3826 arbiter
358 3776 492 3826 idem
503 3815 519 3830 .

221 3842 337 3896 704.
371 3843 629 3897 Heinsius
650 3858 768 3895 cum
792 3841 1029 3895 Giselino
1050 3843 1176 3907 legit
1199 3858 1299 3895 nox
1325 3843 1553 3908 horrida,
1575 3845 1714 3911 quod

162 3915 474 3967 recentiores
507 3915 678 3966 secuti
711 3920 868 3974 sunt;
907 3913 1056 3979 quasi
1098 3915 1197 3965 hoc
1228 3913 1345 3965 loco
1371 3927 1621 3980 ageretur
1647 3914 1716 3968 de

161 3981 238 4051 illa
268 3984 530 4037 sententia
573 4001 583 4032 ;
614 3981 713 4044 Qui
741 3981 870 4034 male
893 3982 1019 4051 agit,
1048 3982 1152 4033 odit
1181 3981 1365 4035 lucem.
1405 3983 1718 4051 tjallandius

161 4049 374 4119 afﬁrmat
399 4055 681 4119 post-utare
721 4067 822 4103 nox
851 4049 1062 4102 horrida
1084 4052 1370 4104 antithesin
1395 4050 1502 4111 luat,
1526 4061 1574 4104 et
1595 4067 1712 4104 nox.

162 4118 345 4185 Nostri,
377 4118 672 4176 Weitziaui
701 4136 821 4174 cum
854 4119 997 4186 Ald.,
1031 4121 1176 4174 Sich.
1209 4133 1260 4174 et
1281 4120 1423 4183 aliis,
1448 4137 1603 4185 mors,
1637 4137 1720 4174 re-

160 4197 254 4254 cte,
301 4194 423 4258 quia
461 4206 650 4246 sermo
679 4201 764 4244 est
804 4191 869 4243 de
915 4190 1132 4257 praemio
1169 4190 1292 4248 boni
1334 4190 1532 4256 operis,
1579 4190 1719 4255 quod

161 4259 240 4310 lu:
267 4259 489 4324 dicitur,
535 4271 590 4313 et
629 4260 697 4314 de
725 4274 900 4329 parum
923 4259 1068 4329 mali,
1103 4275 1220 4327 qua:
1249 4269 1333 4329 est
1371 4275 1525 4329 mors.
1571 4258 1720 4329 Elige

163 4344 257 4399 rem
285 4333 421 4394 vitae,
453 4332 634 4399 pergit
663 4325 837 4398 poeta.
868 4325 1147 4392 Weitzius,
1180 4328 1270 4395 qui
1300 4328 1428 4396 legit
1453 4342 1614 4393 mors,
1642 4325 1721 4382 ni-

160 4396 540 4454 hilominus'in
566 4396 978 4452 commentariis
1013 4399 1235 4451 intrudit
1267 4413 1388 4463 nox,
1434 4405 1488 4450 et
1523 4399 1721 4452 multus

158 4477 230 4519 est
258 4472 306 4521 iu
329 4472 540 4536 vulgari
570 4469 655 4521 illa
686 4469 945 4522 sententia
977 4468 1395 4534 comprobanda,
1421 4467 1560 4534 quod
1583 4483 1702 4536 pec-

159 4547 292 4590 calor
319 4551 468 4592 amat
516 4539 807 4592 tenebras:
839 4551 998 4604 quem
1044 4538 1238 4603 partim
1279 4537 1535 4591 exscribit
1575 4537 1719 4591 Cha-

161 4608 443 4664 mJlardus.
490 4609 654 4662 Poeta
694 4607 909 4672 resuicit
945 4606 1011 4659 ad
1053 4606 1182 4659 illud
1225 4605 1581 4659 Ecclesiastici
1627 4623 1718 4672 xv,

1743 3293 1788 3354 C
1819 3287 2074 3342 mendum
2098 3295 2180 3359 est
2205 3287 2433 3359 liwcpro
2455 3287 2560 3359 hac
2580 3287 2780 3352 pietate.
2818 3286 2941 3359 alii,
2973 3289 3131 3344 etiam
3157 3304 3384 3359 veteres,

1827 3360 2017 3427 vigens,
2053 3365 2106 3409 ut
2130 3356 2287 3427 Man,
2321 3352 2648 3427 l’rag.,l{at.
2673 3370 2791 3409 cum
2818 3352 3031 3420 Weitz.,
3055 3359 3192 3427 Gis.,
3223 3352 3387 3427 'l‘orn.

1819 3423 2154 3512 et'Vulg'atisI:
2185 3424 2237 3477 In
2274 3423 2447 3506 vagus
2471 3426 2653 3512 ultima
2697 3427 3010 3512 producitur
3037 3423 3248 3512 ratione
3279 3448 3384 3486 cae-

1819 3511 1981 3570 surae.
2004 3493 2223 3570 ’l‘eolius
2246 3493 2768 3570 Δμιῇυἰθεηβλιιᾶιιιιυδ
2803 3496 2944 3549 Vatt.
2986 3498 3141 3552 codd.
3170 3501 3383 3570 allesat,

1821 3567 1960 3635 quod
1979 3581 2083 3635 ego
2101 3566 2150 3617 in
2166 3565 2295 3635 solo
2317 3563 2442 3617 Mar.
2475 3563 2599 3616 vidi.

1892 3631 2126 3688 709Ῐ1ιι
2166 3631 2319 3702 Egm.
2367 3643 2635 3700 corrupte,
2681 3635 2828 3701 prapi
2871 3635 3020 3686 situm
3056 3651 3154 3703 pro
3199 3654 3388 3707 pt'opo-

1822 3706 1996 3758 situm.

1893 3774 2017 3827 710.
2051 3772 2124 3825 Ita
2156 3772 2287 3825 Mar.
2319 3788 2345 3824 a
2377 3771 2546 3841 prima
2586 3786 2764 3832 manu,
2810 3772 2985 3836 Alex.,
3028 3774 3180 3838 Urb.,
3212 3776 3322 3830 Gis.
3357 3780 3384 3832 1

1824 3844 1934 3914 βᾶ..
1986 3843 2140 3914 etatl
2192 3856 2361 3914 marg.
2408 3841 2442 3892 9
2492 3841 2644 3902 edit.,
2690 3841 3126 3914 B_oher.,hEgm.,
3180 3845 3387 3914 0x0u.,

1824 3913 1969 3977 liot.,
2000 3911 2497 3986 aliiQite._lleittsitts
2522 3925 2641 3986 cum
2669 3911 2786 3963 aliis
2808 3921 2862 3965 et
2885 3912 3164 3977 Weitzius,
3195 3911 3385 3986 Eligin

1822 3981 2154 4052 atqueit'olens
2185 3981 2314 4052 illud
2344 3981 2502 4052 magis
2534 3980 2660 4032 utile
2685 3991 2845 4052 retur.

1895 4051 2017 4105 712.
2056 4051 2170 4104 Vat.
2200 4051 2263 4114 A,
2287 4051 2585 4118 perperam,
2617 4051 2727 4119 agri
2759 4065 2853 4118 pro
2885 4052 3010 4104 acri.
3040 4051 3096 4104 lu
3129 4069 3294 4108 serm.
3325 4055 3392 4108 37

1825 4119 2178 4193 append._sub
2209 4121 2486 4188 Augustini
2524 4126 2738 4172 nomine
2770 4137 2782 4170 :
2821 4119 2939 4190 Non
2974 4123 3110 4193 enim
3139 4126 3389 4193 cogendo,

1824 4189 1913 4244 sed
1942 4189 2203 4244 suadendo
2227 4199 2370 4242 nocet
2399 4207 2416 4254 ;
2446 4205 2536 4242 nec
2556 4199 2813 4256 extorquet
2839 4208 2868 4242 ιε
2896 4189 3042 4244 nobis
3074 4189 3392 4259 consensum,

1824 4261 1914 4312 sed
1936 4262 2077 4315 petit.

1897 4279 2201 4400 Elige}.qu
2226 4331 2330 4383 haec
2349 4344 2373 4400 ;r
2386 4327 2508 4400 alii,
2536 4330 2649 4381 Itoc.
2675 4327 2854 4400 Leotio
2879 4330 2997 4382 ΑΜί
3027 4339 3169 4384 stare
3199 4342 3391 4400 potest.

1826 4399 1870 4453 si
1903 4398 2228 4469 intelligatur
2273 4399 2548 4469 mulierem
2596 4398 2935 4466 respondisse
2985 4398 3208 4453 Domino
3249 4401 3384 4466 ha-c,

1826 4482 1918 4522 seu
1952 4468 2112 4522 talia:
2146 4484 2251 4523 non
2280 4470 2384 4522 haec
2409 4468 2608 4531 mulier,
2657 4476 2713 4520 ut
2747 4469 2811 4520 ad
2856 4470 3022 4534 ipsam
3055 4471 3160 4520 lucc
3187 4471 3386 4523 refera-

1829 4549 1932 4591 tur.
1965 4539 2262 4604 Responsio
2291 4543 2408 4588 Μαι
2434 4537 2624 4602 legitur
2649 4550 2767 4603 cap.
2803 4545 2854 4588 ut
2881 4536 3123 4590 Genesis.

1900 4609 2022 4662 718.
2057 4609 2234 4676 Prag.,
2259 4608 2364 4675 ipse
2387 4619 2481 4670 pro
2507 4606 2614 4657 ille.

167 4655 218 4746 tit
229 4655 775 4746 ‘si';s};.'..‘:15.31..'.;i
787 4655 1612 4746 "tua."5..;;.;5..ria;sss;.;,'a
1628 4655 1726 4730 "si
1751 4655 1804 4714 D
1905 4655 2025 4730 iiii
2057 4655 2520 4746 vsif'ifitiebié,
2536 4655 2761 4746 suis“
2786 4674 2982 4746 mea...

162 4745 292 4810 liquit
318 4745 468 4800 illum
494 4749 550 4800 in
581 4763 736 4798 manu
759 4745 961 4798 consilii
986 4748 1085 4798 sui.
1116 4745 1242 4797 Ante
1272 4747 1522 4797 hominem
1543 4746 1643 4798 vita
1679 4755 1728 4798 et

163 4831 303 4877 utors,
351 4818 548 4869 bonum
585 4827 631 4868 et
678 4816 912 4867 malum:
959 4814 1094 4882 quod
1133 4815 1380 4880 placuerit
1426 4816 1488 4878 ei,
1525 4816 1728 4867 dabitur

157 4885 244 4937 illi.
287 4887 352 4940 Et
399 4886 806 4941 Deutcronomii
838 4899 959 4946 xxx,
1008 4885 1110 4937 19:
1159 4883 1326 4936 Testes
1368 4885 1544 4935 invoco
1582 4887 1730 4937 hodie

161 4960 329 5007 calum
362 4968 407 5009 et
451 4966 684 5020 terram,
732 4953 869 5021 quod
918 4954 1268 5021 proposuerim
1314 4953 1452 5021 vobis
1489 4953 1639 5005 vitam
1686 4965 1733 5007 et

160 5036 355 5077 mortem
381 5067 394 5092 ,
430 5019 840 5078 benedictionem
867 5019 925 5074 et
953 5019 1379 5075 maledictionem.
1431 5019 1575 5090 Elige
1611 5039 1730 5092 ergo

157 5102 321 5158 vitam,
353 5106 462 5148 etc.

224 5164 342 5216 706.
381 5164 581 5227 Aldus,
624 5163 914 5227 alternum;
957 5161 1045 5215 alii
1086 5160 1268 5227 scripti
1297 5161 1548 5225 et.editi,
1579 5171 1722 5214 teter-

159 5248 290 5297 num,
321 5246 375 5288 et
433 5235 488 5287 in
531 5234 664 5286 Mar.
712 5240 860 5286 notat
903 5233 1079 5300 glossa
1115 5244 1235 5284 esse
1275 5230 1603 5284 adverbium.
1641 5232 1722 5284 Iso

160 5303 358 5358 videtur
409 5303 948 5372 legissejalternum,
991 5301 1154 5372 cujus,
1191 5309 1273 5354 est.
1317 5301 1503 5372 Agiossa
1551 5301 1720 5353 aliter.

158 5374 347 5435 0min,
377 5370 626 5425 alterum.
651 5371 710 5426 in
733 5371 1009 5426 Parmensi
1031 5371 1266 5424 editione
1292 5370 1494 5422 damnet
1514 5379 1602 5422 tua
1629 5385 1725 5439 pro

159 5449 239 5494 tua
265 5444 477 5496 damnet
514 5444 766 5496 mendum
793 5450 940 5510 puto,
971 5455 1080 5509 quo
1098 5450 1273 5493 tamen
1310 5453 1484 5507 neque
1511 5453 1723 5504 sensus,

158 5526 322 5580 neque
361 5523 606 5567 metrum
640 5512 898 5566 turbatur.

223 5579 344 5637 708.
416 5583 631 5650 Legum
686 5597 843 5651 vagus
882 5581 1152 5636 ileinsiani
1197 5579 1352 5635 codd.
1401 5593 1520 5634 cum
1569 5579 1724 5643 Aldo,

159 5650 327 5721 Egm.,
359 5653 568 5716 Palau,
602 5650 774 5714 Alex.,
810 5653 922 5705 Vat.
958 5654 1020 5715 A,
1055 5651 1204 5716 Urb.,
1240 5651 1294 5705 in
1326 5661 1431 5718 quo
1456 5657 1728 5718 postremo

1903 4746 2023 4798 722.
2071 4743 2458 4798 Animadvertit
2506 4743 2810 4805 Maricttus,‘
2844 4745 3172 4797 alternantem
3224 4744 3392 4798 videri

1832 4830 1953 4868 esse
1987 4815 2146 4868 modo
2180 4819 2228 4865 in
2263 4813 2416 4875 hanc,
2453 4813 2612 4864 modo
2635 4813 2686 4880 in
2726 4813 2866 4864 illam
2901 4821 3099 4880 partem
3131 4813 3398 4866 inclinan-

1837 4895 1962 4948 tem,
2000 4895 2056 4936 ut
2096 4883 2229 4936 infra
2271 4897 2410 4935 vers.
2459 4880 2598 4934 776:
2627 4879 2817 4932 Dividit
2859 4883 2955 4932 ltuc
2982 4883 3123 4946 illuc,
3153 4893 3259 4938 etc.
3292 4884 3398 4937 Hac

1835 4964 1983 5007 certe
2026 4952 2433 5021 signiﬁcatione
2456 4950 2618 5021 verba
2648 4949 2938 5021 alternandi
2966 4961 3182 5021 utuntur
3224 4953 3394 5007 Latini

1837 5017 2147 5089 scriptores.
2179 5019 2492 5082 Columella,
2528 5017 2776 5089 Virgilius
2806 5029 2860 5072 ct
2889 5020 3000 5073 alii.

1912 5087 2029 5146 721.
2075 5091 2228 5144 thbl'.
2277 5098 2331 5144 et
2364 5089 2475 5143 Gis.
2509 5089 2542 5140 2
2579 5087 2687 5153 ed.,
2721 5088 2969 5153 historice;
3007 5091 3114 5154 alii,
3169 5093 3397 5147 historia.

1841 5162 2018 5228 Prag.,
2047 5161 2289 5220 scctatile,
2321 5160 2478 5220 male,
2515 5174 2609 5228 pro
2638 5161 2927 5225 spectabile.

1904 5227 2026 5284 725.
2060 5231 2287 5282 llistoria
2314 5229 2425 5281 haec
2459 5227 2644 5295 legitur
2665 5241 2780 5294 cap.
2811 5243 2902 5282 xtx
2921 5228 3112 5283 Genes.

1902 5300 2026 5354 726.
2060 5300 2116 5353 In
2152 5299 2266 5352 Vat.
2315 5299 2359 5350 Α
2393 5295 2599 5352 videtur
2628 5310 2744 5350 esse
2789 5314 2941 5362 cura;
2982 5299 3074 5352 sed
3123 5300 3435 5369 legendum.

1833 5379 1914 5424 cst
1943 5386 2078 5422 cara.

1903 5440 2023 5492 727.
2047 5439 2287 5493 Gil'anius
2317 5436 2430 5491 Ind.
2472 5436 2652 5499 Lucr.,
2680 5434 2843 5488 vrrbo
2868 5435 3048 5500 Nisus,
3077 5453 3170 5506 pro
3193 5440 3408 5495 nubibus

1835 5525 1896 5563 ex
1928 5518 2054 5563 velt.
2090 5509 2236 5562 libris
2264 5507 2543 5578 legendum
2563 5508 2639 5578 ait
2671 5505 2880 5578 nisibus,
2909 5521 3009 5578 qua
3038 5523 3165 5564 voce
3188 5510 3411 5566 mirilice

1836 5595 1989 5633 usum
2017 5575 2358 5632 Prudentium
2389 5577 2549 5648 dicit:
2585 5575 2742 5648 Nisus
2773 5577 2904 5648 enim
2929 5577 3124 5630 videtur
3151 5581 3411 5648 appellare

1838 5648 2109 5700 omniailla
2137 5650 2446 5710 molimento,
2479 5647 2696 5716 furores,
2721 5643 2933 5714 laberer,
2965 5649 3114 5718 fugas
3137 5643 3288 5718 ignis,
3319 5650 3412 5702 Ιιοο
