3950 6326
514 311 651 369 I007

697 428 957 482 Fanornin
990 430 1117 482 ritus
1144 431 1395 498 prmputia
1430 430 1647 485 barbara
1682 437 1847 487 suasit

695 520 865 583 Malle,
893 534 942 572 et
968 521 1197 575 semiferi
1218 523 1434 589 stirpem
1460 524 1660 577 nutrite
1688 525 1867 582 Goliam

521 608 626 662 785
692 608 855 670 Ruth,
886 610 1007 661 dum
1033 626 1124 676 per
1149 610 1367 675 stipulas
1392 614 1582 679 agresti
1611 614 1903 666 amburitur
1930 622 2084 675 aestu,

690 699 849 768 560
881 697 1067 750 Fu'cra
1105 698 1242 753 Bnoz
1273 702 1484 767 meruit,
1509 712 1759 772 castoque
1802 703 1961 759 ascita
1995 718 2086 756 cu-

1898 791 2012 862 [bili

692 876 1081 945 Christigenam
1132 878 1354 934 fecunda
1386 880 1620 946 domum,
1653 881 1896 936 Davidica
1924 899 2081 953 regna

690 968 885 1030 Edidit,
916 980 1072 1038 atque
1102 970 1212 1025 Deo
1239 973 1491 1025 mortales
1522 973 1727 1026 miscuit
1756 985 1923 1026 ortus.

684 1060 838 1129 Smpe
851 1072 1058 1127 egomet
1073 1063 1285 1117 memini
1310 1063 1499 1117 fratres
1514 1064 1752 1134 geminos
1769 1066 1831 1117 ad
1849 1066 2077 1119 hiulcum

470 1146 613 1221 ζῚοο
684 1150 994 1205 Pervenisse
1020 1154 1171 1205 simul
1202 1154 1421 1219 bivium,
1453 1154 1921 1222 nutantejuventa.

688 1243 755 1297 Et
779 1242 1049 1297 dubitasse
1076 1243 1163 1297 diu
1198 1243 1361 1297 bifido
1413 1245 1511 1298 sub
1550 1247 1780 1303 tramite.
1813 1246 2076 1313 quodnam

687 1335 841 1391 Esset
862 1336 959 1389 iter
988 1336 1176 1389 melius
1202 1354 1213 1387 :
1248 1347 1367 1389 cum
1397 1334 1642 1389 dextrum
1672 1336 1853 1403 Spinea
1876 1337 2006 1389 silva

679 1425 931 1481 Sentibus
955 1434 1207 1489 arctaret,
1239 1426 1623 1495 scopulosaque
1645 1426 1829 1479 semita
1855 1427 2007 1494 lange

679 1517 899 1571 Duceret
949 1516 1150 1570 aerium
1177 1516 1377 1569 clivoso
1406 1516 1641 1584 margine
1667 1516 1853 1571 callem
1876 1531 1890 1572 :

681 1608 751 1660 At
780 1607 968 1660 lterum
1006 1620 1191 1659 neruus
1208 1606 1557 1659 umbriferum
1573 1620 1667 1674 per
1686 1622 1893 1661 ammna
1916 1607 2075 1661 vireta

678 1697 881 1751 Ditibns
904 1706 1119 1749 ornaret
1148 1695 1340 1765 pomis,
1373 1704 1426 1750 et
1456 1696 1573 1750 lene
1598 1696 1861 1765 iacentem

497 1610 604 1666 795

677 1787 1276 1854 Planitiesdaretampla
1297 1788 1432 1840 viam
1464 1804 1475 1839 :
1514 1786 1875 1855 squalentibus
1912 1803 2069 1839 unnnt
2106 1793 2149 1851 Β

675 1878 995 1931 Contentum
1024 1878 1192 1947 spinis
1223 1886 1458 1945 reptasse
1479 1894 1572 1945 per
1597 1878 1757 1931 ardua
1783 1893 1927 1941 saxa,

674 1968 836 2022 Porro
865 1968 1027 2022 alium
1060 1983 1248 2037 campo
1268 1983 1386 2022 sese
1419 1969 1705 2022 indulsisse
1727 1970 1975 2032 sinistro;

673 2061 826 2113 IlI-nm
870 2060 1137 2115 sideribus
1182 2069 1343 2127 caput
1390 2060 1689 2114 immiscere
1738 2060 2067 2127 pra-pinquis,

671 2152 825 2223 561
843 2152 992 2206 Ilunc
1008 2153 1057 2204 in
1075 2164 1318 2205 cmnosas
1348 2151 1521 2205 subito
1544 2150 1806 2204 cecidisse
1829 2151 2064 2217 paludes.

494 2062 596 2115 800

1609 321 1885 375 AURELH
1928 322 2287 377 PRUDENTII
2328 322 2649 377 CARMINA.

2113 442 2162 498 A

3623 323 3751 381 1068

2362 435 2617 488 Omnibus
2652 446 2753 485 una
2781 432 2958 485 subest
2988 439 3203 493 natura;
3250 432 3341 484 sed
3368 431 3542 485 exitus
3571 447 3748 488 omnes

2373 526 2487 579 Non
2516 540 2647 579 unus
2676 524 2897 593 peragit,
2928 523 3238 591 placitorum
3283 537 3501 590 segrege
3532 524 3717 577 forms.

2367 613 2515 669 Haud
2549 627 2724 678 secus,
2755 626 2816 666 ac
2854 610 2897 665 si
2924 611 3049 665 olim
3082 625 3176 679 per
3216 610 3405 667 sudum
3430 613 3595 665 lactea
3628 612 3749 667 tui-te

2188 704 2292 757 805'
2368 704 2534 771 Lapsa
2565 700 3135 757 columbarum'nubes
3173 700 3462 754 descendat
3492 702 3544 755 in
3569 717 3744 757 arvum

2362 796 2519 849 Ruris
2546 793 2806 863 frugiferi,
2827 792 3045 862 laqueos
3068 792 3159 846 ubi
3196 792 3417 845 callidus
3438 808 3635 863 auceps

2372 884 2675 948 Prmtendit,
2708 884 2957 953 lentoque
2981 882 3143 937 illevit
3171 883 3363 937 vimina
3387 883 3557 947 visco,

2363 975 2571 1045 Sparsit
2595 986 2648 1031 et
2668 975 2885 1029 insidias
2912 973 3115 1043 siliquis
3152 975 3233 1028 vel
3258 974 3401 1027 farre
3416 974 3626 1029 doloso.

2362 1065 2587 1121 llliciunt
2614 1066 2741 1119 alias
2769 1063 3001 1118 fallentia
3023 1076 3209 1131 grana,
3235 1064 3521 1133 gulamque

2183 1156 2286 1209 810
2362 1158 2643 1211 lnnectunt
2677 1154 2883 1207 avidam
2911 1160 3063 1206 torta:
3090 1152 3376 1205 retinacula
3406 1162 3557 1217 setae,

2356 1248 2510 1303 Molle
2540 1248 2621 1302 vel
2666 1246 2945 1315 implicitas
2996 1244 3176 1314 gluten
3217 1243 3553 1311 circumligat
3599 1243 3741 1294 alas:

2358 1340 2452 1392 Ast
2492 1338 2632 1405 alite,
2661 1350 2793 1407 quas
2821 1336 2997 1389 nullus
3043 1349 3191 1387 amor
3240 1334 3496 1403 prolectat
3536 1334 3743 1397 edendi,

2356 1426 2635 1481 Gressibus
2665 1425 2907 1480 innocuis
2954 1424 3121 1479 sterili
3154 1424 3452 1491 spatiantur
3480 1423 3532 1475 in
3566 1422 3742 1487 herba,

2353 1518 2774 1587 Suspectamque
2803 1523 2992 1570 cavent
3021 1513 3204 1567 oculos
3233 1523 3549 1566 convertere
3576 1513 3642 1566 ad
3670 1527 3743 1566 es-

3522 1602 3681 1673 [carm

2177 1698 2280 1750 815
2355 1697 2704 1767 Mox,ubijam
2721 1698 2856 1753 cmlo
2871 1695 3234 1759 revolandum,
3254 1708 3376 1762 pars
3389 1696 3741 1762 petitaethram

2349 1789 2540 1843 Libera
2571 1790 2857 1855 sideream,
2883 1787 3144 1856 plaudens
3172 1800 3334 1854 super
3356 1800 3479 1839 aera
3532 1792 3741 1855 pennis:

2359 1882 2485 1936 Pars
2513 1881 2715 1951 captiva
2740 1879 3112 1950 jacet,laccris
3135 1886 3189 1932 et
3214 1878 3390 1931 saucia
3421 1876 3616 1945 plumis

2353 1972 2554 2041 Pugnat
2584 1972 2751 2038 humi,
2783 1980 2836 2026 et
2856 1971 3096 2026 volucres
3141 1967 3493 2037 nequidquam
3532 1972 3741 2038 suspicit

3470 2063 3487 2135 [
3504 2079 3678 2120 auras.

2354 2155 2441 2211 Sic
2469 2155 2671 2210 animas
2703 2154 2822 2211 cmli
2852 2154 2917 2209 de
2943 2154 3177 2208 fontibus
3205 2157 3505 2212 unicoloras

1797 2258 2079 2314 GLOSS/E
2122 2262 2455 2319 VETERES.

565 2375 683 2428 785.
708 2373 996 2433 Fannrum,
1027 2370 1257 2432 deorum,
1289 2369 1327 2418 l.

563 2445 684 2497 785.
712 2442 1043 2501 Amburitur,
1071 2437 1451 2497 circumuritur,
1482 2436 1521 2488 l.

565 2512 686 2567 786.
712 2511 923 2569 Fulcra,
953 2508 1126 2571 lectos,
1170 2507 1514 2558 sustentacula
1557 2505 1633 2557 vel
1680 2505 1943 2566 lectorum,
1994 2508 2071 2559 vel

492 2584 711 2636 aliarum
748 2594 920 2632 rerum
959 2594 1072 2645 quur
1124 2575 1429 2642 testiphadia
1480 2579 1814 2627 nominamus.
1879 2574 2069 2627 Fulcra

498 2658 649 2706 etiam
680 2650 921 2712 dicimus,
951 2663 1062 2715 qua?
1080 2647 1219 2699 nobis
1245 2645 1643 2715 subterponimus
1697 2645 1995 2711 equitantrs,
2040 2663 2071 2697 a

491 2724 673 2792 quibus
695 2714 1053 2792 sustentantur.
1086 2716 1335 2792 -τβοοι,
1360 2718 1435 2767 vir
1469 2714 1717 2792 locuples,
1762 2715 1864 2792 _qui
1888 2717 2067 2792 ascivit

494 2784 629 2845 Ruth
659 2793 711 2843 in
733 2789 1047 2858 conjugium,
1072 2786 1384 2851 colligentem
1402 2785 1594 2858 spicas,
1642 2784 1819 2858 Qrpha
1845 2785 1993 2836 idolis
2019 2801 2071 2858 se

494 2860 726 2924 tradidit,
766 2854 1042 2911 et'diabolo
1093 2872 1144 2909 se
1173 2857 1451 2918 deputavit.
1480 2883 1549 2893 —
1570 2854 1771 2917 ASCita,
1793 2864 1995 2924 _vocata,
2028 2854 2066 2907 1.

562 2930 687 2986 789.
715 2922 977 2989 Hiulcum,
1003 2937 1199 2993 patens,
1233 2927 1467 2987 divisum,
1499 2935 1751 2992 apertum,
1790 2922 1828 2977 1.

565 3001 689 3055 790.
722 2998 970 3062 Nutante,
992 2995 1281 3056 vacillante,
1314 2995 1351 3047 I.

562 3071 683 3127 792.
716 3069 991 3127 Dextrum,
1021 3068 1134 3119 iter.
1158 3095 1225 3103 —
1247 3067 1462 3133 Spinea,
1486 3064 1739 3129 spinosam
1761 3072 1809 3115 et
1839 3063 2077 3129 scopulo-

493 3157 603 3194 sam
622 3142 755 3194 viam
784 3139 1047 3191 dexteram
1074 3136 1215 3197 dicit,
1274 3146 1480 3204 propter
1521 3133 1715 3186 labores
1761 3143 2071 3197 sanctorum,

492 3228 617 3279 quos
647 3210 892 3263 sustinent
921 3221 1012 3273 pro
1045 3204 1171 3279 Deo,
1196 3205 1231 3256 1.

564 3279 686 3334 791.
720 3271 960 3337 Aerium,
986 3274 1333 3328 cwlestem.——
1352 3271 1583 3337 Clivoso,
1608 3278 1831 3324 tortuosa
1856 3272 2067 3325 excelso.

498 3380 567 3389 —
596 3346 852 3415 Margine,
882 3344 1044 3415 apice,
1070 3343 1110 3395 1.

562 3418 685 3472 795.
710 3408 960 3473 Laevum.
992 3414 1105 3465 iter.
1128 3441 1197 3451 -
1225 3411 1422 3477 Vireta,
1452 3428 1483 3462 a
1505 3410 1777 3472 viriditate,
1815 3408 1852 3463 Ι.

560 3487 686 3541 797.
718 3482 1135 3552 Squalentibus,_
1162 3482 1406 3545 sordidis,
1427 3481 1618 3552 acutis.
1641 3508 1711 3519 —
1739 3480 1933 3552 Unum,
1976 3479 2074 3532 sci-

493 3559 611 3611 licet
632 3548 857 3616 memini,
884 3550 987 3603 vidi
1002 3564 1069 3602 ea:
1095 3550 1200 3603 illis
1231 3552 1420 3604 duobus
1451 3550 1711 3618 fratribus.
1746 3548 1784 3602 l.

2243 2375 2365 2428 800.
2400 2373 2724 2436 lmmiscere,
2754 2374 2946 2426 scilicet
2973 2374 3096 2439 vidi,
3130 2374 3167 2427 Ι.

2243 2444 2365 2497 805.
2402 2443 2627 2509 Peragit,
2654 2444 2813 2495 ducit.
2839 2468 2902 2482 --
2936 2443 3276 2505 Placitorum,
3308 2446 3617 2497 voluntatum
3643 2447 3739 2497 sci-

2174 2512 2482 2583 licetopera.
2510 2541 2578 2583 —¢
2606 2512 2857 2579 Segrege,
2890 2524 3168 2580 segregata,
3193 2526 3420 2583 separata
3439 2557 3451 2571 ,
3480 2516 3518 2566 l.

2246 2579 2366 2634 804.
2403 2580 2551 2633 [laud
2604 2595 2779 2641 secus,
2812 2597 2910 2632 non
2945 2579 3109 2633 aliter
3141 2598 3158 2633 :
3190 2579 3486 2650 comparatio
3530 2582 3743 2635 humani

2172 2650 2387 2719 generis.
2416 2680 2485 2688 —
2505 2650 2582 2703 Ac
2605 2651 2670 2712 si,
2703 2650 2863 2716 quasi.
2904 2682 2971 2690 -—
3002 2651 3222 2717 Sudum,
3268 2652 3403 2720 quasi
3432 2652 3735 2716 semiudum,

2172 2721 2226 2771 id
2248 2730 2317 2772 est
2338 2735 2587 2781 serenum,
2617 2720 2656 2771 1.

2242 2789 2364 2842 806.
2398 2789 2627 2857 Auceps,
2657 2804 2770 2841 aves
2794 2789 3014 2856 capiens,
3051 2788 3088 2842 l.

2248 2858 2371 2911 807.
2401 2858 2583 2929 Visco,
2618 2860 2894 2929 glutine,l.

2246 2929 2366 2981 808.
2401 2928 2639 2997 Siliquis,
2664 2928 3015 2997 leguminibus,
3050 2928 3092 2982 1.

2248 2997 2373 3051 809.
2400 2996 2653 3063 llliciunt,
2679 2996 2931 3060 decipiunt
2954 3015 2970 3050 :
2995 3001 3113 3064 quia
3142 2998 3432 3067 capiuntur,
3459 2999 3559 3053 lso.

2249 3067 2371 3120 8l2.
2408 3067 2691 3130 Prolectat,
2715 3068 2949 3132 delectat,
2977 3068 3147 3133 illicit,
3175 3066 3211 3119 1.

2249 3138 2373 3191 815.
2404 3136 2595 3201 Herba,
2624 3152 2800 3198 arena,
2832 3136 2871 3189 1.

2251 3205 2374 3260 814.
2402 3206 2731 3275 Suspectam,
2758 3206 3073 3272 insidiosam,
3094 3208 3537 3275 contemptibilem,
3567 3209 3605 3262 1.
3630 3210 3633 3213 ’

2251 3276 2375 3331 815.
2406 3274 2574 3338 Caelo,
2595 3276 2649 3328 in
2688 3292 2826 3331 aera.
2851 3306 2919 3315 —-—
2951 3274 3333 3343 Revolandttm,
3375 3288 3469 3340 est,
3499 3280 3537 3331 Ι.

2251 3346 2375 3400 817.
2430 3346 2663 3411 Laceris,
2709 3346 2959 3398 laceratis.
2987 3376 3056 3385 —
3082 3346 3291 3410 Saucia,
3323 3349 3603 3409 vulnerata,
3636 3348 3674 3401 l.

2101 3406 2149 3468 C
2251 3414 2376 3469 819.
2424 3406 2754 3475 Unicoloras,
2783 3432 2956 3481 puras,
3014 3424 3059 3467 et
3092 3406 3459 3480 immaculatas,
3508 3430 3555 3470 et
3594 3406 3739 3469 anius

2181 3494 2396 3553 natum,
2423 3486 2458 3537 Ι.
2486 3482 2671 3551 Puras,
2693 3486 3037 3538 immaculatas
3064 3495 3107 3538 et
3125 3486 3278 3538 unius
3305 3485 3513 3551 coloris,
3544 3488 3662 3540 Vat.
3683 3494 3737 3539 Α.

1836 3638 2400 3699 COMMENTARIUS.

494 3774 613 3815 rum
643 3756 786 3811 cultu
824 3768 1054 3824 unquam
1082 3752 1431 3824 recessisset.
1464 3749 1706 3805 Nonnulli
1752 3756 1935 3824 putant
1969 3749 2066 3824 Or-

494 3832 633 3897 phan
663 3836 716 3881 et
740 3824 878 3879 Ruth
906 3819 1118 3879 errores
1135 3823 1333 3892 patrios
1350 3821 1646 3891 abiurasse,
1671 3836 1790 3875 cum
1830 3819 2081 3875 Hebraeis

497 3898 745 3953 fratribus
775 3904 1088 3963 nupserunt.

566 3968 687 4021 783.
715 3960 997 4019 Riccialins
1020 3966 1094 4016 ait
1128 3962 1316 4016 melius
1329 3960 1533 4034 corripi
1562 3962 1850 4034 secundam
1868 3966 1918 4019 ia
1936 3983 2067 4034 pra!-

494 4042 689 4109 putium
717 4050 835 4109 cum
862 4035 1026 4109 Mario
1056 4034 1288 4093 Victore,
1316 4031 1465 4109 Νρτο,
1484 4032 1784 4109 Ρνίτρτέτίωη
1830 4031 2067 4109 ("minam

494 4099 591 4176 ἴση
613 4107 747 4158 dicta
780 4103 1032 4176 Sephora,
1065 4117 1219 4170 quam
1250 4100 1468 4176 produci
1493 4099 1913 4176 cumJuvenale,
1940 4106 2067 4169 Quae

529 4188 636 4230 ater
651 4174 914 4233 abstinuit,
938 4187 1056 4223 mox
1075 4181 1121 4223 et
1154 4170 1403 4237 prteputia
1424 4179 1641 4235 ponunt.
1679 4172 1747 4226 At
1777 4175 1956 4227 nescio
1972 4189 2068 4229 cur

546 4251 678 4299 ictor
708 4242 946 4296 Juvenali
975 4242 1043 4294 sit
1073 4237 1454 4310 prteferendus.
1501 4239 1761 4310 Praeterea
1802 4243 1939 4310 apud
1978 4244 2067 4296 Vi-

494 4328 697 4369 ctorem
722 4320 891 4381 potest
915 4325 1019 4381 non
1042 4306 1487 4381 corripisecunda
1514 4306 1564 4359 in
1588 4306 1909 4381 praeputium,
1933 4312 2063 4367 facta

494 4378 742 4456 syneresi
763 4397 829 4436 ex
858 4380 1063 4435 duabus
1090 4378 1323 4456 ultimis,
1380 4381 1595 4456 atapud
1645 4378 1959 4436 Juvenalem
2014 4393 2066 4437 et

495 4447 838 4509 Prudentium
869 4449 1168 4505 necessario
1200 4447 1519 4513 producitur.

565 4522 688 4578 784.
728 4522 855 4575 Vide
883 4528 992 4572 not.
1022 4532 1163 4571 vers.
1188 4517 1309 4571 778.

563 4594 687 4648 785.
716 4592 855 4651 Put.,
886 4588 1118 4651 Thuan.,
1151 4586 1296 4650 Rot.,
1328 4585 1475 4657 Ald.,
1502 4587 1680 4655 Alex.,
1715 4586 1865 4651 Palu,
1921 4606 2067 4657 agre-

492 4667 555 4718 sti
575 4662 877 4716 amburitur.
912 4659 1087 4727 Prag.,
1110 4658 1321 4727 agrestis
1348 4656 1599 4722 aburitur,
1625 4658 1762 4726 quod
1795 4656 2065 4727 amplecti-

493 4744 579 4787 tur
607 4732 885 4793 Weitzius,
913 4736 967 4783 et
990 4725 1161 4781 exstat
1188 4725 1344 4780 etiam
1396 4728 1447 4779 in
1495 4727 1648 4791 Mar.,
1680 4727 1771 4781 sed
1820 4742 1849 4780 a
1886 4725 2062 4796 prima

494 4818 655 4857 manu
685 4800 894 4871 agresti,
923 4813 1085 4871 supra
1109 4796 1339 4871 agrestis.
1356 4795 1466 4871 llis.
1488 4798 1538 4849 in
1565 4806 1877 4871 contextui-t
1897 4795 2060 4866 Bong.

492 4875 559 4927 ad
585 4865 755 4932 oraui,
781 4865 1255 4938 agrestisoburilur.
1288 4865 1397 4938 Uri)
1426 4906 1441 4929 ,
1472 4870 1655 4936 agresti
1676 4868 1927 4921 exuritur.

516 4990 519 4995 ,
565 4941 689 4995 786.
728 4933 846 4993 Ριιῖ.
870 4938 1053 4992 scribit
1074 4935 1208 4989 Boos
1230 4948 1324 5003 pro
1346 4933 1501 4988 Boos.

2171 3753 2367 3807 mation
2395 3759 2566 3806 exstat
2587 3750 2685 3804 sub
2711 3751 2908 3819 Virgilii
2934 3752 3146 3808 nomine
3176 3752 3240 3806 de
3263 3754 3435 3807 littera
3463 3752 3527 3806 Υ.
3550 3754 3742 3808 Littera

2170 3822 2475 3891 Pythagora:
2496 3822 2783 3875 discrimine
2810 3832 2943 3874 secta
2990 3824 3177 3875 bicorni
3199 3823 3248 3874 11
3256 3840 3456 3875 urnath
3486 3825 3602 3877 vita!
3633 3842 3742 3892 spe-

2166 3894 2290 3945 ciem
2312 3892 2548 3960 prwferre
2574 3894 2788 3952 videtur,
2812 3900 2914 3944 etc.
2949 3892 3164 3945 llericns
3188 3892 3239 3944 in
3273 3892 3384 3945 Vita
3409 3893 3465 3945 S.
3492 3894 3741 3947 Gertnani

2171 3962 2313 4015 hunc
2336 3960 2603 4013 Prudentii
2633 3960 2807 4029 locum
2833 3961 3085 4013 imitatur.
3122 3962 3276 4023 Vide,
3299 3963 3498 4029 qumde
3527 3964 3630 4017 hac
3655 3966 3744 4016 du-

2168 4032 2285 4099 plici
2310 4032 2393 4083 via
2408 4039 2595 4099 notant
2630 4026 2698 4081 ibi
2727 4030 3049 4082 Bollandiani
3076 4032 3140 4083 ad
3168 4026 3367 4084 diem—7
3421 4030 3567 4083 Julii.

2239 4100 2362 4153 791.
2392 4097 2529 4163 Gis.,
2553 4100 2739 4152 clivosa
2768 4101 2994 4169 margine
3021 4101 3284 4163 callem,et
3305 4099 3367 4153 ad
3386 4115 3553 4169 marg.
3575 4103 3601 4154 1
3636 4104 3744 4167 eil.,

2172 4171 2369 4222 tramite
2390 4171 2587 4221 collem.

2238 4238 2360 4293 802.
2394 4238 2535 4299 Ald.,
2558 4238 2757 4308 omnis;
2785 4237 2964 4303 Fabr.,
3013 4239 3182 4293 omnia
3214 4253 3309 4307 pro
3352 4254 3546 4303 omnes,
3605 4243 3744 4308 quod

2169 4322 2360 4363 sensus
2376 4307 2613 4375 requirit.

2237 4378 2357 4432 805.
2388 4376 2565 4441 Egm.,
2594 4375 2833 4446 placitum
2874 4394 3087 4446 quoque.
3138 4378 3353 4431 Rectius
3410 4378 3744 4445 p'acitorum.

2240 4448 2362 4501 8M.
2396 4446 2542 4510 Ald.,
2568 4457 2655 4499 aut
2683 4445 2747 4510 si,
2772 4456 2825 4500 et
2868 4445 3047 4515 postea
3095 4449 3279 4516 forma,
3311 4446 3587 4512 mendose,
3653 4465 3747 4518 pro

2169 4533 2227 4571 ac
2253 4518 2296 4569 si
2323 4520 2474 4585 forte.
3330 4522 3333 4523 '

2238 4588 2339 4641 805
2375 4585 2518 4648 Ald.,
2544 4585 2798 4638 descendit
2823 4601 2841 4645 ;
2874 4587 3061 4640 melius
3085 4587 3378 4640 descendat.

2237 4659 2358 4710 896.
2393 4656 2444 4707 In
2478 4655 2744 4708 nonnullis
2764 4654 2938 4723 Vulg.,
2968 4658 3125 4719 male,
3156 4673 3337 4723 anceps
3378 4670 3473 4724 pro
3528 4666 3739 4719 auceps.

2236 4726 2358 4779 809.
2385 4725 2530 4788 Ald.,
2560 4724 2805 4793 fallantia
2831 4740 3012 4793 grana,
3045 4726 3199 4778 male.

2237 4796 2359 4849 8H.
2383 4795 2559 4863 Pr.ig.,
2615 4804 3007 4863 spectatumque,
3041 4795 3212 4847 minus
3237 4794 3302 4848 bc
3342 4808 3393 4859 e,
3420 4808 3520 4861 pro
3562 4806 3752 4868 ειημεῖ

2164 4874 2412 4929 Ciumque.
3739 4880 3752 4919 '.

2238 4936 2361 4988 816.
2390 4934 2503 4985 Vat.
2538 4936 2601 4996 A,
2629 4934 2900 4996 sidereum,
2937 4930 3158 4987 fortasse
3185 4933 3346 4985 tethra
3367 4931 3623 4985 sidereum
3649 4941 3747 4996 pro

566 5013 689 5083 787.
718 5009 861 5083 Al_d_.,
892 5008 1007 5083 _Vat.
1035 5011 1098 5072 Α,
1118 5000 1247 5083 Mar.
1270 5004 1464 5083 aliique
1492 5006 1731 5059 scribunt
1758 5016 2063 5083 constan‘er
2092 5024 2140 5083 ι)
2165 5000 3746 5083 etlterasidereunt.Prag.,supertethera.Rat_.‘,subaere,male.

494 5081 746 5133 Davitica.
767 5078 1010 5145 Plerique
1030 5086 1080 5129 et
1099 5074 1305 5142 optimi,
1325 5076 1524 5129 omisso
1544 5085 1611 5139 et,
1634 5092 1725 5144 per
1750 5081 2062 5143 epexegesin

494 5152 723 5210 domum,
756 5146 985 5199 Davitica
1002 5161 1179 5213 rrgna,
1213 5153 1270 5197 ut
1317 5145 1491 5208 Alex.,
1526 5145 1675 5209 Uib.,
1735 5145 1878 5207 Ald.,
1909 5146 2066 5199 llein-

492 5222 629 5274 siani
663 5218 1080 5287 praestantiores.
1113 5213 1801 5287 Gallandiusiuiprnbatin
1834 5216 1968 5269 Aldo
2018 5224 2066 5269 et

492 5284 726 5343 Davitica
746 5303 920 5355 regna.
943 5284 1107 5339 Aldus
1138 5300 1286 5355 meus
1306 5284 1593 5355 no_n_habet
1616 5284 2060 5352 cOnjuuclionem.

565 5360 685 5412 788.
722 5353 966 5409 Heinsius
998 5353 1338 5423 reprehendit
1369 5353 1671 5415 Weitzium.
1704 5355 1841 5423 quod
1876 5363 2068 5422 prmtu-

494 5426 616 5480 lerit
642 5436 779 5480 artus
808 5441 903 5494 pro
929 5434 1089 5478 ortus.
1123 5423 1475 5494 Nihilominus
1498 5424 1564 5494 in,
1584 5424 1711 5477 Mar.
1739 5432 1793 5477 et
1821 5422 1941 5477 Rat.
1971 5439 2067 5476 an-

494 5492 1032 5562 tiquissiuns‘legitnr
1070 5501 1232 5558 artus,
1259 5493 1398 5562 quod
1433 5492 1570 5546 haud
1614 5494 1725 5547 scio
1764 5508 1831 5546 an
1878 5494 2067 5547 melius

493 5568 580 5617 sit.
610 5564 709 5616 Pro
736 5565 946 5618 diversa
978 5565 1236 5633 scriptura
1257 5573 1398 5616 artus
1421 5572 1568 5617 notat
1598 5562 1808 5617 Teolius
1834 5562 1901 5616 ad
1924 5576 2068 5616 mar-

491 5650 688 5698 ginem.

514 5728 521 5735 -
566 5704 688 5753 789.
711 5703 781 5755 De
805 5703 902 5753 hoc
934 5702 1072 5755 bivio
1098 5703 1306 5769 virtutis
1330 5713 1382 5756 et
1416 5702 1523 5756 vitii
1544 5702 1693 5755 mulli
1723 5710 1902 5772 agunt.
1930 5701 2063 5757 Poe-

2397 5073 2829 5146 Prag..__s_uscipi_t.
2860 5072 3069 5146 Melius,
3098 5073 3327 5146 suspicit.
3392 5140 3405 5146 _
3476 5140 3487 5146 _
3662 5136 3682 5146 _
3708 5134 3721 5146 O

2240 5142 2360 5197 819.
2393 5136 2535 5206 Ald;
2560 5136 2905 5205 Wid.,'Mar..
2931 5141 3042 5194 Gis.
3077 5152 3127 5194 et
3178 5136 3284 5203 alii,
3316 5140 3624 5193 unicoloras.
3662 5136 3747 5189 Li-

2169 5212 2247 5268 bri
2282 5212 2569 5274 lleinsiani,
2600 5211 2714 5263 Vat.
2750 5210 2811 5273 A,
2847 5209 3061 5279 Weitz.,
3096 5209 3474 5279 Egm.,Alex..
3514 5208 3748 5279 unicolo-

2167 5297 2285 5344 ras;
2328 5296 2482 5349 quam
2528 5280 2808 5333 lectionem
2851 5279 3082 5349 defendit
3124 5278 3542 5349 Gifaniushlnd.
3578 5278 3743 5349 Lucr.

2168 5355 2332 5405 verbo
2349 5347 2742 5411 ’l‘ltivecroaus,
2766 5364 2827 5401 ex
2846 5358 2953 5401 vet.
2980 5348 3095 5409 lib.,
3128 5357 3181 5401 et
3206 5348 3326 5415 quia
3351 5347 3471 5399 alibi
3503 5347 3751 5399 Pruden-

2170 5423 2275 5473 tius
2305 5420 2436 5472 dixit
2465 5420 2796 5471 versicolorus
2824 5418 3008 5486 paries.
3043 5418 3097 5470 Id
3125 5417 3437 5486 vocabulum
3471 5432 3536 5486 es
3561 5415 3647 5486 iis
3673 5423 3753 5465 est

2171 5506 2289 5558 qua:
2321 5502 2544 5556 utroque
2575 5490 2732 5540 modo
2753 5483 3097 5558 efferuntur:
3153 5496 3209 5558 et
3236 5485 3462 5558 fortasse
3502 5483 3753 5558 Pruden-

2172 5553 2276 5613 tius
2303 5558 2424 5611 alibi
2455 5553 2907 5629 dixitunicolorus
2938 5596 2952 5618 ,
2978 5555 3099 5629 alibi
3120 5553 3377 5629 unicolor.
3406 5554 3550 5629 quod
3581 5553 3757 5629 magis

2175 5632 2421 5682 usitatum
2444 5637 2546 5680 est.
2578 5626 2838 5679 Meursius
2867 5640 2984 5694 pag.
3044 5625 3143 5679 186
3172 5626 3223 5676 in
3271 5622 3381 5676 Crit
3407 5637 3471 5673 co
3529 5622 3757 5673 Arnohii

2172 5699 2329 5755 etiam
2362 5697 2483 5765 legit
2514 5695 2800 5750 unicoloras
2824 5737 2838 5759 ,
2872 5693 3008 5749 utin
3051 5694 3284 5749 Aruobio
3314 5693 3602 5746 dicolorus.
