3950 6326
1462 378 1989 436 ΗΔΜᾹΒΤΙΟΕΝῘᾺ.
3223 374 3356 425 1070

1971 487 2223 545 Αἰιθιοηηε
2253 488 2499 558 gemitus,
2534 494 2589 540 et
2613 485 2800 539 ﬂentes
2828 482 3007 537 vivere
3033 483 3191 551 cogit.

1968 582 2039 635 At
2067 579 2277 634 diversa
2304 578 2486 648 procul
2521 576 2823 646 regionibus
2852 574 2904 629 in
2932 573 3181 644 paradisi

1795 669 1898 723 840
1968 668 2191 723 Prtnmia
2222 666 2494 722 constituit
2526 665 2776 731 maiestas
2802 678 2963 732 gnara
2994 662 3153 718 futuri

1970 757 2255 826 Spiritibns
2285 757 2456 824 puris,
2483 762 2538 810 et
2566 755 2634 809 ab
2659 754 2803 809 omni
2830 754 2951 809 labe
2980 755 3222 817 remotis,

1972 847 2176 915 Quique
2202 845 2578 901 Gomorrhreas
2603 858 2708 899 non
2740 858 3027 913 respexere
3056 844 3266 898 ruinas:

1978 934 2194 988 Aversis
2220 934 2312 989 sed
2346 932 2450 987 rite
2472 932 2664 999 oculis,
2697 940 2819 1001 post
2846 941 2989 1001 terga
3023 932 3271 985 tenebras

1979 1024 2286 1092 Liqueruut,
2332 1023 2513 1077 miseri
2539 1021 2872 1091 properanda
2900 1022 3130 1089 pericula
3164 1022 3364 1074 mundi.

1804 1114 1908 1167 845
1981 1114 2058 1167 Ac
2083 1115 2312 1181 primum
2346 1113 2485 1167 facili
2515 1112 2818 1167 referuntur
2841 1111 2907 1167 ad
2934 1119 3074 1166 astra
3098 1111 3299 1174 volatu,

1976 1204 2127 1259 Unde
2153 1204 2324 1259 ﬂuens
2345 1206 2517 1259 anima
2545 1215 2803 1258 structum
2826 1196 3160 1273 vegetaverat
3178 1202 3368 1257 Adam.

1977 1294 2129 1359 Nam,
2161 1294 2284 1364 quia
2316 1305 2559 1349 naturam
2594 1304 2806 1349 tenuem
2837 1294 3061 1349 declivia
3083 1295 3208 1349 vitte

1979 1384 2138 1455 564
2157 1384 2397 1440 Pondera
2421 1401 2525 1439 nan
2548 1386 2867 1455 reprimunt,
2884 1399 2983 1440 nec
3007 1384 3179 1440 tardat
3201 1384 3373 1438 ferrea

3043 1473 3302 1546 [εοηηρεε.

1977 1566 2298 1621 Concretum
2330 1566 2491 1621 celeri
2525 1566 2765 1636 relegens
2791 1574 2936 1621 secat
2964 1579 3085 1619 aera
3118 1565 3289 1633 lapsu,

1809 1655 1914 1710 850
1985 1655 2382 1724 Essuperatque
2402 1656 2574 1723 polum
2592 1656 2799 1712 fervens
2811 1654 3033 1710 scintilla
3048 1670 3374 1720 remensum,

1981 1745 2270 1801 Carcereos
2293 1761 2451 1801 exosa
2482 1748 2637 1813 situs,
2660 1748 2851 1814 quibus
2882 1748 3109 1802 laeserat
3135 1747 3307 1802 exsul.

1984 1838 2132 1891 Tunc
2160 1836 2483 1905 postlimin'o
2513 1837 2822 1891 redeuntem
2853 1836 3075 1906 suscipit
3099 1837 3209 1890 alto

1995 1926 2138 1983 Cana
2186 1924 2316 1983 ﬁdes
2359 1929 2596 1998 gremio,
2649 1927 2954 1997 tenerisque
2993 1928 3222 1983 oblectat
3266 1928 3379 1981 alu-

3113 2020 3311 2092 [mnam

182 386 295 442 l069

177 505 260 561 δέξο
315 492 463 562 562
506 490 733 545 lofuodit
776 500 959 546 natura
1001 493 1267 547 solo:sed
1289 494 1539 548 suavibus
1571 494 1689 547 istic
1719 495 1769 553 Α

316 583 571 635 Devincta:
597 580 861 634 illecebris
883 582 1193 649 retinentur,
1214 591 1267 635 et
1285 583 1479 635 aethera
1512 596 1690 650 paucas

314 668 677 725 Couscendunt
702 668 925 722 reduces
958 688 971 723 :
1004 671 1193 724 multas
1233 671 1470 725 viscosus
1493 672 1693 725 inescat

318 762 531 823 Pastas,
585 767 641 813 et
685 759 750 812 ad
795 772 1016 827 superas
1063 764 1377 829 percurrere
1418 775 1521 814 non
1569 761 1694 814 sinit

1424 848 1623 920 [auras.

313 937 562 992 Praescius
592 936 717 991 inde
758 936 914 990 Pater
954 937 1169 1006 liventia
1227 947 1423 991 tartara
1481 938 1695 1007 plumbo

165 1031 251 1085 825
317 1029 548 1084 Incendit
566 1028 782 1098 liquido,
811 1030 1096 1098 piceasque
1122 1029 1376 1084 bitumine
1405 1028 1573 1083 fossas

320 1116 591 1172 infernalis
616 1132 764 1187 aqua:
786 1118 938 1171 furvo
962 1117 1184 1171 suﬂ'odit
1208 1118 1445 1181 Averno,

316 1206 379 1260 Et
400 1206 815 1275 Phlegethonteo
835 1206 934 1260 sub
955 1207 1160 1276 gurgite
1181 1208 1355 1260 sanxit
1381 1208 1572 1261 edaces

314 1295 584 1365 Perpetuis
604 1296 867 1351 scelerum
895 1297 1068 1365 poenis
1119 1296 1413 1350 inolescere
1468 1310 1697 1350 vermes.

315 1386 474 1441 Norat
492 1386 657 1453 enim,
689 1385 817 1440 ﬂatu
843 1400 911 1440 ex
942 1386 1156 1455 pr0prio
1182 1394 1497 1455 vegetamen
1527 1387 1701 1440 inesse

168 1476 253 1532 830
313 1476 629 1545 Corporibus
644 1476 864 1541 nostris,
897 1477 1232 1542 animamque
1254 1490 1317 1530 ex
1363 1491 1458 1528 ore
1486 1476 1701 1543 perenni

314 1565 611 1619 Formatam
631 1579 733 1618 non
763 1577 919 1632 posse
942 1565 1073 1617 mori
1107 1581 1121 1617 :
1152 1580 1257 1617 non
1289 1578 1444 1631 posse
1474 1562 1701 1616 vicissim

316 1654 572 1708 Pollutam
600 1653 743 1707 vitiis
772 1667 981 1707 sursum
1010 1653 1076 1709 ad
1104 1667 1338 1707 convexa
1370 1653 1562 1706 reverti
1580 1693 1596 1717 ,

315 1743 468 1814 563
483 1743 813 1797 Mersandam
834 1746 1041 1812 penitus
1060 1752 1218 1811 puteo
1233 1742 1483 1796 ferventis
1501 1742 1701 1811 abyssi.

314 1832 614 1899 Vermibus,
644 1842 698 1887 et
724 1833 970 1898 ﬂammis,
1004 1843 1056 1887 et
1083 1831 1487 1886 discruciatibus
1524 1847 1696 1885 aevum
1737 1842 1782 1901 Β

166 1923 254 1979 855
313 1924 613 1979 lmmortale
633 1923 799 1989 dedit,
829 1925 980 1978 senio
1009 1938 1077 1978 ne
1111 1938 1264 1992 pinna
1294 1925 1511 1992 periret,
1582 1963 1587 1969 .

317 2015 424 2071 Non
467 2025 725 2086 pereunte
762 2016 959 2070 anima.
1000 2016 1238 2085 Carpunt
1282 2023 1578 2080 tormenta,
1625 2016 1703 2069 fo-

1382 2105 1633 2177 [veutque
1982 2112 2216 2176 Deliciis,
2243 2110 2439 2166 multos
2465 2120 2583 2180 p0st
2612 2111 2902 2167 diversoria
2934 2114 3110 2167 carnis

319 2195 587 2251 Materiem
630 2196 744 2250 sine
786 2196 887 2251 line
916 2197 1090 2251 datam
1116 2213 1129 2249 :
1159 2211 1303 2251 mors
1328 2196 1528 2251 deserit
1553 2198 1663 2266 ipsa
1812 2202 1919 2257 855
1990 2202 2096 2256 Ore
2120 2195 2487 2256 renarrantem
2515 2201 2754 2269 querulo,
2783 2215 2921 2270 quos
2946 2216 3119 2270 passa,
3149 2201 3381 2255 labores.

1443 2306 1729 2362 GLOSSeE
1770 2310 2106 2366 VETERES.

226 2397 339 2453 820.
369 2396 1095 2467 Natura,scil:'eetdivinitatis.
1127 2427 1194 2437 —
1224 2396 1373 2461 Solo,
1405 2399 1706 2467 corporis,l.
1817 2404 2125 2465 let-taliones,
2160 2404 2261 2456 lso.

367 2466 651 2541 Qevincue,
682 2466 905 2541 devictis,
942 2467 978 2519 l.
1239 2537 1248 2541 Α
1494 2466 1501 2467 “
1542 2536 1552 2541 _

1887 2470 2013 2541 844.
2049 2470 2406 2541 Properanda,
2438 2470 2663 2524 celeriter
2692 2468 2956 2541 fugienda,
2992 2469 3113 2529 cita,
3145 2467 3184 2521 Ι.

365 2535 1005 2610 Conscentluutreduces,
1062 2537 1352 2610 ascendunt
1386 2536 1708 2610 revenientes.
1887 2540 2011 2594 856.
2067 2535 2359 2606 structum,
2411 2535 2838 2610 ptagmawmf...
2863 2538 3230 2607 vegetaverat,
3275 2538 3389 2589 qui-

163 2605 483 2676 —Viscosu9_.,
508 2606 809 2676 glu'inosus.
840 2635 908 2644 —
931 2608 1162 2676 inescat,
1191 2606 1394 2672 decipit,
1412 2614 1630 2676 saturat,
1670 2606 1706 2658 Ι.
1819 2617 2062 2674 moverat,
2090 2610 2131 2665 1.

222 2675 335 2731 8ἳ4.
366 2672 527 2739 Inde;
573 2674 805 2741 proinde.
838 2702 905 2714 —
928 2675 1187 2740 Liveutia,
1224 2678 1387 2743 nigra,
1417 2672 1456 2726 Ι.

1888 2679 2013 2733 887.
2045 2672 2316 2742 Naturam,
2349 2680 2594 2744 animant,
2629 2678 2667 2732 1.

223 2744 331 2799 8Ξ6.
363 2744 568 2806 Furvo,
612 2744 774 2811 nigro,
800 2744 837 2799 Ι.

1894 2748 2019 2802 849.
2048 2748 2390 2812 Concretum,
2421 2750 2654 2802 densum.
2684 2774 2749 2787 —-
2782 2746 2960 2810 Secat,
2993 2746 3181 2809 animo,
3211 2745 3250 2800 I.

221 2813 332 2868 827.
362 2815 582 2877 Sanxit,
613 2814 846 2866 decrevit.
882 2813 1190 2879 —Edaces,
1235 2814 1488 2877 rodentes,
1533 2813 1569 2865 l.
1894 2818 2019 2872 850.
2048 2818 2309 2881 Scintilla,
2343 2818 2536 2883 animo,
2571 2818 2607 2869 1.

219 2883 332 2938 8‘28.
358 2884 676 2946 lnolescere,
705 2899 943 2947 crescere,
971 2883 1009 2936 l.
1676 2950 1683 2951 ί
1894 2887 2017 2939 83L
2049 2888 2212 2951 Situs,
2246 2887 2599 2947 habitationes,

219 2952 333 3006 829.
358 2953 707 3021 Vegetamcn,
738 2953 984 3014 animum.
1015 2952 1418 3013 commotionem.
1467 2952 1637 3011 vit-Im»
1673 2950 1711 3003 ιι
1892 2956 2016 3010 852.
2054 2950 2405 3017 Postliminio,
2452 2950 2685 3018 introitu,
2728 2953 2929 3015 exsilio,
2962 2957 3023 3006 de
3063 2953 3387 3021 captivitate:

218 3022 331 3093 88!.
360 3022 622 3093 infusam,
647 3022 937 3093 formatam,
971 3022 1068 3093 lso.
1325 3092 1335 3093 ί
1825 3024 2195 3093 postliminium
2236 3035 2306 3079 est
2342 3026 2556 3079 reversio
2578 3025 2640 3077 de
2668 3024 2975 3092 captivitate,
3004 3023 3211 3093 quando
3243 3023 3393 3089 longo

353 3091 629 3165 Gonvexa,
656 3092 781 3161 poli,
805 3091 911 3165 caeli
927 3108 945 3155 ;
965 3092 1032 3144 ad
1056 3092 1294 3157 caelestia,
1322 3092 1361 3145 l-.
1823 3090 1931 3162 quis
1960 3103 2179 3165 tempore
2204 3095 2354 3149 limen
2376 3093 2557 3148 domus
2585 3110 2691 3147 sua:
2719 3090 2981 3145 dimissum
3010 3092 3224 3165 repetit;
3253 3094 3390 3165 quot

218 3161 334 3232 831’s.
364 3162 562 3224 Puleo,
590 3163 643 3232 in
674 3169 842 3232 puteo,
876 3161 915 3213 l.
1047 3231 1052 3232 γ
1823 3161 1971 3218 etiam
2000 3161 2164 3218 sancti
2190 3167 2418 3219 doctores
2457 3165 2619 3219 solent
2656 3164 2843 3221 dicere.
2873 3161 3079 3232 quando
3107 3161 3389 3232 stylumad

216 3230 332 3285 85‘.
362 3230 810 3293 Discruciatibus,
835 3232 1012 3299 pretiis,
1043 3231 1081 3284 Ι.
1825 3235 1929 3286 alia
1973 3236 2351 3297 transmittunt;
2389 3243 2508 3287 tunc
2533 3236 2714 3287 iterum
2757 3231 2825 3285 ad
2868 3230 2925 3286 ea
2948 3238 3265 3298 revertentes,
3298 3230 3393 3284 hoc

222 3302 337 3377 8§§.
366 3302 563 3377 §enio,
592 3310 755 3377 atate.
775 3330 858 3377 ‘-—_-
889 3300 1111 3377 Periret,
1138 3300 1391 3368 deﬁceret,
1424 3300 1461 3352 I.
1690 3362 1703 3377 .
1744 3301 1789 3361 Ο
1822 3304 2191 3377 postliminium
2219 3306 2378 3358 solent
2400 3304 2656 3377 dicere,‘l.

222 3370 340 3423 8‘56.
372 3370 664 3434 Pereunte,
697 3371 981 3436 deﬁciente,
1016 3371 1054 3424 I.
1170 3407 1182 3417 ι
1690 3370 1703 3377 ’
1890 3374 2018 3428 855.
2048 3374 2308 3437 Oblectal,
2340 3375 2496 3426 nutrit
2524 3374 2766 3435 animant,
2797 3371 2835 3425 l.

223 3438 339 3513 837.
368 3440 670 3513 materiem.
701 3440 945 3513 animum.
977 3440 1248 3513 -τ-Μοιιῆ.
1272 3441 1609 3509 consumptio,
1639 3439 1677 3513 l.
1891 3443 2017 3498 855.
2048 3442 2302 3509 Querulo,
2351 3444 2692 3513 conque-emi.
2724 3463 2789 3483 -ι
2826 3443 3004 3507 Passa,
3057 3440 3251 3497 scilicet
3300 3442 3387 3507 sit,

220 3507 334 3564 8&2.
367 3508 773 3574 Gomorrltteas,
807 3508 1168 3577 Sodomiticas,
1196 3511 1249 3563 id
1284 3521 1354 3563 est
1376 3507 1602 3563 terrenas
1628 3510 1718 3562 de-
1822 3514 1896 3565 vel
1923 3524 2055 3577 erat,
2075 3507 2126 3564 Ἰ.

1512 3623 2065 3680 COMMENTARIUS.

2633 2885 2922 2954 positiones,
2958 2883 2997 2936 I.

218 3741 337 3797 8‘2l.
362 3743 511 3805 ΑΜ..
553 3741 740 3807 Βοηβ..
775 3740 963 3803 Gisel.,
993 3754 1095 3792 non
1128 3748 1455 3808 repugnante
1490 3738 1725 3800 Heinsio,

154 3813 416 3865 erat/tera.
435 3812 660 3871 Weitz.,
681 3812 835 3876 Man,
854 3811 1034 3879 Prag.,
1056 3810 1198 3871 Καὶ..
1221 3812 1288 3862 ad
1311 3811 1500 3863 tet/tera
1523 3813 1639 3864 sine
1658 3818 1725 3863 et.

216 3882 334 3935 εει.
372 3882 536 3945 Man,
568 3882 807 3948 liquentia
837 3891 1029 3933 tartara
1052 3896 1076 3930 a
1107 3882 1273 3947 prima
1301 3894 1479 3934 manu.

218 3951 333 4005 815.
365 3952 422 4005 In
449 3951 771 4020 quibusdam
793 3950 961 4020 vulg.,
995 3949 1203 4018 liquide.

215 4020 333 4074 8-26.
359 4018 650 4090 Infernalis
673 4021 724 4073 in
744 4019 1027 4073 Latinitate
1056 4020 1296 4089 prolapsa
1318 4018 1527 4075 Cellarii
1556 4018 1724 4073 solum

156 4089 485 4144 Prudentium
514 4091 677 4143 habet
698 4098 990 4143 auctorem.

218 4160 335 4214 8‘28.
370 4160 428 4213 In
454 4160 606 4227 vulg.
635 4159 922 4228 nonnullis,
952 4159 1146 4228 pennis,
1180 4159 1339 4222 male,
1392 4173 1487 4226 pro
1545 4159 1725 4227 ptrnt's.

155 4228 221 4283 De
254 4232 528 4283 vermibus
558 4226 927 4282 damnatorum
953 4226 1072 4281 vide
1098 4228 1282 4283 Isaiam
1313 4243 1430 4296 cap.
1456 4226 1595 4282 vat.

215 4299 335 4352 831.
366 4301 532 4362 Man,
562 4298 736 4366 Prag.,
768 4298 959 4352 Weitz.
993 4298 1211 4366 aliique,
1257 4298 1480 4367 infusam
1505 4314 1523 4350 :
1554 4306 1727 4365 putat-

158 4367 861 4436 qneMariettus.glossema
908 4382 1025 4422 esse
1073 4371 1378 4436 formatam;
1427 4382 1488 4419 ac
1546 4382 1729 4421 revera

152 4442 311 4500 gloss:
343 4450 425 4493 est
448 4437 646 4491 lsmtis.
673 4436 870 4491 Verum
901 4452 1088 4492 omnes
1116 4437 1407 4500 Heinsiani,
1432 4437 1727 4502 Ald.,Gis.,

154 4506 261 4558 Vat.
291 4508 356 4572 A,
392 4509 560 4561 Alex.
593 4521 654 4559 ac
677 4507 827 4559 multi
884 4515 1139 4575 prrterea
1193 4507 1392 4559 habent
1437 4511 1727 4573 formatam,

150 4576 276 4642 quod
302 4581 430 4630 mihi
466 4576 1126 4631 Ptudentianumvtdetur.
1159 4577 1233 4630 Ex
1249 4575 1559 4630 Weitziauis
1593 4577 1731 4629 Bon-

153 4659 280 4715 gars.
301 4656 355 4700 et
380 4647 596 4699 Widm.
628 4655 810 4713 Supra,
841 4650 1135 4715 formatam.

211 4713 331 4769 832.
362 4717 489 4769 Aldi
522 4729 680 4769 error
708 4713 956 4782 palmaris
986 4717 1143 4768 virtus
1175 4730 1269 4781 pro
1298 4714 1448 4767 vitiis.
1485 4714 1730 4768 l’leinsius

148 4797 235 4846 pro
254 4803 462 4839 rursum
498 4787 740 4851 reposuit
767 4801 988 4843 sursum,
1018 4794 1074 4836 ut
1095 4785 1213 4838 aliis
1233 4784 1282 4837 in
1315 4784 1462 4837 locis.
1496 4784 1727 4849 'I‘ltuan.,

148 4852 331 4907 Bnlter.
362 4866 413 4908 et
443 4855 635 4915 Alex”
666 4871 886 4906 sursum.
918 4853 1187 4907 Mariettus
1218 4867 1343 4907 vero
1373 4854 1425 4906 in
1476 4853 1585 4906 suis
1613 4870 1729 4906 ont-

148 4921 295 4992 t_tibus
326 4924 531 4992 legisse
544 4924 756 4977 videtur
778 4940 996 4987 rursum,
1013 4925 1149 4991 quod
1166 4932 1248 4977 est
1275 4924 1324 4975 in
1349 4922 1494 4987 Ald.,
1512 4921 1727 4985 Weitz.,

1836 3754 1932 3810 per
1956 3742 2264 3810 puniuntur.
2300 3757 2469 3805 nenae
2497 3742 2786 3804 intereunt,
2818 3740 2985 3795 videri
3019 3746 3242 3807 possunt
3266 3738 3400 3793 Ter-

1836 3812 1943 3883 tul.
1967 3812 2123 3883 Apol.
2146 3827 2198 3865 c.
2234 3812 2325 3873 48,
2350 3811 2609 3883 Minucius
2630 3810 2810 3883 Felix,
2841 3813 3241 3883 August‘nttspt
3282 3810 3397 3863 alii.

1901 3880 2025 3951 850.
2060 3881 2214 3951 Prag.
2246 3883 2419 3935 minus
2450 3881 2601 3942 bene,
2630 3878 2679 3933 et
2710 3880 2905 3933 diversa
2936 3884 3031 3948 pro
3064 3890 3138 3933 at.
3173 3878 3228 3933 ln
3266 3894 3401 3935 nou-

1834 3950 1988 4003 nnllis
2021 3950 2190 4019 vulg.,
2216 3952 2429 4004 adversa
2455 3965 2550 4017 pro
2574 3950 2793 4003 diversa.

1901 4019 2026 4074 845.
2058 4019 2193 4083 Gis.,
2224 4031 2387 4084 recte;
2410 4020 2501 4075 sed
2526 4020 2620 4074 inl
2657 4020 2766 4085 ed.,
2794 4020 2907 4072 rite.

1902 4088 2274 4155 844.Weitz.,
2325 4091 2601 4159 Progens.,
2648 4088 2768 4142 Rat.
2818 4098 2871 4144 et
2921 4088 3052 4159 Mar.
3094 4102 3123 4140 a
3175 4089 3405 4142 secunda

1832 4173 2013 4225 manu,
2045 4161 2217 4213 miseri
2249 4170 2295 4214 et
2337 4158 2680 4229 properanda.
2707 4159 2831 4229 Alii,
2884 4158 3052 4211 miseri
3079 4158 3408 4228 prOperandtt

1834 4178 2013 4225 manu,
2045 4178 2217 4213 miseri
2249 4178 2295 4214 ει
2374 4178 2680 4229 roperanaa.
2707 4178 2831 4224 Alll,
2884 4178 3050 4211 ""88"
3079 4178 3407 4228 properartutt

1834 4244 1928 4291 per
1955 4230 2312 4308 epexegesin._
2331 4178 2585 4283 gicuntur
2616 4228 2859 4308 pericula
2890 4230 3262 4308 properanda,
3283 4243 3350 4295 qu
3377 4242 3407 4279 a

1836 4312 2058 4364 propere
2094 4298 2157 4353 ac
2195 4298 2506 4353 festinanter
2537 4298 2766 4352 cavenda
2812 4306 2867 4352 et
2910 4298 3176 4367 fugienda,
3212 4305 3269 4349 ut
3310 4311 3406 4350 es-

1836 4367 2032 4430 plicant
2059 4368 2141 4423 lso
2163 4378 2215 4422 et
2239 4368 2533 4424 Marieuns.
2568 4368 2620 4421 In
2645 4368 2916 4422 nonnullis
2943 4366 3090 4435 vulg.
3118 4374 3200 4421 est
3225 4381 3409 4431 prape-

1833 4439 2040 4490 raudo:
2068 4446 2120 4491 et
2166 4439 2237 4492 ita
2283 4438 2396 4494 Gis.
2447 4439 2497 4492 in
2549 4449 2771 4507 utraque
2809 4438 2974 4503 edit.,
3021 4450 3127 4489 non
3172 4435 3406 4507 absurdo

1835 4520 2036 4577 sensu:
2065 4507 2316 4577 liquerunt
2343 4502 2696 4577 properando;
2713 4507 2824 4577 sive
2852 4502 3199 4575 properantes.
3229 4502 3406 4567 Expli—

1836 4576 1943 4629 eari
1976 4576 2134 4631 etiam
2160 4576 2592 4645 potest'perieula
2623 4590 2751 4645 quae,
2789 4576 3087 4645 imminent,
3114 4581 3406 4645 properant

1836 4661 1929 4697 seu
1980 4637 2378 4714 propeianturf
2404 4637 2653 4699 Horatius
2704 4644 2801 4714 lib:
2829 4643 3046 4711 Epodon
3093 4637 3202 4714 1:11:
3240 4637 3406 4714 Muri-

1836 4707 2145 4785 cibtts'rtyriis
2172 4717 2368 4768 iteratte
2392 4715 2575 4768 vellera
2602 4714 2734 4767 (ante
2762 4712 2859 4766 Cui
2875 4707 3324 4785 ‘properabantur!

1907 4779 2040 4838 846:
2063 4783 2179 4836 Vat.
2208 4785 2275 4847 A,
2305 4785 2662 4849 vivi/icaverat,
2695 4791 2839 4836 recte
2869 4779 3207 4849 emendatum
3241 4789 3399 4849 supra

1838 4862 2165 4921 vegetaverat.
2193 4844 2304 4907 lloc
2328 4844 2488 4907 verbo
2520 4844 2691 4906 active
2718 4865 2843 4905 usus
2873 4858 2955 4905 est
2984 4848 3044 4903 Α.
3080 4845 3276 4901 Gellius
3306 4844 3399 4898 lib.

1838 4937 1962 4984 xvtt,
1996 4936 2114 4987 Cap.
2143 4923 2199 4987 ἓ,
2227 4932 2281 4977 et
2307 4922 2416 4976 alii.

144 4987 441 5072 liis.,_Urb.
492 5003 553 5048 et
608 4992 753 5058 aliis;
810 5010 906 5048 nec
958 4987 1346 5048 contemnenda
1398 4992 1608 5060 quidem
1652 5001 1733 5046 est
1758 5013 1810 5072 ι)
2062 4987 2834 5072 Prag.,.terr_te;caeteri,vittr.

147 5058 252 5112 lucc
278 5063 461 5116 lectio.

210 5129 332 5185 835.
371 5131 590 5187 Widm.
624 5145 651 5184 a
678 5131 850 5200 prima
879 5148 1060 5196 manu,
1094 5132 1437 5185 mersandam.

209 5200 331 5256 835.
365 5203 507 5255 Mira
560 5210 644 5254 est
702 5202 802 5255 hoc
851 5204 969 5257 loco
1016 5202 1134 5256 Aldi
1163 5202 1446 5255 correctio.
1483 5201 1730 5254 Ediderat

147 5268 431 5342 immortale
474 5270 644 5342 dedit,
675 5273 815 5325 senio
851 5288 911 5326 ne
940 5288 1086 5342 paena
1125 5272 1330 5342 periret.
1354 5271 1723 5342 _Emendavit:

146 5337 439 5411 Immortale
474 5340 644 5403 dedit,
676 5343 834 5405 senio,
866 5337 1073 5411 painane
1102 5337 1303 5409 periret.
1339 5340 1455 5405 Quo
1488 5342 1585 5393 ista
1614 5355 1727 5391 tnu-

146 5408 287 5470 tatio,
321 5426 446 5478 qua:
482 5411 587 5477 ipsi
614 5408 891 5466 sententiae
916 5408 1267 5465 adversatur?

208 5478 329 5533 837.
371 5479 543 5543 Man,
574 5479 685 5532 Gis.
717 5488 770 5535 et
795 5481 879 5534 alii
904 5483 1156 5535 materiem
1180 5480 1435 5533 sertlmnt.
1462 5478 1574 5530 ΛΜ.
1602 5494 1719 5529 eum

147 5550 415 5601 nonnullis
438 5589 453 5610 ,
492 5550 781 5603 materiam.
816 5551 1061 5605 Heinsius
1091 5550 1183 5603 lib.
1218 5564 1232 5603 l
1262 5550 1480 5602 Advers.
1518 5548 1720 5611 posth.,

145 5627 255 5688 fit».
295 5620 361 5684 6,
408 5618 790 5685 corrigendum
838 5629 983 5688 putat
1029 5629 1191 5672 rotant
1243 5633 1339 5685 pro
1385 5619 1577 5671 datam.
1610 5616 1724 5688 Non

143 5682 355 5738 faciam'
386 5682 589 5738 invitis
609 5682 945 5743 membra-nis.
977 5690 1030 5743 In
1075 5688 1192 5742 Vat.
1224 5682 1290 5753 Ᾱ,
1326 5689 1485 5755 ipsam
1513 5704 1528 5739 :
1560 5687 1726 5739 corri-

141 5754 371 5818 gendum
404 5758 546 5826 ipsa.
583 5758 651 5813 De
678 5770 876 5815 ωίοτηο
909 5760 1187 5829 supplicio,
1222 5774 1326 5828 quo
1348 5754 1546 5813 animm
1589 5770 1729 5811 seut-

1907 5062 2034 5115 850.
2058 5056 2447 5116 Chainillardus
2472 5058 2654 5114 asserit
2696 5067 2901 5127 poetam
2934 5056 3075 5126 loqui
3097 5070 3161 5111 ex
3190 5063 3407 5108 senten-

1845 5131 1915 5184 tia
1950 5130 2227 5200 gentilium
2280 5129 2739 5200 pltilosotrhorum,
2792 5127 3224 5200 quotlattitnanr
3254 5135 3406 5200 vocet

1843 5193 2125 5254 sciuiillam
2159 5193 2471 5256 ferventem.
2497 5193 2711 5252 Falsum
2739 5193 2883 5265 puto.
2917 5198 3047 5252 Nam
3090 5193 3404 5265 Prudentius

1840 5286 1943 5322 non
1975 5270 2145 5341 solum
2177 5272 2428 5333 animam,
2462 5268 2553 5323 sed
2581 5264 2753 5322 Deum
2770 5269 2925 5341 etiam
2950 5265 3180 5335 appellat
3206 5264 3399 5341 ignem,

1838 5356 1946 5394 non
1975 5340 2097 5406 quia
2141 5355 2207 5393 ex
2244 5342 2364 5409 igne
2409 5341 2594 5400 Deum,
2625 5348 2721 5409 aut
2761 5338 2988 5409 animum
3012 5342 3268 5409 constare
3292 5338 3406 5385 exi-

1835 5404 2034 5480 stimet,
2072 5409 2163 5464 sed
2196 5404 2410 5478 propter
2440 5406 2744 5463 nonnullam
2776 5404 3172 5480 similitudinem
3195 5414 3313 5480 qua:
3334 5415 3401 5452 ex

1835 5470 2320 5545 rebus'corporei's
2371 5480 2474 5548 peti
2527 5484 2699 5545 potest
2746 5475 2812 5530 ad
2867 5473 3168 5543 spirituales
3226 5470 3403 5537 aliquo

1836 5548 1999 5602 modo
2030 5550 2418 5617 intelligendas.

1911 5620 2033 5671 852.
2070 5612 2229 5672 ννθὶιῖ
2262 5634 2382 5671 cum
2416 5619 2565 5686 Egtn.
2591 5616 2773 5686 scribit
2803 5612 3140 5683 postlimineo.

1914 5688 2032 5740 833.
2074 5688 2270 5755 Virgilii
2302 5699 2382 5740 est
2414 5703 2536 5739 cana
2566 5685 2715 5752 ﬁdes.

1914 5757 2038 5813 855$.
2073 5758 2219 5825 Rat,
2251 5757 2478 5822 dolores,
2513 5757 2622 5821 alii,
2656 5755 2867 5809 labores.
