3950 6326
496 332 637 388 I075

675 442 852 505 Exuit,
885 441 1236 498 abductamve
1263 442 1427 511 abigit
1455 443 1523 498 de
1553 453 1767 511 pectore
1793 444 1949 497 vitam
1979 460 1990 495 :

508 533 605 587 000
675 530 1105 600 569Viscerea
1150 532 1245 588 sed
1282 532 1411 588 Sede
1449 547 1700 599 manens,
1762 532 2064 601 speculatur

1808 624 1995 693 [acutis

676 714 866 769 Omnia
897 713 1207 781 luminibus,
1237 723 1292 769 et
1317 729 1419 785 qua
1440 715 1761 770 circumtulit
1784 730 1961 769 acrem

679 805 892 859 Natura:
919 804 1051 859 levis
1078 805 1348 870 intuitum,
1377 806 1525 860 nullo
1553 806 1725 873 objice
1754 819 1931 858 rerum

680 895 917 949 Disclusa
927 933 942 957 ,
956 904 1080 949 ante
1091 894 1277 950 oculos
1287 894 1580 964 subjectum
1596 894 1847 962 prospicit
1861 893 2065 957 orbem,

686 986 859 1055 Atque
879 985 1024 1039 orbis
1048 985 1147 1039 sub
1163 984 1303 1039 mole
1317 983 1471 1038 situm
1486 984 1710 1038 sordens
1723 982 2065 1036 elementum.

682 1077 903 1146 Objacet
932 1077 1135 1132 interea
1166 1077 1343 1138 tellus,
1376 1091 1475 1131 nec
1502 1074 1708 1129 visibus
1736 1074 1931 1131 obstat.

682 1168 839 1234 Quin,
869 1167 911 1219 si
935 1166 1264 1235 stelligerum
1297 1166 1473 1221 vultus
1497 1174 1773 1219 convertat
1796 1165 1861 1217 ad
1891 1175 2068 1225 axem,

683 1257 766 1311 Nil
791 1257 1158 1312 intercurrens
1186 1257 1459 1313 obtutibus
1489 1256 1710 1325 impedit
1732 1256 1906 1325 ignem

684 1350 962 1418 Pervigilis
990 1349 1182 1402 anima:
1221 1365 1236 1403 :
1273 1347 1515 1417 quamvis
1542 1346 1759 1400 denseta
1789 1353 2075 1413 graventur

673 1422 900 1503 'Nubila,
930 1446 987 1492 et
1006 1437 1249 1505 opposito
1277 1437 1542 1506 nigrescat
1559 1435 1759 1490 vellere
1784 1434 2001 1489 caelum.

686 1527 778 1583 Sic
808 1541 1000 1582 arcana
1030 1526 1177 1580 videt
1205 1525 1381 1580 tacitis
1409 1532 1663 1593 cooperta
1689 1522 1881 1576 futuris

683 1617 982 1685 Corporeus
1011 1597 1242 1670 Joannes
1270 1615 1465 1678 adhuc,
1492 1628 1589 1668 nec
1608 1626 1771 1668 carne
1796 1614 2022 1671 solutus,

687 1708 902 1761 Munere
922 1706 1017 1761 sed
1041 1705 1233 1771 somni,
1264 1705 1534 1774 pauliSper
1566 1717 1727 1757 carne
1756 1707 2031 1770 sequestra

506 1078 610 1134 905

512 1530 613 1586 9l0

690 1796 848 1852 Liber
875 1796 939 1851 ad
969 1796 1236 1860 intuitum,
1282 1808 1573 1863 sensuque,
1608 1792 1886 1860 oculisque
1926 1805 2080 1858 pera—
2114 1804 2160 1864 Β

1828 1880 2010 1951 [graus

1548 327 1833 385 Αυιιειιι
1874 326 2230 381 PBUDENTII
2269 326 2593 380 CARMINA.

2098 445 2146 502 A

3599 314 3729 377 1076

2350 441 2547 495 Ordine
2569 440 2857 507 dispositos
2883 432 3350 495 venturis'solibus
3378 452 3568 493 annos.

2168 532 2274 586 915
2346 532 2506 599 5'70
2534 534 2876 586 Procinctum
2905 531 3050 585 videt
3074 531 3372 600 angelicum
3400 530 3730 599 iamiamque

3369 622 3658 693 [cremandi

2349 709 2506 765 Orbis
2535 710 2588 766 in
2615 710 2902 776 excidium,
2933 725 3127 767 raucos
3159 719 3214 766 et
3248 712 3477 780 percipit
3500 726 3629 766 aure

2344 802 2575 871 Mugitus
2598 802 2846 871 gravium
2870 803 3050 857 mundi
3074 802 3176 857 sub
3197 802 3301 856 fine
3332 802 3601 857 tubarum.

2344 890 2469 946 llzec
2525 890 2617 945 ille
2652 898 2775 947 ante
2826 892 3030 947 obitum
3061 934 3076 958 ,
3118 892 3487 947 membrorum
3530 906 3732 946 carcere

3446 980 3671 1052 [septus,

2355 1072 2656 1128 Secedente
2676 1073 2873 1138 anima,
2905 1086 3012 1127 non
3040 1072 3372 1137 discedente,
3404 1072 3641 1127 videbat.

2173 1166 2277 1221 920
2348 1166 2532 1221 Nonne
2553 1166 2719 1235 magis
2741 1165 3029 1221 llatussine
3078 1179 3305 1235 corpore
3353 1174 3545 1219 cuncta
3590 1174 3736 1218 nola-

2804 1257 2808 1260 ‘
3168 1254 3173 1259 δ
3556 1252 3671 1323 [bit,

2350 1346 2601 1412 Corporis
2632 1346 2922 1401 involucris
2952 1346 3153 1400 tumulo
3182 1345 3410 1415 frigente
3436 1346 3701 1414 repostis?

2350 1438 2503 1491 Certa
2536 1436 2684 1501 lides,
2718 1437 2927 1504 rapidos
2955 1437 3206 1491 subterna
3244 1444 3402 1489 nocte
3429 1436 3688 1497 caminos,

2350 1526 2448 1593 Qui
2476 1525 2730 1593 pollutam
2759 1526 2990 1579 animam
3017 1540 3109 1592 per
3131 1524 3326 1579 smcula
3351 1524 3507 1593 longa
3530 1524 3742 1591 perenni

2352 1616 2476 1686 Igne
2503 1625 2758 1685 coquunt,
2780 1616 2948 1671 oculis
2975 1616 3185 1685 longum
3218 1630 3315 1684 per
3346 1614 3505 1669 inane
3534 1617 3720 1669 remoti

2180 1706 2283 1761 9:25
2355 1704 2607 1773 Pauperis
2630 1706 2932 1774 expositos;
2962 1720 3060 1759 nec
3086 1705 3265 1759 secius
3293 1719 3456 1758 aurea
3488 1704 3629 1757 dona

2346 1793 2503 1864 57],
2530 1793 2800 1850 iustorum
2831 1794 3112 1849 dirimente
3137 1793 3297 1859 chao,
3343 1791 3639 1860 rutilasque
3667 1806 3745 1845 co-

3507 1882 3685 1936 ‘ronas

1815 1970 2104 2027 GLOSSAZ
2148 1975 2486 2033 VETERES.

583 2074 708 2130 899.
737 2073 930 2144 Ab'git,
960 2072 1123 2143 pellit,
1153 2071 1192 2125 ι.

584 2145 708 2198 901.
740 2138 1194 2206 Acrém,'clarum,
1217 2140 1291 2194 vel
1312 2149 1537 2203 acutum,
1569 2138 1610 2191 1.

586 2214 710 2267 905.
736 2204 974 2266 Disclusa
995 2251 1009 2274 ,
1053 2219 1288 2274 separata
1308 2252 1323 2276 ,
1372 2219 1564 2279 aperta.
1596 2234 1666 2247 —
1702 2206 1836 2260 Ante
1869 2204 2073 2271 oeulos,

522 2282 701 2335 scilicet
734 2282 918 2334 habens
946 2280 1134 2343 omnia,
1170 2281 1209 2332 l.

590 2349 715 2404 904.
749 2350 1105 2408 Elementum,
1132 2348 1407 2412 infernum,
1434 2347 1476 2397 l.

588 2418 712 2471 905.
742 2416 975 2475 Visibus,
1003 2415 1205 2475 animte,
1232 2413 1336 2466 lso.

589 2488 714 2541 907.
735 2485 1039 2547 Obtutibus,
1070 2483 1274 2543 visibus,
1310 2481 1349 2534 l.

591 2555 718 2609 908.
763 2551 1034 2622 [’ervigilis
1067 2594 1081 2617 ,
1139 2566 1332 2621 semper
1383 2550 1661 2622 uigilantis.
1706 2577 1774 2588 —
1828 2549 2088 2611 Drusela,

426 2680 435 2689 _
524 2626 705 2695 spissa,
732 2624 772 2677 1.

593 2688 717 2748 9097.
752 2692 979 2753 Vellere,
1007 2691 1135 2744 nube
1158 2690 1433 2754 tenebrosa,
1459 2688 1501 2742 l.

634 2762 718 2818 10.
750 2763 858 2827 Sic,
884 2762 974 2814 tati
998 2763 1492 2825 modo.-—Arcana,
1534 2762 1808 2824 mirabilia,
1838 2762 1876 2814 l.

592 2762 718 2817 910.
750 2763 858 2817 Sic.
884 2762 974 2814 tali
998 2763 1492 2817 modo.-—Arcana.
1534 2758 1808 2817 mirabilia.
1838 2758 1856 2814 Ι

749 2831 1058 2912 ξείιυιτξιτθ,
1082 2840 1336 2912 separata.
1370 2830 1408 2882 Ι·
1518 2899 1550 2912 η
1832 2899 1863 2912 ..

599 2897 1072 2983 914.υῡίέρρείιοε,
1104 2900 1381 2953 ordinatos.
1421 2928 1488 2939 -
1518 2898 1764 2965 Solibus,
1809 2899 1984 2952 diebus
2021 2897 2097 2950 vel

534 2972 859 3039 temporibus,
883 2971 920 3024 Ι.

602 3041 727 3094 915.
757 3040 1116 3102 Procinctum,
1142 3038 1439 3105 exercitum,
1470 3049 1800 3108 apparatum,
1834 3038 1881 3092 1.

604 3110 729 3164 910.
762 3109 988 3164 Raueos.
1020 3110 1210 3164 tristes.
1242 3108 1283 3161 l.

717 3146 729 3162 .
762 3122 988 3173 uaueos,
1020 3122 1210 3174 tristes,
1243 3122 1283 3161 ι.

2249 2068 2370 2121 917.
2398 2067 2644 2136 Mngitus,
2677 2070 2763 2135 qui
2793 2075 2938 2120 erunt
2966 2066 3019 2120 in
3054 2068 3136 2122 die
3157 2066 3368 2137 judicfi.
3393 2096 3458 2107 —-
3485 2064 3750 2131 Gravium,

2179 2154 2496 2203 ntagnarum,
2527 2152 2819 2203 raucarum,
2847 2137 2883 2190 Ι.

2254 2156 2261 2189 ῐ
2298 2156 2496 2201 narum,
2527 2156 2819 2203 raucarum,
2847 2156 2883 2190 Ι.

2254 2156 2381 2261 319.
2409 2208 2721 2277 Secedente,
2749 2215 2983 2277 vagante,
3011 2204 3052 2259 l.

2253 2276 2383 2331 920.
2418 2274 2619 2339 Flatus,
2645 2274 2841 2339 anima,
2874 2274 2915 2328 l.

2264 2346 2391 2400 92L
2421 2345 2753 2409 lnvolucris,
2796 2344 3191 2398 involutionibus
3234 2360 3253 2399 :
3294 2345 3505 2399 voluero
3547 2348 3757 2400 dicimus

2192 2415 2530 2467 iuvolutiones
2562 2416 2997 2479 vestimentorum,
3023 2416 3109 2467 sed
3137 2416 3230 2467 hoc
3264 2415 3313 2466 in
3341 2415 3454 2468 loco
3492 2416 3757 2470 involutio-

2199 2499 2311 2535 nem
2351 2482 2577 2551 corporis
2618 2484 2803 2535 mortui
2845 2485 2898 2536 in
2949 2485 3181 2545 sepulcro
3210 2495 3348 2535 vocat
3400 2487 3689 2551 involucra,
3722 2486 3756 2538 Ι.

2208 2551 2452 2616 Volnera,
2483 2550 2559 2605 vel
2588 2551 2785 2603 volucla
2815 2552 3054 2605 dicuntur
3084 2552 3425 2613 involutiones,
3458 2553 3578 2606 Vat.
3616 2555 3682 2608 Τ.

2268 2620 2393 2675 929..
2419 2622 2597 2685 Certa,
2640 2630 2867 2683 wterna;
2896 2621 3087 2674 scilicet
3121 2633 3211 2675 est.
3240 2649 3310 2662 —
3332 2621 3623 2691 Subterna,
3671 2626 3762 2677 ubi

2208 2701 2449 2759 perpetua
2470 2706 2571 2743 no.2:
2599 2698 2694 2753 est,
2725 2691 2825 2759 lso.

2272 2760 2397 2813 925.
2428 2759 2704 2827 Pauperis.
2739 2758 2939 2811 Lazari.
2966 2789 3032 2798 -—
3056 2759 3357 2826 Expositos,
3390 2762 3757 2828 manifestatos,

2198 2830 2387 2951 scillic’et
2429 2844 2535 2951 eslse
2582 2830 2825 2881 cantinos.
2853 2858 2923 2868 -—-
2952 2829 3168 2896 Secius,
3202 2830 3420 2882 tardius.
3456 2861 3529 2870 —
3570 2838 3757 2895 Aurea,

2208 2916 2273 2951 ou
2299 2916 2325 2951 c
2366 2917 2447 2951 ra.
2504 2935 2517 2949 .

2244 2902 2447 2962 ulcltra,
2477 2902 2517 2951 l.

2206 2918 2741 3031 puggfiiiliimente,
2774 2968 3043 3021 dividente.
3073 2996 3143 3006 —
3174 2968 3341 3033 Chao,
3374 2971 3603 3037 confusio
3634 2983 3761 3024 tene-

2211 3037 2447 3103 brarum;
2470 3038 2587 3103 quia
2614 3037 2907 3107 confusione
2926 3038 3140 3090 distante
3160 3054 3257 3090 non
3281 3056 3548 3107 possumus
3575 3043 3761 3095 misceri

2215 3109 2382 3172 felices
2417 3117 2463 3161 et
2493 3108 2635 3170 mali,
2664 3106 2701 3159 Ι.
3262 3128 3271 3135 κ

1907 3194 2462 3251 COMMENTARIUS.

530 3324 535 3329 -
602 3292 727 3345 899.
760 3292 904 3356 Ald.,
934 3304 1237 3360 perperam,
1268 3288 1394 3341 abiit
1419 3289 1482 3340 de
1505 3296 1720 3360 pectore.

601 3361 727 3413 900.
766 3362 909 3426 Ald.,
936 3357 1215 3422 mendose,
1246 3375 1452 3412 manens
1478 3357 1785 3423 speculator.

608 3430 733 3484 905.
768 3430 823 3483 1η
846 3425 1049 3483 sOmnis
1074 3444 1160 3482 res
1186 3429 1253 3482 ita
1290 3436 1761 3496 repraesentantur,
1792 3425 1940 3494 quasi
1967 3439 2099 3477 ocu-

532 3499 597 3555 lis
622 3499 895 3566 corporeis
926 3498 1230 3551 videantur.

600 3566 729 3622 90-l.
754 3567 808 3622 lu
841 3567 961 3621 Vat.
988 3566 1033 3620 A
1060 3575 1245 3620 contra
1293 3575 1521 3623 metrum
1555 3573 1638 3620 est
1663 3565 1918 3636 positum;
1948 3577 2104 3630 supra

530 3646 698 3701 recte,
730 3639 903 3691 situm.

605 3707 730 3762 906.
775 3708 832 3761 In
866 3705 983 3760 Vat.
1040 3706 1081 3759 Α
1125 3706 1459 3762 desideratur
1508 3704 1696 3760 vultus.
1739 3702 1796 3757 In
1839 3701 2107 3756 nonnullis

533 3778 701 3845 vulg.,
730 3778 896 3841 uultu,
927 3776 1087 3831 male.

601 3844 726 3916 907.
758 3846 875 3916 Vat.
898 3846 963 3910 A,
989 3845 1141 3910 nihil,
1163 3844 1607 3916 monosyllabum.

608 3915 738 3969 908.
775 3914 891 3968 Vat.
917 3916 984 3980 A,
1012 3916 1257 3978 denseta;
1285 3913 1460 3979 Alex.,
1494 3913 1627 3967 Mar.
1651 3922 1706 3968 et
1734 3913 1843 3976 alii,
1877 3913 2106 3964 densata.

535 3984 775 4051 Utroque
822 3984 981 4036 modo
1030 3985 1262 4047 dicitur,
1308 3986 1463 4037 denso
1508 3993 1563 4037 et
1608 3984 1814 4036 denseo.
1866 3982 2108 4034 lleinsuts

535 4050 752 4119 praefert
772 4050 979 4103 denseta
1004 4066 1123 4103 cum
1154 4053 1271 4105 Put.
1305 4062 1357 4105 et
1381 4053 1553 4105 Oxon.

606 4119 732 4173 910.
761 4119 1165 4173 Praestantiores
1198 4122 1487 4181 lleinsiani,
1518 4121 1690 4179 Μυκη
1717 4119 1860 4183 Ald.,
1889 4118 2107 4180 Weitz.,

537 4187 741 4269 aliique
773 4188 967 4267 nostri,
1001 4190 1209 4257 futuris.
1254 4189 1439 4253 Fabr.,
1487 4189 1657 4254 Sieh.,
1704 4189 1881 4255 Prag.,
1918 4188 2108 4254 Bong.,

538 4258 674 4321 Gis.,
705 4256 906 4327 figuris.

609 4326 668 4379 9|
684 4326 733 4379 1.
768 4325 896 4392 Alii,
918 4322 1166 4393 Joannes,
1190 4326 1550 4392 alii,loannis,
1566 4324 1654 4379 alii
1682 4334 1904 4394 utroque
1928 4324 2108 4390 modo,

541 4396 839 4519 utSll‘l!§.‘.l.\n
869 4464 927 4518 S.
959 4464 1192 4519 Joannes
1222 4464 1574 4534 Apocalypsin
1598 4465 1867 4534 insomne
1894 4464 2107 4529 viderit,

540 4535 767 4588 disserui
795 4534 949 4588 Cath.
980 4534 1177 4599 hymno
1205 4533 1435 4599 6,’vers.’
1462 4535 1548 4587 74.
1584 4533 1856 4587 Fabricius
1880 4536 1929 4586 in
1952 4534 2111 4586 Com-

542 4550 767 4588 (llSSel‘ltl
795 4550 949 4588 ωιιι.
981 4550 1010 4586 ιι
1053 4550 1177 4587 mno
1205 4550 1258 4599 υ,
1288 4550 1426 4588 vers.
1471 4550 1548 4587 ιιι.
1585 4550 1856 4587 ranricius
1880 4550 1929 4586 in
1952 4550 2111 4586 uom-

542 4616 708 4660 mcnt.
741 4604 805 4657 ad
830 4604 979 4658 Poet.
1007 4550 1225 4669 Christ"
1252 4606 1414 4659 verbo
1438 4605 1819 4659 EVANCELlsTA-Z
1837 4645 1851 4667 ,
1889 4605 1963 4656 ait
1983 4602 2111 4656 Prn-

546 4675 780 4728 uentium
839 4674 1106 4729 afﬁrmare
1151 4648 1527 4742 evangelistam
1575 4645 1851 4728 Joannem,
1880 4689 1943 4727 ea
1990 4688 2111 4741 quae
2142 4644 2188 4703 υ

542 4746 756 4812 scripsit
781 4742 977 4798 vidisse
1001 4745 1202 4809 animo,
1240 4760 1341 4798 non
1386 4746 1573 4807 oculis,
1621 4759 1792 4806 neque
1839 4744 2109 4796 somnian-

543 4825 670 4875 tum,
699 4813 791 4867 sed
825 4815 1153 4883 vigilantem,
1194 4814 1399 4867 nebulis
1427 4814 1674 4875 remotis;
1702 4813 1947 4867 Sedulius
1976 4828 2107 4866 vero

546 4883 793 4939 Z’abricio
841 4885 1047 4939 videtur
1086 4889 1264 4938 testari
1310 4885 1567 4937 Joannem
1598 4898 1658 4936 ca
1681 4883 1879 4937 vidisse
1904 4885 1952 4936 in
1976 4898 2112 4935 som-

546 4956 649 5004 uis.
696 4952 845 5022 Scire
874 4964 1047 5008 tamen
1076 4964 1286 5022 oportet
1316 4955 1456 5006 hunc
1477 4952 1747 5022 Sedulium
1769 4968 1889 5007 esse
1911 4952 2111 5021 ipsissi-

542 5036 688 5091 mnm
724 5021 1088 5091 Prudentium.
1120 5024 1270 5091 cujus
1302 5023 1647 5077 Dittocltmum
1690 5021 1963 5076 Fabricius
2006 5022 2107 5073 Se-

548 5090 702 5159 dulioi
721 5090 974 5158 afﬁngcre
1000 5090 1229 5145 volebat.
1259 5094 1575 5145 Prudentius
1606 5092 1794 5144 iterum
1827 5101 1985 5159 atque
2016 5091 2111 5141 ite-

545 5174 662 5212 rum
692 5158 744 5211 in
770 5161 1079 5231 Apocalypsi
1111 5162 1391 5215 referenda
1439 5176 1683 5215 somnum
1730 5158 1952 5213 Joannis
1997 5174 2109 5211 me-

551 5240 741 5281 IllOl'ill.

621 5299 743 5352 913.
778 5297 928 5363 Man,
961 5300 1133 5360 Sicln,
1170 5300 1221 5352 in
1260 5300 1527 5353 nonnullis
1565 5299 1704 5368 vnlg.
1738 5298 1801 5352 ad
1846 5313 2016 5360 oram,
2049 5295 2109 5347 li-

553 5369 691 5419 berat
720 5370 981 5434 intuitum,
1013 5370 1187 5422 minus
1221 5370 1373 5421 bene.

618 5438 741 5491 9H.
773 5438 826 5489 In
856 5437 970 5490 Rat.
1000 5451 1115 5491 erat
1144 5448 1398 5500 venturus,
1430 5453 1722 5505 perperam.

621 5507 742 5558 916.
777 5507 829 5557 In
857 5508 970 5558 Pot.
1005 5520 1055 5559 et
1083 5508 1288 5559 'l‘buan.
1310 5525 1336 5558 τι
1367 5523 1523 5558 nianu
1567 5506 1795 5559 secunda
1822 5507 1984 5555 tristes
2018 5516 2110 5569 pro

552 5591 751 5626 raucos.
780 5576 852 5628 De
875 5588 1115 5629 extreuio
1146 5580 1290 5629 orbis
1329 5577 1536 5629 «excidio
1576 5591 1670 5643 per
1717 5576 1912 5641 ignem,
1950 5581 2003 5625 ct
2028 5574 2109 5643 Adc

576 5644 694 5704 uba,
722 5645 871 5709 cujus
902 5647 1130 5709 mugitus
1162 5648 1446 5713 prmccilet,
1477 5640 1593 5697 vide
1635 5640 1815 5711 liyuin.
1844 5643 1901 5693 ll
1928 5640 2104 5705 Cath.,

468 5734 483 5749 ο
555 5721 739 5764 tersus
770 5716 946 5769 linem.
984 5717 1052 5767 Itin
1082 5730 1197 5782 quae
1242 5718 1291 5768 in
1338 5715 1650 5785 Aperalypsi
1690 5714 1919 5769 revelata
1963 5722 2104 5777 sunt,

2130 3288 2176 3348 C
2210 3303 2375 3355 usque
2416 3288 2481 3342 ad
2512 3288 2696 3341 mundi
2742 3287 2898 3341 linem
2944 3304 3047 3341 non
3080 3303 3199 3342 esse
3222 3283 3560 3355 complenda,
3595 3303 3763 3349 tenent
3792 3342 3797 3343 ,

2212 3358 2479 3426 plerique;
2511 3357 2598 3411 alii
2625 3358 2735 3425 jam
2764 3372 2885 3411 esse
2905 3358 3169 3425 completa
3199 3360 3527 3413 existimant.

2277 3428 2403 3481 9l8.
2430 3427 2635 3497 Corpus
2671 3442 2792 3497 esse
2814 3428 3016 3497 anima:
3044 3441 3315 3481 carcerem
3345 3428 3658 3497 quemdam,
3694 3426 3764 3478 di-

2206 3505 2349 3551 ctum
2380 3498 2509 3550 satis
2534 3496 2739 3565 hymno
2770 3496 2834 3550 10
2858 3495 3013 3550 Catb.
3044 3497 3218 3564 Aliqui
3245 3495 3450 3565 putant,
3488 3497 3539 3551 id
3564 3496 3765 3548 desum-

2208 3574 2354 3634 ptum
2386 3580 2450 3619 ex
2490 3565 2860 3635 Egyptiornm
2910 3574 2964 3619 et
3007 3565 3242 3635 socratis
3293 3568 3459 3621 scitis.
3508 3565 3652 3621 Nihil
3696 3572 3766 3617 est

2207 3649 2399 3695 causai.
2454 3634 2800 3701 quamobrem
2845 3649 2908 3688 eo
2950 3634 3341 3704 confugiamus,
3388 3652 3512 3690 cum
3561 3641 3767 3701 pateant

2209 3719 2357 3757 sacra
2395 3704 2684 3757 volumina.
2743 3704 2845 3758 Alii
2894 3718 3088 3772 corpus
3132 3715 3358 3769 antrum,
3407 3706 3499 3759 alii
3546 3704 3767 3766 vincula,

2210 3774 2299 3826 alii
2330 3789 2415 3825 vas
2442 3773 2731 3841 appellant,
2762 3773 2901 3840 quod
2922 3773 3031 3841 jam
3064 3776 3383 3827 monuimus.

2278 3842 2402 3898 920.
2435 3842 2613 3910 l’rag.,
2640 3843 2854 3895 notabis.
2884 3843 3027 3902 Rat.,
3054 3843 3279 3896 uolabat.
3312 3843 3499 3898 Melius
3528 3843 3738 3897 notabit.

2281 3912 2404 3967 92].
2440 3911 2603 3964 Aldus
2634 3913 2860 3979 primum
2885 3912 3051 3966 edidit
3086 3912 3386 3977 inroluclis;
3427 3912 3632 3967 deinde
3666 3927 3769 3966 oor-

2210 3982 2347 4036 rexit
2377 3981 2699 4052 ﬂinpolucris.
2761 3980 2831 4052 lita
2877 3982 3076 4035 habent
3108 3997 3295 4037 omnes
3338 3982 3467 4037 editi
3502 3992 3559 4037 et
3613 3984 3772 4052 plures

2212 4067 2340 4105 mss.
2371 4048 2475 4104 Sed
2508 4052 2558 4103 in
2591 4050 2860 4103 nonnullis
2891 4052 3210 4117 pervetustis
3254 4053 3589 4107 membranis
3615 4048 3767 4105 'inve-

2213 4122 2302 4173 nio
2350 4119 2613 4171 iuvoluctis
2651 4135 2678 4172 a
2719 4122 2973 4183 secunda,
3028 4121 3121 4173 sed
3172 4121 3342 4188 prisca
3389 4137 3571 4185 manu,
3628 4130 3681 4176 et
3727 4122 3770 4172 in

2211 4190 2408 4258 glosso,
2444 4188 2523 4240 bis
2565 4198 2711 4259 terve
2734 4188 3007 4254 iuvolucla,
3044 4191 3193 4259 quasi
3224 4191 3537 4256 involucula,
3594 4202 3651 4247 et
3691 4204 3771 4259 per

2212 4258 2627 4313 contractionem
2656 4258 2929 4312 involucla.

2282 4326 2403 4398 92-2.
2433 4326 2671 4398 P_otiores
2711 4326 2983 4398 Heinsiaui
3016 4342 3135 4380 cum
3188 4329 3367 4398 πεπυ..
3405 4330 3555 4395 Ald.,
3607 4332 3771 4390 Δια..

2215 4397 2334 4466 Vat.
2366 4397 2425 4455 A,
2460 4395 2611 4466 ιιι-1)..
2652 4396 2880 4466 rapidos.
2913 4396 3059 4450 Multi
3092 4398 3200 4463 alii,
3235 4395 3388 4461 Man,
3422 4400 3613 4466 Prag.,
3644 4401 3772 4460 “an,

2214 4465 2428 4523 Weitz.,
2454 4465 2591 4529 Gis.,
2628 4465 2809 4529 Fabr.,
2840 4466 3061 4530 Widm.,
3105 4466 3385 4535 Bongars,
3416 4469 3648 4523 rabidos.
3684 4469 3776 4521 Ve-

2215 4537 2420 4607 ltUslitlS
2440 4544 2519 4607 est
2546 4535 2752 4607 rapidos
2781 4537 3025 4607 caminos.
3058 4535 3205 4607 Ald.,
3244 4537 3423 4607 Egm.,
3450 4540 3777 4607 praestantio-

2218 4620 2305 4658 res
2333 4604 2622 4670 Heinsiani,
2654 4603 2831 4670 Alex.,
2858 4605 3012 4670 Urh.,
3058 4605 3178 4659 Vat.
3214 4603 3483 4671 A,'Mar.',
3525 4609 3775 4662 subterna.

2217 4675 2432 4735 Weitz.,
2451 4672 2645 4744 Febr”
2677 4674 2815 4738 Gis.,
2841 4675 2933 4727 sub
2963 4684 3110 4727 tetra.
3140 4675 3291 4744 Prag.
3328 4686 3380 4730 et
3404 4677 3549 4741 llat.,
3576 4687 3775 4736 (eterna,

2214 4745 2357 4816 quod
2381 4742 2800 4816 videtur‘legisse
2828 4744 3199 4816 lso.r'l'eolius,
3223 4742 3363 4816 nisi,
3386 4750 3594 4801 erravit
3640 4758 3779 4816 typo-

2213 4812 2468 4883 graphus,
2506 4812 2686 4865 divisit
2726 4813 2825 4877 ita,
2867 4815 2960 4866 sub
3012 4824 3171 4866 terna.
3221 4812 3779 4871 Praeferendumosub—

2213 4894 2374 4955 terna,
2396 4898 2502 4955 qua
2531 4896 2661 4936 voce
2694 4898 2820 4955 usus
2849 4884 3009 4955 etiam
3038 4894 3119 4936 Gal.
3151 4884 3241 4955 lib.
3268 4899 3283 4955 ι
3310 4886 3361 4936 in
3387 4886 3626 4955 Symm.,
3653 4900 3776 4939 vers.

2215 4954 2343 5009 592.
2379 4951 2660 5005 Subternus
2683 4967 2745 5004 ex
2780 4952 3003 5006 Fabricii
3030 4954 3389 5021 explicatione
3413 4951 3495 5008 est
3517 4957 3780 5010 subterra—

2217 5038 2347 5073 neus
2378 5038 2390 5071 :
2421 5020 2949 5092 quanquamdubitat
2979 5022 3251 5092 Fabricius
3290 5037 3356 5076 an
3386 5024 3457 5078 sit
3508 5025 3778 5092 legendum

2217 5092 2307 5143 lib.
2339 5108 2349 5141 ι
2384 5094 2432 5139 in
2467 5090 2613 5156 Sym.
2665 5090 2754 5141 sub
2798 5094 2965 5144 terris.
2994 5091 3210 5145 Videtur
3238 5094 3439 5147 dictum
3469 5090 3733 5150 subteruus
3754 5108 3777 5143 a

2212 5162 2396 5222 subter,
2424 5168 2755 5229 utsuperuus
2785 5176 2812 5211 a
2840 5176 3011 5229 super.

2284 5229 2407 5302 921.
2443 5228 2585 5292 Ald.,
2617 5230 2853 5294 remotis;
2879 5228 2965 5282 alii
2989 5230 3186 5296 remoti,
3213 5231 3312 5287 hoc
3343 5240 3426 5287 cst
3450 5232 3633 5288 Lazari
3662 5249 3773 5302 pau-

2216 5314 2375 5365 peris.

2285 5368 2411 5421 925.
2453 5369 2627 5421 Monet
2683 5366 2949 5432 lleinsius,
2987 5370 3035 5420 in
3090 5370 3467 5423 vetustissimis
3516 5373 3777 5425 cmlicibus

2218 5438 2376 5490 scribi
2398 5440 2573 5501 setius,
2612 5452 2713 5489 non
2760 5438 2940 5495 secius.
2996 5455 3099 5490 non
3140 5440 3313 5491 solum
3365 5441 3506 5506 apud
3556 5443 3776 5493 Pruden-

2221 5507 2369 5577 tium,
2406 5507 2511 5577 sed,
2544 5506 2701 5577 etiam
2724 5507 2880 5577 apud
2926 5508 3223 5574 Virgilium,
3266 5510 3545 5577 Ovidium,
3577 5510 3771 5567 Silium,

2216 5575 2348 5647 alios
2378 5576 2595 5647 passim.
2641 5575 2799 5627 Vides
2836 5580 3257 5647 controversiam
3296 5575 3771 5647 orthographiam.

2217 5644 2264 5717 in
2295 5659 2395 5717 qua
2420 5645 2634 5717 minimc
2658 5660 2853 5717 sequar
2886 5644 3186 5717 \Veitzium,
3222 5648 3306 5717 qui
3351 5644 3671 5706 auctoritate
3709 5663 3775 5702 so-

2214 5714 2311 5767 lius
2342 5714 2683 5779 Bongarsiani
2715 5714 2879 5769 edidit
2906 5716 3105 5770 swcius.
