3960 6312
202 404 321 460 1069

197 522 285 580 320
342 512 495 582 562
538 509 766 565 lnl'undit
809 520 992 566 natura
1034 513 1299 568 solo:sed
1322 514 1571 569 suavibus
1604 515 1721 568 istic
1751 516 1802 574 Α

343 603 603 655 Devinctze
630 600 894 654 illecebris
914 602 1226 669 retinentur,
1246 612 1299 655 et
1317 603 1511 655 aethera
1544 616 1721 671 paucae

239 682 242 685 Α
341 686 709 744 Conscendunt
734 688 957 743 reduces
990 708 1004 743 :
1036 691 1225 745 multas
1265 691 1502 746 viscosus
1525 693 1725 746 inescat

345 781 562 844 Pastus,
617 787 674 834 et
717 779 782 833 ad
827 792 1047 847 superas
1095 782 1409 849 percurrere
1450 795 1553 835 non
1601 781 1725 835 sinit

1456 869 1654 940 [auras.

340 957 594 1012 Praescius
624 956 749 1011 inde
791 957 947 1010 Pater
986 957 1201 1026 liventia
1259 967 1455 1012 tartara
1513 959 1727 1028 plumbo

344 1049 580 1104 Incendit
598 1049 813 1118 liquido,
843 1050 1128 1119 piceasque
1155 1050 1408 1104 bitumine
1437 1049 1605 1104 fossas

347 1136 623 1192 lniernalis
648 1153 796 1208 aqua:
817 1138 970 1191 furvo
994 1137 1216 1191 suffodit
1240 1139 1477 1202 Averno,

342 1226 408 1280 Et
429 1226 847 1295 Phlegethonteo
867 1226 966 1280 sub
987 1228 1192 1296 gurgite
1213 1228 1387 1280 sanxit
1413 1228 1603 1282 edaces

341 1315 615 1385 Perpetuis
636 1316 899 1371 scelerum
927 1317 1100 1385 pinnis
1152 1316 1445 1370 inolescere
1499 1331 1728 1371 vermes.

342 1405 505 1461 Norat
523 1406 689 1473 enim,
721 1405 849 1461 llatu
875 1420 942 1460 ex
975 1407 1187 1475 proprio
1215 1414 1528 1475 vegetamen
1558 1408 1733 1461 inesse

340 1495 660 1565 Corporibus
676 1496 895 1561 nostris,
929 1498 1264 1563 animamque
1286 1511 1348 1550 es
1394 1511 1489 1549 ore
1517 1497 1732 1563 perenni

341 1584 642 1639 Formatam
662 1599 764 1637 non
795 1598 951 1653 posse
973 1584 1105 1637 mori
1139 1602 1153 1637 :
1183 1599 1289 1637 non
1320 1598 1475 1651 posse
1505 1583 1732 1637 vicissim

344 1674 603 1728 Pollutam
631 1673 775 1727 vitiis
803 1687 1012 1727 sursum
1042 1673 1106 1727 ad
1136 1688 1369 1727 convexa
1402 1674 1627 1737 reverti,

342 1763 500 1833 563
514 1762 845 1817 Mersandam
865 1765 1073 1831 penitus
1092 1771 1248 1830 puteo
1264 1762 1460 1816 fervent
1473 1762 1515 1817 is
1532 1762 1732 1832 abyssi.

186 1050 276 1104 825

189 1494 277 1551 850

340 1852 645 1918 Vermibus,
674 1861 729 1907 et
756 1853 1002 1918 flammis,
1035 1863 1088 1906 et
1115 1851 1517 1906 discruciatibus
1556 1867 1726 1906 aavum
1769 1863 1813 1921 Β

188 1942 278 1998 855
340 1943 644 1998 lmmortale
665 1942 831 2007 dedit,
860 1944 1011 1998 senio
1040 1958 1108 1997 ne
1142 1958 1295 2011 piens
1325 1944 1542 2011 periret,
1613 1983 1619 1988 .

343 2034 458 2090 Non
498 2045 755 2105 pereunte
793 2034 990 2088 anima.
1032 2036 1270 2104 Carpunt
1313 2043 1609 2101 tormenta,
1656 2036 1733 2089 lo-

1414 2124 1663 2197 [ventque

346 2214 618 2271 Materiem
661 2215 775 2269 sine
816 2215 919 2270 line
948 2216 1121 2270 datam
1147 2232 1161 2268 ε
1191 2231 1334 2270 mors
1360 2216 1560 2271 deserit
1584 2218 1695 2286 ipsa

1496 400 2021 457 HAMAR'I‘IGENIA.

3254 397 3388 447 107D

2003 508 2256 566 ditem-as
2285 510 2531 579 gemitus,
2567 515 2622 562 et
2645 507 2832 561 ﬂentes
2860 505 3038 560 vivere
3064 506 3223 574 cogit.

2000 602 2071 656 At
2099 601 2309 655 diversa
2336 600 2518 669 procul
2553 598 2855 668 regionibus
2884 597 2935 651 in
2964 596 3211 666 paradisi

1827 691 1930 745 810
2000 690 2223 744 Prmmia
2254 688 2527 743 constituit
2557 687 2807 753 maiestas
2834 700 2995 754 gnara
3026 685 3184 739 futuri

2002 779 2287 847 Spiritibtts
2316 778 2488 846 puris,
2515 784 2569 832 et
2597 776 2665 830 ab
2690 776 2835 831 omni
2862 776 2983 831 labe
3011 777 3253 839 remotis,

2003 868 2208 937 Quique
2234 867 2610 923 Gomorrhteas
2634 880 2740 921 non
2770 880 3058 935 respexere
3087 867 3297 920 ruinas:

2010 955 2226 1010 Aversis
2251 955 2344 1010 sed
2378 954 2482 1009 rite
2503 954 2695 1021 oculis,
2729 963 2850 1023 post
2878 963 3020 1023 terga
3054 954 3302 1008 tenebras

2011 1046 2317 1114 Liqueruut,
2363 1045 2544 1099 miseri
2570 1043 2903 1113 properanda
2932 1044 3161 1112 pericula
3195 1044 3396 1096 mundi.

1836 1136 1940 1189 845
2012 1136 2089 1188 Ac
2114 1137 2343 1202 primum
2378 1134 2516 1188 facili
2546 1134 2849 1189 referuntur
2872 1134 2937 1189 ad
2965 1141 3105 1188 astra
3129 1133 3329 1197 volatu,

2008 1226 2158 1281 Unde
2184 1225 2355 1281 ﬂuens
2376 1227 2549 1280 anima
2576 1236 2834 1280 structum
2857 1218 3191 1295 vegetaverat
3209 1225 3399 1279 Adam.

2008 1315 2161 1381 Nam,
2192 1316 2314 1385 quia
2347 1326 2589 1371 naturam
2625 1325 2837 1371 tenuem
2869 1316 3091 1371 declivia
3114 1317 3239 1370 vita:

2010 1405 2170 1476 564
2188 1405 2427 1461 Pondera
2452 1423 2555 1460 nm
2579 1408 2899 1477 reprimunt,
2914 1421 3013 1462 nec
3038 1406 3209 1461 tardat
3232 1407 3403 1460 ferrea

3074 1496 3332 1567 [compes,

2008 1588 2329 1642 Concretum
2360 1588 2522 1642 celeri
2556 1588 2795 1657 relegens
2822 1596 2967 1642 secat
2994 1601 3117 1641 aera
3148 1587 3319 1654 lapsu,

1840 1676 1945 1731 850
2017 1676 2413 1745 Exsuperatque
2432 1677 2605 1744 polum
2624 1678 2830 1733 fervens
2842 1677 3063 1732 scintilla
3080 1692 3405 1743 remensum,

2012 1766 2301 1822 Carcereos
2324 1782 2481 1822 exosa
2513 1768 2668 1833 situs,
2691 1770 2881 1835 quibus
2913 1769 3140 1823 haeserat
3166 1769 3337 1824 exsul.

2015 1858 2163 1911 Tunc
2191 1857 2514 1926 postlimin'o
2543 1858 2853 1912 redeuntem
2883 1858 3106 1928 suscipit
3130 1859 3239 1911 alto

2026 1947 2169 2003 Cana
2216 1948 2348 2003 ﬁdes
2390 1950 2627 2019 gremio,
2680 1948 2985 2019 tenerisque
3024 1950 3252 2005 oblectat
3295 1950 3409 2003 alu-

3143 2042 3342 2113 [ninam

2014 2132 2247 2197 Deliciis,
2274 2131 2470 2187 multos
2497 2140 2614 2200 post
2642 2132 2933 2188 diversoria
2965 2135 3140 2189 carnis

1842 2222 1950 2277 855
2021 2222 2127 2277 Ore
2152 2216 2517 2276 r'enarrantem
2545 2221 2785 2290 querulo,
2814 2237 2951 2292 quos
2976 2238 3149 2291 passa,
3180 2223 3411 2277 labores.

1474 2326 1760 2383 GLOSSIE
1800 2330 2136 2387 VETERES.

248 2416 365 2473 820.
396 2416 1126 2487 Natura,scilfcetdivinitatis.
1158 2447 1225 2456 —
1256 2416 1404 2481 Solo,
1436 2419 1737 2487 corporis,l.

249 2487 365 2541 821.
394 2485 683 2551 ῡενίιιειίε,
714 2486 935 2547 devicta.
973 2486 1009 2539 1.

249 2556 363 2610 822.
392 2555 1036 2617 Conscentluntreduces,
1093 2557 1374 2609 ascendunt
1416 2556 1738 2608 revenientcs.

185 2624 515 2696 -Yiscosus,
540 2625 839 2696 glu'inosus.
872 2655 938 2664 —
961 2628 1192 2696 inescat,
1222 2626 1424 2693 decipit,
1442 2635 1661 2696 saturat,
1699 2626 1736 2678 l.

246 2695 364 2752 824.
394 2692 558 2759 Inde,
604 2694 835 2761 proinde.
868 2721 935 2733 —
959 2694 1217 2759 Liventia,
1254 2692 1417 2763 nigra,
1447 2692 1487 2746 ι.

246 2764 359 2819 826.
392 2764 599 2825 Furvo,
642 2764 805 2830 nigro,
831 2764 868 2819 l.

246 2833 361 2888 827.
392 2834 613 2897 Sanxit,
644 2833 877 2885 decrevit.
912 2832 1221 2898 ——Edaces,
1266 2834 1519 2898 rodentes,
1564 2833 1599 2885 Ι.

245 2902 363 2958 828.
390 2904 706 2965 lnolescere,
736 2918 974 2965 crescere,
1002 2903 1039 2955 l.

245 2972 364 3026 829.
390 2972 737 3040 Vegetamen,
769 2973 1014 3034 animam,
1046 2972 1448 3033 commotionem,
1497 2972 1666 3032 vit-tm,
1703 2971 1741 3023 Ι.

245 3042 363 3095 851.
391 3040 652 3105 lnl'usam,
677 3042 966 3109 formatam,
986 3042 1098 3095 rlso.

244 3110 363 3165 852.
386 3110 660 3174 Convesa,
686 3111 812 3179 poli,
835 3111 941 3163 caeli
957 3127 976 3175 ς
994 3112 1062 3164 ad
1086 3112 1324 3177 calestia,
1352 3112 1391 3165 Ιι.

246 3180 367 3235 855.
399 3181 592 3243 Puteo,
622 3182 673 3233 in
703 3188 872 3246 puteo,
907 3180 945 3233 Ι.

246 3250 367 3304 854.
397 3249 840 3313 Discruciatibus,
865 3252 1042 3318 poenis,
1073 3251 1111 3304 Ι.

250 3320 370 3373 855.
400 3320 595 3383 Senio,
622 3330 785 3373 (etate.
817 3350 888 3359 —
918 3319 1140 3382 Periret,
1168 3320 1421 3387 deficeret,
1454 3321 1491 3372 I.

248 3389 371 3443 856.
405 3389 695 3453 Pereunte,
727 3390 1010 3455 deﬁciente,
1046 3391 1084 3444 1.

248 3459 370 3528 857.
398 3458 700 3517 Materiem.
731 3460 974 3511 animam.
1007 3488 1075 3499 —
1105 3460 1262 3521 More,
1301 3461 1639 3528 consumptio,
1669 3459 1706 3511 l.

245 3526 364 3585 852.
398 3528 803 3593 Gomorrltteas,
837 3528 1197 3595 Sodomiticas,
1225 3531 1279 3582 id
1313 3540 1383 3583 est
1406 3526 1631 3583 terrenas
1658 3530 1747 3581 de-

1847 2424 2156 2486 lectationes,
2190 2425 2291 2476 lso.

1917 2490 2043 2562 844.
2079 2490 2436 2562 Properanda,
2468 2491 2693 2545 celeriter
2722 2490 2985 2562 fugienda,
3022 2490 3142 2552 cita,
3174 2489 3213 2543 l.

1917 2560 2041 2615 816.
2096 2561 2390 2627 Structum,
2440 2559 2868 2630 plasmatum.'—-
2894 2559 3259 2629 Vegetaverat,
3304 2560 3418 2611 ani-

1849 2637 2092 2695 moverat,
2120 2631 2161 2685 1.

1918 2700 2043 2753 8257.
2075 2700 2346 2763 Naturam,
2379 2701 2624 2765 animant,
2658 2699 2696 2753 Ι.

1924 2769 2048 2823 849.
2078 2768 2420 2832 Concretum,
2452 2771 2684 2824 densum.
2714 2795 2779 2809 -—-
2812 2767 2990 2831 Secat,
3023 2767 3211 2831 anima,
3240 2767 3279 2821 l.

1924 2839 2049 2892 850.
2078 2839 2339 2902 Scintilla,
2373 2839 2566 2903 anima,
2602 2838 2637 2890 Ι.

1924 2908 2049 2959 851.
2080 2909 2242 2971 Situs,
2276 2908 2630 2968 habitationes,
2663 2906 2952 2976 positiones,
2987 2904 3026 2957 1.

1923 2977 2046 3031 852.
2084 2976 2436 3039 Postliminio,
2482 2974 2715 3038 introitu,
2758 2974 2959 3037 exsilio,
2992 2978 3053 3027 de
3093 2974 3416 3042 captivitate:

1855 3044 2225 3114 postliminium
2266 3056 2337 3099 est
2372 3047 2586 3099 reversio
2608 3047 2670 3097 de
2698 3046 3004 3113 captivitate,
3034 3044 3240 3107 quando
3273 3045 3422 3112 longo

1853 3117 1961 3183 quis
1990 3124 2209 3186 tempore
2233 3116 2384 3169 limen
2407 3114 2587 3168 domus
2616 3131 2721 3167 sua:
2749 3115 3011 3167 dimissum
3040 3114 3253 3186 repetit;
3282 3116 3419 3186 quol

1853 3186 2001 3238 etiam
2030 3182 2193 3239 sancti
2220 3188 2448 3239 doctores
2487 3186 2649 3239 solent
2686 3185 2873 3243 dicere,
2902 3182 3107 3253 quando
3136 3182 3419 3253 stylumod

1855 3255 1959 3307 alia
2003 3257 2381 3319 transmittunt;
2418 3264 2537 3307 tunc
2564 3256 2744 3307 iterum
2786 3252 2854 3306 ad
2897 3251 2955 3308 ea
2978 3260 3294 3318 revertentes,
3327 3251 3421 3305 hoc

1720 3382 1735 3396 δ
1774 3321 1818 3381 C
1852 3325 2219 3396 postliminium
2248 3326 2407 3379 solent
2429 3324 2686 3396 dicere,rl.

1919 3394 2047 3448 855.
2078 3394 2338 3459 Oblectat,
2370 3395 2525 3447 nutrit
2554 3395 2795 3457 animant,
2827 3392 2865 3446 Ι.

1909 3463 2046 3584 [855.
2078 3462 2331 3584 anerulo,
2380 3465 2722 3533 conque-cuti.
2754 3484 2818 3504 -ι
2855 3464 3033 3527 Passa,
3086 3461 3279 3518 scilicet
3328 3463 3415 3529 sit,

1851 3549 1905 3585 ve
1952 3544 2083 3585 erat.
2147 3574 2155 3583 .

1541 3642 2093 3700 COMMENTARIUS.

244 3761 368 3816 821.
393 3761 547 3822 ΑΜ..
584 3760 769 3825 Βοιια..
804 3759 993 3823 Gisel.,
1022 3774 1124 3811 non
1157 3768 1484 3828 repugnante
1520 3758 1754 3819 Heinsio,

178 3834 455 3884 etmtlt'era.
476 3830 689 3891 Weitz.,
710 3830 864 3895 Man,
884 3830 1063 3899 Prag.,
1085 3829 1227 3890 Rat.,
1250 3831 1317 3881 ad
1340 3830 1530 3882 iet/tera
1553 3832 1668 3883 sine
1686 3838 1754 3882 et.

242 3901 366 3954 824.
405 3900 569 3963 Man,
597 3901 836 3967 liquentia
867 3909 1057 3952 tartara
1081 3916 1105 3949 a
1136 3901 1302 3967 prima
1330 3914 1508 3953 manu.

245 3971 364 4024 825.
398 3971 462 4023 In
490 3970 800 4037 quibusdam
822 3969 989 4036 vulg.,
1024 3968 1232 4038 liquide.

243 4039 367 4093 826.
393 4039 679 4107 Infernalis
702 4040 752 4092 in
773 4038 1056 4093 Latinitate
1085 4039 1325 4109 prolapsa
1347 4038 1556 4093 Cellarii
1585 4037 1753 4092 solum

180 4108 524 4164 Prudentium
549 4110 706 4161 habet
726 4117 1019 4162 auctorem.

246 4179 369 4233 828.
405 4178 470 4232 In
496 4178 636 4245 vulg.
664 4178 951 4247 nonnullis,
981 4178 1175 4247 pennis,
1209 4178 1367 4241 male,
1420 4192 1516 4245 pro
1574 4179 1753 4246 panis.

180 4248 250 4302 De
284 4248 562 4302 vermibus
588 4247 956 4301 damnatorum
984 4248 1101 4299 vide
1127 4247 1311 4301 Isaiam
1342 4262 1458 4315 cap.
1484 4263 1623 4301 1.7m.

244 4318 369 4372 851.
402 4318 566 4379 Man,
591 4317 765 4385 Prag.,
796 4316 988 4370 Weitz.
1021 4317 1239 4385 aliique,
1286 4318 1551 4386 infusam:
1582 4326 1755 4384 putat-

184 4402 283 4454 que
302 4386 603 4445 Mariettus.
628 4386 889 4454 glossema
936 4400 1053 4441 esse
1102 4390 1406 4454 formatam;
1456 4401 1517 4439 ac
1574 4402 1757 4440 revera

178 4461 345 4520 glossa
379 4467 467 4511 est
489 4455 674 4508 lsimis.
703 4455 899 4509 Verum
930 4470 1117 4509 omnes
1144 4456 1436 4519 Heinsiani,
1461 4456 1756 4520 Ald..t;is.,

181 4525 293 4578 Vat.
325 4526 393 4589 A,
430 4525 589 4579 Ales.
622 4540 683 4577 ac
705 4525 855 4578 multi
913 4534 1168 4593 pr.rterea
1222 4525 1421 4578 habent
1466 4530 1755 4591 formatam,

177 4596 310 4662 quod
337 4598 474 4649 mihi
505 4594 1155 4649 Prudentiununmdetur.
1188 4595 1261 4649 Ex
1278 4593 1588 4649 Weitzianis
1622 4596 1759 4648 lion-

180 4679 315 4730 gars.
337 4675 393 4718 et
418 4663 625 4716 \Vidm.
656 4677 838 4731 supra,
870 4668 1163 4732 formatam.

242 4733 367 4788 852.
401 4734 526 4786 Aldi
556 4747 708 4787 error
734 4733 984 4801 Dalmaris
1013 4736 1171 4787 virtus
1203 4748 1297 4799 pro
1326 4733 1476 4786 vitiis.
1514 4732 1758 4787 lleinsius

177 4816 268 4866 pro
289 4819 502 4857 rursum
534 4805 768 4869 reposuit
796 4819 1017 4861 sursum,
1046 4812 1102 4855 ut
1124 4803 1310 4857 aliisin
1343 4803 1491 4856 locis.
1525 4803 1755 4869 'I’lntan.,

178 4871 370 4925 Bulter.
401 4883 455 4925 et
485 4872 663 4932 Alex”
693 4888 914 4925 sursum.
946 4872 1215 4926 Mariettus
1247 4886 1372 4925 vero
1401 4872 1453 4924 in
1504 4873 1614 4925 suis
1640 4889 1756 4926 ont-

178 4940 333 4994 nibus
364 4941 784 5009 legissevidetur
806 4959 1024 5006 rursunt,
1041 4943 1178 5009 quod
1194 4950 1276 4996 est
1303 4943 1352 4993 iu
1377 4940 1522 5006 Ald.,
1540 4940 1755 5004 Weitz.,

1864 3774 1961 3830 per
1985 3761 2293 3830 puniuntur.
2329 3777 2498 3825 neque
2526 3762 2815 3824 intereunt,
2847 3760 3013 3815 videri
3048 3767 3271 3827 possunt
3295 3759 3429 3814 Ter-

1864 3831 1959 3884 tul.
1996 3832 2153 3898 Apol.
2175 3847 2227 3885 c.
2263 3832 2355 3894 48,
2380 3831 2638 3885 Minucius
2670 3830 2839 3895 Felix,
2870 3833 3269 3898 Augustinuset
3311 3831 3425 3883 alii.

1930 3901 2054 3971 859.
2088 3901 2242 3971 Prag.
2276 3903 2448 3955 minus
2478 3902 2707 3971 bene,et
2739 3901 2935 3953 diversa
2965 3904 3060 3968 pro
3093 3910 3167 3953 at.
3202 3899 3256 3953 ln
3295 3914 3429 3956 neu-

1862 3970 2017 4023 nnllis
2050 3970 2219 4039 vulg.,
2244 3972 2457 4024 adversa
2484 3985 2578 4038 pro
2602 3970 2821 4023 diversa.

1930 4040 2054 4094 845.
2087 4039 2222 4103 Gis.,
2254 4050 2416 4104 recte;
2438 4040 2529 4094 sed
2554 4040 2649 4094 inl
2686 4040 2794 4106 ed.,
2822 4040 2936 4093 rite.

1931 4108 2302 4175 844.Weilz.,
2354 4111 2629 4179 Prageus.,
2676 4108 2796 4162 Rat.
2846 4118 2899 4164 et
2949 4109 3080 4163 Mar.
3122 4122 3151 4160 a
3203 4109 3433 4163 secunda

1861 4193 2042 4244 manu,
2074 4181 2245 4232 miseri
2277 4188 2324 4234 et
2365 4178 2708 4249 properanda.
2736 4179 2860 4249 Alii,
2912 4178 3080 4232 miseri
3107 4180 3435 4248 properanda

1863 4263 1957 4312 per
1984 4248 2613 4329 epexegeginxbicuntur
2644 4248 2886 4329 pericula
2919 4250 3289 4329 properanda,
3310 4263 3377 4315 qu
3404 4262 3434 4299 a

1864 4332 2086 4387 propere
2122 4335 2185 4373 ac
2223 4318 2534 4372 festinanter
2565 4319 2794 4372 cavenda
2839 4327 2895 4373 et
2938 4318 3203 4387 fugienda,
3240 4325 3297 4369 ut
3337 4332 3433 4371 ex-

1864 4386 2061 4449 plicant
2087 4387 2169 4442 Iso
2190 4398 2243 4441 et
2268 4388 2561 4445 Mariettus.
2595 4388 2647 4441 In
2673 4389 2943 4442 nonnullis
2970 4386 3117 4455 vulg.
3145 4396 3227 4442 est
3252 4402 3436 4452 prope—
3472 4444 3479 4445 ,

1861 4459 2149 4511 rando:et
2194 4458 2265 4511 ita
2311 4458 2423 4513 Gis.
2474 4459 2524 4512 in
2576 4469 2799 4527 utraque
2837 4458 3001 4523 edit.,
3049 4471 3154 4510 non
3198 4456 3433 4527 absurd"

1864 4540 2064 4597 sensu:
2093 4527 2345 4596 liquerunt
2370 4524 2852 4597 properando,'sive
2879 4533 3227 4595 properantes.
3257 4524 3434 4589 Expli-

1864 4596 1971 4648 cari
2004 4597 2161 4650 etiam
2189 4596 2619 4665 potestpericula
2651 4611 2777 4665 quae
2817 4596 3115 4665 imminent,
3141 4603 3434 4665 properant

1864 4681 1956 4717 seu
2008 4659 2405 4734 properanturf
2432 4659 2681 4719 Horatius
2731 4663 2827 4734 lib1
2856 4663 3073 4731 Epodon
3121 4659 3230 4734 stt:
3268 4659 3435 4734 Muri-

1864 4728 2173 4804 cibus'tyriis
2200 4737 2396 4788 iterata:
2420 4735 2602 4788 vellera
2629 4734 2761 4787 lanae
2790 4732 2886 4785 Cui
2903 4728 3352 4804 'properabantur!

1934 4801 2065 4858 846:
2091 4803 2207 4856 Vat.
2236 4805 2303 4866 A,
2332 4805 2689 4869 viviﬁcavcrat,
2722 4812 2867 4856 recte
2896 4801 3234 4869 emendatum
3269 4810 3427 4869 supra

1865 4882 2193 4941 vegetaverat.
2221 4873 2332 4927 lloc
2355 4866 2515 4927 verbo
2547 4872 2717 4927 active
2745 4885 2870 4925 usus
2900 4879 2982 4925 est
3012 4870 3071 4924 A.
3107 4867 3304 4922 Gellius
3334 4866 3427 4920 lib.

1866 4957 1990 5003 XVII,
2024 4956 2142 5006 eap.
2170 4943 2226 5006 2,
2254 4952 2308 4997 et
2334 4943 2443 4996 alii.

174 5008 483 5092 pis.,_Urb.
529 5020 583 5065 et
636 5010 781 5076 aliis;
838 5028 934 5066 nec
986 5008 1374 5066 contemnenda
1426 5010 1636 5079 quidem
1680 5020 1761 5065 est
1786 5032 1837 5092 ι)
2089 5008 2861 5092 Prag.,_terrie;c:eteri,vitie.

178 5078 287 5131 lucc
316 5080 500 5134 lectio.

245 5148 373 5218 855.
414 5148 618 5203 Widm.
651 5163 678 5201 a
704 5149 878 5218 prima
906 5166 1089 5214 manu,
1122 5150 1465 5203 mersandam.

244 5217 372 5273 855.
407 5220 541 5271 Mira
588 5227 671 5271 est
711 5217 831 5272 hoc
879 5221 996 5275 loco
1044 5220 1162 5274 Aldi
1192 5221 1474 5273 correCtiu.
1510 5219 1757 5273 Ediderat

178 5287 472 5360 inmortale
510 5288 671 5360 dedit,
702 5290 842 5343 senio
878 5306 940 5344 ne
968 5306 1114 5360 paena
1153 5290 1358 5360 periret.
1385 5289 1715 5360 Emendavit
1741 5306 1751 5341 :

177 5354 480 5429 [inmortale
512 5357 671 5429 dedit,
704 5360 863 5423 senio,
894 5354 1101 5429 pte'nane
1130 5354 1331 5427 periret.
1368 5359 1483 5423 Quo
1516 5360 1613 5411 ista
1642 5374 1754 5411 ntu-

178 5426 327 5489 tutio,
362 5442 487 5495 qua:
518 5428 614 5495 ipsi
642 5426 919 5484 sententia:
943 5426 1294 5483 adverSatur?

244 5495 371 5549 857.
415 5496 571 5559 Man,
601 5497 712 5550 Gis.
745 5506 798 5553 ct
823 5499 906 5553 alii
931 5501 1184 5553 materiem
1208 5498 1464 5551 scribunt.
1490 5496 1601 5548 ΑΜ.
1629 5512 1746 5549 cum

179 5566 459 5617 nonnullis
480 5604 493 5626 ,
527 5568 809 5621 materiam.
844 5569 1089 5623 Heinsius
1118 5568 1211 5620 lib.
1245 5583 1260 5621 ι
1289 5568 1508 5620 Advers.
1545 5566 1747 5629 postlt.,

176 5646 293 5707 cap.
334 5636 405 5699 6,
433 5636 818 5707 corrigendum
866 5647 1010 5707 putat
1056 5647 1219 5690 rotant
1271 5651 1366 5703 pro
1413 5637 1604 5689 datam.
1638 5636 1752 5707 Non

175 5700 368 5773 iaciam
430 5700 973 5762 invitis'mctnbra'nis.
1004 5708 1058 5760 In
1104 5707 1219 5759 Vat.
1251 5700 1317 5771 Α,
1354 5707 1555 5773 ipsam:
1588 5706 1753 5758 corrio

173 5771 415 5837 gendum
449 5774 572 5841 ipsa.
607 5776 679 5831 De
706 5788 904 5833 a'tcrno
936 5778 1215 5847 supplicio,
1250 5792 1353 5845 quo
1374 5771 1573 5831 ianimzc
1616 5789 1755 5830 sctu-

1935 5081 2061 5135 850.
2086 5077 2474 5136 Cbainillardus
2498 5078 2680 5134 asserit
2722 5087 2929 5147 poetam
2960 5077 3102 5147 loqui
3124 5091 3189 5131 ex
3217 5084 3435 5130 senten-

1873 5151 1942 5203 tia
1977 5150 2254 5218 geutilittm
2307 5150 2766 5219 philosoultorunt,
2818 5149 2956 5215 quod
3003 5148 3251 5219 attimani
3282 5156 3433 5219 vocet

1871 5215 2152 5273 scintillam
2186 5215 2497 5276 ferventem.
2529 5218 2738 5272 Falsum
2766 5227 2909 5286 puto.
2943 5218 3074 5273 Nam
3118 5215 3431 5286 Prudentius

1868 5305 1970 5341 non
2002 5289 2172 5343 solum
2204 5292 2455 5353 animam,
2489 5288 2580 5343 sed
2608 5288 2769 5342 Deum
2796 5289 2952 5341 etiam
2977 5286 3207 5355 appellat
3232 5285 3427 5353 ignem,

1865 5375 1973 5413 non
2002 5358 2122 5425 quia
2168 5375 2234 5412 ex
2270 5361 2391 5428 igne
2436 5360 2621 5419 Deum,
2652 5367 2747 5428 aut
2787 5358 3014 5428 animam
3039 5364 3295 5428 _c_onstare
3319 5356 3432 5406 esi-

1862 5431 2061 5501 Sllmt‘l.
2098 5428 2190 5483 Sed
2223 5425 2436 5501 propter
2466 5427 2771 5501 nonnullam
2802 5425 3198 5501 similitudinem
3221 5437 3339 5501 qua:
3361 5437 3427 5474 ex

1862 5498 2024 5553 rebus
2075 5492 2346 5563 corporeis
2396 5500 2500 5567 peti
2554 5504 2726 5564 potest
2773 5496 2837 5550 ad
2893 5494 3195 5563 spiritualcs
3252 5492 3430 5559 aliquo

1864 5568 2026 5621 modo
2057 5569 2444 5635 intelligendas.

1937 5638 2059 5689 832.
2095 5632 2255 5691 Weit'.
2288 5653 2408 5690 cum
2442 5639 2591 5705 Egtn.
2617 5635 2799 5689 scribit
2829 5632 3167 5703 postlimineo.

1940 5707 2058 5759 835.
2100 5707 2295 5774 Virgilii
2328 5718 2408 5759 est
2440 5723 2562 5759 cana
2592 5705 2741 5772 ﬁdes.

1941 5776 2064 5832 855.
2099 5777 2244 5844 llat.,
2277 5776 2505 5842 dolores;
2540 5777 2648 5841 alii,
2683 5774 2893 5829 labores.
