3960 6312
494 312 637 368 1075

674 423 853 486 Exuit,
885 422 1237 479 abductamve
1262 423 1428 492 abigit
1456 424 1523 478 de
1553 433 1767 492 pectore
1794 424 1950 478 vitam
1979 441 1991 475 :

509 514 605 569 100
676 512 837 581 569
860 511 1105 567 Visccrea
1150 512 1245 569 sed
1282 512 1411 569 Sede
1448 528 1700 580 manens,
1762 512 2065 582 speculatur

1808 604 1995 674 [acutis

676 695 866 749 Omnia
897 694 1207 761 luminibus,
1237 704 1293 750 et
1318 710 1419 766 qua
1440 696 1762 751 circumtulit
1785 710 1961 749 acrem

680 786 892 839 Natum
919 785 1052 840 levis
1079 786 1349 851 intuitum,
1377 787 1526 840 nullo
1554 786 1726 854 objice
1755 800 1933 839 rerum

680 875 917 930 Disclusa
928 914 943 938 ,
956 885 1080 930 ante
1091 876 1277 930 oculos
1288 876 1581 946 subjectum
1596 874 1848 943 prospicit
1862 874 2042 929 orbem
2052 914 2066 937 ,

686 967 860 1035 Atque
878 965 1024 1020 orbis
1049 966 1147 1020 sub
1163 965 1304 1020 mole
1318 965 1472 1019 situm
1487 965 1711 1019 sordens
1724 964 2066 1017 elementum.

683 1057 903 1126 Objacet
932 1057 1135 1112 interea
1166 1058 1344 1119 tellus,
1376 1072 1475 1112 nec
1503 1056 1708 1111 visibus
1736 1055 1931 1111 obstat.

682 1148 839 1214 Quin,
869 1148 912 1200 si
935 1147 1265 1215 stelligerum
1298 1147 1473 1201 vultus
1498 1154 1774 1201 convertat
1797 1146 1862 1197 ad
1892 1156 2068 1204 axem,

684 1238 766 1291 Nil
791 1238 1158 1292 intercurrens
1187 1238 1460 1293 obtutibus
1489 1236 1711 1306 impedit
1733 1237 1907 1306 ignem

684 1329 962 1399 Pervigilis
990 1330 1183 1383 animae
1222 1346 1236 1383 :
1273 1328 1516 1398 quamvis
1542 1326 1758 1381 denseta
1790 1333 2075 1395 graventur

673 1402 901 1484 'Nubila,
930 1427 987 1472 et
1006 1418 1250 1486 opposito
1278 1418 1543 1487 nigrescat
1560 1416 1760 1471 vellere
1785 1414 2002 1470 caelum.

512 1510 614 1567 9t0
687 1507 778 1563 Sic
808 1521 1001 1563 arcana
1030 1507 1177 1561 videt
1206 1506 1381 1560 tacitis
1409 1512 1663 1574 cooperta
1690 1504 1882 1557 futuris

683 1597 983 1665 Corporeus
1012 1578 1243 1651 Joannes
1270 1595 1465 1659 adhuc,
1492 1609 1591 1649 nec
1609 1607 1771 1649 carne
1796 1595 2023 1651 solutus,

687 1688 902 1741 Munere
923 1686 1017 1741 sed
1041 1685 1234 1752 somni,
1264 1686 1534 1754 pauliSper
1566 1698 1727 1738 carne
1756 1688 2032 1750 sequestra

507 1058 610 1114 905

690 1776 849 1832 Liber
876 1776 939 1831 ad
969 1777 1237 1840 intuitum,
1281 1788 1574 1843 sensuque,
1608 1772 1887 1841 oculisque
1927 1785 2081 1839 pera-
2115 1785 2161 1844 Β

1829 1860 2011 1931 [graus

1550 308 1833 365 AURELII
1875 307 2231 362 PRUDENTII
2270 307 2595 361 CARMINA.

2099 425 2147 483 A

3600 301 3732 356 1076

2352 422 2549 476 Ordine
2571 421 2857 489 dispositos
2883 410 3120 475 venturis
3147 419 3348 475 solibus
3376 430 3567 473 annos.

2169 512 2275 567 915
2346 513 2506 580 5⁸10
2535 515 2875 567 Procinctutn
2905 511 3050 566 videt
3074 511 3369 580 angelicum
3398 510 3506 577 jam
3524 509 3734 578 jamque

3367 601 3658 673 [cremandi

2349 690 2505 746 Orbis
2534 692 2587 747 in
2615 691 2902 756 excidium,
2933 706 3126 747 raucos
3159 698 3213 746 et
3247 692 3475 760 percipit
3499 706 3627 745 aure

2344 783 2575 852 Mugitus
2599 782 2846 852 gravium
2869 783 3050 838 mundi
3074 782 3176 837 sub
3197 782 3301 836 line
3330 782 3599 837 tubarum.

2345 871 2470 926 llaec
2526 870 2617 926 ille
2652 878 2775 927 ante
2826 872 3030 927 obitum
3061 913 3075 938 ,
3119 872 3485 927 membrorum
3528 886 3737 926 carcere

3443 959 3671 1031 [septus,

2356 1053 2656 1109 Secedente
2677 1048 2881 1118 anima,
2906 1067 3012 1107 non
3040 1052 3370 1117 discedente,
3402 1052 3639 1106 videbat.

2348 1147 2533 1202 Nonne
2553 1146 2719 1216 magis
2742 1147 2897 1199 ﬂatus
2913 1145 3029 1200 sine
3079 1159 3305 1215 corpore
3350 1153 3542 1199 cuncta
3586 1154 3739 1197 nola-

3169 1233 3173 1237 ·
3552 1232 3673 1303 [bit,

2174 1147 2278 1202 920

2351 1325 2601 1393 Corporis
2632 1326 2922 1381 involucris
2953 1326 3154 1380 tumulo
3182 1325 3407 1395 frigente
3434 1325 3703 1393 repostis?

2351 1418 2504 1471 Certa
2536 1416 2684 1481 ﬁdes,
2718 1417 2928 1485 rapidos
2956 1416 3207 1471 subterna
3245 1424 3400 1469 nocte
3427 1415 3689 1476 caminos,

2351 1507 2448 1572 Qui
2477 1506 2731 1574 pollutam
2759 1506 2990 1559 animam
3018 1520 3110 1572 per
3132 1504 3325 1559 szecula
3349 1503 3506 1572 longa
3529 1504 3746 1571 perenni

2353 1597 2476 1666 Igne
2503 1605 2759 1665 coquunt,
2780 1596 2948 1651 oculis
2976 1596 3186 1665 longum
3218 1610 3315 1665 per
3344 1594 3504 1648 inane
3532 1596 3722 1648 remoti

2180 1686 2284 1742 925
2356 1684 2607 1754 Pauperis
2630 1686 2933 1754 expositos;
2962 1700 3060 1739 nec
3087 1685 3265 1739 secius
3293 1698 3455 1738 aurea
3486 1683 3627 1737 dona

2346 1773 2503 1845 571
2531 1774 2801 1830 iustorum
2832 1774 3113 1829 dirimente
3139 1773 3296 1838 chao,
3341 1770 3639 1839 rutilasque
3666 1786 3749 1825 co-

3506 1861 3686 1915 rronas

1816 1951 2105 2008 GLOSSIE
2149 1955 2487 2014 VETERES.

583 2054 709 2110 899.
737 2053 931 2124 Ab'git,
961 2052 1123 2123 pellit,
1154 2051 1193 2105 l.

583 2125 708 2178 90l.
741 2117 1195 2186 Acrémﬁlarum,
1218 2120 1292 2173 vel
1313 2129 1537 2183 acutum,
1569 2117 1611 2171 1.

585 2194 710 2246 905.
736 2184 974 2246 Disclusa
995 2231 1009 2255 ,
1053 2184 1288 2255 separata
1309 2232 1324 2256 ,
1373 2199 1565 2259 apeita.
1596 2214 1667 2227 —
1702 2186 1836 2240 Ante
1869 2184 2073 2249 oculos,

522 2261 702 2315 scilicet
734 2262 918 2314 habens
946 2262 1135 2324 omnia,
1170 2261 1209 2313 l.

590 2329 716 2384 904.
749 2330 1105 2389 Elemeutum,
1132 2329 1408 2392 infernum,
1434 2328 1476 2378 1.

589 2398 712 2451 905.
743 2396 976 2456 Visibus,
1003 2395 1206 2456 animas,
1233 2393 1337 2446 lso.

589 2468 715 2521 907.
736 2466 1040 2528 Obtutibus,
1070 2464 1275 2523 visibus,
1310 2461 1350 2514 l.

592 2536 719 2590 908.
763 2532 1035 2602 Pervigilis
1067 2574 1082 2598 ,
1140 2547 1334 2601 semper
1384 2530 1661 2601 vigilantis.
1706 2557 1774 2568 —
1828 2529 2088 2591 Dcnseta,

426 2660 437 2671 ,
525 2606 706 2675 spissa,
733 2604 773 2657 1.

594 2675 717 2728 909.
753 2672 980 2735 Vellere,
1008 2672 1135 2724 nube
1159 2671 1434 2734 tenebrosa,
1460 2669 1501 2722 1.

593 2742 719 2799 910.
751 2742 859 2807 Sic,
885 2742 975 2793 tali
998 2743 1493 2805 modo.-—Arcana,
1535 2738 1809 2804 mirabilia,
1838 2738 1877 2794 Ι.

595 2813 719 2865 912.
750 2811 1059 2880 sequestra,
1083 2819 1337 2875 separata,
1371 2810 1409 2862 Ι.

600 2881 722 2934 914.
763 2876 1073 2949 υἰέροεὶιοε,
1106 2880 1383 2933 ordinatos.
1422 2907 1489 2918 —-
1518 2878 1765 2945 Solibus,
1810 2878 1985 2931 diebus
2022 2876 2098 2930 vel

535 2951 860 3019 temporibus,
884 2950 921 3003 Ι.

603 3017 728 3073 915.
758 3020 1117 3081 Procinctum,
1144 3017 1440 3088 exercitum,
1471 3028 1801 3088 apparatum,
1836 3018 1882 3071 l.

606 3090 731 3144 916.
764 3089 989 3152 Baucos,
1022 3089 1211 3153 tristes,
1243 3087 1284 3141 l.

2192 2042 2195 2047 ’
2250 2049 2371 2102 917.
2399 2048 2644 2117 Mugitus,
2677 2050 2764 2115 qui
2794 2056 2939 2100 erunt
2968 2046 3021 2101 in
3056 2048 3137 2102 die
3157 2046 3367 2117 judicii.
3392 2076 3457 2086 —
3484 2044 3752 2111 Gravium,

2179 2134 2261 2170 ma
2299 2134 2497 2181 narum,
2528 2133 2820 2182 raucarum,
2847 2118 2884 2170 Ι.

2254 2136 2381 2242 ἕίθ.
2410 2188 2721 2242 Secedente.
2750 2203 2884 2242 vaaa;

2299 2186 2381 2257 l9.
2410 2188 2721 2257 S_eeedente,
2750 2195 2985 2257 vagante,
3012 2185 3054 2239 1.

2254 2256 2383 2312 920.
2418 2255 2619 2321 Flatus,
2647 2255 2841 2320 anima,
2875 2255 2916 2309 l.

2265 2326 2393 2379 921.
2423 2325 2754 2389 lnvolucris,
2797 2324 3192 2379 involutionibus
3236 2340 3255 2378 :
3296 2325 3507 2378 voluc'ra
3548 2327 3759 2379 dicimus

2194 2395 2531 2447 involutiones
2563 2396 2998 2461 vestimentorum,
3023 2395 3109 2447 sed
3138 2396 3233 2446 hoc
3267 2395 3317 2446 in
3344 2395 3456 2448 loco
3492 2396 3760 2449 involutioa

2200 2478 2312 2515 nem
2352 2462 2577 2530 corporis
2619 2465 2803 2515 mortui
2848 2465 2899 2516 in
2951 2465 3182 2527 sepulcro
3214 2475 3353 2516 vocat
3404 2465 3691 2529 involucra,
3724 2465 3758 2518 l.

2210 2530 2453 2596 Volnera,
2483 2530 2559 2585 vel
2589 2532 2787 2583 volucla
2816 2532 3055 2585 dicuntur
3083 2532 3429 2593 involutiones,
3462 2532 3582 2586 Vat.
3619 2534 3685 2588 Τ.

2269 2600 2393 2654 922.
2420 2601 2599 2665 Certa,
2641 2609 2868 2664 interna;
2898 2602 3087 2654 scilicet
3120 2613 3212 2655 est.
3243 2629 3313 2641 —
3338 2601 3627 2670 Sultterua,
3675 2607 3765 2657 ubi

2208 2680 2450 2739 perpetua
2471 2686 2571 2723 nox
2600 2678 2695 2733 est,
2726 2670 2826 2739 lso.

2272 2739 2397 2793 925.
2428 2738 2704 2807 Pauperis,
2740 2738 2940 2791 Lazari.
2967 2769 3033 2777 —
3057 2739 3359 2805 Expositos,
3390 2742 3760 2808 manifestatos,

2199 2809 2388 2931 scillitft
2430 2824 2537 2931 eslse
2584 2810 2826 2862 caminos.
2855 2837 2924 2847 —
2952 2809 3169 2875 Secius,
3201 2810 3419 2862 tardius.
3457 2840 3527 2849 —
3570 2817 3760 2874 Aurea.

2208 2896 2274 2931 nu
2300 2895 2325 2930 c
2367 2896 2449 2931 ra.
2505 2915 2519 2929 .
3682 2914 3683 2917 η

2245 2879 2449 2941 ulchra,
2478 2879 2519 2931 l.
3682 2914 3683 2917 η

2300 2898 2360 2930 ιη
2505 2915 2519 2929 .
3682 2914 3683 2917 η

2207 2898 2742 3012 Ρυέὶῖἇῗίὶῖιὶιηεηιθ,
2775 2947 3044 3001 dividente.
3074 2976 3143 2986 —
3174 2948 3342 3012 Chao,
3373 2951 3604 3017 confusio
3635 2963 3765 3003 teuc-

2212 3018 2448 3082 brarum;
2471 3018 2589 3083 quia
2615 3017 2908 3086 confusione
2927 3018 3141 3070 distante
3161 3033 3258 3070 non
3282 3036 3547 3086 possumus
3574 3023 3764 3075 misceri

2215 3089 2383 3152 felices
2418 3096 2464 3141 et
2494 3087 2637 3151 mali,
2665 3086 2703 3139 l.
3263 3106 3271 3115 ~

1908 3175 2463 3230 COMMENTARIUS.

532 3304 537 3311 -
604 3271 729 3325 899.
761 3271 905 3335 Ald.,
935 3284 1238 3339 perperam,
1270 3267 1395 3321 abiit
1420 3268 1484 3320 de
1507 3276 1721 3339 pectore.

603 3340 728 3393 900.
768 3342 910 3405 Ald.,
938 3337 1217 3402 mendose,
1248 3354 1454 3391 manens
1479 3337 1787 3402 speculator.

610 3409 735 3463 905.
770 3409 824 3462 lo
847 3410 1050 3461 somnis
1076 3423 1162 3462 res
1187 3408 1255 3461 ita
1291 3415 1763 3476 repraesentantur,
1794 3405 1941 3473 quasi
1969 3419 2101 3457 ocu-

534 3478 599 3534 lis
624 3478 897 3545 corporeis
927 3477 1231 3530 videantur.

602 3544 733 3601 90L
755 3547 810 3601 lu
843 3546 963 3599 Vat.
990 3545 1035 3599 A
1061 3555 1247 3599 contra
1294 3555 1523 3602 metrum
1556 3553 1639 3600 est
1664 3544 1920 3615 positum;
1949 3557 2105 3610 supra

532 3625 700 3679 recte,
731 3618 905 3669 situm.

606 3686 731 3741 906.
776 3687 833 3739 In
867 3684 984 3739 vat.
1042 3685 1082 3738 A
1126 3684 1460 3740 desideratur
1510 3683 1697 3738 vultus.
1740 3681 1797 3736 ln
1840 3680 2107 3735 nonnullis

535 3757 703 3824 vulg.,
731 3756 897 3820 vultu,
928 3754 1088 3809 male.

534 3842 535 3845 η
603 3825 727 3894 907.
760 3825 876 3878 Vat.
899 3824 964 3888 A,
990 3824 1142 3888 nihil,
1164 3823 1608 3894 monosyllabum.

611 3893 739 3948 908.
776 3894 892 3947 Vat.
918 3894 985 3959 A,
1013 3895 1258 3957 denseta;
1287 3892 1462 3958 Alex.,
1496 3892 1629 3946 Mar.
1652 3901 1707 3947 et
1735 3892 1844 3956 alii,
1878 3892 2107 3943 densata.

537 3963 777 4030 Utroque
823 3962 982 4014 modo
1031 3963 1263 4025 dicitur,
1310 3965 1465 4016 denso
1509 3972 1563 4016 et
1610 3963 1815 4015 denseo.
1866 3960 2111 4014 lleinsus

537 4031 754 4099 prtelert
774 4030 982 4082 denseta
1006 4045 1125 4083 cum
1155 4032 1273 4084 Put.
1306 4041 1359 4084 et
1383 4032 1554 4085 Oxon.

608 4098 734 4152 910.
762 4099 1167 4151 Praestantiores
1199 4100 1489 4161 lleinsiani,
1520 4100 1692 4158 .\lex..
1718 4098 1862 4164 Ald.,
1890 4097 2109 4160 Wcitz.,

539 4165 743 4247 aliique
775 4167 969 4246 nostri,
1002 4169 1211 4236 futuris.
1256 4169 1441 4232 Fabr.,
1489 4168 1659 4234 Sich.,
1705 4168 1882 4235 Prag.,
1920 4168 2110 4235 Bung.,

540 4236 676 4299 Gis.,
708 4235 909 4305 ﬁguris.
1006 4235 1009 4236 ⁷

611 4305 736 4358 911.
771 4304 898 4371 Alii,
920 4301 1168 4373 Joannes,
1193 4305 1553 4372 alii,Joannis,
1569 4305 1656 4359 alii
1684 4313 1905 4374 utroque
1930 4304 2110 4369 modo,

544 4375 841 4514 "‘9‘?pr
871 4443 929 4497 S.
961 4443 1194 4498 Joannes
1224 4444 1577 4514 Apocalypsin
1600 4444 1868 4514 insomno
1896 4444 2109 4509 viderit,

542 4514 769 4567 disserui
797 4512 951 4566 Catli.
982 4514 1179 4578 hymno
1207 4512 1440 4578 6,7vers.
1465 4515 1551 4567 74.
1586 4513 1857 4567 Fabricius
1882 4515 1932 4566 in
1955 4514 2113 4566 Cum—

543 4529 769 4567 atssertu
797 4529 951 4566 natu.
982 4529 1179 4635 némno
1207 4529 1260 4578 ti,
1290 4530 1429 4568 vers.
1466 4529 1551 4567 ta.
1587 4529 1857 4567 ranrtcrus
1882 4530 1932 4566 in
1955 4529 2113 4566 Uom—

543 4593 710 4638 iucnt.
743 4583 807 4636 ad
832 4582 980 4637 Poet.
1055 4584 1227 4649 hrist.,
1254 4586 1417 4639 verbo
1440 4584 1853 4646 ΕνΑΝοι-ςιιειτε,
1891 4585 1965 4636 ait
1984 4582 2113 4635 Pru-

2131 3268 2177 3329 C
2211 3283 2376 3335 usque
2417 3268 2481 3322 ad
2514 3268 2698 3321 mundi
2744 3268 2899 3321 linem
2946 3283 3049 3320 non
3082 3282 3200 3321 esse
3222 3262 3561 3335 complenda,
3595 3283 3767 3329 tenent
3796 3320 3801 3325 .

2214 3338 2481 3406 plerique;
2512 3337 2599 3391 alii
2626 3337 2737 3405 jam
2766 3352 2886 3392 esse
2906 3338 3169 3405 completa
3200 3339 3527 3392 existimant.

2279 3408 2404 3461 918.
2432 3407 2637 3477 Corpus
2672 3421 2793 3477 esse
2814 3407 3017 3477 animm
3046 3421 3316 3477 carcerem
3346 3409 3657 3477 quemdam,
3695 3406 3768 3458 dia

2208 3485 2351 3530 ctum
2382 3476 2740 3546 satisbymno
2772 3475 2835 3529 10
2860 3475 3218 3546 (ἶθιιιηΔιιιιιιῑ
3246 3475 3451 3544 putant,
3486 3476 3541 3531 id
3566 3476 3769 3527 desum-

2210 3554 2356 3613 ptum
2388 3560 2453 3599 ex
2492 3544 2862 3615 Egyptiorum
2911 3554 2965 3599 et
3009 3544 3243 3615 socratis
3294 3547 3461 3600 scitis.
3509 3546 3651 3600 Nihil
3697 3552 3769 3596 est

2208 3629 2401 3675 causze,
2456 3614 2801 3680 quamobrem
2846 3630 2910 3668 co
2952 3614 3343 3683 confugiamus,
3389 3630 3513 3669 cum
3564 3622 3769 3683 pateant

2211 3698 2359 3737 sacra
2397 3684 2685 3737 volumina.
2745 3684 2847 3738 Alii
2895 3697 3090 3752 corpus
3124 3682 3360 3749 antrum,
3408 3686 3498 3738 alii
3550 3682 3770 3745 vincula,

2211 3753 2301 3807 alii
2333 3768 2417 3805 vas
2443 3752 2733 3820 appellant,
2763 3753 2904 3820 quod
2924 3754 3032 3821 jam
3066 3754 3385 3807 monuimus.

2280 3821 2403 3877 920.
2437 3822 2614 3889 Prag.,
2641 3823 2855 3875 notabis.
2886 3823 3028 3882 ΒΜ..
3056 3823 3280 3876 notabat.
3313 3822 3499 3878 Melius
3530 3823 3739 3876 notabit.

2282 3892 2406 3946 921.
2441 3891 2605 3943 Aldus
2636 3892 2862 3959 primum
2887 3891 3053 3945 edidit
3088 3891 3387 3957 involuclis;
3428 3892 3630 3947 deinde
3664 3906 3773 3945 cor-

2212 3962 2348 4016 rexit
2379 3960 2701 4031 _inpolucris.
2762 3960 2833 4031 Ita
2879 3961 3077 4015 habent
3110 3976 3296 4016 omnes
3339 3962 3467 4016 editi
3503 3971 3563 4016 et
3610 3963 3775 4031 plures

2214 4046 2342 4084 mss.
2373 4028 2477 4084 Sed
2510 4032 2559 4082 in
2593 4030 2861 4083 nonnullis
2893 4032 3211 4097 pervetustis
3255 4032 3590 4087 membranis
3613 4028 3771 4084 'inve-

2215 4102 2304 4153 nio
2352 4099 2614 4151 involuclis
2653 4115 2680 4152 a
2721 4102 2975 4163 secunda,
3030 4101 3122 4153 sed
3174 4101 3343 4168 prisca
3389 4116 3576 4165 manu,
3626 4109 3679 4155 et
3728 4101 3774 4152 in

2213 4170 2410 4238 glossn,
2446 4167 2525 4239 bis
2567 4178 2713 4239 terve
2736 4168 3009 4235 involucla,
3046 4167 3194 4239 quasi
3226 4169 3540 4235 involucula,
3594 4180 3650 4225 et
3691 4184 3776 4238 per

2214 4238 2629 4292 Contractimiein
2659 4238 2930 4292 involucla.

2284 4306 2405 4359 92-2.
2435 4305 2674 4377 Potiores
2714 4306 2984 4377 Heinsiaui
3018 4322 3136 4361 cum
3189 4308 3367 4377 Fgm.,
3405 4308 3559 4374 Ald.,
3606 4311 3775 4371 Alex,

2217 4377 2336 4429 Vat.
2368 4377 2427 4435 A,
2462 4374 2614 4437 Urb.,
2655 4376 2882 4441 rapidos.
2915 4376 3061 4429 Multi
3094 4377 3201 4442 alii,
3236 4374 3388 4441 Man,
3422 4379 3611 4444 Prag.,
3642 4380 3775 4440 Rau,

2216 4445 2431 4503 Weitz.,
2457 4444 2594 4509 Gis.,
2631 4445 2811 4509 Fabr.,
2842 4446 3063 4511 Widm.,
3107 4446 3386 4515 Bongars,
3414 4448 3647 4501 rabidos.
3683 4448 3780 4501 Ve-

2216 4517 2421 4586 nustius
2442 4524 2522 4586 est
2548 4515 2754 4586 rapidos
2783 4516 3026 4586 caminos.
3060 4515 3206 4586 Ald.,
3245 4516 3423 4586 Egm.,
3451 4519 3780 4585 prastantio-

2220 4600 2308 4638 res
2335 4584 2625 4649 Heinsiani,
2656 4584 2833 4650 Alex.,
2860 4584 3013 4648 Urb.,
3059 4585 3179 4639 Vat.
3215 4587 3281 4650 A,
3327 4584 3483 4649 una,
3526 4588 3779 4641 subterna.

547 4625 782 4706 dentium
822 4653 1108 4723 affirmare
1153 4625 1529 4722 evangelistam
1577 4625 1853 4708 .l’oannem'
1882 4668 1945 4707 ea
1993 4668 2113 4720 quae
2144 4625 2190 4682 ι)
2218 4625 2434 4715 Vile-itm,
2464 4625 2648 4716 Fabrt,
2680 4625 2935 4717 Gis.,’siib
2965 4625 3111 4707 tetra.
3142 4625 3291 4723 Pra-g’.
3327 4625 3380 4709 Si
3404 4625 3779 4719 iibfféiknml

544 4724 758 4790 scripsit
783 4720 979 4777 vidisse
1004 4724 1204 4788 animo,
1242 4720 1343 4777 non
1388 4724 1575 4786 oculis,
1623 4738 1794 4787 neque
1841 4723 2111 4776 somnian-

545 4804 672 4854 tem,
701 4792 793 4846 sed
827 4793 1155 4861 vigilantem,
1196 4793 1401 4847 nebulis
1430 4794 1675 4855 remotis;
1704 4792 1949 4846 Sedulius
1978 4807 2109 4845 vero

548 4862 794 4917 Z’abricio
842 4863 1049 4917 videtur
1088 4868 1266 4917 testari
1312 4864 1568 4916 .lOunttem
1599 4876 1661 4915 ca
1682 4862 1880 4917 vidisse
1905 4864 1954 4915 in
1978 4877 2115 4915 som-

548 4935 652 4983 nis.
699 4932 857 5001 Scire
877 4943 1049 4986 tamen
1078 4942 1288 5001 oportet
1318 4934 1457 4985 hunc
1479 4932 1749 4986 Sedulium
1771 4947 1891 4986 esse
1912 4931 2113 5001 ipsissi-

544 5016 690 5052 mum
726 5000 1090 5070 Prudentium.
1123 5002 1272 5070 cujus
1305 5002 1648 5055 Dittocltmum
1693 5000 1965 5056 Fabricius
2008 5003 2109 5055 Se-

550 5069 976 5140 duli0_aflingere
1003 5069 1231 5124 volebat.
1261 5073 1576 5124 Prudentius
1608 5072 1797 5123 iterum
1828 5081 1987 5140 atque
2018 5072 2113 5123 ite-

547 5154 664 5192 rum
695 5137 1081 5210 iuApocalypsi
1114 5141 1392 5196 referenda
1441 5155 1685 5195 somnum
1732 5137 1954 5193 Joannis
1999 5156 2111 5193 iue-

553 5220 745 5261 lllOl'ﬂl.

622 5279 745 5333 9⁵15.
780 5277 930 5343 Man,
964 5280 1135 5341 Sicli.,
1173 5281 1223 5333 iu
1263 5281 1530 5334 nonnullis
1567 5279 1706 5349 vulg.
1741 5280 1803 5333 ad
1848 5294 2019 5343 oram,
2052 5279 2113 5330 li-

554 5349 693 5400 berat
722 5351 983 5416 intuitum,
1016 5350 1189 5403 minus
1223 5352 1375 5403 bene.

620 5419 743 5472 9M.
775 5418 828 5469 In
858 5419 973 5471 Rat.
1003 5432 1117 5472 erat
1145 5429 1400 5481 venturus,
1433 5434 1725 5486 perperam.

624 5488 744 5539 916.
779 5487 832 5538 In
859 5489 973 5540 Put.
1008 5501 1056 5541 et
1085 5489 1291 5541 Tbuan.
1314 5506 1339 5539 a
1370 5504 1526 5541 nianu
1570 5489 1797 5542 secunda
1824 5490 1987 5538 tristes
2021 5501 2113 5554 pro

554 5573 753 5608 raucos.
784 5557 855 5608 De
878 5570 1118 5610 extremo
1149 5562 1292 5611 orbis
1332 5560 1538 5611 excidio
1578 5574 1673 5625 per
1720 5560 1915 5625 ignem,
1953 5566 2007 5609 ct
2048 5559 2113 5610 de

577 5628 696 5687 nba,
725 5626 873 5690 cujus
904 5629 1133 5690 mugitus
1165 5631 1448 5694 prmceilct,
1480 5628 1597 5679 vide
1637 5630 1817 5694 liyiun.
1851 5628 1903 5678 ll
1931 5625 2107 5689 (ἰωὴ,

472 5718 487 5733 ·
556 5706 742 5748 \crsus
774 5697 949 5750 linem.
987 5698 1055 5749 Ea
1085 5712 1201 5765 quae
1246 5700 1295 5751 in
1341 5698 1653 5769 Apocalypsi
1693 5699 1921 5753 revelata
1966 5708 2107 5762 sunt,

2215 4724 2353 4792 quod
2384 4722 2802 4794 vidclurlegisse
2831 4724 2929 4776 lso.
2960 4724 3200 4789 'l‘colius,
3226 4722 3345 4794 nisi
3387 4729 3595 4779 erravit
3639 4737 3783 4794 typo-

2215 4794 2470 4863 grapltus,
2509 4792 2688 4845 divisit
2729 4793 2827 4857 ila,
2870 4794 2962 4845 sub
3013 4802 3173 4846 terna.
3223 4792 3784 4849 Praelerendum-‘snb—

2216 4875 2377 4924 terna,
2400 4878 2505 4934 qua
2534 4877 2664 4915 voce
2696 4876 2823 4934 usu_s
2851 4864 3011 4934 etiam
3040 4872 3120 4915 est
3153 4864 3242 4934 lib.
3270 4878 3284 4915 ι
3310 4865 3361 4915 in
3388 4865 3625 4934 Symm.,
3652 4879 3781 4917 vcrs.

2218 4933 2345 4989 592.
2382 4930 2663 4985 Snbternus
2685 4947 2747 4983 ex
2783 4930 3005 4985 Fabricii
3032 4933 3389 5000 explicatione
3412 4930 3493 4987 est
3516 4936 3785 4988 subterrm

2220 5019 2349 5054 unus
2380 5018 2392 5052 :
2424 5015 2725 5068 quanquam
2752 5000 2952 5054 dubitat
2982 5001 3252 5055 Fabricius
3291 5016 3356 5055 an
3386 5003 3456 5056 sit
3508 5004 3783 5070 legendqu

2219 5074 2309 5125 lib.
2342 5088 2351 5122 ι
2387 5075 2435 5120 in
2470 5070 2616 5136 Sym.
2667 5070 2757 5121 sub
2801 5073 2967 5124 terris.
2997 5071 3213 5125 Videtur
3240 5073 3438 5125 dictum
3468 5074 3783 5128 subternnsa

2215 5144 2399 5203 subter,
2427 5148 2481 5190 nt
2510 5155 2758 5207 supernus
2787 5155 2815 5191 a
2843 5156 3014 5208 super.

2288 5210 2411 5263 924.
2446 5208 2588 5273 Ald.,
2619 5209 2855 5275 remotis;
2883 5211 2967 5262 alii
2992 5211 3188 5275 remoti,
3215 5210 3313 5265 hoc
3343 5219 3425 5265 cst
3449 5211 3635 5265 Lazari
3664 5228 3777 5281 pau-

2253 5296 2378 5333 CI'IS.

2253 5297 2378 5333 eris.

2219 5297 2250 5349 Ρ
2288 5350 2414 5403 925.
2456 5350 2630 5403 Mouet
2684 5347 2951 5412 Heinsius,
2989 5350 3037 5401 iu
3093 5349 3465 5402 vetustissimis
3515 5351 3782 5402 codicibus

2222 5420 2380 5472 scribi
2401 5421 2576 5482 setius,
2615 5432 2717 5470 non
2762 5419 2943 5475 secius,
2998 5434 3102 5470 non
3144 5419 3313 5470 solum
3365 5419 3505 5485 apud
3555 5421 3782 5472 Pl’ttdctl-

2224 5491 2373 5549 tium,
2410 5489 2501 5542 sed
2548 5488 2705 5540 etiam
2748 5487 2883 5553 apud
2930 5488 3225 5554 Virgilium,
3268 5488 3543 5554 Ovidium,
3576 5490 3778 5546 Silium,

2220 5559 2352 5611 alios
2382 5558 2599 5625 passim.
2645 5556 2802 5608 Vides
2839 5562 3259 5626 controversiam
3298 5557 3778 5626 ortliogra‘pliicain,

2220 5629 2268 5678 in
2298 5643 2397 5694 qua
2424 5628 2637 5680 minimc
2662 5642 2856 5697 sequar
2890 5625 3189 5693 \Veiteium,
3224 5628 3308 5697 qui
3352 5630 3673 5685 auctoritate
3712 5642 3782 5681 so-

2218 5699 2315 5752 lius
2346 5698 2687 5763 Bongarsiani
2718 5696 2882 5752 edidit
2909 5697 3110 5751 siccius.
