  <div class='ocr_page' id='page_1' title='image "/cluster/home/n/w/nwhite01/storage/ocr_20150623/59/hvd.32044073505257/650.png"; bbox 0 0 3960 6312; ppageno 0'>
   <div class='ocr_carea' id='block_1_1' title="bbox 173 362 3356 418">
    <p class='ocr_par' dir='ltr' id='par_1_1' title="bbox 183 362 3343 416">
     <span class='ocr_line' id='line_1_1' title="bbox 183 362 3343 411; baseline 0 -35"><span class='ocrx_word' id='word_1_1' title='bbox 183 362 1455 411; x_wconf 44' lang='grc' dir='ltr'><strong>¹“ᾘΟΨ“ΜΜἏ“*.</strong></span> <span class='ocrx_word' id='word_1_2' title='bbox 1486 372 1541 376; x_wconf 49' lang='grc' dir='ltr'><strong>η...</strong></span> <span class='ocrx_word' id='word_1_3' title='bbox 1564 372 1629 376; x_wconf 51' lang='grc' dir='ltr'><strong>...μ-</strong></span> <span class='ocrx_word' id='word_1_4' title='bbox 1650 372 1923 378; x_wconf 31' lang='grc' dir='ltr'><strong>ψγμγο-..η-</strong></span> <span class='ocrx_word' id='word_1_5' title='bbox 1972 373 2053 378; x_wconf 32' lang='grc' dir='ltr'><strong>μ---</strong></span> <span class='ocrx_word' id='word_1_6' title='bbox 2088 372 2229 378; x_wconf 61' lang='lat'><strong>,,__,-,..</strong></span> <span class='ocrx_word' id='word_1_7' title='bbox 2276 372 2317 377; x_wconf 64' lang='grc' dir='ltr'><strong>ρ.-</strong></span> <span class='ocrx_word' id='word_1_8' title='bbox 2338 372 2469 378; x_wconf 48' lang='grc'><strong>--,-⁴,</strong></span> <span class='ocrx_word' id='word_1_9' title='bbox 2502 374 2507 375; x_wconf 40' lang='grc' dir='ltr'><em>γ</em></span> <span class='ocrx_word' id='word_1_10' title='bbox 2535 374 2551 375; x_wconf 53' lang='grc' dir='ltr'>η</span> <span class='ocrx_word' id='word_1_11' title='bbox 2580 373 2649 377; x_wconf 42' lang='grc' dir='ltr'><strong>,η,</strong></span> <span class='ocrx_word' id='word_1_12' title='bbox 2706 372 2737 376; x_wconf 72' lang='grc'><strong>--</strong></span> <span class='ocrx_word' id='word_1_13' title='bbox 2780 370 2973 375; x_wconf 41' lang='grc' dir='ltr'><strong>-κλκσσσ-ννηη</strong></span> <span class='ocrx_word' id='word_1_14' title='bbox 3001 370 3015 373; x_wconf 96' lang='grc'><strong>-</strong></span> <span class='ocrx_word' id='word_1_15' title='bbox 3044 370 3073 373; x_wconf 97' lang='grc'><strong><em>--</em></strong></span> <span class='ocrx_word' id='word_1_16' title='bbox 3143 370 3169 373; x_wconf 62' lang='grc' dir='ltr'><strong>λυ</strong></span> <span class='ocrx_word' id='word_1_17' title='bbox 3306 372 3343 403; x_wconf 42' lang='lat' dir='ltr'><strong>tl</strong></span> 
     </span>
     <span class='ocr_line' id='line_1_2' title="bbox 236 404 3291 416; baseline 0 -4"><span class='ocrx_word' id='word_1_18' title='bbox 236 406 346 412; x_wconf 51' lang='grc' dir='ltr'><strong>..μ</strong></span> <span class='ocrx_word' id='word_1_19' title='bbox 474 404 576 411; x_wconf 50' lang='grc' dir='ltr'><strong>μή</strong></span> <span class='ocrx_word' id='word_1_20' title='bbox 662 406 687 411; x_wconf 56' lang='grc' dir='ltr'>μ</span> <span class='ocrx_word' id='word_1_21' title='bbox 716 406 854 413; x_wconf 71' lang='lat'><strong>..-...._</strong></span> <span class='ocrx_word' id='word_1_22' title='bbox 980 410 983 411; x_wconf 46' lang='grc' dir='ltr'><em>ν</em></span> <span class='ocrx_word' id='word_1_23' title='bbox 1032 409 1129 413; x_wconf 29' lang='grc' dir='ltr'><strong>--πή</strong></span> <span class='ocrx_word' id='word_1_24' title='bbox 1150 410 1155 413; x_wconf 95' lang='grc'>.</span> <span class='ocrx_word' id='word_1_25' title='bbox 1230 409 1259 413; x_wconf 52' lang='lat'><strong>,._</strong></span> <span class='ocrx_word' id='word_1_26' title='bbox 1298 412 1335 413; x_wconf 28' lang='grc' dir='ltr'><strong>κέ</strong></span> <span class='ocrx_word' id='word_1_27' title='bbox 1442 412 1445 413; x_wconf 63' lang='lat'><strong>,</strong></span> <span class='ocrx_word' id='word_1_28' title='bbox 1550 410 1551 413; x_wconf 50' lang='grc' dir='ltr'><strong>η</strong></span> <span class='ocrx_word' id='word_1_29' title='bbox 2274 412 2275 415; x_wconf 38' lang='grc' dir='ltr'><strong>η</strong></span> <span class='ocrx_word' id='word_1_30' title='bbox 2594 413 2599 416; x_wconf 19' lang='grc' dir='ltr'><strong><em>ἢ</em></strong></span> <span class='ocrx_word' id='word_1_31' title='bbox 2660 412 2675 415; x_wconf 39' lang='grc' dir='ltr'>Ἡ</span> <span class='ocrx_word' id='word_1_32' title='bbox 2771 408 2928 415; x_wconf 28' lang='lat' dir='ltr'><strong>,_ﬁ,s___-</strong></span> <span class='ocrx_word' id='word_1_33' title='bbox 2974 406 3227 414; x_wconf 34' lang='grc' dir='ltr'><strong>..μί-α--ιηη</strong></span> <span class='ocrx_word' id='word_1_34' title='bbox 3244 407 3291 412; x_wconf 73' lang='grc'><strong>-.-</strong></span> 
     </span>
    </p>
   </div>
   <div class='ocr_carea' id='block_1_2' title="bbox 1298 500 2365 568">
    <p class='ocr_par' dir='ltr' id='par_1_2' title="bbox 1298 500 2365 568">
     <span class='ocr_line' id='line_1_3' title="bbox 1298 500 2365 568; baseline 0 0"><span class='ocrx_word' id='word_1_35' title='bbox 1298 500 1626 568; x_wconf 59' lang='grc' dir='ltr'><strong>.1..42Α</strong></span> <span class='ocrx_word' id='word_1_36' title='bbox 1709 506 1975 568; x_wconf 52' lang='grc' dir='ltr'><strong>λΑλι</strong></span> <span class='ocrx_word' id='word_1_37' title='bbox 2006 504 2365 568; x_wconf 55' lang='grc' dir='ltr'><strong>,ιιιΑκΣ</strong></span> 
     </span>
    </p>
   </div>
   <div class='ocr_carea' id='block_1_3' title="bbox 935 505 2505 675">
    <p class='ocr_par' dir='ltr' id='par_1_3' title="bbox 935 505 2505 675">
     <span class='ocr_line' id='line_1_4' title="bbox 935 505 2505 675; baseline -0.004 -32"><span class='ocrx_word' id='word_1_38' title='bbox 935 505 1627 675; x_wconf 52' lang='lat' dir='ltr'><strong>Insanitis</strong></span> <span class='ocrx_word' id='word_1_39' title='bbox 1696 505 2505 637; x_wconf 54' lang='lat' dir='ltr'><strong>uenatoria.</strong></span> 
     </span>
    </p>
   </div>
   <div class='ocr_carea' id='block_1_4' title="bbox 1373 822 2087 877">
    <p class='ocr_par' dir='ltr' id='par_1_4' title="bbox 1373 822 2087 877">
     <span class='ocr_line' id='line_1_5' title="bbox 1373 822 2087 877; baseline -0.004 -2"><span class='ocrx_word' id='word_1_40' title='bbox 1373 823 1831 877; x_wconf 71' lang='lat' dir='ltr'><strong>SANCTISSIMO.</strong></span> <span class='ocrx_word' id='word_1_41' title='bbox 1885 822 2087 874; x_wconf 78' lang='grc' dir='ltr'><strong>ΡΑΤΙΗ</strong></span> 
     </span>
    </p>
   </div>
   <div class='ocr_carea' id='block_1_5' title="bbox 1108 912 2363 975">
    <p class='ocr_par' dir='ltr' id='par_1_5' title="bbox 1108 912 2363 975">
     <span class='ocr_line' id='line_1_6' title="bbox 1108 912 2363 975; baseline -0.004 -2"><span class='ocrx_word' id='word_1_42' title='bbox 1108 916 1231 974; x_wconf 83' lang='lat' dir='ltr'><strong>ET.</strong></span> <span class='ocrx_word' id='word_1_43' title='bbox 1280 917 1353 974; x_wconf 92' lang='lat' dir='ltr'><strong>D.</strong></span> <span class='ocrx_word' id='word_1_44' title='bbox 1402 918 1473 975; x_wconf 88' lang='lat' dir='ltr'><strong>N.</strong></span> <span class='ocrx_word' id='word_1_45' title='bbox 1523 916 1673 975; x_wconf 92' lang='lat' dir='ltr'><strong>PIO.</strong></span> <span class='ocrx_word' id='word_1_46' title='bbox 1724 915 1827 973; x_wconf 87' lang='lat' dir='ltr'><strong>Vl.</strong></span> <span class='ocrx_word' id='word_1_47' title='bbox 1881 912 2107 972; x_wconf 86' lang='lat' dir='ltr'><strong>PONT.</strong></span> <span class='ocrx_word' id='word_1_48' title='bbox 2156 913 2363 971; x_wconf 84' lang='grc' dir='ltr'><strong>ΜΑΧ.</strong></span> 
     </span>
    </p>
   </div>
   <div class='ocr_carea' id='block_1_6' title="bbox 994 1010 2493 1079">
    <p class='ocr_par' dir='ltr' id='par_1_6' title="bbox 994 1010 2493 1079">
     <span class='ocr_line' id='line_1_7' title="bbox 994 1010 2493 1079; baseline -0.001 -14"><span class='ocrx_word' id='word_1_49' title='bbox 994 1014 1126 1079; x_wconf 78' lang='lat' dir='ltr'><strong>QVI.</strong></span> <span class='ocrx_word' id='word_1_50' title='bbox 1174 1014 1322 1067; x_wconf 78' lang='lat' dir='ltr'><strong>PRO.</strong></span> <span class='ocrx_word' id='word_1_51' title='bbox 1369 1013 1621 1068; x_wconf 77' lang='grc' dir='ltr'><strong>ΕΧΙΜΙΟ.</strong></span> <span class='ocrx_word' id='word_1_52' title='bbox 1670 1014 1775 1067; x_wconf 74' lang='lat' dir='ltr'><strong>ET.</strong></span> <span class='ocrx_word' id='word_1_53' title='bbox 1821 1011 2205 1066; x_wconf 72' lang='lat' dir='ltr'><strong>SINGVLARI.</strong></span> <span class='ocrx_word' id='word_1_54' title='bbox 2248 1010 2493 1064; x_wconf 71' lang='lat' dir='ltr'><strong>S&#39;I‘VDIU</strong></span> 
     </span>
    </p>
   </div>
   <div class='ocr_carea' id='block_1_7' title="bbox 1230 1103 2251 1158">
    <p class='ocr_par' dir='ltr' id='par_1_7' title="bbox 1230 1103 2251 1158">
     <span class='ocr_line' id='line_1_8' title="bbox 1230 1103 2251 1158; baseline -0.002 -1"><span class='ocrx_word' id='word_1_55' title='bbox 1230 1104 1823 1158; x_wconf 79' lang='lat' dir='ltr'><strong>ECCLESIASTICAE.</strong></span> <span class='ocrx_word' id='word_1_56' title='bbox 1869 1103 2251 1157; x_wconf 80' lang='lat' dir='ltr'><strong>DOCTRINAE</strong></span> 
     </span>
    </p>
   </div>
   <div class='ocr_carea' id='block_1_8' title="bbox 862 1190 2617 1246">
    <p class='ocr_par' dir='ltr' id='par_1_8' title="bbox 862 1190 2617 1246">
     <span class='ocr_line' id='line_1_9' title="bbox 862 1190 2617 1246; baseline 0 -1"><span class='ocrx_word' id='word_1_57' title='bbox 862 1192 1334 1246; x_wconf 71' lang='grc' dir='ltr'><strong>ιῖΧΕΟιΕΝῡΑΕ.</strong></span> <span class='ocrx_word' id='word_1_58' title='bbox 1396 1192 1963 1246; x_wconf 78' lang='lat' dir='ltr'><strong>AMPLIFICANDAE.</strong></span> <span class='ocrx_word' id='word_1_59' title='bbox 2032 1190 2617 1246; x_wconf 73' lang='lat' dir='ltr'><strong>COHONESTANDAE</strong></span> 
     </span>
    </p>
   </div>
   <div class='ocr_carea' id='block_1_9' title="bbox 1165 1280 2305 1335">
    <p class='ocr_par' dir='ltr' id='par_1_9' title="bbox 1165 1280 2305 1335">
     <span class='ocr_line' id='line_1_10' title="bbox 1165 1280 2305 1335; baseline 0.003 -3"><span class='ocrx_word' id='word_1_60' title='bbox 1165 1280 1475 1335; x_wconf 76' lang='lat' dir='ltr'><strong>EDITIONI.</strong></span> <span class='ocrx_word' id='word_1_61' title='bbox 1541 1281 1814 1335; x_wconf 75' lang='lat' dir='ltr'><strong>ROMANA</strong></span> <span class='ocrx_word' id='word_1_62' title='bbox 1827 1283 1888 1334; x_wconf 73' lang='grc' dir='ltr'><strong>Ε.</strong></span> <span class='ocrx_word' id='word_1_63' title='bbox 1946 1282 2029 1335; x_wconf 62' lang='lat' dir='ltr'><strong>CA</strong></span> <span class='ocrx_word' id='word_1_64' title='bbox 2042 1282 2305 1335; x_wconf 76' lang='lat' dir='ltr'><strong>RMINVM</strong></span> 
     </span>
    </p>
   </div>
   <div class='ocr_carea' id='block_1_10' title="bbox 997 1371 2467 1455">
    <p class='ocr_par' dir='ltr' id='par_1_10' title="bbox 997 1371 2467 1455">
     <span class='ocr_line' id='line_1_11' title="bbox 997 1371 2467 1455; baseline 0.003 -26"><span class='ocrx_word' id='word_1_65' title='bbox 997 1371 1080 1429; x_wconf 85' lang='lat' dir='ltr'><strong>M.</strong></span> <span class='ocrx_word' id='word_1_66' title='bbox 1130 1372 1481 1431; x_wconf 79' lang='lat' dir='ltr'><strong>AVRELII.</strong></span> <span class='ocrx_word' id='word_1_67' title='bbox 1529 1373 1997 1432; x_wconf 74' lang='lat' dir='ltr'><strong>CLEMENTIS.</strong></span> <span class='ocrx_word' id='word_1_68' title='bbox 2046 1374 2467 1455; x_wconf 82' lang='lat' dir='ltr'><strong>PRUDENTII</strong></span> 
     </span>
    </p>
   </div>
   <div class='ocr_carea' id='block_1_11' title="bbox 904 1471 2560 1527">
    <p class='ocr_par' dir='ltr' id='par_1_11' title="bbox 904 1471 2560 1527">
     <span class='ocr_line' id='line_1_12' title="bbox 904 1471 2560 1527; baseline 0.004 -6"><span class='ocrx_word' id='word_1_69' title='bbox 904 1471 1223 1525; x_wconf 75' lang='grc' dir='ltr'><strong>ΤΙΤνίΝΜ.</strong></span> <span class='ocrx_word' id='word_1_70' title='bbox 1275 1472 1766 1526; x_wconf 72' lang='grc' dir='ltr'><strong>8ΑΟΚΑΤ158ΗΙΙ.</strong></span> <span class='ocrx_word' id='word_1_71' title='bbox 1817 1472 2108 1527; x_wconf 58' lang='grc' dir='ltr'><strong>Νοδιιδιδ.</strong></span> <span class='ocrx_word' id='word_1_72' title='bbox 2162 1474 2560 1527; x_wconf 77' lang='lat' dir='ltr'><strong>PRAESCRIBI</strong></span> 
     </span>
    </p>
   </div>
   <div class='ocr_carea' id='block_1_12' title="bbox 1315 1561 2149 1615">
    <p class='ocr_par' dir='ltr' id='par_1_12' title="bbox 1315 1561 2149 1615">
     <span class='ocr_line' id='line_1_13' title="bbox 1315 1561 2149 1615; baseline 0.001 -2"><span class='ocrx_word' id='word_1_73' title='bbox 1315 1561 1798 1614; x_wconf 72' lang='lat' dir='ltr'><strong>BENIGNISSIME.</strong></span> <span class='ocrx_word' id='word_1_74' title='bbox 1843 1562 2149 1615; x_wconf 69' lang='lat' dir='ltr'><strong>INDVLSIT</strong></span> 
     </span>
    </p>
   </div>
   <div class='ocr_carea' id='block_1_13' title="bbox 877 1650 2587 1716">
    <p class='ocr_par' dir='ltr' id='par_1_13' title="bbox 877 1650 2587 1716">
     <span class='ocr_line' id='line_1_14' title="bbox 877 1650 2587 1716; baseline 0.002 -15"><span class='ocrx_word' id='word_1_75' title='bbox 877 1650 1212 1704; x_wconf 76' lang='lat' dir='ltr'><strong>VOLVMEN.</strong></span> <span class='ocrx_word' id='word_1_76' title='bbox 1264 1651 1613 1706; x_wconf 74' lang='lat' dir='ltr'><strong>ALTERVM.</strong></span> <span class='ocrx_word' id='word_1_77' title='bbox 1664 1651 1820 1716; x_wconf 82' lang='lat' dir='ltr'><strong>QVO.</strong></span> <span class='ocrx_word' id='word_1_78' title='bbox 1870 1650 2314 1705; x_wconf 65' lang='lat' dir='ltr'><strong>CATHULICVS.</strong></span> <span class='ocrx_word' id='word_1_79' title='bbox 2366 1652 2587 1705; x_wconf 82' lang='lat' dir='ltr'><strong>POETA</strong></span> 
     </span>
    </p>
   </div>
   <div class='ocr_carea' id='block_1_14' title="bbox 738 1740 2721 1797">
    <p class='ocr_par' dir='ltr' id='par_1_14' title="bbox 738 1740 2721 1797">
     <span class='ocr_line' id='line_1_15' title="bbox 738 1740 2721 1797; baseline 0.001 -3"><span class='ocrx_word' id='word_1_80' title='bbox 738 1740 1157 1797; x_wconf 74' lang='lat' dir='ltr'><strong>CONCVLCAT.</strong></span> <span class='ocrx_word' id='word_1_81' title='bbox 1208 1743 1451 1797; x_wconf 55' lang='lat' dir='ltr'><strong>SACRA.</strong></span> <span class='ocrx_word' id='word_1_82' title='bbox 1502 1742 1827 1797; x_wconf 55' lang='lat' dir='ltr'><strong>CESTIVM.</strong></span> <span class='ocrx_word' id='word_1_83' title='bbox 1881 1743 2132 1797; x_wconf 76' lang='lat' dir='ltr'><strong>LAUEM.</strong></span> <span class='ocrx_word' id='word_1_84' title='bbox 2185 1742 2451 1796; x_wconf 80' lang='lat' dir='ltr'><strong>INFERT.</strong></span> <span class='ocrx_word' id='word_1_85' title='bbox 2502 1743 2721 1797; x_wconf 86' lang='lat' dir='ltr'><strong>lDOLlS</strong></span> 
     </span>
    </p>
   </div>
   <div class='ocr_carea' id='block_1_15' title="bbox 722 1830 2751 1890">
    <p class='ocr_par' dir='ltr' id='par_1_15' title="bbox 722 1830 2751 1890">
     <span class='ocr_line' id='line_1_16' title="bbox 722 1830 2751 1890; baseline 0.003 -6"><span class='ocrx_word' id='word_1_86' title='bbox 722 1830 1021 1887; x_wconf 70' lang='lat' dir='ltr'><strong>CARMEN.</strong></span> <span class='ocrx_word' id='word_1_87' title='bbox 1083 1834 1544 1887; x_wconf 75' lang='lat' dir='ltr'><strong>MAR&#39;I‘YlllBVS.</strong></span> <span class='ocrx_word' id='word_1_88' title='bbox 1610 1834 1947 1888; x_wconf 75' lang='lat' dir='ltr'><strong>[)EVOVET.</strong></span> <span class='ocrx_word' id='word_1_89' title='bbox 2007 1834 2298 1889; x_wconf 73' lang='lat' dir='ltr'><strong>LAVDAT.</strong></span> <span class='ocrx_word' id='word_1_90' title='bbox 2361 1834 2751 1890; x_wconf 80' lang='lat' dir='ltr'><strong>APOSTOLOS</strong></span> 
     </span>
    </p>
   </div>
   <div class='ocr_carea' id='block_1_16' title="bbox 1331 1923 2151 1977">
    <p class='ocr_par' dir='ltr' id='par_1_16' title="bbox 1331 1923 2151 1977">
     <span class='ocr_line' id='line_1_17' title="bbox 1331 1923 2151 1977; baseline 0.001 -1"><span class='ocrx_word' id='word_1_91' title='bbox 1331 1923 1733 1977; x_wconf 75' lang='lat' dir='ltr'><strong>FAVSTI‘NVS.</strong></span> <span class='ocrx_word' id='word_1_92' title='bbox 1783 1924 2151 1977; x_wconf 81' lang='lat' dir='ltr'><strong>AREVALVS</strong></span> 
     </span>
    </p>
   </div>
   <div class='ocr_carea' id='block_1_17' title="bbox 910 2011 2569 2067">
    <p class='ocr_par' dir='ltr' id='par_1_17' title="bbox 910 2011 2569 2067">
     <span class='ocr_line' id='line_1_18' title="bbox 910 2011 2569 2067; baseline 0 -2"><span class='ocrx_word' id='word_1_93' title='bbox 910 2013 1093 2067; x_wconf 72' lang='lat' dir='ltr'><strong>POST.</strong></span> <span class='ocrx_word' id='word_1_94' title='bbox 1141 2012 1533 2066; x_wconf 73' lang='lat' dir='ltr'><strong>IIVMILLIMA.</strong></span> <span class='ocrx_word' id='word_1_95' title='bbox 1582 2011 1833 2064; x_wconf 81' lang='lat' dir='ltr'><strong>PEDVM.</strong></span> <span class='ocrx_word' id='word_1_96' title='bbox 1874 2011 2157 2066; x_wconf 81' lang='lat' dir='ltr'><strong>OSCVLA.</strong></span> <span class='ocrx_word' id='word_1_97' title='bbox 2206 2013 2569 2067; x_wconf 77' lang='lat' dir='ltr'><strong>BEATORVM</strong></span> 
     </span>
    </p>
   </div>
   <div class='ocr_carea' id='block_1_18' title="bbox 1384 2101 2077 2154">
    <p class='ocr_par' dir='ltr' id='par_1_18' title="bbox 1384 2101 2077 2154">
     <span class='ocr_line' id='line_1_19' title="bbox 1384 2101 2077 2154; baseline -0.001 -1"><span class='ocrx_word' id='word_1_98' title='bbox 1384 2103 1443 2153; x_wconf 87' lang='grc' dir='ltr'><strong>ι).</strong></span> <span class='ocrx_word' id='word_1_99' title='bbox 1527 2101 1585 2152; x_wconf 85' lang='grc' dir='ltr'><strong>ι).</strong></span> <span class='ocrx_word' id='word_1_100' title='bbox 1669 2102 1727 2152; x_wconf 68' lang='grc' dir='ltr'><strong>Ιι.</strong></span> <span class='ocrx_word' id='word_1_101' title='bbox 1805 2101 2077 2154; x_wconf 77' lang='lat' dir='ltr'><strong>MERITU.</strong></span> 
     </span>
    </p>
   </div>
   <div class='ocr_carea' id='block_1_19' title="bbox 1108 2244 1399 2252">
    <p class='ocr_par' dir='ltr' id='par_1_19' title="bbox 1108 2244 1399 2252">
     <span class='ocr_line' id='line_1_20' title="bbox 1108 2244 1399 2252; baseline -0.007 0"><span class='ocrx_word' id='word_1_102' title='bbox 1108 2244 1399 2252; x_wconf 81' lang='lat'><strong>__———-———</strong></span> 
     </span>
    </p>
   </div>
   <div class='ocr_carea' id='block_1_20' title="bbox 1426 2242 1623 2250">
    <p class='ocr_par' dir='ltr' id='par_1_20' title="bbox 1426 2242 1623 2250">
     <span class='ocr_line' id='line_1_21' title="bbox 1426 2242 1623 2250; baseline -0.005 -1"><span class='ocrx_word' id='word_1_103' title='bbox 1426 2242 1623 2250; x_wconf 58' lang='lat' dir='ltr'><strong>m—</strong></span> 
     </span>
    </p>
   </div>
   <div class='ocr_carea' id='block_1_21' title="bbox 1628 2242 1737 2250">
    <p class='ocr_par' dir='ltr' id='par_1_21' title="bbox 1628 2242 1737 2250">
     <span class='ocr_line' id='line_1_22' title="bbox 1628 2242 1737 2250; baseline 0.018 -2"><span class='ocrx_word' id='word_1_104' title='bbox 1628 2242 1737 2250; x_wconf 56' lang='grc' dir='ltr'><strong>..ς-</strong></span> 
     </span>
    </p>
   </div>
   <div class='ocr_carea' id='block_1_22' title="bbox 1766 2242 2087 2252">
    <p class='ocr_par' dir='ltr' id='par_1_22' title="bbox 1766 2242 2087 2252">
     <span class='ocr_line' id='line_1_23' title="bbox 1766 2242 2087 2252; baseline 0 -1"><span class='ocrx_word' id='word_1_105' title='bbox 1766 2242 2087 2252; x_wconf 53' lang='lat'><strong>.——~—-—___—.</strong></span> 
     </span>
    </p>
   </div>
   <div class='ocr_carea' id='block_1_23' title="bbox 156 2243 2521 2258">
    <p class='ocr_par' dir='ltr' id='par_1_23' title="bbox 156 2243 2521 2258">
     <span class='ocr_line' id='line_1_24' title="bbox 156 2243 2521 2258; baseline -0.003 -2"><span class='ocrx_word' id='word_1_106' title='bbox 156 2243 164 2249; x_wconf 88' lang='lat'>&#39;</span> <span class='ocrx_word' id='word_1_107' title='bbox 180 2246 805 2258; x_wconf 57' lang='lat'><strong>~.—————_.~——..__.~___</strong></span> <span class='ocrx_word' id='word_1_108' title='bbox 824 2248 1037 2254; x_wconf 35' lang='grc' dir='ltr'><strong>..ς-μιγῇ,</strong></span> <span class='ocrx_word' id='word_1_109' title='bbox 1056 2243 1737 2252; x_wconf 54' lang='grc' dir='ltr'><strong>--------ο--ισ--“--</strong></span> <span class='ocrx_word' id='word_1_110' title='bbox 1766 2243 2117 2252; x_wconf 49' lang='grc' dir='ltr'><strong>ι-ι-ς--ῇο</strong></span> <span class='ocrx_word' id='word_1_111' title='bbox 2128 2244 2521 2253; x_wconf 39' lang='grc' dir='ltr'><strong>-..μᾜ</strong></span> 
     </span>
    </p>
   </div>
   <div class='ocr_carea' id='block_1_24' title="bbox 1486 2378 2023 2453">
    <p class='ocr_par' dir='ltr' id='par_1_24' title="bbox 1486 2378 2023 2453">
     <span class='ocr_line' id='line_1_25' title="bbox 1486 2378 2023 2453; baseline 0 -2"><span class='ocrx_word' id='word_1_112' title='bbox 1486 2378 2023 2453; x_wconf 75' lang='lat' dir='ltr'><strong>PR/EFATIO.</strong></span> 
     </span>
    </p>
   </div>
   <div class='ocr_carea' id='block_1_25' title="bbox 192 2575 3362 2652">
    <p class='ocr_par' dir='ltr' id='par_1_25' title="bbox 192 2575 3362 2652">
     <span class='ocr_line' id='line_1_26' title="bbox 192 2575 3362 2652; baseline 0.002 -21"><span class='ocrx_word' id='word_1_113' title='bbox 192 2580 377 2643; x_wconf 72' lang='lat' dir='ltr'><strong>Habes,</strong></span> <span class='ocrx_word' id='word_1_114' title='bbox 422 2580 487 2633; x_wconf 88' lang='lat' dir='ltr'><strong>L.</strong></span> <span class='ocrx_word' id='word_1_115' title='bbox 526 2579 607 2641; x_wconf 80' lang='lat'><strong>8.,</strong></span> <span class='ocrx_word' id='word_1_116' title='bbox 641 2578 1076 2632; x_wconf 87' lang='lat' dir='ltr'><strong>cnmmentarium</strong></span> <span class='ocrx_word' id='word_1_117' title='bbox 1132 2577 1180 2627; x_wconf 92' lang='lat' dir='ltr'><strong>in</strong></span> <span class='ocrx_word' id='word_1_118' title='bbox 1224 2575 1497 2629; x_wconf 80' lang='lat' dir='ltr'><strong>I’rutlentii</strong></span> <span class='ocrx_word' id='word_1_119' title='bbox 1538 2577 1810 2638; x_wconf 75' lang='lat' dir='ltr'><strong>carmina,</strong></span> <span class='ocrx_word' id='word_1_120' title='bbox 1852 2589 1969 2642; x_wconf 75' lang='lat' dir='ltr'><strong>qum</strong></span> <span class='ocrx_word' id='word_1_121' title='bbox 2009 2586 2319 2642; x_wconf 86' lang='lat' dir='ltr'><strong>supererant</strong></span> <span class='ocrx_word' id='word_1_122' title='bbox 2357 2578 2695 2641; x_wconf 77' lang='lat' dir='ltr'><strong>excudenda,</strong></span> <span class='ocrx_word' id='word_1_123' title='bbox 2739 2581 2908 2633; x_wconf 87' lang='lat' dir='ltr'><strong>serius</strong></span> <span class='ocrx_word' id='word_1_124' title='bbox 2947 2581 3168 2637; x_wconf 49' lang='lat' dir='ltr'><strong>fortasse</strong></span> <span class='ocrx_word' id='word_1_125' title='bbox 3206 2600 3362 2652; x_wconf 83' lang='lat' dir='ltr'><strong>quam</strong></span> 
     </span>
    </p>
   </div>
   <div class='ocr_carea' id='block_1_26' title="bbox 132 2664 3360 2739">
    <p class='ocr_par' dir='ltr' id='par_1_26' title="bbox 132 2664 3360 2739">
     <span class='ocr_line' id='line_1_27' title="bbox 132 2664 3360 2739; baseline 0.002 -21"><span class='ocrx_word' id='word_1_126' title='bbox 132 2674 386 2723; x_wconf 72' lang='lat' dir='ltr'><strong>ltlllllOl&#39;dm</strong></span> <span class='ocrx_word' id='word_1_127' title='bbox 419 2670 627 2739; x_wconf 90' lang='lat' dir='ltr'><strong>opinio,</strong></span> <span class='ocrx_word' id='word_1_128' title='bbox 657 2680 744 2721; x_wconf 93' lang='lat' dir='ltr'><strong>aut</strong></span> <span class='ocrx_word' id='word_1_129' title='bbox 770 2670 927 2722; x_wconf 91' lang='lat' dir='ltr'><strong>etiam</strong></span> <span class='ocrx_word' id='word_1_130' title='bbox 958 2667 1282 2733; x_wconf 72' lang='lat' dir='ltr'><strong>exspectatio</strong></span> <span class='ocrx_word' id='word_1_131' title='bbox 1314 2667 1535 2732; x_wconf 88' lang='lat' dir='ltr'><strong>ferebat,</strong></span> <span class='ocrx_word' id='word_1_132' title='bbox 1568 2679 1752 2717; x_wconf 87' lang='lat' dir='ltr'><strong>verum</strong></span> <span class='ocrx_word' id='word_1_133' title='bbox 1784 2664 1948 2717; x_wconf 91' lang='lat' dir='ltr'><strong>multo</strong></span> <span class='ocrx_word' id='word_1_134' title='bbox 1974 2665 2129 2719; x_wconf 82' lang='lat' dir='ltr'><strong>citius</strong></span> <span class='ocrx_word' id='word_1_135' title='bbox 2151 2680 2306 2731; x_wconf 91' lang='lat' dir='ltr'><strong>quam</strong></span> <span class='ocrx_word' id='word_1_136' title='bbox 2338 2675 2429 2719; x_wconf 90' lang='lat' dir='ltr'><strong>ant</strong></span> <span class='ocrx_word' id='word_1_137' title='bbox 2454 2683 2540 2720; x_wconf 89' lang='lat' dir='ltr'><strong>res</strong></span> <span class='ocrx_word' id='word_1_138' title='bbox 2573 2668 2681 2734; x_wconf 89' lang='lat' dir='ltr'><strong>ipsa</strong></span> <span class='ocrx_word' id='word_1_139' title='bbox 2709 2670 2813 2735; x_wconf 87' lang='lat' dir='ltr'><strong>pati</strong></span> <span class='ocrx_word' id='word_1_140' title='bbox 2841 2670 3036 2726; x_wconf 87' lang='lat' dir='ltr'><strong>debere</strong></span> <span class='ocrx_word' id='word_1_141' title='bbox 3061 2673 3360 2735; x_wconf 73' lang='lat' dir='ltr'><strong>videbatur,</strong></span> 
     </span>
    </p>
   </div>
   <div class='ocr_carea' id='block_1_27' title="bbox 132 2754 3359 2828">
    <p class='ocr_par' dir='ltr' id='par_1_27' title="bbox 132 2754 3359 2828">
     <span class='ocr_line' id='line_1_28' title="bbox 132 2754 3359 2828; baseline 0.001 -18"><span class='ocrx_word' id='word_1_142' title='bbox 132 2769 203 2812; x_wconf 88' lang='lat' dir='ltr'><strong>aut</strong></span> <span class='ocrx_word' id='word_1_143' title='bbox 227 2776 372 2827; x_wconf 89' lang='lat' dir='ltr'><strong>quam</strong></span> <span class='ocrx_word' id='word_1_144' title='bbox 402 2761 730 2815; x_wconf 85' lang='lat' dir='ltr'><strong>destinatum</strong></span> <span class='ocrx_word' id='word_1_145' title='bbox 761 2760 887 2811; x_wconf 90' lang='lat' dir='ltr'><strong>mihi</strong></span> <span class='ocrx_word' id='word_1_146' title='bbox 944 2769 1058 2810; x_wconf 77' lang='lat' dir='ltr'><strong>erat</strong></span> <span class='ocrx_word' id='word_1_147' title='bbox 1100 2771 1155 2808; x_wconf 90' lang='lat' dir='ltr'><strong>ut</strong></span> <span class='ocrx_word' id='word_1_148' title='bbox 1184 2771 1317 2824; x_wconf 88' lang='lat' dir='ltr'><strong>opus</strong></span> <span class='ocrx_word' id='word_1_149' title='bbox 1345 2772 1409 2809; x_wconf 79' lang='lat' dir='ltr'><strong>ex</strong></span> <span class='ocrx_word' id='word_1_150' title='bbox 1437 2754 1595 2808; x_wconf 88' lang='lat' dir='ltr'><strong>animi</strong></span> <span class='ocrx_word' id='word_1_151' title='bbox 1629 2754 1728 2807; x_wconf 90' lang='lat' dir='ltr'><strong>mei</strong></span> <span class='ocrx_word' id='word_1_152' title='bbox 1762 2755 2024 2808; x_wconf 89' lang='lat' dir='ltr'><strong>sententia</strong></span> <span class='ocrx_word' id='word_1_153' title='bbox 2059 2756 2109 2805; x_wconf 92' lang='lat' dir='ltr'><strong>in</strong></span> <span class='ocrx_word' id='word_1_154' title='bbox 2145 2754 2315 2806; x_wconf 89' lang='lat' dir='ltr'><strong>lucem</strong></span> <span class='ocrx_word' id='word_1_155' title='bbox 2345 2754 2601 2819; x_wconf 80' lang='lat' dir='ltr'><strong>prodiret.</strong></span> <span class='ocrx_word' id='word_1_156' title='bbox 2644 2756 2898 2823; x_wconf 85' lang='lat' dir='ltr'><strong>Equidem</strong></span> <span class='ocrx_word' id='word_1_157' title='bbox 2930 2760 3177 2813; x_wconf 84' lang='lat' dir='ltr'><strong>volumen</strong></span> <span class='ocrx_word' id='word_1_158' title='bbox 3210 2763 3359 2828; x_wconf 88' lang='lat' dir='ltr'><strong>prius</strong></span> 
     </span>
    </p>
   </div>
   <div class='ocr_carea' id='block_1_28' title="bbox 130 2844 3359 2916">
    <p class='ocr_par' dir='ltr' id='par_1_28' title="bbox 130 2844 3359 2916">
     <span class='ocr_line' id='line_1_29' title="bbox 130 2844 3359 2916; baseline 0 -13"><span class='ocrx_word' id='word_1_159' title='bbox 130 2854 399 2908; x_wconf 83' lang='lat' dir='ltr'><strong>emanlbus</strong></span> <span class='ocrx_word' id='word_1_160' title='bbox 445 2854 572 2906; x_wconf 90' lang='lat' dir='ltr'><strong>mihi</strong></span> <span class='ocrx_word' id='word_1_161' title='bbox 622 2850 780 2913; x_wconf 90' lang='lat' dir='ltr'><strong>elabi,</strong></span> <span class='ocrx_word' id='word_1_162' title='bbox 824 2861 983 2916; x_wconf 86' lang='lat' dir='ltr'><strong>atque</strong></span> <span class='ocrx_word' id='word_1_163' title='bbox 1028 2850 1078 2901; x_wconf 93' lang='lat' dir='ltr'><strong>in</strong></span> <span class='ocrx_word' id='word_1_164' title='bbox 1131 2848 1321 2915; x_wconf 83' lang='lat' dir='ltr'><strong>vulgus</strong></span> <span class='ocrx_word' id='word_1_165' title='bbox 1366 2848 1569 2909; x_wconf 86' lang='lat' dir='ltr'><strong>venire,</strong></span> <span class='ocrx_word' id='word_1_166' title='bbox 1614 2844 1752 2896; x_wconf 85' lang='lat' dir='ltr'><strong>haud</strong></span> <span class='ocrx_word' id='word_1_167' title='bbox 1788 2859 1927 2912; x_wconf 80' lang='lat' dir='ltr'><strong>a-gre</strong></span> <span class='ocrx_word' id='word_1_168' title='bbox 1970 2844 2215 2904; x_wconf 82' lang='lat' dir='ltr'><strong>tuleram,</strong></span> <span class='ocrx_word' id='word_1_169' title='bbox 2265 2845 2402 2910; x_wconf 91' lang='lat' dir='ltr'><strong>quod</strong></span> <span class='ocrx_word' id='word_1_170' title='bbox 2440 2844 2510 2896; x_wconf 89' lang='lat' dir='ltr'><strong>ita</strong></span> <span class='ocrx_word' id='word_1_171' title='bbox 2550 2858 2756 2898; x_wconf 87' lang='lat' dir='ltr'><strong>mecum</strong></span> <span class='ocrx_word' id='word_1_172' title='bbox 2822 2850 3200 2903; x_wconf 83' lang='lat' dir='ltr'><strong>constitueram</strong></span> <span class='ocrx_word' id='word_1_173' title='bbox 3246 2852 3359 2904; x_wconf 85' lang='lat' dir='ltr'><strong>fieri</strong></span> 
     </span>
    </p>
   </div>
   <div class='ocr_carea' id='block_1_29' title="bbox 134 2932 3360 3009">
    <p class='ocr_par' dir='ltr' id='par_1_29' title="bbox 134 2932 3360 3009">
     <span class='ocr_line' id='line_1_30' title="bbox 134 2932 3360 3009; baseline -0.001 -15"><span class='ocrx_word' id='word_1_174' title='bbox 134 2958 269 3009; x_wconf 90' lang='lat' dir='ltr'><strong>posse</strong></span> <span class='ocrx_word' id='word_1_175' title='bbox 297 2955 352 2997; x_wconf 87' lang='lat' dir='ltr'><strong>ut</strong></span> <span class='ocrx_word' id='word_1_176' title='bbox 379 2945 609 2998; x_wconf 88' lang='lat' dir='ltr'><strong>aliorum</strong></span> <span class='ocrx_word' id='word_1_177' title='bbox 650 2959 747 3009; x_wconf 85' lang='lat' dir='ltr'><strong>qua</strong></span> <span class='ocrx_word' id='word_1_178' title='bbox 787 2942 1029 3006; x_wconf 70' lang='lat' dir='ltr'><strong>maritis,</strong></span> <span class='ocrx_word' id='word_1_179' title='bbox 1072 2955 1171 3007; x_wconf 89' lang='lat' dir='ltr'><strong>qna</strong></span> <span class='ocrx_word' id='word_1_180' title='bbox 1202 2934 1709 3005; x_wconf 58' lang='lat' dir='ltr'><strong>reprehensionibus</strong></span> <span class='ocrx_word' id='word_1_181' title='bbox 1743 2933 1947 2985; x_wconf 69' lang='lat' dir='ltr'><strong>doctior</strong></span> <span class='ocrx_word' id='word_1_182' title='bbox 1978 2934 2167 2995; x_wconf 78' lang='lat' dir='ltr'><strong>factus,</strong></span> <span class='ocrx_word' id='word_1_183' title='bbox 2194 2943 2284 2984; x_wconf 87' lang='lat' dir='ltr'><strong>ant</strong></span> <span class='ocrx_word' id='word_1_184' title='bbox 2314 2932 2565 2984; x_wconf 89' lang='lat' dir='ltr'><strong>nonnulla</strong></span> <span class='ocrx_word' id='word_1_185' title='bbox 2592 2932 2699 2999; x_wconf 90' lang='lat' dir='ltr'><strong>jam</strong></span> <span class='ocrx_word' id='word_1_186' title='bbox 2729 2933 2866 2986; x_wconf 91' lang='lat' dir='ltr'><strong>dicta</strong></span> <span class='ocrx_word' id='word_1_187' title='bbox 2906 2945 3273 3002; x_wconf 88' lang='lat' dir='ltr'><strong>retractarent,</strong></span> <span class='ocrx_word' id='word_1_188' title='bbox 3307 2939 3360 2992; x_wconf 92' lang='lat' dir='ltr'><strong>in</strong></span> 
     </span>
    </p>
   </div>
   <div class='ocr_carea' id='block_1_30' title="bbox 132 3024 3361 3099">
    <p class='ocr_par' dir='ltr' id='par_1_30' title="bbox 132 3024 3361 3099">
     <span class='ocr_line' id='line_1_31' title="bbox 132 3024 3361 3099; baseline 0 -15"><span class='ocrx_word' id='word_1_189' title='bbox 132 3034 395 3099; x_wconf 76' lang='lat' dir='ltr'><strong>meliusque</strong></span> <span class='ocrx_word' id='word_1_190' title='bbox 444 3044 839 3098; x_wconf 83' lang='lat' dir='ltr'><strong>converterem,</strong></span> <span class='ocrx_word' id='word_1_191' title='bbox 892 3043 981 3084; x_wconf 87' lang='lat' dir='ltr'><strong>aut</strong></span> <span class='ocrx_word' id='word_1_192' title='bbox 1024 3034 1275 3098; x_wconf 81' lang='lat' dir='ltr'><strong>deinceps</strong></span> <span class='ocrx_word' id='word_1_193' title='bbox 1326 3028 1552 3082; x_wconf 90' lang='lat' dir='ltr'><strong>dicenda</strong></span> <span class='ocrx_word' id='word_1_194' title='bbox 1604 3027 1666 3078; x_wconf 87' lang='lat' dir='ltr'><strong>ad</strong></span> <span class='ocrx_word' id='word_1_195' title='bbox 1717 3026 2040 3078; x_wconf 73' lang='lat' dir='ltr'><strong>seteriorem</strong></span> <span class='ocrx_word' id='word_1_196' title='bbox 2086 3024 2359 3090; x_wconf 89' lang='lat' dir='ltr'><strong>judicandi</strong></span> <span class='ocrx_word' id='word_1_197' title='bbox 2410 3038 2648 3077; x_wconf 90' lang='lat' dir='ltr'><strong>normam</strong></span> <span class='ocrx_word' id='word_1_198' title='bbox 2702 3026 2991 3093; x_wconf 81' lang='lat' dir='ltr'><strong>exigerem.</strong></span> <span class='ocrx_word' id='word_1_199' title='bbox 3044 3029 3211 3097; x_wconf 83' lang='lat' dir='ltr'><strong>llnjtts</strong></span> <span class='ocrx_word' id='word_1_200' title='bbox 3256 3032 3361 3085; x_wconf 90' lang='lat' dir='ltr'><strong>mei</strong></span> 
     </span>
    </p>
   </div>
   <div class='ocr_carea' id='block_1_31' title="bbox 132 3112 3359 3189">
    <p class='ocr_par' dir='ltr' id='par_1_31' title="bbox 132 3112 3359 3189">
     <span class='ocr_line' id='line_1_32' title="bbox 132 3112 3359 3189; baseline -0.001 -18"><span class='ocrx_word' id='word_1_201' title='bbox 132 3124 310 3177; x_wconf 83' lang='lat' dir='ltr'><strong>ronsilii</strong></span> <span class='ocrx_word' id='word_1_202' title='bbox 337 3126 675 3178; x_wconf 77' lang='lat' dir='ltr'><strong>exstiteritne</strong></span> <span class='ocrx_word' id='word_1_203' title='bbox 705 3123 897 3189; x_wconf 92' lang='lat' dir='ltr'><strong>aliquis</strong></span> <span class='ocrx_word' id='word_1_204' title='bbox 927 3123 1156 3179; x_wconf 80' lang='lat' dir='ltr'><strong>fructos,</strong></span> <span class='ocrx_word' id='word_1_205' title='bbox 1190 3121 1329 3171; x_wconf 88' lang='lat' dir='ltr'><strong>ultro</strong></span> <span class='ocrx_word' id='word_1_206' title='bbox 1358 3119 1475 3170; x_wconf 91' lang='lat' dir='ltr'><strong>aliis</strong></span> <span class='ocrx_word' id='word_1_207' title='bbox 1506 3114 1850 3183; x_wconf 80' lang='lat' dir='ltr'><strong>judicandtttn</strong></span> <span class='ocrx_word' id='word_1_208' title='bbox 1884 3113 2265 3178; x_wconf 88' lang='lat' dir='ltr'><strong>relinquerem,</strong></span> <span class='ocrx_word' id='word_1_209' title='bbox 2308 3112 2408 3165; x_wconf 77' lang='lat' dir='ltr'><strong>nisi</strong></span> <span class='ocrx_word' id='word_1_210' title='bbox 2441 3126 2552 3165; x_wconf 88' lang='lat' dir='ltr'><strong>rem</strong></span> <span class='ocrx_word' id='word_1_211' title='bbox 2595 3113 2662 3164; x_wconf 85' lang='lat' dir='ltr'><strong>ita</strong></span> <span class='ocrx_word' id='word_1_212' title='bbox 2702 3128 2821 3168; x_wconf 81' lang='lat' dir='ltr'><strong>esse</strong></span> <span class='ocrx_word' id='word_1_213' title='bbox 2847 3117 2979 3182; x_wconf 85' lang='lat' dir='ltr'><strong>grati</strong></span> <span class='ocrx_word' id='word_1_214' title='bbox 3009 3118 3170 3171; x_wconf 87' lang='lat' dir='ltr'><strong>animi</strong></span> <span class='ocrx_word' id='word_1_215' title='bbox 3203 3134 3359 3172; x_wconf 87' lang='lat' dir='ltr'><strong>causa</strong></span> 
     </span>
    </p>
   </div>
   <div class='ocr_carea' id='block_1_32' title="bbox 132 3205 3361 3283">
    <p class='ocr_par' dir='ltr' id='par_1_32' title="bbox 132 3205 3361 3283">
     <span class='ocr_line' id='line_1_33' title="bbox 132 3205 3361 3283; baseline -0 -17"><span class='ocrx_word' id='word_1_216' title='bbox 132 3225 381 3276; x_wconf 65' lang='lat' dir='ltr'><strong>pnestaret</strong></span> <span class='ocrx_word' id='word_1_217' title='bbox 421 3214 683 3283; x_wconf 53' lang='lat' dir='ltr'><strong>profiteri.</strong></span> <span class='ocrx_word' id='word_1_218' title='bbox 730 3213 949 3274; x_wconf 85' lang='lat' dir='ltr'><strong>Verum,</strong></span> <span class='ocrx_word' id='word_1_219' title='bbox 991 3213 1031 3265; x_wconf 87' lang='lat' dir='ltr'><strong>si</strong></span> <span class='ocrx_word' id='word_1_220' title='bbox 1065 3212 1206 3279; x_wconf 88' lang='lat' dir='ltr'><strong>quod</strong></span> <span class='ocrx_word' id='word_1_221' title='bbox 1249 3210 1387 3263; x_wconf 86' lang='lat' dir='ltr'><strong>aliud</strong></span> <span class='ocrx_word' id='word_1_222' title='bbox 1434 3208 1735 3275; x_wconf 79' lang='lat' dir='ltr'><strong>scriplionis</strong></span> <span class='ocrx_word' id='word_1_223' title='bbox 1777 3220 1975 3273; x_wconf 79' lang='lat' dir='ltr'><strong>genus,</strong></span> <span class='ocrx_word' id='word_1_224' title='bbox 2018 3205 2431 3257; x_wconf 58' lang='lat' dir='ltr'><strong>eotnmenlarius</strong></span> <span class='ocrx_word' id='word_1_225' title='bbox 2473 3214 2616 3257; x_wconf 85' lang='lat' dir='ltr'><strong>certe</strong></span> <span class='ocrx_word' id='word_1_226' title='bbox 2661 3205 2712 3256; x_wconf 93' lang='lat' dir='ltr'><strong>in</strong></span> <span class='ocrx_word' id='word_1_227' title='bbox 2745 3206 3108 3262; x_wconf 90' lang='lat' dir='ltr'><strong>doctissimum</strong></span> <span class='ocrx_word' id='word_1_228' title='bbox 3153 3223 3361 3279; x_wconf 90' lang='lat' dir='ltr'><strong>poetam</strong></span> 
     </span>
    </p>
   </div>
   <div class='ocr_carea' id='block_1_33' title="bbox 131 3295 3363 3372">
    <p class='ocr_par' dir='ltr' id='par_1_33' title="bbox 131 3295 3363 3372">
     <span class='ocr_line' id='line_1_34' title="bbox 131 3295 3363 3372; baseline -0.001 -17"><span class='ocrx_word' id='word_1_229' title='bbox 131 3303 459 3358; x_wconf 81' lang='lat' dir='ltr'><strong>Clnistiattum</strong></span> <span class='ocrx_word' id='word_1_230' title='bbox 492 3304 729 3357; x_wconf 81' lang='lat' dir='ltr'><strong>diuturni</strong></span> <span class='ocrx_word' id='word_1_231' title='bbox 758 3304 1012 3369; x_wconf 72' lang='lat' dir='ltr'><strong>temporfs</strong></span> <span class='ocrx_word' id='word_1_232' title='bbox 1042 3315 1184 3353; x_wconf 88' lang='lat' dir='ltr'><strong>mora</strong></span> <span class='ocrx_word' id='word_1_233' title='bbox 1219 3299 1417 3367; x_wconf 77' lang='lat' dir='ltr'><strong>indiget</strong></span> <span class='ocrx_word' id='word_1_234' title='bbox 1441 3298 1506 3351; x_wconf 92' lang='lat' dir='ltr'><strong>ad</strong></span> <span class='ocrx_word' id='word_1_235' title='bbox 1534 3314 1585 3351; x_wconf 88' lang='lat' dir='ltr'><strong>tn</strong></span> <span class='ocrx_word' id='word_1_236' title='bbox 1607 3299 1913 3349; x_wconf 87' lang='lat' dir='ltr'><strong>-turitatem.</strong></span> <span class='ocrx_word' id='word_1_237' title='bbox 1945 3296 2073 3349; x_wconf 85' lang='lat' dir='ltr'><strong>Nam</strong></span> <span class='ocrx_word' id='word_1_238' title='bbox 2105 3295 2157 3348; x_wconf 92' lang='lat' dir='ltr'><strong>in</strong></span> <span class='ocrx_word' id='word_1_239' title='bbox 2191 3295 2448 3348; x_wconf 90' lang='lat' dir='ltr'><strong>varietate</strong></span> <span class='ocrx_word' id='word_1_240' title='bbox 2478 3309 2527 3348; x_wconf 89' lang='lat' dir='ltr'><strong>et</strong></span> <span class='ocrx_word' id='word_1_241' title='bbox 2556 3296 2707 3363; x_wconf 89' lang='lat' dir='ltr'><strong>copia</strong></span> <span class='ocrx_word' id='word_1_242' title='bbox 2736 3312 3166 3364; x_wconf 83' lang='lat' dir='ltr'><strong>argumentorum</strong></span> <span class='ocrx_word' id='word_1_243' title='bbox 3196 3318 3363 3372; x_wconf 80' lang='lat' dir='ltr'><strong>prope</strong></span> 
     </span>
    </p>
   </div>
   <div class='ocr_carea' id='block_1_34' title="bbox 129 3386 3362 3462">
    <p class='ocr_par' dir='ltr' id='par_1_34' title="bbox 129 3386 3362 3462">
     <span class='ocr_line' id='line_1_35' title="bbox 129 3386 3362 3462; baseline 0.002 -21"><span class='ocrx_word' id='word_1_244' title='bbox 129 3392 302 3445; x_wconf 85' lang='lat' dir='ltr'><strong>infinita</strong></span> <span class='ocrx_word' id='word_1_245' title='bbox 343 3410 505 3462; x_wconf 89' lang='lat' dir='ltr'><strong>quam</strong></span> <span class='ocrx_word' id='word_1_246' title='bbox 548 3394 734 3453; x_wconf 90' lang='lat' dir='ltr'><strong>multa,</strong></span> <span class='ocrx_word' id='word_1_247' title='bbox 775 3393 933 3446; x_wconf 90' lang='lat' dir='ltr'><strong>etiam</strong></span> <span class='ocrx_word' id='word_1_248' title='bbox 968 3392 1092 3443; x_wconf 92' lang='lat' dir='ltr'><strong>dum</strong></span> <span class='ocrx_word' id='word_1_249' title='bbox 1136 3389 1275 3441; x_wconf 91' lang='lat' dir='ltr'><strong>aliud</strong></span> <span class='ocrx_word' id='word_1_250' title='bbox 1314 3390 1545 3457; x_wconf 84' lang='lat' dir='ltr'><strong>agimus,</strong></span> <span class='ocrx_word' id='word_1_251' title='bbox 1580 3397 1788 3454; x_wconf 81' lang='lat' dir='ltr'><strong>tempus</strong></span> <span class='ocrx_word' id='word_1_252' title='bbox 1828 3398 1879 3440; x_wconf 90' lang='lat' dir='ltr'><strong>et</strong></span> <span class='ocrx_word' id='word_1_253' title='bbox 1920 3402 2075 3439; x_wconf 82' lang='lat' dir='ltr'><strong>caSiis</strong></span> <span class='ocrx_word' id='word_1_254' title='bbox 2108 3386 2368 3447; x_wconf 73' lang='lat' dir='ltr'><strong>offerunt,</strong></span> <span class='ocrx_word' id='word_1_255' title='bbox 2418 3402 2535 3450; x_wconf 79' lang='lat' dir='ltr'><strong>qua:</strong></span> <span class='ocrx_word' id='word_1_256' title='bbox 2573 3387 2835 3440; x_wconf 87' lang='lat' dir='ltr'><strong>incassum</strong></span> <span class='ocrx_word' id='word_1_257' title='bbox 2882 3391 3013 3445; x_wconf 90' lang='lat' dir='ltr'><strong>alias</strong></span> <span class='ocrx_word' id='word_1_258' title='bbox 3058 3409 3362 3460; x_wconf 67' lang='lat' dir='ltr'><strong>qumreres,</strong></span> 
     </span>
    </p>
   </div>
   <div class='ocr_carea' id='block_1_35' title="bbox 129 3476 3365 3569">
    <p class='ocr_par' dir='ltr' id='par_1_35' title="bbox 129 3476 3353 3567">
     <span class='ocr_line' id='line_1_36' title="bbox 129 3476 3353 3567; baseline 0.002 -33"><span class='ocrx_word' id='word_1_259' title='bbox 129 3497 177 3534; x_wconf 74' lang='lat' dir='ltr'><strong>ac</strong></span> <span class='ocrx_word' id='word_1_260' title='bbox 211 3499 271 3537; x_wconf 89' lang='lat' dir='ltr'><strong>ne</strong></span> <span class='ocrx_word' id='word_1_261' title='bbox 292 3485 546 3553; x_wconf 79' lang='lat' dir='ltr'><strong>mgitatio</strong></span> <span class='ocrx_word' id='word_1_262' title='bbox 589 3484 799 3553; x_wconf 89' lang='lat' dir='ltr'><strong>quidem</strong></span> <span class='ocrx_word' id='word_1_263' title='bbox 844 3481 1112 3553; x_wconf 78' lang='lat' dir='ltr'><strong>qnzerendi</strong></span> <span class='ocrx_word' id='word_1_264' title='bbox 1159 3480 1311 3533; x_wconf 82' lang='lat' dir='ltr'><strong>facile</strong></span> <span class='ocrx_word' id='word_1_265' title='bbox 1352 3480 1712 3534; x_wconf 75' lang='lat' dir='ltr'><strong>excitaretur?</strong></span> <span class='ocrx_word' id='word_1_266' title='bbox 1756 3477 1891 3542; x_wconf 88' lang='lat' dir='ltr'><strong>Quid</strong></span> <span class='ocrx_word' id='word_1_267' title='bbox 1940 3480 1989 3530; x_wconf 93' lang='lat' dir='ltr'><strong>in</strong></span> <span class='ocrx_word' id='word_1_268' title='bbox 2038 3478 2148 3544; x_wconf 89' lang='lat' dir='ltr'><strong>ipsa</strong></span> <span class='ocrx_word' id='word_1_269' title='bbox 2188 3476 2321 3531; x_wconf 85' lang='lat' dir='ltr'><strong>adeo</strong></span> <span class='ocrx_word' id='word_1_270' title='bbox 2363 3476 2601 3567; x_wconf 60' lang='lat' dir='ltr'><strong>familiari</strong></span> <span class='ocrx_word' id='word_1_271' title='bbox 2644 3489 2697 3531; x_wconf 87' lang='lat' dir='ltr'><strong>et</strong></span> <span class='ocrx_word' id='word_1_272' title='bbox 2740 3481 3043 3547; x_wconf 91' lang='lat' dir='ltr'><strong>quotidiana</strong></span> <span class='ocrx_word' id='word_1_273' title='bbox 3089 3487 3353 3541; x_wconf 89' lang='lat' dir='ltr'><strong>sermonis</strong></span> 
     </span>
    </p>
   </div>
   <div class='ocr_carea' id='block_1_36' title="bbox 128 3569 3366 3635">
    <p class='ocr_par' dir='ltr' id='par_1_36' title="bbox 128 3569 3366 3635">
     <span class='ocr_line' id='line_1_37' title="bbox 128 3569 3366 3635; baseline 0.002 -13"><span class='ocrx_word' id='word_1_274' title='bbox 128 3574 589 3627; x_wconf 71' lang='lat' dir='ltr'><strong>cotiununicatione</strong></span> <span class='ocrx_word' id='word_1_275' title='bbox 624 3573 843 3626; x_wconf 89' lang='lat' dir='ltr'><strong>consilia</strong></span> <span class='ocrx_word' id='word_1_276' title='bbox 875 3572 1149 3625; x_wconf 85' lang='lat' dir='ltr'><strong>doctorum</strong></span> <span class='ocrx_word' id='word_1_277' title='bbox 1211 3570 1479 3621; x_wconf 82' lang='lat' dir='ltr'><strong>hominum</strong></span> <span class='ocrx_word' id='word_1_278' title='bbox 1522 3579 1575 3622; x_wconf 89' lang='lat' dir='ltr'><strong>et</strong></span> <span class='ocrx_word' id='word_1_279' title='bbox 1603 3569 1827 3635; x_wconf 71' lang='lat' dir='ltr'><strong>cogitata</strong></span> <span class='ocrx_word' id='word_1_280' title='bbox 1861 3582 2187 3621; x_wconf 82' lang='lat' dir='ltr'><strong>entnmemor</strong></span> <span class='ocrx_word' id='word_1_281' title='bbox 2224 3569 2314 3619; x_wconf 82' lang='lat' dir='ltr'><strong>m?</strong></span> <span class='ocrx_word' id='word_1_282' title='bbox 2362 3570 2541 3621; x_wconf 80' lang='lat' dir='ltr'><strong>lloma:</strong></span> <span class='ocrx_word' id='word_1_283' title='bbox 2582 3570 2905 3635; x_wconf 54' lang='lat' dir='ltr'><strong>praesertim,</strong></span> <span class='ocrx_word' id='word_1_284' title='bbox 2949 3571 3033 3623; x_wconf 82' lang='lat' dir='ltr'><strong>ubi</strong></span> <span class='ocrx_word' id='word_1_285' title='bbox 3068 3582 3170 3626; x_wconf 89' lang='lat' dir='ltr'><strong>tam</strong></span> <span class='ocrx_word' id='word_1_286' title='bbox 3202 3573 3366 3628; x_wconf 89' lang='lat' dir='ltr'><strong>mult&#39;</strong></span> 
     </span>
    </p>
   </div>
   <div class='ocr_carea' id='block_1_37' title="bbox 128 3658 3361 3732">
    <p class='ocr_par' dir='ltr' id='par_1_37' title="bbox 128 3658 3361 3732">
     <span class='ocr_line' id='line_1_38' title="bbox 128 3658 3361 3732; baseline 0.002 -18"><span class='ocrx_word' id='word_1_287' title='bbox 128 3673 230 3715; x_wconf 87' lang='lat' dir='ltr'><strong>sunt</strong></span> <span class='ocrx_word' id='word_1_288' title='bbox 261 3667 346 3732; x_wconf 91' lang='lat' dir='ltr'><strong>qui</strong></span> <span class='ocrx_word' id='word_1_289' title='bbox 394 3666 446 3716; x_wconf 93' lang='lat' dir='ltr'><strong>in</strong></span> <span class='ocrx_word' id='word_1_290' title='bbox 491 3662 893 3731; x_wconf 88' lang='lat' dir='ltr'><strong>antiquitatibus</strong></span> <span class='ocrx_word' id='word_1_291' title='bbox 941 3663 1105 3713; x_wconf 76' lang='lat' dir='ltr'><strong>sacris</strong></span> <span class='ocrx_word' id='word_1_292' title='bbox 1152 3673 1205 3713; x_wconf 91' lang='lat' dir='ltr'><strong>et</strong></span> <span class='ocrx_word' id='word_1_293' title='bbox 1250 3660 1478 3726; x_wconf 72' lang='lat' dir='ltr'><strong>profanis</strong></span> <span class='ocrx_word' id='word_1_294' title='bbox 1528 3660 1907 3727; x_wconf 77' lang='lat' dir='ltr'><strong>investigandis</strong></span> <span class='ocrx_word' id='word_1_295' title='bbox 1946 3658 2132 3725; x_wconf 81' lang='lat' dir='ltr'><strong>juvate</strong></span> <span class='ocrx_word' id='word_1_296' title='bbox 2179 3670 2230 3711; x_wconf 88' lang='lat' dir='ltr'><strong>te</strong></span> <span class='ocrx_word' id='word_1_297' title='bbox 2278 3658 2478 3724; x_wconf 78' lang='lat' dir='ltr'><strong>possint</strong></span> <span class='ocrx_word' id='word_1_298' title='bbox 2521 3666 2575 3710; x_wconf 86' lang='lat' dir='ltr'><strong>et</strong></span> <span class='ocrx_word' id='word_1_299' title='bbox 2614 3660 2793 3718; x_wconf 84' lang='lat' dir='ltr'><strong>velint.</strong></span> <span class='ocrx_word' id='word_1_300' title='bbox 2838 3677 3093 3730; x_wconf 84' lang='lat' dir='ltr'><strong>nusquam</strong></span> <span class='ocrx_word' id='word_1_301' title='bbox 3138 3676 3191 3718; x_wconf 94' lang='lat' dir='ltr'><strong>ut</strong></span> <span class='ocrx_word' id='word_1_302' title='bbox 3233 3667 3361 3719; x_wconf 85' lang='lat' dir='ltr'><strong>alib&#39;</strong></span> 
     </span>
    </p>
   </div>
   <div class='ocr_carea' id='block_1_38' title="bbox 128 3749 3366 3821">
    <p class='ocr_par' dir='ltr' id='par_1_38' title="bbox 128 3749 3366 3821">
     <span class='ocr_line' id='line_1_39' title="bbox 128 3749 3366 3821; baseline 0.001 -16"><span class='ocrx_word' id='word_1_303' title='bbox 128 3757 301 3821; x_wconf 87' lang='lat' dir='ltr'><strong>majora</strong></span> <span class='ocrx_word' id='word_1_304' title='bbox 347 3756 529 3809; x_wconf 90' lang='lat' dir='ltr'><strong>adsint</strong></span> <span class='ocrx_word' id='word_1_305' title='bbox 574 3755 871 3821; x_wconf 72' lang='lat' dir='ltr'><strong>adiumenta</strong></span> <span class='ocrx_word' id='word_1_306' title='bbox 927 3750 990 3805; x_wconf 84' lang='lat' dir='ltr'><strong>ail</strong></span> <span class='ocrx_word' id='word_1_307' title='bbox 1045 3752 1340 3819; x_wconf 83' lang='lat' dir='ltr'><strong>hujusmodi</strong></span> <span class='ocrx_word' id='word_1_308' title='bbox 1395 3767 1569 3803; x_wconf 84' lang='lat' dir='ltr'><strong>rerum</strong></span> <span class='ocrx_word' id='word_1_309' title='bbox 1623 3750 2102 3804; x_wconf 82' lang='lat' dir='ltr'><strong>commentationes</strong></span> <span class='ocrx_word' id='word_1_310' title='bbox 2152 3749 2522 3813; x_wconf 78' lang='lat' dir='ltr'><strong>perficiendas.</strong></span> <span class='ocrx_word' id='word_1_311' title='bbox 2584 3749 2845 3803; x_wconf 67' lang='lat' dir='ltr'><strong>(la-terum</strong></span> <span class='ocrx_word' id='word_1_312' title='bbox 2897 3768 2963 3806; x_wconf 90' lang='lat' dir='ltr'><strong>ne</strong></span> <span class='ocrx_word' id='word_1_313' title='bbox 3012 3754 3273 3807; x_wconf 77' lang='lat' dir='ltr'><strong>tarditatis</strong></span> <span class='ocrx_word' id='word_1_314' title='bbox 3316 3765 3366 3810; x_wconf 88' lang='lat' dir='ltr'><strong>et</strong></span> 
     </span>
    </p>
   </div>
   <div class='ocr_carea' id='block_1_39' title="bbox 128 3842 3366 3915">
    <p class='ocr_par' dir='ltr' id='par_1_39' title="bbox 128 3842 3366 3915">
     <span class='ocr_line' id='line_1_40' title="bbox 128 3842 3366 3915; baseline 0.001 -18"><span class='ocrx_word' id='word_1_315' title='bbox 128 3848 601 3911; x_wconf 76' lang='lat' dir='ltr'><strong>procrastinationis</strong></span> <span class='ocrx_word' id='word_1_316' title='bbox 640 3863 861 3915; x_wconf 82' lang='lat' dir='ltr'><strong>arguar,</strong></span> <span class='ocrx_word' id='word_1_317' title='bbox 896 3856 985 3897; x_wconf 90' lang='lat' dir='ltr'><strong>aut</strong></span> <span class='ocrx_word' id='word_1_318' title='bbox 1028 3859 1267 3898; x_wconf 87' lang='lat' dir='ltr'><strong>cessasse</strong></span> <span class='ocrx_word' id='word_1_319' title='bbox 1304 3844 1476 3911; x_wconf 82' lang='lat' dir='ltr'><strong>potius</strong></span> <span class='ocrx_word' id='word_1_320' title='bbox 1516 3843 1703 3896; x_wconf 88' lang='lat' dir='ltr'><strong>videar</strong></span> <span class='ocrx_word' id='word_1_321' title='bbox 1765 3858 1921 3909; x_wconf 87' lang='lat' dir='ltr'><strong>quam</strong></span> <span class='ocrx_word' id='word_1_322' title='bbox 1967 3842 2222 3909; x_wconf 86' lang='lat' dir='ltr'><strong>temporis</strong></span> <span class='ocrx_word' id='word_1_323' title='bbox 2265 3843 2711 3908; x_wconf 76' lang='lat' dir='ltr'><strong>Opportunitazem</strong></span> <span class='ocrx_word' id='word_1_324' title='bbox 2755 3843 2985 3896; x_wconf 67' lang='lat' dir='ltr'><strong>voluisse</strong></span> <span class='ocrx_word' id='word_1_325' title='bbox 3023 3856 3366 3911; x_wconf 81' lang='lat' dir='ltr'><strong>exspectare,</strong></span> 
     </span>
    </p>
   </div>
   <div class='ocr_carea' id='block_1_40' title="bbox 128 3933 3367 4006">
    <p class='ocr_par' dir='ltr' id='par_1_40' title="bbox 128 3933 3367 4006">
     <span class='ocr_line' id='line_1_41' title="bbox 128 3933 3367 4006; baseline 0.001 -19"><span class='ocrx_word' id='word_1_326' title='bbox 128 3937 275 4003; x_wconf 83' lang='lat' dir='ltr'><strong>quoad</strong></span> <span class='ocrx_word' id='word_1_327' title='bbox 315 3954 449 4006; x_wconf 88' lang='lat' dir='ltr'><strong>opus</strong></span> <span class='ocrx_word' id='word_1_328' title='bbox 479 3948 879 3999; x_wconf 82' lang='lat' dir='ltr'><strong>maturesceret,</strong></span> <span class='ocrx_word' id='word_1_329' title='bbox 913 3937 1136 3988; x_wconf 90' lang='lat' dir='ltr'><strong>aliorum</strong></span> <span class='ocrx_word' id='word_1_330' title='bbox 1166 3936 1379 4003; x_wconf 89' lang='lat' dir='ltr'><strong>demum</strong></span> <span class='ocrx_word' id='word_1_331' title='bbox 1408 3937 1634 3989; x_wconf 88' lang='lat' dir='ltr'><strong>consilio</strong></span> <span class='ocrx_word' id='word_1_332' title='bbox 1668 3936 1938 4002; x_wconf 88' lang='lat' dir='ltr'><strong>acquievi,</strong></span> <span class='ocrx_word' id='word_1_333' title='bbox 1973 3949 2280 4001; x_wconf 85' lang='lat' dir='ltr'><strong>moremque</strong></span> <span class='ocrx_word' id='word_1_334' title='bbox 2311 3933 2569 3985; x_wconf 89' lang='lat' dir='ltr'><strong>voluntati</strong></span> <span class='ocrx_word' id='word_1_335' title='bbox 2597 3936 2757 4002; x_wconf 83' lang='lat' dir='ltr'><strong>gessi.</strong></span> <span class='ocrx_word' id='word_1_336' title='bbox 2792 3934 2807 3987; x_wconf 92' lang='grc' dir='ltr'><strong>Ι</strong></span> <span class='ocrx_word' id='word_1_337' title='bbox 2834 3934 2921 3987; x_wconf 89' lang='lat' dir='ltr'><strong>lud</strong></span> <span class='ocrx_word' id='word_1_338' title='bbox 2953 3939 3110 3988; x_wconf 56' lang='lat' dir='ltr'><strong>erant</strong></span> <span class='ocrx_word' id='word_1_339' title='bbox 3140 3938 3367 3994; x_wconf 79' lang='lat' dir='ltr'><strong>addebat</strong></span> 
     </span>
    </p>
   </div>
   <div class='ocr_carea' id='block_1_41' title="bbox 129 4021 3367 4098">
    <p class='ocr_par' dir='ltr' id='par_1_41' title="bbox 129 4021 3367 4098">
     <span class='ocr_line' id='line_1_42' title="bbox 129 4021 3367 4098; baseline 0 -19"><span class='ocrx_word' id='word_1_340' title='bbox 129 4030 336 4091; x_wconf 77' lang='lat' dir='ltr'><strong>animos,</strong></span> <span class='ocrx_word' id='word_1_341' title='bbox 374 4030 521 4098; x_wconf 88' lang='lat' dir='ltr'><strong>quod</strong></span> <span class='ocrx_word' id='word_1_342' title='bbox 553 4028 865 4081; x_wconf 88' lang='lat' dir='ltr'><strong>industriam</strong></span> <span class='ocrx_word' id='word_1_343' title='bbox 896 4042 925 4079; x_wconf 91' lang='lat' dir='ltr'><strong>a</strong></span> <span class='ocrx_word' id='word_1_344' title='bbox 955 4042 1037 4080; x_wconf 91' lang='lat' dir='ltr'><strong>me</strong></span> <span class='ocrx_word' id='word_1_345' title='bbox 1066 4027 1117 4078; x_wconf 93' lang='lat' dir='ltr'><strong>in</strong></span> <span class='ocrx_word' id='word_1_346' title='bbox 1158 4027 1315 4092; x_wconf 90' lang='lat' dir='ltr'><strong>priori</strong></span> <span class='ocrx_word' id='word_1_347' title='bbox 1350 4025 1618 4079; x_wconf 88' lang='lat' dir='ltr'><strong>volumine</strong></span> <span class='ocrx_word' id='word_1_348' title='bbox 1649 4026 1871 4093; x_wconf 82' lang='lat' dir='ltr'><strong>positam</strong></span> <span class='ocrx_word' id='word_1_349' title='bbox 1904 4023 2051 4075; x_wconf 88' lang='lat' dir='ltr'><strong>nmlti</strong></span> <span class='ocrx_word' id='word_1_350' title='bbox 2088 4022 2182 4074; x_wconf 90' lang='lat' dir='ltr'><strong>viri</strong></span> <span class='ocrx_word' id='word_1_351' title='bbox 2214 4036 2402 4090; x_wconf 81' lang='lat' dir='ltr'><strong>graves</strong></span> <span class='ocrx_word' id='word_1_352' title='bbox 2440 4021 2538 4074; x_wconf 68' lang='lat' dir='ltr'><strong>sibi</strong></span> <span class='ocrx_word' id='word_1_353' title='bbox 2571 4036 2673 4073; x_wconf 92' lang='lat' dir='ltr'><strong>non</strong></span> <span class='ocrx_word' id='word_1_354' title='bbox 2704 4022 2875 4075; x_wconf 91' lang='lat' dir='ltr'><strong>solum</strong></span> <span class='ocrx_word' id='word_1_355' title='bbox 2907 4034 3144 4091; x_wconf 73' lang='lat' dir='ltr'><strong>gratam,</strong></span> <span class='ocrx_word' id='word_1_356' title='bbox 3178 4040 3367 4080; x_wconf 85' lang='lat' dir='ltr'><strong>verum</strong></span> 
     </span>
    </p>
   </div>
   <div class='ocr_carea' id='block_1_42' title="bbox 130 4112 3368 4184">
    <p class='ocr_par' dir='ltr' id='par_1_42' title="bbox 130 4112 3368 4184">
     <span class='ocr_line' id='line_1_43' title="bbox 130 4112 3368 4184; baseline 0 -15"><span class='ocrx_word' id='word_1_357' title='bbox 130 4119 263 4169; x_wconf 80' lang='lat' dir='ltr'><strong>etiam</strong></span> <span class='ocrx_word' id='word_1_358' title='bbox 294 4130 463 4173; x_wconf 86' lang='lat' dir='ltr'><strong>ratam</strong></span> <span class='ocrx_word' id='word_1_359' title='bbox 500 4121 663 4171; x_wconf 82' lang='lat' dir='ltr'><strong>fuisse</strong></span> <span class='ocrx_word' id='word_1_360' title='bbox 703 4116 839 4169; x_wconf 91' lang='lat' dir='ltr'><strong>haud</strong></span> <span class='ocrx_word' id='word_1_361' title='bbox 870 4121 1092 4169; x_wconf 76' lang='lat' dir='ltr'><strong>obscura</strong></span> <span class='ocrx_word' id='word_1_362' title='bbox 1131 4115 1291 4169; x_wconf 88' lang='lat' dir='ltr'><strong>animi</strong></span> <span class='ocrx_word' id='word_1_363' title='bbox 1324 4117 1710 4184; x_wconf 81' lang='lat' dir='ltr'><strong>significatione</strong></span> <span class='ocrx_word' id='word_1_364' title='bbox 1740 4115 2079 4168; x_wconf 89' lang='lat' dir='ltr'><strong>declararunt.</strong></span> <span class='ocrx_word' id='word_1_365' title='bbox 2116 4128 2129 4164; x_wconf 91' lang='lat'>:</span> <span class='ocrx_word' id='word_1_366' title='bbox 2168 4112 2299 4178; x_wconf 87' lang='lat' dir='ltr'><strong>viri,</strong></span> <span class='ocrx_word' id='word_1_367' title='bbox 2334 4114 2578 4179; x_wconf 89' lang='lat' dir='ltr'><strong>inquam,</strong></span> <span class='ocrx_word' id='word_1_368' title='bbox 2612 4128 2829 4180; x_wconf 79' lang='lat' dir='ltr'><strong>graves,</strong></span> <span class='ocrx_word' id='word_1_369' title='bbox 2861 4128 2888 4164; x_wconf 92' lang='lat' dir='ltr'><strong>a</strong></span> <span class='ocrx_word' id='word_1_370' title='bbox 2926 4114 3151 4180; x_wconf 88' lang='lat' dir='ltr'><strong>partium</strong></span> <span class='ocrx_word' id='word_1_371' title='bbox 3191 4119 3368 4173; x_wconf 88' lang='lat' dir='ltr'><strong>studio</strong></span> 
     </span>
    </p>
   </div>
   <div class='ocr_carea' id='block_1_43' title="bbox 129 4203 3368 4281">
    <p class='ocr_par' dir='ltr' id='par_1_43' title="bbox 129 4203 3368 4281">
     <span class='ocr_line' id='line_1_44' title="bbox 129 4203 3368 4281; baseline 0.001 -23"><span class='ocrx_word' id='word_1_372' title='bbox 129 4213 323 4274; x_wconf 84' lang='lat' dir='ltr'><strong>semoti,</strong></span> <span class='ocrx_word' id='word_1_373' title='bbox 355 4223 410 4264; x_wconf 91' lang='lat' dir='ltr'><strong>et</strong></span> <span class='ocrx_word' id='word_1_374' title='bbox 439 4210 551 4263; x_wconf 88' lang='lat' dir='ltr'><strong>acri</strong></span> <span class='ocrx_word' id='word_1_375' title='bbox 579 4208 775 4277; x_wconf 87' lang='lat' dir='ltr'><strong>judicio</strong></span> <span class='ocrx_word' id='word_1_376' title='bbox 802 4217 1145 4281; x_wconf 77' lang='lat' dir='ltr'><strong>pra-stantes,</strong></span> <span class='ocrx_word' id='word_1_377' title='bbox 1178 4208 1376 4275; x_wconf 91' lang='lat' dir='ltr'><strong>quique</strong></span> <span class='ocrx_word' id='word_1_378' title='bbox 1408 4214 1663 4274; x_wconf 66' lang='lat' dir='ltr'><strong>prasterea</strong></span> <span class='ocrx_word' id='word_1_379' title='bbox 1700 4204 1920 4257; x_wconf 86' lang='lat' dir='ltr'><strong>liberam</strong></span> <span class='ocrx_word' id='word_1_380' title='bbox 1964 4203 2282 4257; x_wconf 87' lang='lat' dir='ltr'><strong>sententiam</strong></span> <span class='ocrx_word' id='word_1_381' title='bbox 2318 4205 2554 4257; x_wconf 89' lang='lat' dir='ltr'><strong>omnium</strong></span> <span class='ocrx_word' id='word_1_382' title='bbox 2588 4204 2817 4257; x_wconf 77' lang='lat' dir='ltr'><strong>maxime</strong></span> <span class='ocrx_word' id='word_1_383' title='bbox 2854 4204 3097 4270; x_wconf 86' lang='lat' dir='ltr'><strong>proferre</strong></span> <span class='ocrx_word' id='word_1_384' title='bbox 3128 4222 3368 4272; x_wconf 89' lang='lat' dir='ltr'><strong>possunt.</strong></span> 
     </span>
    </p>
   </div>
   <div class='ocr_carea' id='block_1_44' title="bbox 130 4290 3405 4370">
    <p class='ocr_par' dir='ltr' id='par_1_44' title="bbox 130 4290 3405 4370">
     <span class='ocr_line' id='line_1_45' title="bbox 130 4290 3405 4370; baseline 0.001 -17"><span class='ocrx_word' id='word_1_385' title='bbox 130 4301 415 4370; x_wconf 73' lang='lat' dir='ltr'><strong>Quanquam</strong></span> <span class='ocrx_word' id='word_1_386' title='bbox 452 4302 524 4354; x_wconf 91' lang='lat' dir='ltr'><strong>de</strong></span> <span class='ocrx_word' id='word_1_387' title='bbox 552 4316 638 4353; x_wconf 90' lang='lat' dir='ltr'><strong>me</strong></span> <span class='ocrx_word' id='word_1_388' title='bbox 675 4300 794 4369; x_wconf 88' lang='lat' dir='ltr'><strong>quis</strong></span> <span class='ocrx_word' id='word_1_389' title='bbox 825 4300 1093 4353; x_wconf 87' lang='lat' dir='ltr'><strong>liberrime</strong></span> <span class='ocrx_word' id='word_1_390' title='bbox 1124 4315 1227 4351; x_wconf 86' lang='lat' dir='ltr'><strong>non</strong></span> <span class='ocrx_word' id='word_1_391' title='bbox 1256 4299 1491 4365; x_wconf 83' lang='lat' dir='ltr'><strong>judicet?</strong></span> <span class='ocrx_word' id='word_1_392' title='bbox 1532 4298 1620 4365; x_wconf 89' lang='lat' dir='ltr'><strong>qui</strong></span> <span class='ocrx_word' id='word_1_393' title='bbox 1673 4297 1952 4351; x_wconf 89' lang='lat' dir='ltr'><strong>liberiores</strong></span> <span class='ocrx_word' id='word_1_394' title='bbox 1980 4297 2334 4365; x_wconf 87' lang='lat' dir='ltr'><strong>quorumlibet</strong></span> <span class='ocrx_word' id='word_1_395' title='bbox 2366 4296 2640 4349; x_wconf 87' lang='lat' dir='ltr'><strong>hominum</strong></span> <span class='ocrx_word' id='word_1_396' title='bbox 2680 4312 2961 4361; x_wconf 86' lang='lat' dir='ltr'><strong>censuras,</strong></span> <span class='ocrx_word' id='word_1_397' title='bbox 2997 4299 3367 4367; x_wconf 71' lang='lat' dir='ltr'><strong>prmjudicatas</strong></span> <span class='ocrx_word' id='word_1_398' title='bbox 3396 4290 3405 4298; x_wconf 63' lang='grc'><em>”</em></span> 
     </span>
    </p>
   </div>
   <div class='ocr_carea' id='block_1_45' title="bbox 130 4386 3363 4457">
    <p class='ocr_par' dir='ltr' id='par_1_45' title="bbox 130 4386 3363 4457">
     <span class='ocr_line' id='line_1_46' title="bbox 130 4386 3363 4457; baseline 0.003 -19"><span class='ocrx_word' id='word_1_399' title='bbox 130 4391 265 4442; x_wconf 79' lang='lat' dir='ltr'><strong>etiam</strong></span> <span class='ocrx_word' id='word_1_400' title='bbox 296 4408 400 4443; x_wconf 85' lang='lat' dir='ltr'><strong>non</strong></span> <span class='ocrx_word' id='word_1_401' title='bbox 436 4389 724 4457; x_wconf 81' lang='lat' dir='ltr'><strong>legentium</strong></span> <span class='ocrx_word' id='word_1_402' title='bbox 756 4388 1150 4454; x_wconf 79' lang='lat' dir='ltr'><strong>castigationes,</strong></span> <span class='ocrx_word' id='word_1_403' title='bbox 1182 4388 1387 4440; x_wconf 83' lang='lat' dir='ltr'><strong>fa-tidia</strong></span> <span class='ocrx_word' id='word_1_404' title='bbox 1419 4402 1604 4439; x_wconf 87' lang='lat' dir='ltr'><strong>eorum</strong></span> <span class='ocrx_word' id='word_1_405' title='bbox 1636 4386 1747 4454; x_wconf 89' lang='lat' dir='ltr'><strong>qtti,</strong></span> <span class='ocrx_word' id='word_1_406' title='bbox 1774 4401 1892 4440; x_wconf 92' lang='lat' dir='ltr'><strong>cum</strong></span> <span class='ocrx_word' id='word_1_407' title='bbox 1925 4386 2144 4439; x_wconf 88' lang='lat' dir='ltr'><strong>meliora</strong></span> <span class='ocrx_word' id='word_1_408' title='bbox 2177 4386 2408 4440; x_wconf 82' lang='lat' dir='ltr'><strong>fortasse</strong></span> <span class='ocrx_word' id='word_1_409' title='bbox 2440 4386 2613 4441; x_wconf 86' lang='lat' dir='ltr'><strong>facere</strong></span> <span class='ocrx_word' id='word_1_410' title='bbox 2645 4388 2740 4454; x_wconf 91' lang='lat' dir='ltr'><strong>ipsi</strong></span> <span class='ocrx_word' id='word_1_411' title='bbox 2770 4392 2995 4455; x_wconf 86' lang='lat' dir='ltr'><strong>possint,</strong></span> <span class='ocrx_word' id='word_1_412' title='bbox 3026 4391 3153 4443; x_wconf 85' lang='lat' dir='ltr'><strong>nihil</strong></span> <span class='ocrx_word' id='word_1_413' title='bbox 3189 4402 3363 4449; x_wconf 89' lang='lat' dir='ltr'><strong>tamen</strong></span> 
     </span>
    </p>
   </div>
   <div class='ocr_carea' id='block_1_46' title="bbox 130 4474 3364 4549">
    <p class='ocr_par' dir='ltr' id='par_1_46' title="bbox 130 4474 3364 4549">
     <span class='ocr_line' id='line_1_47' title="bbox 130 4474 3364 4549; baseline 0.003 -24"><span class='ocrx_word' id='word_1_414' title='bbox 130 4479 387 4543; x_wconf 72' lang='lat' dir='ltr'><strong>utricant,</strong></span> <span class='ocrx_word' id='word_1_415' title='bbox 419 4480 731 4545; x_wconf 88' lang='lat' dir='ltr'><strong>maluntque</strong></span> <span class='ocrx_word' id='word_1_416' title='bbox 763 4476 814 4528; x_wconf 91' lang='lat' dir='ltr'><strong>in</strong></span> <span class='ocrx_word' id='word_1_417' title='bbox 844 4474 1111 4542; x_wconf 87' lang='lat' dir='ltr'><strong>republica</strong></span> <span class='ocrx_word' id='word_1_418' title='bbox 1142 4476 1397 4528; x_wconf 86' lang='lat' dir='ltr'><strong>litteraria</strong></span> <span class='ocrx_word' id='word_1_419' title='bbox 1426 4476 1622 4541; x_wconf 88' lang='lat' dir='ltr'><strong>judicia</strong></span> <span class='ocrx_word' id='word_1_420' title='bbox 1656 4475 1793 4528; x_wconf 90' lang='lat' dir='ltr'><strong>ferre</strong></span> <span class='ocrx_word' id='word_1_421' title='bbox 1822 4490 1978 4541; x_wconf 86' lang='lat' dir='ltr'><strong>quam</strong></span> <span class='ocrx_word' id='word_1_422' title='bbox 2011 4476 2211 4538; x_wconf 82' lang='lat' dir='ltr'><strong>subire,</strong></span> <span class='ocrx_word' id='word_1_423' title='bbox 2242 4491 2343 4529; x_wconf 89' lang='lat' dir='ltr'><strong>nec</strong></span> <span class='ocrx_word' id='word_1_424' title='bbox 2370 4476 2620 4530; x_wconf 85' lang='lat' dir='ltr'><strong>cohibere</strong></span> <span class='ocrx_word' id='word_1_425' title='bbox 2653 4492 2870 4544; x_wconf 71' lang='lat' dir='ltr'><strong>possxm,</strong></span> <span class='ocrx_word' id='word_1_426' title='bbox 2905 4478 2948 4531; x_wconf 90' lang='lat' dir='ltr'><strong>si</strong></span> <span class='ocrx_word' id='word_1_427' title='bbox 2982 4480 3158 4539; x_wconf 82' lang='lat' dir='ltr'><strong>velim.</strong></span> <span class='ocrx_word' id='word_1_428' title='bbox 3193 4499 3364 4549; x_wconf 88' lang='lat' dir='ltr'><strong>neque</strong></span> 
     </span>
    </p>
   </div>
   <div class='ocr_carea' id='block_1_47' title="bbox 129 4563 3363 4635">
    <p class='ocr_par' dir='ltr' id='par_1_47' title="bbox 129 4563 3363 4635">
     <span class='ocr_line' id='line_1_48' title="bbox 129 4563 3363 4635; baseline 0.002 -18"><span class='ocrx_word' id='word_1_429' title='bbox 129 4572 242 4617; x_wconf 74' lang='lat' dir='ltr'><strong>adeo</strong></span> <span class='ocrx_word' id='word_1_430' title='bbox 278 4568 457 4627; x_wconf 87' lang='lat' dir='ltr'><strong>velim,</strong></span> <span class='ocrx_word' id='word_1_431' title='bbox 498 4565 545 4618; x_wconf 90' lang='lat' dir='ltr'><strong>si</strong></span> <span class='ocrx_word' id='word_1_432' title='bbox 586 4566 804 4632; x_wconf 88' lang='lat' dir='ltr'><strong>possim.</strong></span> <span class='ocrx_word' id='word_1_433' title='bbox 844 4568 959 4628; x_wconf 80' lang='lat' dir='ltr'><strong>Quo</strong></span> <span class='ocrx_word' id='word_1_434' title='bbox 998 4564 1247 4630; x_wconf 78' lang='lat' dir='ltr'><strong>majorem</strong></span> <span class='ocrx_word' id='word_1_435' title='bbox 1286 4566 1503 4629; x_wconf 76' lang='lat' dir='ltr'><strong>gratiam</strong></span> <span class='ocrx_word' id='word_1_436' title='bbox 1549 4565 1630 4617; x_wconf 90' lang='lat' dir='ltr'><strong>bis</strong></span> <span class='ocrx_word' id='word_1_437' title='bbox 1669 4563 1864 4618; x_wconf 86' lang='lat' dir='ltr'><strong>habere</strong></span> <span class='ocrx_word' id='word_1_438' title='bbox 1891 4565 2081 4625; x_wconf 87' lang='lat' dir='ltr'><strong>debeo,</strong></span> <span class='ocrx_word' id='word_1_439' title='bbox 2129 4565 2217 4633; x_wconf 90' lang='lat' dir='ltr'><strong>qui</strong></span> <span class='ocrx_word' id='word_1_440' title='bbox 2260 4566 2393 4619; x_wconf 82' lang='lat' dir='ltr'><strong>bene</strong></span> <span class='ocrx_word' id='word_1_441' title='bbox 2428 4567 2495 4619; x_wconf 89' lang='lat' dir='ltr'><strong>de</strong></span> <span class='ocrx_word' id='word_1_442' title='bbox 2526 4581 2609 4619; x_wconf 90' lang='lat' dir='ltr'><strong>me</strong></span> <span class='ocrx_word' id='word_1_443' title='bbox 2645 4580 2765 4619; x_wconf 83' lang='lat' dir='ltr'><strong>Slllll</strong></span> <span class='ocrx_word' id='word_1_444' title='bbox 2809 4570 3000 4621; x_wconf 79' lang='lat' dir='ltr'><strong>meriti.</strong></span> <span class='ocrx_word' id='word_1_445' title='bbox 3044 4573 3363 4635; x_wconf 82' lang='lat' dir='ltr'><strong>Accedebat,</strong></span> 
     </span>
    </p>
   </div>
   <div class='ocr_carea' id='block_1_48' title="bbox 132 4652 3361 4720">
    <p class='ocr_par' dir='ltr' id='par_1_48' title="bbox 132 4652 3361 4720">
     <span class='ocr_line' id='line_1_49' title="bbox 132 4652 3361 4720; baseline 0.002 -17"><span class='ocrx_word' id='word_1_446' title='bbox 132 4656 250 4716; x_wconf 89' lang='lat' dir='ltr'><strong>quod</strong></span> <span class='ocrx_word' id='word_1_447' title='bbox 288 4672 406 4708; x_wconf 86' lang='lat' dir='ltr'><strong>cum</strong></span> <span class='ocrx_word' id='word_1_448' title='bbox 457 4655 668 4707; x_wconf 88' lang='lat' dir='ltr'><strong>duobus</strong></span> <span class='ocrx_word' id='word_1_449' title='bbox 716 4652 1071 4705; x_wconf 71' lang='lat' dir='ltr'><strong>voluminibus</strong></span> <span class='ocrx_word' id='word_1_450' title='bbox 1119 4654 1352 4704; x_wconf 90' lang='lat' dir='ltr'><strong>carmina</strong></span> <span class='ocrx_word' id='word_1_451' title='bbox 1392 4652 1663 4706; x_wconf 85' lang='lat' dir='ltr'><strong>I’rndentii</strong></span> <span class='ocrx_word' id='word_1_452' title='bbox 1714 4656 2171 4720; x_wconf 86' lang='lat' dir='ltr'><strong>comprehendere</strong></span> <span class='ocrx_word' id='word_1_453' title='bbox 2216 4653 2616 4717; x_wconf 84' lang='lat' dir='ltr'><strong>decrevissem,</strong></span> <span class='ocrx_word' id='word_1_454' title='bbox 2674 4655 2741 4706; x_wconf 91' lang='lat' dir='ltr'><strong>ita</strong></span> <span class='ocrx_word' id='word_1_455' title='bbox 2790 4670 2973 4707; x_wconf 83' lang='lat' dir='ltr'><strong>eorum</strong></span> <span class='ocrx_word' id='word_1_456' title='bbox 3024 4658 3191 4712; x_wconf 80' lang='lat' dir='ltr'><strong>moles</strong></span> <span class='ocrx_word' id='word_1_457' title='bbox 3234 4662 3361 4714; x_wconf 88' lang='lat' dir='ltr'><strong>mihi</strong></span> 
     </span>
    </p>
   </div>
   <div class='ocr_carea' id='block_1_49' title="bbox 131 4740 3358 4815">
    <p class='ocr_par' dir='ltr' id='par_1_49' title="bbox 131 4740 3358 4815">
     <span class='ocr_line' id='line_1_50' title="bbox 131 4740 3358 4815; baseline 0.002 -24"><span class='ocrx_word' id='word_1_458' title='bbox 131 4745 445 4809; x_wconf 83' lang='lat' dir='ltr'><strong>necopinanti</strong></span> <span class='ocrx_word' id='word_1_459' title='bbox 488 4741 738 4803; x_wconf 86' lang='lat' dir='ltr'><strong>accrevit,</strong></span> <span class='ocrx_word' id='word_1_460' title='bbox 773 4749 828 4793; x_wconf 88' lang='lat' dir='ltr'><strong>ut</strong></span> <span class='ocrx_word' id='word_1_461' title='bbox 860 4741 1006 4808; x_wconf 85' lang='lat' dir='ltr'><strong>plura</strong></span> <span class='ocrx_word' id='word_1_462' title='bbox 1049 4755 1320 4801; x_wconf 83' lang='lat' dir='ltr'><strong>resecare,</strong></span> <span class='ocrx_word' id='word_1_463' title='bbox 1353 4742 1597 4808; x_wconf 68' lang='lat' dir='ltr'><strong>qumdain</strong></span> <span class='ocrx_word' id='word_1_464' title='bbox 1639 4741 1692 4792; x_wconf 93' lang='lat' dir='ltr'><strong>in</strong></span> <span class='ocrx_word' id='word_1_465' title='bbox 1723 4740 1864 4794; x_wconf 88' lang='lat' dir='ltr'><strong>aliud</strong></span> <span class='ocrx_word' id='word_1_466' title='bbox 1906 4756 2039 4809; x_wconf 93' lang='lat' dir='ltr'><strong>opus</strong></span> <span class='ocrx_word' id='word_1_467' title='bbox 2070 4742 2290 4808; x_wconf 85' lang='lat' dir='ltr'><strong>rejicere</strong></span> <span class='ocrx_word' id='word_1_468' title='bbox 2326 4752 2541 4794; x_wconf 89' lang='lat' dir='ltr'><strong>coactus</strong></span> <span class='ocrx_word' id='word_1_469' title='bbox 2579 4744 2699 4794; x_wconf 69' lang='lat' dir='ltr'><strong>sim.</strong></span> <span class='ocrx_word' id='word_1_470' title='bbox 2748 4742 2919 4810; x_wconf 84' lang='lat' dir='ltr'><strong>Atque</strong></span> <span class='ocrx_word' id='word_1_471' title='bbox 2959 4744 3007 4796; x_wconf 89' lang='lat' dir='ltr'><strong>id</strong></span> <span class='ocrx_word' id='word_1_472' title='bbox 3041 4749 3358 4815; x_wconf 69' lang='lat' dir='ltr'><strong>praecipuum</strong></span> 
     </span>
    </p>
   </div>
   <div class='ocr_carea' id='block_1_50' title="bbox 132 4828 3361 4898">
    <p class='ocr_par' dir='ltr' id='par_1_50' title="bbox 132 4828 3361 4898">
     <span class='ocr_line' id='line_1_51' title="bbox 132 4828 3361 4898; baseline 0.003 -21"><span class='ocrx_word' id='word_1_473' title='bbox 132 4828 244 4881; x_wconf 90' lang='lat' dir='ltr'><strong>illud</strong></span> <span class='ocrx_word' id='word_1_474' title='bbox 265 4843 365 4893; x_wconf 83' lang='lat' dir='ltr'><strong>est,</strong></span> <span class='ocrx_word' id='word_1_475' title='bbox 393 4830 541 4898; x_wconf 88' lang='lat' dir='ltr'><strong>quod</strong></span> <span class='ocrx_word' id='word_1_476' title='bbox 572 4839 694 4882; x_wconf 88' lang='lat' dir='ltr'><strong>ante</strong></span> <span class='ocrx_word' id='word_1_477' title='bbox 722 4843 939 4881; x_wconf 88' lang='lat' dir='ltr'><strong>monere</strong></span> <span class='ocrx_word' id='word_1_478' title='bbox 968 4828 1129 4886; x_wconf 79' lang='lat' dir='ltr'><strong>thllli,</strong></span> <span class='ocrx_word' id='word_1_479' title='bbox 1164 4842 1228 4879; x_wconf 92' lang='lat' dir='ltr'><strong>ue</strong></span> <span class='ocrx_word' id='word_1_480' title='bbox 1257 4829 1372 4879; x_wconf 57' lang='lat' dir='ltr'><strong>sine</strong></span> <span class='ocrx_word' id='word_1_481' title='bbox 1401 4843 1558 4881; x_wconf 90' lang='lat' dir='ltr'><strong>causa</strong></span> <span class='ocrx_word' id='word_1_482' title='bbox 1590 4829 1793 4894; x_wconf 64' lang='lat' dir='ltr'><strong>praefari</strong></span> <span class='ocrx_word' id='word_1_483' title='bbox 1826 4829 2025 4881; x_wconf 81' lang='lat' dir='ltr'><strong>videar.</strong></span> <span class='ocrx_word' id='word_1_484' title='bbox 2060 4830 2265 4895; x_wconf 80' lang='lat' dir='ltr'><strong>Quippe</strong></span> <span class='ocrx_word' id='word_1_485' title='bbox 2321 4830 2579 4896; x_wconf 88' lang='lat' dir='ltr'><strong>pollicitus</strong></span> <span class='ocrx_word' id='word_1_486' title='bbox 2610 4830 2807 4885; x_wconf 84' lang='lat' dir='ltr'><strong>fueram</strong></span> <span class='ocrx_word' id='word_1_487' title='bbox 2837 4833 2967 4883; x_wconf 87' lang='lat' dir='ltr'><strong>duas</strong></span> <span class='ocrx_word' id='word_1_488' title='bbox 2998 4849 3081 4887; x_wconf 92' lang='lat' dir='ltr'><strong>me</strong></span> <span class='ocrx_word' id='word_1_489' title='bbox 3106 4835 3361 4893; x_wconf 69' lang='lat' dir='ltr'><strong>diatribas</strong></span> 
     </span>
    </p>
   </div>
   <div class='ocr_carea' id='block_1_51' title="bbox 130 4915 3360 4985">
    <p class='ocr_par' dir='ltr' id='par_1_51' title="bbox 130 4915 3360 4985">
     <span class='ocr_line' id='line_1_52' title="bbox 130 4915 3360 4985; baseline 0.004 -18"><span class='ocrx_word' id='word_1_490' title='bbox 130 4921 497 4972; x_wconf 76' lang='lat' dir='ltr'><strong>Commentario</strong></span> <span class='ocrx_word' id='word_1_491' title='bbox 531 4925 662 4983; x_wconf 61' lang='lat' dir='ltr'><strong>posti</strong></span> <span class='ocrx_word' id='word_1_492' title='bbox 684 4916 839 4969; x_wconf 91' lang='lat' dir='ltr'><strong>rioris</strong></span> <span class='ocrx_word' id='word_1_493' title='bbox 870 4915 1024 4982; x_wconf 89' lang='lat' dir='ltr'><strong>hujus</strong></span> <span class='ocrx_word' id='word_1_494' title='bbox 1052 4916 1333 4968; x_wconf 83' lang='lat' dir='ltr'><strong>voluminis</strong></span> <span class='ocrx_word' id='word_1_495' title='bbox 1364 4917 1790 4985; x_wconf 74' lang='lat' dir='ltr'><strong>przepositurum,</strong></span> <span class='ocrx_word' id='word_1_496' title='bbox 1824 4918 2046 4969; x_wconf 87' lang='lat' dir='ltr'><strong>alteram</strong></span> <span class='ocrx_word' id='word_1_497' title='bbox 2077 4920 2143 4969; x_wconf 92' lang='lat' dir='ltr'><strong>de</strong></span> <span class='ocrx_word' id='word_1_498' title='bbox 2173 4919 2457 4972; x_wconf 77' lang='lat' dir='ltr'><strong>Eversione</strong></span> <span class='ocrx_word' id='word_1_499' title='bbox 2486 4936 2591 4971; x_wconf 74' lang='lat' dir='ltr'><strong>ara:</strong></span> <span class='ocrx_word' id='word_1_500' title='bbox 2612 4918 2878 4983; x_wconf 67' lang='lat' dir='ltr'><strong>Victoriae,</strong></span> <span class='ocrx_word' id='word_1_501' title='bbox 2896 4923 3113 4975; x_wconf 89' lang='lat' dir='ltr'><strong>alteram</strong></span> <span class='ocrx_word' id='word_1_502' title='bbox 3143 4924 3208 4978; x_wconf 89' lang='lat' dir='ltr'><strong>de</strong></span> <span class='ocrx_word' id='word_1_503' title='bbox 3230 4926 3360 4983; x_wconf 83' lang='lat' dir='ltr'><strong>Fide</strong></span> 
     </span>
    </p>
   </div>
   <div class='ocr_carea' id='block_1_52' title="bbox 135 5002 3358 5077">
    <p class='ocr_par' dir='ltr' id='par_1_52' title="bbox 135 5002 3358 5077">
     <span class='ocr_line' id='line_1_53' title="bbox 135 5002 3358 5077; baseline 0.004 -22"><span class='ocrx_word' id='word_1_504' title='bbox 135 5002 380 5057; x_wconf 81' lang='lat' dir='ltr'><strong>Prudentii</strong></span> <span class='ocrx_word' id='word_1_505' title='bbox 423 5006 479 5058; x_wconf 89' lang='lat' dir='ltr'><strong>in</strong></span> <span class='ocrx_word' id='word_1_506' title='bbox 525 5005 653 5058; x_wconf 89' lang='lat' dir='ltr'><strong>actis</strong></span> <span class='ocrx_word' id='word_1_507' title='bbox 706 5004 803 5058; x_wconf 87' lang='lat' dir='ltr'><strong>SS.</strong></span> <span class='ocrx_word' id='word_1_508' title='bbox 831 5013 1118 5071; x_wconf 78' lang='lat' dir='ltr'><strong>martyrum</strong></span> <span class='ocrx_word' id='word_1_509' title='bbox 1170 5004 1483 5055; x_wconf 83' lang='lat' dir='ltr'><strong>referendis.</strong></span> <span class='ocrx_word' id='word_1_510' title='bbox 1524 5006 1726 5069; x_wconf 79' lang='lat' dir='ltr'><strong>Quibus</strong></span> <span class='ocrx_word' id='word_1_511' title='bbox 1766 5008 1833 5057; x_wconf 87' lang='lat' dir='ltr'><strong>de</strong></span> <span class='ocrx_word' id='word_1_512' title='bbox 1872 5010 2028 5058; x_wconf 85' lang='lat' dir='ltr'><strong>rebus</strong></span> <span class='ocrx_word' id='word_1_513' title='bbox 2075 5019 2194 5057; x_wconf 91' lang='lat' dir='ltr'><strong>cum</strong></span> <span class='ocrx_word' id='word_1_514' title='bbox 2238 5006 2384 5059; x_wconf 90' lang='lat' dir='ltr'><strong>locus</strong></span> <span class='ocrx_word' id='word_1_515' title='bbox 2426 5024 2528 5059; x_wconf 84' lang='lat' dir='ltr'><strong>non</strong></span> <span class='ocrx_word' id='word_1_516' title='bbox 2570 5010 2638 5061; x_wconf 86' lang='lat' dir='ltr'><strong>sit</strong></span> <span class='ocrx_word' id='word_1_517' title='bbox 2684 5010 2898 5062; x_wconf 83' lang='lat' dir='ltr'><strong>uberius</strong></span> <span class='ocrx_word' id='word_1_518' title='bbox 2940 5010 3263 5077; x_wconf 77' lang='lat' dir='ltr'><strong>disserendi,</strong></span> <span class='ocrx_word' id='word_1_519' title='bbox 3307 5018 3358 5071; x_wconf 90' lang='lat' dir='ltr'><strong>in</strong></span> 
     </span>
    </p>
   </div>
   <div class='ocr_carea' id='block_1_53' title="bbox 130 5092 3385 5173">
    <p class='ocr_par' dir='ltr' id='par_1_53' title="bbox 130 5092 3385 5173">
     <span class='ocr_line' id='line_1_54' title="bbox 130 5092 3385 5173; baseline 0.003 -28"><span class='ocrx_word' id='word_1_520' title='bbox 130 5098 512 5151; x_wconf 87' lang='lat' dir='ltr'><strong>commentariis</strong></span> <span class='ocrx_word' id='word_1_521' title='bbox 554 5111 614 5147; x_wconf 88' lang='lat' dir='ltr'><strong>ea</strong></span> <span class='ocrx_word' id='word_1_522' title='bbox 660 5094 775 5147; x_wconf 73' lang='lat' dir='ltr'><strong>dixi</strong></span> <span class='ocrx_word' id='word_1_523' title='bbox 822 5110 939 5161; x_wconf 78' lang='lat' dir='ltr'><strong>qua:</strong></span> <span class='ocrx_word' id='word_1_524' title='bbox 986 5093 1280 5147; x_wconf 80' lang='lat' dir='ltr'><strong>necessaria</strong></span> <span class='ocrx_word' id='word_1_525' title='bbox 1330 5093 1438 5145; x_wconf 80' lang='lat' dir='ltr'><strong>visi</strong></span> <span class='ocrx_word' id='word_1_526' title='bbox 1488 5104 1628 5156; x_wconf 90' lang='lat' dir='ltr'><strong>sunt,</strong></span> <span class='ocrx_word' id='word_1_527' title='bbox 1674 5103 1727 5146; x_wconf 90' lang='lat' dir='ltr'><strong>et</strong></span> <span class='ocrx_word' id='word_1_528' title='bbox 1761 5095 1889 5145; x_wconf 76' lang='lat' dir='ltr'><strong>Satis</strong></span> <span class='ocrx_word' id='word_1_529' title='bbox 1928 5108 2045 5145; x_wconf 76' lang='lat' dir='ltr'><strong>esse</strong></span> <span class='ocrx_word' id='word_1_530' title='bbox 2080 5092 2275 5146; x_wconf 89' lang='lat' dir='ltr'><strong>debent</strong></span> <span class='ocrx_word' id='word_1_531' title='bbox 2319 5094 2383 5147; x_wconf 90' lang='lat' dir='ltr'><strong>ad</strong></span> <span class='ocrx_word' id='word_1_532' title='bbox 2432 5106 2637 5162; x_wconf 89' lang='lat' dir='ltr'><strong>poetam</strong></span> <span class='ocrx_word' id='word_1_533' title='bbox 2680 5098 3101 5164; x_wconf 81' lang='lat' dir='ltr'><strong>explauandum,</strong></span> <span class='ocrx_word' id='word_1_534' title='bbox 3142 5105 3385 5173; x_wconf 68' lang='lat' dir='ltr'><strong>ejnsqnc&#39;</strong></span> 
     </span>
    </p>
   </div>
   <div class='ocr_carea' id='block_1_54' title="bbox 132 5184 3357 5254">
    <p class='ocr_par' dir='ltr' id='par_1_54' title="bbox 132 5184 3357 5254">
     <span class='ocr_line' id='line_1_55' title="bbox 132 5184 3357 5254; baseline 0.003 -15"><span class='ocrx_word' id='word_1_535' title='bbox 132 5193 483 5244; x_wconf 84' lang='lat' dir='ltr'><strong>auctoritatem</strong></span> <span class='ocrx_word' id='word_1_536' title='bbox 528 5187 916 5243; x_wconf 81' lang='lat' dir='ltr'><strong>vindicandam.</strong></span> <span class='ocrx_word' id='word_1_537' title='bbox 968 5187 1081 5239; x_wconf 70' lang='lat' dir='ltr'><strong>Alia</strong></span> <span class='ocrx_word' id='word_1_538' title='bbox 1124 5202 1242 5254; x_wconf 81' lang='lat' dir='ltr'><strong>qua:</strong></span> <span class='ocrx_word' id='word_1_539' title='bbox 1293 5186 1343 5237; x_wconf 91' lang='lat' dir='ltr'><strong>in</strong></span> <span class='ocrx_word' id='word_1_540' title='bbox 1390 5194 1614 5253; x_wconf 90' lang='lat' dir='ltr'><strong>utroque</strong></span> <span class='ocrx_word' id='word_1_541' title='bbox 1661 5195 1971 5253; x_wconf 80' lang='lat' dir='ltr'><strong>argumento</strong></span> <span class='ocrx_word' id='word_1_542' title='bbox 2013 5184 2336 5237; x_wconf 73' lang='lat' dir='ltr'><strong>distinctius.</strong></span> <span class='ocrx_word' id='word_1_543' title='bbox 2358 5197 2411 5239; x_wconf 91' lang='lat' dir='ltr'><strong>et</strong></span> <span class='ocrx_word' id='word_1_544' title='bbox 2451 5186 2765 5253; x_wconf 79' lang='lat' dir='ltr'><strong>explicatius</strong></span> <span class='ocrx_word' id='word_1_545' title='bbox 2817 5193 3189 5254; x_wconf 70' lang='lat' dir='ltr'><strong>pertractandi)</strong></span> <span class='ocrx_word' id='word_1_546' title='bbox 3237 5198 3357 5250; x_wconf 87' lang='lat' dir='ltr'><strong>addi</strong></span> 
     </span>
    </p>
   </div>
   <div class='ocr_carea' id='block_1_55' title="bbox 133 5273 3359 5345">
    <p class='ocr_par' dir='ltr' id='par_1_55' title="bbox 133 5273 3359 5345">
     <span class='ocr_line' id='line_1_56' title="bbox 133 5273 3359 5345; baseline 0.004 -20"><span class='ocrx_word' id='word_1_547' title='bbox 133 5290 363 5340; x_wconf 75' lang='lat' dir='ltr'><strong>possunt.</strong></span> <span class='ocrx_word' id='word_1_548' title='bbox 418 5281 491 5332; x_wconf 85' lang='lat' dir='ltr'><strong>ita</strong></span> <span class='ocrx_word' id='word_1_549' title='bbox 540 5287 784 5345; x_wconf 80' lang='lat' dir='ltr'><strong>separato</strong></span> <span class='ocrx_word' id='word_1_550' title='bbox 837 5290 997 5342; x_wconf 90' lang='lat' dir='ltr'><strong>opere</strong></span> <span class='ocrx_word' id='word_1_551' title='bbox 1047 5276 1323 5341; x_wconf 84' lang='lat' dir='ltr'><strong>complecti</strong></span> <span class='ocrx_word' id='word_1_552' title='bbox 1374 5281 1456 5326; x_wconf 83' lang='lat' dir='ltr'><strong>est</strong></span> <span class='ocrx_word' id='word_1_553' title='bbox 1498 5274 1739 5336; x_wconf 88' lang='lat' dir='ltr'><strong>aniunts,</strong></span> <span class='ocrx_word' id='word_1_554' title='bbox 1791 5283 1846 5325; x_wconf 90' lang='lat' dir='ltr'><strong>ut</strong></span> <span class='ocrx_word' id='word_1_555' title='bbox 1894 5273 1958 5325; x_wconf 91' lang='lat' dir='ltr'><strong>ad</strong></span> <span class='ocrx_word' id='word_1_556' title='bbox 1990 5274 2259 5328; x_wconf 69' lang='lat' dir='ltr'><strong>l’rudenti‘.</strong></span> <span class='ocrx_word' id='word_1_557' title='bbox 2308 5275 2795 5344; x_wconf 86' lang='lat' dir='ltr'><strong>interpretationem</strong></span> <span class='ocrx_word' id='word_1_558' title='bbox 2826 5280 3201 5335; x_wconf 89' lang='lat' dir='ltr'><strong>ahsolvendam</strong></span> <span class='ocrx_word' id='word_1_559' title='bbox 3253 5304 3359 5343; x_wconf 89' lang='lat' dir='ltr'><strong>non</strong></span> 
     </span>
    </p>
   </div>
   <div class='ocr_carea' id='block_1_56' title="bbox 131 5366 3362 5438">
    <p class='ocr_par' dir='ltr' id='par_1_56' title="bbox 131 5366 3362 5438">
     <span class='ocr_line' id='line_1_57' title="bbox 131 5366 3362 5438; baseline 0.002 -20"><span class='ocrx_word' id='word_1_560' title='bbox 131 5383 507 5436; x_wconf 85' lang='lat' dir='ltr'><strong>supervacanea</strong></span> <span class='ocrx_word' id='word_1_561' title='bbox 546 5371 673 5430; x_wconf 92' lang='lat' dir='ltr'><strong>sint,</strong></span> <span class='ocrx_word' id='word_1_562' title='bbox 708 5367 752 5421; x_wconf 86' lang='lat' dir='ltr'><strong>si</strong></span> <span class='ocrx_word' id='word_1_563' title='bbox 782 5368 1056 5431; x_wconf 89' lang='lat' dir='ltr'><strong>accedant,</strong></span> <span class='ocrx_word' id='word_1_564' title='bbox 1094 5382 1284 5433; x_wconf 76' lang='lat' dir='ltr'><strong>neque,</strong></span> <span class='ocrx_word' id='word_1_565' title='bbox 1318 5367 1360 5418; x_wconf 91' lang='lat' dir='ltr'><strong>si</strong></span> <span class='ocrx_word' id='word_1_566' title='bbox 1394 5366 1588 5431; x_wconf 71' lang='lat' dir='ltr'><strong>absint,</strong></span> <span class='ocrx_word' id='word_1_567' title='bbox 1622 5381 1939 5435; x_wconf 67' lang='lat' dir='ltr'><strong>magnoiiere</strong></span> <span class='ocrx_word' id='word_1_568' title='bbox 1969 5366 2358 5421; x_wconf 88' lang='lat' dir='ltr'><strong>desiderentur.</strong></span> <span class='ocrx_word' id='word_1_569' title='bbox 2394 5367 2569 5435; x_wconf 87' lang='lat' dir='ltr'><strong>Itaque</strong></span> <span class='ocrx_word' id='word_1_570' title='bbox 2599 5368 2942 5422; x_wconf 85' lang='lat' dir='ltr'><strong>Prudentium</strong></span> <span class='ocrx_word' id='word_1_571' title='bbox 2976 5373 3195 5438; x_wconf 74' lang='lat' dir='ltr'><strong>perinde</strong></span> <span class='ocrx_word' id='word_1_572' title='bbox 3226 5394 3362 5433; x_wconf 85' lang='lat' dir='ltr'><strong>nunc</strong></span> 
     </span>
    </p>
   </div>
   <div class='ocr_carea' id='block_1_57' title="bbox 131 5454 3361 5537">
    <p class='ocr_par' dir='ltr' id='par_1_57' title="bbox 131 5454 3361 5537">
     <span class='ocr_line' id='line_1_58' title="bbox 131 5454 3361 5537; baseline 0.002 -29"><span class='ocrx_word' id='word_1_573' title='bbox 131 5459 237 5523; x_wconf 90' lang='lat' dir='ltr'><strong>edo,</strong></span> <span class='ocrx_word' id='word_1_574' title='bbox 270 5474 330 5512; x_wconf 84' lang='lat' dir='ltr'><strong>ac</strong></span> <span class='ocrx_word' id='word_1_575' title='bbox 356 5472 451 5510; x_wconf 84' lang='lat' dir='ltr'><strong>sua</strong></span> <span class='ocrx_word' id='word_1_576' title='bbox 483 5471 647 5522; x_wconf 91' lang='lat' dir='ltr'><strong>opera</strong></span> <span class='ocrx_word' id='word_1_577' title='bbox 674 5454 947 5507; x_wconf 80' lang='lat' dir='ltr'><strong>absolvere</strong></span> <span class='ocrx_word' id='word_1_578' title='bbox 972 5455 1147 5507; x_wconf 89' lang='lat' dir='ltr'><strong>solent</strong></span> <span class='ocrx_word' id='word_1_579' title='bbox 1175 5455 1409 5507; x_wconf 76' lang='lat' dir='ltr'><strong>nonnulli</strong></span> <span class='ocrx_word' id='word_1_580' title='bbox 1441 5455 1744 5519; x_wconf 85' lang='lat' dir='ltr'><strong>architecti,</strong></span> <span class='ocrx_word' id='word_1_581' title='bbox 1777 5455 1863 5521; x_wconf 89' lang='lat' dir='ltr'><strong>qui</strong></span> <span class='ocrx_word' id='word_1_582' title='bbox 1896 5455 2099 5509; x_wconf 83' lang='lat' dir='ltr'><strong>:edibus</strong></span> <span class='ocrx_word' id='word_1_583' title='bbox 2126 5458 2368 5523; x_wconf 79' lang='lat' dir='ltr'><strong>quamvis</strong></span> <span class='ocrx_word' id='word_1_584' title='bbox 2397 5458 2766 5524; x_wconf 87' lang='lat' dir='ltr'><strong>amplissimis,</strong></span> <span class='ocrx_word' id='word_1_585' title='bbox 2795 5472 2849 5514; x_wconf 83' lang='lat' dir='ltr'><strong>et</strong></span> <span class='ocrx_word' id='word_1_586' title='bbox 2878 5461 3068 5527; x_wconf 84' lang='lat' dir='ltr'><strong>quibus</strong></span> <span class='ocrx_word' id='word_1_587' title='bbox 3095 5466 3223 5519; x_wconf 86' lang='lat' dir='ltr'><strong>nihil</strong></span> <span class='ocrx_word' id='word_1_588' title='bbox 3253 5472 3361 5537; x_wconf 74' lang='lat' dir='ltr'><strong>jam</strong></span> 
     </span>
    </p>
   </div>
   <div class='ocr_carea' id='block_1_58' title="bbox 132 5543 3363 5622">
    <p class='ocr_par' dir='ltr' id='par_1_58' title="bbox 132 5543 3363 5622">
     <span class='ocr_line' id='line_1_59' title="bbox 132 5543 3363 5622; baseline 0.003 -27"><span class='ocrx_word' id='word_1_589' title='bbox 132 5546 185 5595; x_wconf 85' lang='lat' dir='ltr'><strong>ad</strong></span> <span class='ocrx_word' id='word_1_590' title='bbox 231 5548 605 5612; x_wconf 85' lang='lat' dir='ltr'><strong>perfectionem</strong></span> <span class='ocrx_word' id='word_1_591' title='bbox 654 5554 706 5597; x_wconf 93' lang='lat' dir='ltr'><strong>et</strong></span> <span class='ocrx_word' id='word_1_592' title='bbox 748 5544 1135 5596; x_wconf 89' lang='lat' dir='ltr'><strong>absolutionem</strong></span> <span class='ocrx_word' id='word_1_593' title='bbox 1185 5543 1427 5596; x_wconf 88' lang='lat' dir='ltr'><strong>videatur</strong></span> <span class='ocrx_word' id='word_1_594' title='bbox 1476 5545 1697 5607; x_wconf 86' lang='lat' dir='ltr'><strong>deesse,</strong></span> <span class='ocrx_word' id='word_1_595' title='bbox 1749 5545 1816 5596; x_wconf 90' lang='lat' dir='ltr'><strong>ita</strong></span> <span class='ocrx_word' id='word_1_596' title='bbox 1869 5555 2042 5598; x_wconf 90' lang='lat' dir='ltr'><strong>tamen</strong></span> <span class='ocrx_word' id='word_1_597' title='bbox 2098 5544 2360 5613; x_wconf 77' lang='lat' dir='ltr'><strong>fastigium</strong></span> <span class='ocrx_word' id='word_1_598' title='bbox 2415 5546 2721 5613; x_wconf 88' lang='lat' dir='ltr'><strong>imponunt,</strong></span> <span class='ocrx_word' id='word_1_599' title='bbox 2767 5559 2824 5601; x_wconf 90' lang='lat' dir='ltr'><strong>ut</strong></span> <span class='ocrx_word' id='word_1_600' title='bbox 2869 5568 2930 5604; x_wconf 76' lang='lat' dir='ltr'><strong>ex</strong></span> <span class='ocrx_word' id='word_1_601' title='bbox 2974 5554 3150 5622; x_wconf 88' lang='lat' dir='ltr'><strong>aliquo</strong></span> <span class='ocrx_word' id='word_1_602' title='bbox 3198 5558 3363 5615; x_wconf 55' lang='lat' dir='ltr'><strong>latere</strong></span> 
     </span>
    </p>
   </div>
   <div class='ocr_carea' id='block_1_59' title="bbox 133 5633 3363 5715">
    <p class='ocr_par' dir='ltr' id='par_1_59' title="bbox 133 5633 3363 5715">
     <span class='ocr_line' id='line_1_60' title="bbox 133 5633 3363 5715; baseline 0.003 -28"><span class='ocrx_word' id='word_1_603' title='bbox 133 5635 465 5703; x_wconf 71' lang='lat' dir='ltr'><strong>projceuras,</strong></span> <span class='ocrx_word' id='word_1_604' title='bbox 508 5645 559 5688; x_wconf 92' lang='lat' dir='ltr'><strong>et</strong></span> <span class='ocrx_word' id='word_1_605' title='bbox 596 5634 893 5703; x_wconf 90' lang='lat' dir='ltr'><strong>crepidines</strong></span> <span class='ocrx_word' id='word_1_606' title='bbox 936 5648 1232 5695; x_wconf 88' lang='lat' dir='ltr'><strong>tnnrormn,</strong></span> <span class='ocrx_word' id='word_1_607' title='bbox 1259 5634 1405 5701; x_wconf 54' lang='lat' dir='ltr'><strong>quisi</strong></span> <span class='ocrx_word' id='word_1_608' title='bbox 1444 5634 1664 5701; x_wconf 77' lang='lat' dir='ltr'><strong>vestigia</strong></span> <span class='ocrx_word' id='word_1_609' title='bbox 1708 5633 2050 5685; x_wconf 75' lang='lat' dir='ltr'><strong>continuandi</strong></span> <span class='ocrx_word' id='word_1_610' title='bbox 2094 5634 2290 5698; x_wconf 84' lang='lat' dir='ltr'><strong>eperis,</strong></span> <span class='ocrx_word' id='word_1_611' title='bbox 2337 5635 2654 5702; x_wconf 89' lang='lat' dir='ltr'><strong>relinquant,</strong></span> <span class='ocrx_word' id='word_1_612' title='bbox 2695 5638 2835 5691; x_wconf 90' lang='lat' dir='ltr'><strong>unde</strong></span> <span class='ocrx_word' id='word_1_613' title='bbox 2879 5641 3157 5698; x_wconf 82' lang='lat' dir='ltr'><strong>:edilleium</strong></span> <span class='ocrx_word' id='word_1_614' title='bbox 3197 5653 3363 5715; x_wconf 66' lang='lat' dir='ltr'><strong>possit</strong></span> 
     </span>
    </p>
   </div>
   <div class='ocr_carea' id='block_1_60' title="bbox 136 5722 3220 5797">
    <p class='ocr_par' dir='ltr' id='par_1_60' title="bbox 136 5722 3220 5797">
     <span class='ocr_line' id='line_1_61' title="bbox 136 5722 3220 5797; baseline 0.002 -19"><span class='ocrx_word' id='word_1_615' title='bbox 136 5732 208 5782; x_wconf 83' lang='lat' dir='ltr'><strong>vel</strong></span> <span class='ocrx_word' id='word_1_616' title='bbox 239 5731 304 5783; x_wconf 85' lang='lat' dir='ltr'><strong>ab</strong></span> <span class='ocrx_word' id='word_1_617' title='bbox 336 5728 467 5795; x_wconf 83' lang='lat' dir='ltr'><strong>ipsis</strong></span> <span class='ocrx_word' id='word_1_618' title='bbox 489 5768 501 5784; x_wconf 84' lang='lat'><strong>.</strong></span> <span class='ocrx_word' id='word_1_619' title='bbox 534 5729 610 5778; x_wconf 90' lang='lat' dir='ltr'><strong>vel</strong></span> <span class='ocrx_word' id='word_1_620' title='bbox 646 5728 711 5793; x_wconf 81' lang='lat' dir='ltr'><strong>ab</strong></span> <span class='ocrx_word' id='word_1_621' title='bbox 742 5726 891 5785; x_wconf 84' lang='lat' dir='ltr'><strong>aliis,</strong></span> <span class='ocrx_word' id='word_1_622' title='bbox 928 5726 971 5777; x_wconf 88' lang='lat' dir='ltr'><strong>si</strong></span> <span class='ocrx_word' id='word_1_623' title='bbox 1007 5741 1131 5779; x_wconf 87' lang='lat' dir='ltr'><strong>usus</strong></span> <span class='ocrx_word' id='word_1_624' title='bbox 1160 5725 1363 5789; x_wconf 75' lang='lat' dir='ltr'><strong>veniat,</strong></span> <span class='ocrx_word' id='word_1_625' title='bbox 1397 5724 1673 5791; x_wconf 53' lang='lat' dir='ltr'><strong>aliquardo</strong></span> <span class='ocrx_word' id='word_1_626' title='bbox 1698 5722 2032 5792; x_wconf 83' lang='lat' dir='ltr'><strong>ampliﬁcati,</strong></span> <span class='ocrx_word' id='word_1_627' title='bbox 2060 5734 2107 5775; x_wconf 91' lang='lat' dir='ltr'><strong>et</strong></span> <span class='ocrx_word' id='word_1_628' title='bbox 2140 5724 2188 5775; x_wconf 88' lang='lat' dir='ltr'><strong>in</strong></span> <span class='ocrx_word' id='word_1_629' title='bbox 2220 5725 2574 5791; x_wconf 77' lang='lat' dir='ltr'><strong>angustiorem</strong></span> <span class='ocrx_word' id='word_1_630' title='bbox 2606 5726 2825 5780; x_wconf 87' lang='lat' dir='ltr'><strong>formam</strong></span> <span class='ocrx_word' id='word_1_631' title='bbox 2860 5730 3043 5797; x_wconf 80' lang='lat' dir='ltr'><strong>red&#39;gi.</strong></span> <span class='ocrx_word' id='word_1_632' title='bbox 3077 5734 3220 5790; x_wconf 75' lang='lat' dir='ltr'><strong>Vale.</strong></span> 
     </span>
    </p>
   </div>
   <div class='ocr_carea' id='block_1_61' title="bbox 362 5816 3083 5881">
    <p class='ocr_par' dir='ltr' id='par_1_61' title="bbox 362 5816 3083 5881">
     <span class='ocr_line' id='line_1_62' title="bbox 362 5816 3083 5881; baseline -0.003 -3"><span class='ocrx_word' id='word_1_633' title='bbox 362 5821 630 5878; x_wconf 63' lang='lat' dir='ltr'><strong>Parnoc.</strong></span> <span class='ocrx_word' id='word_1_634' title='bbox 682 5816 811 5873; x_wconf 76' lang='lat' dir='ltr'><strong>LX.</strong></span> <span class='ocrx_word' id='word_1_635' title='bbox 3057 5822 3083 5881; x_wconf 85' lang='lat'><strong>1</strong></span> 
     </span>
    </p>
   </div>
  </div>
