3960 6312
174 425 226 475 Π
1269 418 1808 474 ΡδΥΟΠΟΜΑΟΗΙΑῧ
1848 421 2234 475 ΡΒᾸΕΕΑΤΙΟ.
3310 429 3377 483 14,

321 536 462 603 Quod
489 534 643 589 dulce
671 534 835 593 cordi,
870 534 1008 601 quod
1040 535 1200 600 pium,
1225 535 1365 602 quod
1395 537 1624 598 unicum,

325 627 425 679 Deo
453 624 676 677 libenter
706 622 1033 675 olTerendum
1058 624 1278 676 credito.

322 714 553 782 Pugnare
587 722 794 765 uosmet
817 727 935 763 cum
966 711 1201 777 profanis
1227 712 1475 778 gentibus

169 810 225 859 lt)
321 804 512 869 Suasit,
541 817 801 867 suumque
832 816 1019 853 suasor
1046 803 1343 868 exemplum
1375 802 1521 854 dedit
1553 822 1562 854 :

328 894 428 948 Nec
451 903 573 945 ante
605 892 805 960 prolem
828 892 1157 959 conjugalem
1189 892 1423 960 gignere,

324 988 427 1039 Deo
457 994 695 1053 parente,
726 994 895 1035 matre
924 984 1113 1036 virtute
1144 984 1361 1048 editam,

327 1076 481 1145 580
505 1074 672 1139 Quam
704 1084 880 1142 strage
912 1074 1073 1125 multa
1104 1074 1387 1128 bellicosus
1422 1075 1637 1144 spiritus

323 1166 568 1218 Portenta
591 1164 765 1217 cordis
786 1164 1066 1216 servientis
1091 1163 1298 1216 vicerit.

168 1260 223 1311 15
324 1257 523 1309 Victum
550 1256 753 1310 feroces
784 1256 917 1309 lorte
946 1272 1096 1323 reges
1122 1263 1365 1323 ceperant

320 1350 474 1412 Loth,
509 1349 877 1401 immorantem
906 1346 1207 1399 criminosis
1236 1348 1455 1400 urbibus

321 1439 564 1494 Sodoma:
585 1447 638 1491 et
660 1437 994 1498 Gomorrhaa,
1018 1450 1147 1504 quas
1177 1434 1386 1492 fovebat
1415 1439 1638 1502 advena,

321 1531 530 1585 Pollens
555 1529 757 1583 honore
782 1529 1038 1597 patruelis
1057 1528 1263 1597 glorias.

317 1623 533 1686 Abram,
562 1618 792 1673 sinistris
815 1620 1075 1673 excitatus
1106 1621 1327 1682 nuntiis,

1724 535 1871 601 Αἳο

1979 538 2159 600 Audit,
2197 553 2568 606 pr0ptuquttm,
2606 549 2750 593 sorte
2777 549 2988 608 captum
3021 541 3233 605 bellica,

1995 628 2206 683 Servire
2228 628 2375 681 duris
2405 629 2749 682 barbarorum
2780 631 3007 685 vinculis
3032 650 3045 683 :

1992 720 2178 769 Armat
2204 725 2491 779 trecentos,
2525 729 2709 786 tcrquc
2732 734 2889 771 senos
2921 723 3187 784 vernulas,

1992 808 2221 875 Pergant
2250 820 2303 861 ut
2331 812 2497 862 hostis
2530 820 2671 877 terga
2708 812 2879 865 etmtis
2910 815 3115 868 crdere
3140 833 3151 866 :

1992 898 2149 967 581
2178 897 2343 962 Quem
2372 914 2496 965 gaza
2529 900 2699 962 dives,
2724 915 2785 952 ac
2814 902 3111 969 triumphus
3156 906 3346 960 nobilis

1852 992 1884 1042 5
1990 988 2174 1056 (laptis
2206 990 2455 1043 tenebant
2486 991 2793 1055 impedrum
2824 995 3008 1060 copiis.

1991 1080 2126 1142 Quin
2158 1080 2269 1145 ipse
2298 1080 2493 1132 ferrum
2521 1082 2749 1148 stringit,
2784 1092 2836 1135 et
2866 1085 3049 1150 plenus
3074 1085 3180 1137 Deo

1995 1171 2166 1241 Reges
2200 1170 2460 1235 superbos
2494 1172 2630 1223 mole
2662 1174 2955 1237 prartlarum
2984 1190 3171 1241 graves

1993 1240 2149 1311 Pellit
2174 1260 2401 1326 fugatos,
2436 1260 2699 1313 sauciatos
2729 1264 2969 1328 proterit,

1991 1348 2210 1416 Frangit
2239 1361 2475 1416 catenas,
2496 1361 2547 1402 et
2575 1352 2811 1415 rapinam
2847 1353 3053 1416 liberat,

1816 1439 1885 1491 30
1992 1441 2213 1503 Aurum,
2244 1441 2464 1507 puellas,
2491 1444 2759 1508 parvulos,
2790 1445 3023 1508 monilia,

1993 1530 2191 1597 Greges
2221 1546 2501 1597 equarmn,
2535 1547 2678 1596 vasa,
2716 1548 2935 1600 vestem,
2970 1538 3203 1591 buCulas.

1994 1621 2127 1674 Loth
2152 1621 2262 1689 ipse
2292 1622 2460 1690 ruptis
2480 1625 2757 1692 expeditus
2780 1628 3001 1681 nexibus

1817 990 1844 1040 Ξ

1423 1708 1699 1763 GLOSSA‘.‘
1742 1708 2070 1763 VETERES.

222 1806 265 1855 'l.
288 1803 458 1867 Quod,
486 1813 613 1871 sicut
642 1799 898 1871 Abraham
908 1799 1253 1871 unigenitum,
1276 1816 1419 1862 quem
1441 1801 1704 1871 diligebat,
1739 1803 1785 1861 B
1813 1801 2133 1853 involvantur
2162 1801 2215 1851 in
2246 1803 2458 1868 peccatis
2482 1817 2674 1867 eorum,
2709 1804 2811 1857 lso.

163 1873 351 1934 obtulit,
393 1873 467 1924 sic
515 1870 827 1935 offerendum
872 1867 978 1919 Deo
1022 1869 1192 1921 credat
1232 1871 1414 1936 ﬁdelis,
1459 1867 1705 1938 quidquid

163 1944 455 2010 pracipuum
490 1942 653 2010 cordis
697 1938 954 1991 invenerit.
982 1967 1049 1976 —
1072 1939 1249 2002 Cordi,
1293 1940 1481 1991 scilicet
1519 1954 1610 1993 est.
1638 1968 1708 1978 —-

164 2008 309 2071 l‘imn,
337 2013 594 2071 dilectum,
630 2008 668 2062 1.

221 2082 267 2134 9.
296 2080 566 2141 Profanis,
599 2078 828 2146 profana:
860 2086 1027 2143 gentes
1056 2085 1173 2129 sunt
1202 2078 1458 2143 passiones
1486 2080 1700 2141 animm,

161 2160 199 2203 et
226 2151 335 2201 vitia
362 2158 481 2202 sunt
514 2158 746 2213 portenta
774 2148 938 2199 Cordis
973 2155 1019 2198 et
1055 2147 1233 2217 anima
1268 2149 1556 2217 passiones,
1595 2166 1709 2217 qua:

160 2220 409 2282 cupiditas,
451 2218 647 2277 ltvtitia,
671 2225 717 2268 et
739 2216 1024 2285 argritudo;
1054 2216 1187 2268 unde
1211 2228 1257 2268 et
1290 2216 1533 2285 Virgilius
1563 2234 1707 2270 cane-

160 2289 231 2339 bat
252 2305 269 2340 :
295 2288 547 2353 Cupiunt,
571 2287 928 2351 gaudentque.
959 2286 1263 2352 delentque,
1299 2287 1403 2338 lso.

223 2359 298 2409 10.
333 2359 671 2422 Exemplum,
719 2358 844 2408 sicut
880 2354 965 2407 ille
992 2371 1134 2408 veros
1163 2371 1299 2422 reges
1328 2356 1546 2422 perdidit
1573 2399 1586 2421 ,
1640 2360 1708 2410 ita

158 2442 237 2477 nos
262 2426 595 2478 exterminare
628 2426 747 2477 vitia
784 2426 964 2486 suasit,
991 2424 1175 2491 quibus
1222 2426 1271 2475 in
1310 2428 1529 2493 quinque
1556 2429 1710 2479 :ensi-

158 2497 237 2548 bus
258 2497 512 2563 subiugati
540 2511 733 2546 sumus.
776 2493 911 2546 Nam
943 2493 1199 2545 Abraham
1236 2494 1467 2562 spiritum
1500 2496 1705 2547 bellico-

155 2582 251 2617 sum
274 2566 526 2632 signiﬁcat
547 2580 563 2627 ;
586 2566 803 2630 quinque
834 2579 972 2632 reges
1001 2563 1220 2632 quinque
1246 2579 1419 2615 sensus
1448 2567 1709 2631 corporis;

156 2634 268 2685 Loth
292 2631 449 2702 [idem
476 2645 672 2699 captam
702 2650 733 2684 a
758 2631 925 2693 vitiis;
954 2648 1105 2701 quant
1136 2631 1331 2684 relaxat
1368 2634 1575 2702 spiritus
1604 2635 1706 2686 bel-

155 2706 353 2767 licosus;
376 2718 606 2756 cccxvm
628 2703 887 2754 vernaculi
918 2702 1071 2767 [idem
1102 2702 1353 2767 signiﬁcat
1382 2718 1494 2770 qutc
1525 2706 1575 2755 in
1613 2705 1707 2756 Ni-

154 2789 275 2825 σαρκο
306 2773 528 2824 concilio
548 2782 617 2825 est
648 2776 916 2823 constituta
944 2788 975 2822 a
1000 2785 1225 2823 ccesvm
1254 2772 1524 2837 episcopis,
1554 2779 1639 2826 sed
1672 2791 1701 2827 x

152 2845 211 2893 ad
236 2844 556 2909 decalogum,
586 2856 675 2893 vm
705 2842 772 2893 ad
798 2850 906 2891 octo
943 2840 1273 2891 beatitudines
1314 2844 1560 2906 pertinere
1590 2860 1706 2907 pos-

152 2922 291 2974 sunt;
329 2915 415 2979 qui
453 2912 529 2963 his
567 2912 793 2963 omnibus
836 2920 992 2973 caret,
1035 2925 1289 2977 nunquam
1334 2911 1400 2961 ad
1442 2913 1708 2978 pra'tlictns

153 2984 477 3033 beatitudines
500 2982 769 3047 perveniet,
802 2980 905 3031 lso.

211 3053 292 3103 11.
320 3050 554 3115 Prolem,
586 3054 806 3117 fructum
833 3050 946 3100 boni
975 3050 1159 3119 operis,
1184 3049 1286 3119 lso.

214 3122 297 3175 12.
324 3122 555 3181 Edilam,
582 3118 853 3184 prolatam,
884 3129 1217 3184 procreatam,
1250 3118 1349 3170 lso.

214 3191 294 3244 15.
324 3189 537 3257 Strage,
570 3189 1115 3241 ctette.——Bellieosus
1136 3188 1370 3255 spiritus,
1405 3190 1556 3248 ratio,
1593 3206 1708 3256 qum

151 3269 214 3311 est
244 3263 291 3311 in
319 3264 520 3323 anima,
552 3266 773 3327 pugnam
813 3273 1046 3309 exercens
1076 3269 1253 3309 contra
1280 3260 1397 3308 vitia
1435 3262 1495 3309 ab
1525 3260 1706 3310 harum

152 3332 367 3381 servitute
412 3346 531 3381 cum
572 3345 661 3379 cor
705 3328 967 3379 bellicosus
1011 3328 1221 3394 spiritus
1266 3327 1569 3390 liberaverit,
1612 3332 1707 3379 erit

153 3414 439 3467 consequens
512 3408 569 3449 ut
613 3400 676 3449 de
719 3409 877 3448 matre
928 3398 1107 3447 tirtute
1151 3398 1352 3464 placens
1394 3398 1495 3447 Deo
1544 3401 1707 3463 proles

150 3479 330 3519 creetur
360 3468 477 3519 boni
507 3469 696 3518 scilicet
727 3467 892 3534 operis
915 3467 1127 3533 fructus,
1159 3468 1193 3517 I.

216 3536 296 3591 14.
324 3538 601 3599 Portenta,
632 3548 880 3598 monstra,
910 3535 985 3587 vel
1012 3537 1149 3596 vitia,
1187 3536 1287 3587 lso.

213 3608 292 3661 15.
324 3606 614 3673 Ceperant,
656 3607 833 3657 merito
878 3606 1095 3672 capitur,
1146 3607 1232 3672 qui
1267 3621 1380 3655 cum
1426 3606 1708 3656 crianosis

152 3689 363 3727 moratur
386 3693 403 3737 ;
428 3678 532 3727 imo
553 3678 805 3741 delegerat
830 3676 1125 3737 immorari;
1151 3687 1323 3726 contra
1350 3678 1482 3739 quod
1508 3674 1707 3742 Moyses

152 3748 207 3794 nd
232 3748 496 3814 populum,
532 3744 801 3814 Discedite,
826 3745 1006 3811 inquit,
1034 3760 1064 3793 a
1093 3748 1426 3796 tabernaculis
1447 3744 1710 3795 hominum

150 3813 446 3882 impiorum;
479 3815 622 3865 haud
662 3813 869 3864 dubium
908 3815 1030 3881 quin
1069 3813 1205 3865 dicat
1234 3815 1394 3877 abire,
1448 3830 1509 3865 ne
1544 3824 1590 3865 et
1616 3815 1710 3880 ipsi

1884 1873 1971 1924 16.
1999 1871 2395 1933 lmtnorautetn,
2420 1870 2744 1934 habitantem,
2780 1876 2881 1929 lso.

1884 1941 1969 2011 17.
2000 1940 2257 2011 fovebat,
2281 1942 2554 2005 incolebat,
2582 1943 2842 2011 diligebat,
2872 1945 2972 1998 lso.

1884 2010 1970 2062 18.
1998 2009 2236 2082 Pollens,
2277 2026 2531 2082 crescens,
2572 2009 2689 2064 sive
2710 2013 2929 2082 fulgens.
2974 2016 3050 2068 vel
3094 2019 3361 2078 abundans

1810 2080 1938 2156 sicut
1969 2080 2214 2156 scripturn
2245 2089 2315 2156 est
2346 2080 2734 2156 {Recordatus
2755 2080 2827 2156 est
2858 2083 2997 2137 Deus
3026 2087 3300 2156 Abraham,
3335 2113 3362 2147 e

1811 2148 2038 2200 liberavit
2066 2148 2628 2223 Loth_de_subv_e_rsione
2653 2152 2892 2223 urbis.-—
2932 2155 3164 2223 Honore,
3196 2161 3256 2212 ob
3288 2148 3381 2216 hor-

1812 2234 1985 2295 norent
2008 2220 2174 2295 patrui
2195 2218 2323 2295 Lpth
2351 2218 2588 2295 pollebat,
2619 2222 2748 2295 sicut
2769 2224 3009 2295 scriptum
3041 2236 3132 2288 est,
3152 2218 3279 2295 Ietc.,
3304 2234 3382 2286 vel

1812 2296 1941 2338 certe
1963 2286 2083 2360 quia
2106 2288 2241 2360 apud
2272 2304 2441 2360 omnes
2468 2288 2727 2360 Abraham
2768 2286 3012 2360 propheta
3044 2286 3138 2349 Dei
3164 2286 3382 2354 habeba-

1814 2368 1917 2411 tur.
1932 2386 1999 2395 —
2014 2357 2291 2419 Patruelis,
2317 2358 2555 2415 Abrahaz,
2581 2359 2683 2410 lso.

1886 2429 1971 2479 19.
2016 2426 2281 2505 Sinistrist
2313 2428 2616 2505 contrariis;
2658 2429 2860 2481 sinister
2904 2434 3110 2487 nuntius
3148 2450 3251 2491 erat
3296 2444 3383 2505 qui

1811 2498 2025 2547 adversa
2096 2497 2400 2563 captivitatis
2438 2504 2763 2565 nepotemque
2796 2512 2999 2566 captum
3038 2507 3222 2560 servire
3260 2497 3380 2562 bar-

1812 2566 1946 2636 baris
1974 2566 2257 2636 nuntiabat.
2281 2595 2350 2603 —
2373 2566 2665 2636 Excitatus,
2691 2570 3039 2636 conturbatus,
3077 2574 3178 2630 lso.

1880 2635 1967 2687 21.
2000 2633 2372 2695 Barbarorum.
2401 2634 2689 2700 gentilium,
2716 2636 2816 2689 lso.

1881 2703 1969 2755 22.
2000 2702 2207 2771 Terque
2235 2718 2414 2762 senos,
2448 2719 2593 2768 xvut,
2628 2706 2726 2758 lso.

1879 2774 1969 2855 24.
2005 2772 2193 2855 Quem,
2228 2782 2426 2855 euntem
2452 2773 2642 2825 hostem
2667 2775 2835 2829 divitis
2863 2794 3002 2845 gaza:
3040 2784 3186 2851 capia
3221 2785 3381 2855 impe-

1814 2843 1973 2893 ditum
1998 2843 2203 2907 fecerat,
2238 2843 2339 2895 lso.

1879 2910 1965 2963 223.
2001 2911 2334 2986 ltupeditum,
2371 2911 2563 2986 hostem
2591 2915 2949 2986 pro__hostibus
2974 2920 3173 2986 posuit,
3202 2924 3379 2986 singu-

1811 2979 1927 3055 lare
1948 2996 2038 3055 pro
2068 2980 2275 3055 plurali,
2302 2990 2456 3055 utest
2478 2980 2607 3031 illud
2634 2996 2651 3030 .·
2686 2981 2832 3035 Venit
2859 2979 3033 3038 musca
3058 2979 3377 3055 gravissima.

1809 3077 1875 3087 --
1889 3050 2089 3118 Cupis,
2118 3050 2325 3113 divitiis,
2361 3053 2463 3101 lso.

1881 3120 1978 3198 26;
2004 3119 2522 3198 Stringithevagi-nat.
2542 3119 2818 3198 ——-Plenus
2850 3122 2979 3198 Deo,
3010 3129 3251 3198 quoniam
3271 3132 3379 3198 ple-

1811 3189 2039 3265 ηυξ-ηερ
2064 3199 2189 3265 erat,
2220 3189 2589 3265 ideoadversas
2618 3192 2750 3243 acies
2772 3195 2923 3260 facile
2950 3189 3241 3265 superab..t,
3271 3189 3373 3256 iso.

1880 3259 1972 3311 27.
1996 3258 2148 3321 Mole,
2173 3259 2539 3324 magnitudine,
2576 3258 2676 3312 lSn,

1879 3327 2200 3404 98.._Pellit',r
2226 3328 2308 3404 hic
2352 3328 2599 3404 invenitur
2636 3330 2854 3404 schema,
2898 3332 3034 3404 quod
3071 3335 3381 3404 hypozeuxig

1809 3397 2095 3476 appellatur
2112 3414 2138 3476 ;_
2157 3397 2397 3476 videlicet
2416 3398 2495 3476 ubi
2521 3399 2717 3476 diversa
2749 3400 2894 3476 verba
2927 3397 3149 3476 singulis
3174 3410 3381 3476 quibus-

1809 3483 1905 3531 que
1939 3467 2182 3540 clausults
2225 3468 2427 3534 pr0prie
2450 3471 2763 3536 junguntur.
2781 3498 2843 3508 -—
2860 3470 3131 3527 Sauciatos
3151 3518 3163 3540 ,
3185 3467 3381 3533 'vulne-

1813 3548 1968 3597 ratos,
2003 3535 2105 3587 lso.

1879 3605 1966 3655 30.
2000 3605 2231 3665 Monilia,
2266 3605 2576 3671 Ornaoitenta,
2614 3623 2703 3665 pro
2733 3610 2869 3659 omni
2899 3621 3103 3673 ornatu,
3138 3614 3238 3666 lso.

1884 3676 1969 3727 51.
2007 3676 2231 3746 Suculas
2258 3713 2272 3737 ,
2321 3689 2496 3725 vaccas
2519 3714 2532 3737 ,
2591 3691 2761 3744 greges
2801 3694 3103 3746 vaccarum,
3155 3696 3380 3738 armenta

1814 3744 1982 3806 bourn,
2018 3744 2121 3797 lso.

1884 3814 1973 3866 5'2.
2011 3811 2327 3869 Exocditus.
2358 3812 2621 3865 liberatus.
2647 3813 2808 3865 velox.
2843 3817 2917 3867 vel
2945 3818 3161 3872 solutas.
3194 3824 3291 3876 lso.

1481 3906 2023 3962 COMMENTARHTS.

210 4001 257 4052 7.
294 4000 345 4051 In
379 4001 500 4052 Vat.
538 3999 600 4059 l),
630 4007 814 4051 contra
845 4007 1095 4058 metrum,
1119 3999 1252 4066 quod
1273 4011 1344 4048 est
1367 3999 1513 4051 dulce
1542 4000 1707 4053 cordi.

152 4070 281 4133 Ald.,
314 4070 425 4122 Gis.
455 4080 511 4119 et
540 4069 625 4119 alii
666 4071 829 4133 \‘Ilig.,
862 4068 995 4135 quod
1025 4068 1173 4118 dulce
1204 4070 1343 4119 cordi
1372 4078 1464 4121 cst.
1493 4074 1533 4121 Α
1570 4081 1709 4123 vete-

151 4139 282 4191 ribus
312 4140 465 4191 libris
492 4137 814 4197 lleiusianis,
851 4151 877 4186 a
906 4137 1061 4197 Mm,
1106 4137 1245 4197 Rat.,
1283 4136 1497 4199 Weitz.,
1542 4138 1706 4200 \’a:t.,

151 4209 201 4269 tl,
234 4208 291 4270 Ρ,
315 4208 382 4272 G,
411 4209 475 4269 Ι»,
498 4220 549 4258 et
578 4208 699 4257 aliis
733 4206 995 4273 plerisque
1024 4209 1174 4257 abest
1210 4208 1426 4260 verbum
1458 4208 1706 4261 substan-

151 4282 299 4329 tivum
326 4290 402 4331 est
433 4293 531 4342 per
558 4276 897 4342 epexegesin,
930 4284 986 4326 ut
1012 4276 1061 4327 in
1088 4290 1242 4328 versu
1274 4277 1458 4343 prium.

211 4348 257 4400 8.
279 4347 612 4402 Scholiastes
641 4344 807 4397 Persii
839 4345 902 4395 ad
938 4344 1062 4396 illud
1095 4344 1258 4396 Lusca
1281 4348 1514 4397 sacerdos
1534 4357 1707 4414 satyra

151 4416 178 4467 5
196 4418 263 4468 ait
287 4434 301 4469 :
326 4417 511 4472 Solent
538 4416 769 4467 mulieres
792 4414 1040 4477 deformes
1062 4424 1107 4465 et
1130 4415 1302 4482 aliqua
1319 4430 1543 4479 corporis
1568 4432 1709 4480 parte

1818 4004 1870 4053 in
1899 4000 2129 4068 quodam
2172 4016 2270 4051 tus.
2321 3990 2594 4050 im'euerat
2635 4000 2899 4058 srvoientis,
2943 4002 3080 4065 qunti
3123 4003 3380 4067 optimum

1816 4079 2001 4137 putat;
2061 4070 2153 4121 sed
2186 4068 2379 4120 fatetur
2411 4069 2457 4119 in
2494 4068 2753 4134 plerisque
2780 4070 2935 4120 codd.
2964 4084 3081 4122 esse
3104 4074 3381 4139 servientis,

1812 4148 1865 4193 et
1896 4139 2144 4205 explicat,
2189 4139 2285 4189 nisi
2317 4154 2409 4189 cur
2450 4138 2707 4198 redegerit
2754 4140 2805 4188 in
2851 4140 3182 4202 servitutem,
3227 4156 3280 4194 et
3308 4138 3378 4197 ita

1813 4218 2055 4277 portenta
2087 4209 2220 4271 ejus,
2251 4210 2365 4258 sive
2397 4207 2654 4271 malignas
2681 4207 3033 4273 cogitationes
3064 4212 3269 4263 vicerit.

1888 4280 1968 4333 15.
2006 4279 2057 4330 In
2083 4278 2211 4329 Mar.
2244 4293 2397 4328 error
2430 4286 2510 4327 est
2539 4279 2740 4341 ceperit,
2775 4286 3073 4329 correctum
3116 4296 3271 4346 supra
3297 4299 3381 4335 ce-

1814 4358 2009 4417 perant.
2039 4348 2225 4399 Simile
2258 4348 2505 4398 rnendum
2539 4346 2589 4397 in
2618 4346 2730 4397 Vat.
2756 4348 2817 4409 (ὲ,
2851 4358 3071 4417 reparat.

1881 4420 1969 4469 2'2.
1998 4417 2313 4483 Pignorius,
2369 4417 2435 4467 de
2483 4417 2661 4468 Servis
2707 4432 2823 4481 pag.
2874 4416 2942 4467 Ἡ
2993 4426 3047 4469 et
3093 4431 3263 4483 seqq.,
3314 4420 3383 4475 de

150 4501 328 4563 manca:
365 4489 435 4539 ad
474 4489 683 4536 deorum
723 4485 998 4567 ministeria
1026 4500 1091 4567 se
1127 4485 1375 4567 cgnferre.
1408 4485 1600 4537 llnntra
1634 4491 1707 4540 l’a-
1740 4510 1788 4567 D
1814 4502 1989 4539 vernus
2031 4497 2084 4538 et
2122 4485 2356 4539 vernulte
2397 4487 2749 4549 appellatione
2769 4486 3029 4567 “edisserit
3063 4502 3076 4539 :
3113 4489 3178 4537 ita
3220 4503 3376 4539 voea-

150 4555 380 4607 ciendum
409 4556 662 4619 exemplo
689 4569 784 4604 suo
807 4554 984 4605 docuit
1014 4554 1367 4605 Abrahamus.

220 4628 296 4675 Ιυ.
325 4629 473 4688 Λιι1.,
511 4626 780 4676 mendose.
813 4624 990 4682 suasit,
1020 4632 1064 4673 et
1086 4639 1252 4674 suum.

217 4694 296 4747 12.
330 4696 489 4756 Mar.,
535 4693 675 4755 ltat.,
728 4690 919 4743 Weitz.
966 4708 1083 4743 Cllltl
1133 4692 1268 4754 abis,
1316 4692 1452 4745 Οἱς..
1484 4706 1705 4759 parente.

153 4762 189 4814 ll
226 4765 410 4817 insiani
435 4778 647 4821 omnes,
679 4762 853 4819 Alex.,
896 4760 1034 4813 Vatt.
1074 4762 1132 4821 I",
1162 4761 1228 4821 (ἱ,
1254 4772 1306 4813 et
1335 4764 1569 4828 plerique
1596 4766 1705 4821 alii,

152 4834 444 4897 placentem.
488 4831 737 4884 Fuldeus.
780 4832 936 4891 male,
970 4830 1222 4899 plarente.
1266 4831 1511 4885 Heinsius
1559 4838 1623 4882 ait
1658 4834 1708 4883 in

153 4903 254 4955 suis
272 4918 391 4955 esse
422 4902 531 4953 Deo
556 4902 829 4966 placattem
854 4916 971 4951 cum
997 4901 1160 4961 Aldo;
1186 4900 1329 4952 addit
1351 4901 1707 4958 Teulius,edt-

153 4973 315 5025 tiones
357 4987 551 5023 omnes
590 4970 807 5022 Heinsio
842 4968 1166 5026 anteriores.
1222 4972 1406 5021 Aldina
1468 4982 1705 5035 excepta,

156 5040 339 5093 habere
370 5040 484 5093 Deo
508 5050 727 5102 parente.
756 5041 819 5089 At
847 5053 949 5089 non
974 5038 1143 5089 solum
1170 5040 1218 5090 in
1250 5039 1433 5089 Aldina
1457 5040 1707 5101 editione,

154 5112 236 5161 sed
268 5111 318 5163 in
351 5112 475 5162 aliis
498 5111 655 5162 etiatn
680 5111 908 5173 antiquts
936 5108 1147 5159 invenio
1178 5106 1278 5159 Deo
1313 5111 1585 5161 placentem
1607 5148 1619 5168 ,
1654 5122 1713 5159 ιιι

154 5178 201 5228 in
248 5179 540 5232 Basileensi
582 5180 703 5229 anni
748 5176 1427 5239 1550,12u10niensi159.1,
1477 5187 1529 5229 et
1568 5179 1704 5228 aliis.

154 5249 402 5301 Sichardo
431 5254 604 5315 placet
631 5255 856 5313 parente,
892 5246 1012 5308 quia
1049 5247 1291 5312 sequitur
1326 5260 1484 5297 matre
1509 5247 1707 5307 virtute,

155 5328 205 5367 ut
223 5317 412 5370 Cit-ero
436 5318 781 5383 gloriabatur,
811 5331 867 5365 se
897 5330 1007 5365 sua:
1031 5316 1321 5369 nobilitatis
1342 5330 1596 5383 parentem
1621 5319 1711 5365 ha-

155 5387 269 5439 bere
301 5388 563 5459 laborem.
597 5385 776 5437 Virtus
806 5395 971 5459 mater
995 5384 1204 5445 dicitur,
1240 5397 1293 5437 ut
1322 5388 1528 5436 castitas
1554 5397 1712 5437 mater
1758 5456 1763 5459 _

154 5458 429 5524 bymnott
466 5455 701 5524 (latinum.
735 5470 874 5506 vers.
916 5454 995 5524 li.

220 5526 304 5580 14.
332 5526 489 5585 Ald.,
517 5522 649 5587 Gts.,
686 5524 902 5582 lirl’urt.,
937 5523 1125 5589 Bottg.,
1156 5536 1284 5591 Aug.
1321 5539 1441 5575 cum
1478 5523 1615 5575 Vult.
1645 5524 1709 5585 C,

150 5596 211 5651 (ἶ,
241 5597 307 5657 0,
335 5594 403 5657 Β,
442 5593 545 5653 BB,
576 5604 628 5646 et
654 5592 791 5653 aliis,
825 5595 1088 5643 sterieutis.
1126 5593 1265 5655 PaL,
1296 5596 1494 5655 0Xt|ll.,
1534 5594 1708 5659 lignr.,

152 5661 372 5725 Widm.,
414 5663 643 5721 Bonum,
687 5666 862 5721 Alex.,
907 5662 1059 5727 Man,
1096 5664 1212 5714 Hal.
1261 5680 1287 5713 a
1332 5664 1496 5729 prima
1530 5679 1708 5723 nianu,

150 5745 193 5783 et
228 5734 313 5785 alii
344 5734 625 5793 servientis,
653 5747 757 5798 quo
789 5732 953 5784 verba
990 5733 1145 5783 simili
1181 5731 1384 5785 ratione
1412 5746 1553 5797 saepe
1586 5748 1712 5783 usus

152 5813 222 5853 est
258 5802 597 5855 Prudentius.
634 5800 896 5862 Barthius,
938 5801 1028 5853 lib.
1070 5816 1215 5865 sinu,
1249 5816 1367 5869 cap.
1399 5802 1429 5859 Ἰ
1464 5802 1707 5865 ,λήνει-6.,

1813 4557 1936 4608 bant
1963 4556 2159 4622 amiqni
2186 4571 2366 4607 servus
2394 4556 2533 4603 duini
2567 4565 2739 4605 natos.
2769 4554 2871 4606 Sed
2902 4556 3184 4619 aliquando
3212 4570 3379 4607 verna:

1810 4642 1907 4678 vos
1935 4628 2120 4677 latiore
2146 4630 2360 4675 notione
2392 4638 2485 4686 pro
2516 4624 2837 4688 quihUslihet
2867 4626 3034 4673 servis
3078 4624 3376 4687 accipieba-

1816 4706 1917 4757 tur,
1953 4708 2006 4748 ut
2031 4696 2287 4759 exemplis
2314 4694 2593 4742 conliuniat
2628 4694 2919 4756 l'ignortus.

1880 4766 1968 4817 ‘25.
2002 4766 2151 4823 .\iar.,
2179 4771 2387 4829 pergat;
2419 4775 2575 4825 supra
2606 4770 2837 4828 pergant,
2863 4768 3025 4811 recte.

1880 4834 1970 4885 ΕΗ.
2003 4834 2308 4891 Sieliardus,
2354 4844 2663 4893 perperam,
2702 4830 3037 4895 triumphator
3068 4843 3159 4891 pro
3197 4838 3378 4880 trtum-

1814 4904 1962 4969 phus.
2004 4902 2325 4966 Triumphus
2367 4898 2556 4950 nobilis
2590 4898 2800 4960 dicitur,
2846 4908 2902 4949 ut
2939 4896 3037 4947 uda
3074 4895 3094 4946 1
3134 4896 3375 4949 lloratii:

1817 4972 2092 5029 Palmaque
2123 4970 2323 5020 nobilis.

1998 5039 2190 5104 Scripti
2216 5038 2502 5099 lleiusiani,
2534 5038 2708 5097 Alex.,
2742 5035 2859 5104 vat.
2887 5033 2950 5097 F,
2976 5034 3119 5091 ΑΜ..
3144 5033 3373 5096 Bonum,

1817 5110 1964 5174 Egm.
2018 5118 2069 5159 ct
2103 5103 2212 5169 alii,
2261 5117 2420 5176 captis
2460 5106 2705 5158 tenebunt.
2754 5103 3187 5176 \N’eitzitts,_tits.,
3220 5104 3377 5165 Mur.,

1816 5172 1958 5239 llat.,
1986 5177 2123 5229 V'att.
2157 5182 2217 5235 ι),
2261 5177 2297 5229 ιε’
2323 5172 2379 5231 et
2426 5177 2533 5239 alii,
2570 5176 2732 5243 captis
2770 5176 2987 5226 tenebat.
3041 5172 3373 5237 Viennensis,

1811 5246 2258 5319 ettptutn_tettebttt.
2372 5315 2381 5319 _
2737 5314 2746 5319 _
2808 5314 2815 5319 _
2950 5312 2983 5319 ,,
3024 5310 3044 5319 _
3277 5309 3286 5319 .

1882 5319 1968 5369 :26.
1996 5316 2209 5376 Vit-nn”
2234 5327 2348 5367 tunc
2365 5315 2467 5381 ipse
2490 5330 2505 5376 ;
2528 5313 2636 5375 alii,
2661 5314 2780 5381 quin
2802 5314 2926 5380 ipse.
2950 5310 3191 5363 Erfurt.a
3210 5310 3375 5376 prima

1815 5403 1993 5445 manu,
2024 5389 2225 5437 strinxit
2254 5400 2348 5451 pro
2374 5384 2597 5449 stringit.

1884 5457 1972 5509 51.
2014 5448 2433 5506 Elmenhorsnus
2470 5448 2519 5503 in
2551 5452 2841 5505 Arnobimn
2872 5463 2991 5515 pag.
3027 5449 3111 5510 16,
3144 5448 3381 5501 buculam

1818 5542 1911 5586 pro
1936 5524 2089 5583 bove,
2118 5524 2362 5587 juvenea.
2390 5521 2547 5575 bacca
2576 5537 2640 5574 ex
2667 5523 2859 5585 altissis
2892 5524 3181 5582 veteribus,
3215 5516 3381 5583 Virgi-

1818 5595 1916 5657 lio,
1942 5593 2220 5646 Aldhelmo
2253 5595 2355 5645 dici
2388 5595 2716 5659 comprobat.
2752 5591 2873 5643 Ald.
2910 5597 2963 5639 et
2993 5593 3153 5657 Ang.,
3194 5599 3383 5650 vestes;

1817 5666 1921 5724 alii,
1947 5676 2146 5714 vestem.
3310 5713 3319 5722 _

1886 5733 1973 5785 5'2.
2001 5732 2129 5784 Mar.
2159 5743 2211 5782 et
2245 5731 2443 5784 Bonon.
2469 5746 2585 5784 cum
2619 5729 2938 5789 lleiusianis,
2971 5736 3171 5791 praster
3202 5725 3395 5778 Putea-

1820 5817 1968 5866 nmn,
2006 5801 2265 5867 cxpcd.'tns
2304 5802 2535 5865 vinculis,
2567 5816 2698 5867 quos
2727 5800 2873 5866 sequi
2907 5797 3073 5849 noluit
3114 5795 3383 5849 Heinsius.
