3960 6312
186 390 1446 440 ΙΜῇὩμ-ῌυθᾜ-..σ
1488 398 1525 403 ..ι
1557 397 1622 402 -..Α
1644 397 1916 404 ..νῆ-έοουνρ.
1962 398 2133 403 ,νῇ,,-.-4
2156 397 2221 403 -,,
2258 397 2341 402 7--.
2384 398 2439 401 ,_,
2494 400 2501 401 κ
2542 397 2641 401 ήγ,γ
2672 394 3009 400 ν--γ-.ην-ον-ννκ-κ
3036 393 3067 397 ς-
3100 394 3113 395 κ
3152 394 3159 397 -
3326 395 3334 426 Ι

244 438 253 441 η
276 434 347 441 ἦ..
476 431 571 438 —-—-»>
652 433 853 439 συμμοηιλ-
978 435 1053 440 ηρ-»
1100 436 1121 439 »-
1142 436 1149 439 -
1198 435 1251 441 7...
1286 436 1327 440 ὝΑ
1411 437 1439 441 7.
2266 438 2269 439 7
2520 438 2523 439 7
2652 436 2667 439 ,η
2695 436 2723 439 .7
2762 435 2803 439 ._.
2824 432 2919 438 η..-
2964 430 3029 437 ,Α--η
3056 430 3219 437 «ιαοὺ-
3236 430 3285 435 ..-

928 526 1619 700 Inscriptio
1688 528 2497 661 behicatoria.

1521 753 1797 761 ._____.—_.—

1366 848 1823 903 SANCTISSIMO.
1878 847 2079 899 PATRI

1103 942 1225 1000 ET.
1273 943 1346 1000 D.
1396 943 1466 1000 N.
1516 942 1666 1000 PlO.
1717 940 1821 998 Vl.
1874 938 2100 997 PONT.
2149 937 2355 995 MAX.

987 1040 1119 1105 QVI.
1167 1040 1315 1092 PRO.
1362 1039 1614 1093 ΕΧΙΜΙΟ.
1663 1040 1769 1092 ΕΤ.
1814 1036 2198 1091 SINGVLARI.
2240 1034 2487 1089 S'I'VDIU

1223 1130 1816 1183 ECCLESIASTICAE.
1862 1128 2244 1181 DOCTRINAE

854 1218 1327 1272 EXCOLENDAE.
1389 1218 1956 1271 AMPLIFICANDAE.
2025 1215 2611 1271 COHONESTANDAE

1158 1306 1469 1361 EDITIONI.
1534 1306 1882 1360 ROMANAI‘J.
1940 1307 2022 1359 CA
2035 1306 2123 1359 RM
2136 1307 2299 1360 INVM

991 1397 1074 1455 M.
1125 1398 1475 1457 AVRELII.
1523 1398 1990 1457 CLEMENTIS.
2040 1398 2459 1481 PRUDENTII

898 1497 1217 1550 TITVLVM.
1269 1498 1759 1552 SACHATISSHII.
1810 1497 2101 1552 NOMISIS.
2154 1498 2554 1553 PRAESCRIBI

1308 1586 1791 1639 BENIGNISSIME.
1836 1586 2142 1640 INDVLSIT

871 1677 1206 1731 VOLVMEN.
1258 1677 1605 1732 ALTERVM.
1658 1676 1813 1741 QVO.
1864 1676 2308 1729 CATHULICVS.
2361 1677 2581 1730 POETA

731 1768 1151 1823 CONCVLCAT.
1202 1769 1445 1823 SACRA.
1496 1767 1821 1822 GENTIVM.
1875 1768 2125 1821 LABEM.
2178 1766 2445 1821 INFERT.
2496 1767 2714 1821 IDOLIS

716 1857 1016 1913 CARMEN.
1077 1859 1537 1913 MARTYHIBVS.
1604 1859 1940 1913 DEVOVET.
2000 1858 2292 1913 LAVDAT.
2355 1858 2745 1914 APOSTOLOS

1325 1948 1727 2002 FAVSTINVS.
1777 1948 2144 2002 AREVALVS

904 2039 1087 2093 POST.
1135 2038 1527 2091 IIVMILLIMA.
1577 2036 1827 2089 PEDVM.
1867 2036 2151 2090 OSCVLA.
2200 2037 2563 2090 llEATORVM

1379 2128 1436 2178 D.
1520 2126 1579 2176 D.
1663 2127 1722 2177 L.
1799 2126 2071 2178 MI‘IRITU.

164 2268 925 2285 “———.._____.—._ﬁ
950 2266 1731 2279 ..μ-,Μι-

1760 2266 2113 2277 ...η-...ψ

1481 2402 2018 2477 PR/EFATIO.

200 2606 379 2669 Habes,
422 2606 478 2659 L.
518 2606 602 2667 8.,
636 2604 1071 2658 commentarium
1126 2603 1175 2653 in
1219 2600 1491 2655 Prndentii
1533 2602 1805 2663 carmina,
1847 2614 1963 2666 qum
2003 2610 2314 2666 supererant
2351 2601 2690 2664 excutienda,
2733 2604 2903 2656 serius
2941 2603 3163 2659 fortas-‘e
3201 2624 3356 2675 quam

144 2700 388 2750 multoram
420 2698 623 2765 opinio.
652 2706 739 2747 ant
765 2696 922 2748 etiam
953 2693 1277 2760 exspectatio
1308 2692 1529 2758 ferebat,
1562 2704 1746 2742 verum
1778 2688 1942 2741 multo
1968 2689 2123 2744 cilius
2146 2703 2301 2756 quam
2332 2698 2423 2743 aut
2449 2706 2535 2743 res
2568 2691 2677 2757 ipsa
2704 2694 2807 2758 pati
2836 2693 3030 2749 debere
3056 2696 3355 2757 videbatur,

144 2793 212 2837 aut
235 2802 375 2853 quam
402 2787 725 2842 destinatum
756 2786 883 2837 mihi
940 2795 1053 2836 erat
1095 2797 1150 2834 ut
1179 2797 1311 2849 epus
1339 2797 1403 2834 ex
1431 2779 1590 2833 animi
1624 2779 1723 2832 mei
1756 2779 2018 2833 sententia
2054 2780 2103 2829 in
2139 2779 2309 2830 lucem
2339 2778 2596 2843 prodiret.
2639 2779 2893 2847 Equidem
2925 2784 3171 2836 Volt-men
3205 2786 3353 2851 prius

143 2880 399 2933 emantbus
439 2880 567 2932 mihi
616 2876 775 2939 elabi,
819 2887 978 2943 atque
1023 2877 1073 2926 in
1126 2873 1315 2941 vulgus
1360 2874 1563 2934 venire,
1609 2869 1746 2922 haud
1783 2883 1922 2936 a-gre
1965 2868 2209 2929 tuleram,
2260 2869 2397 2934 quod
2435 2868 2504 2919 ita
2546 2882 2751 2921 mecum
2817 2873 3194 2926 constitueram
3240 2874 3354 2927 fieri

145 2982 274 3033 posse
302 2980 355 3022 ut
380 2971 604 3025 aliorum
645 2985 743 3035 qua
782 2967 1024 3032 munitis,
1067 2981 1166 3032 qua
1198 2960 1704 3030 reprehensionihns
1737 2958 1941 3009 dectinr
1972 2958 2161 3019 factus,
2189 2966 2278 3007 aut
2309 2955 2559 3008 nonnulla
2587 2955 2694 3022 jam
2724 2956 2860 3009 dicta
2901 2968 3267 3025 retractarent,
3302 2962 3354 3014 in

142 3058 396 3124 meliusque
441 3069 833 3122 converterem,
888 3068 976 3110 aut
1019 3059 1270 3123 deinceps
1321 3054 1547 3107 dicenda
1599 3052 1660 3102 ad
1712 3051 2035 3103 severiorem
2081 3047 2353 3114 iudicandi
2404 3061 2643 3099 normam
2697 3048 2987 3115 exigerem.
3038 3051 3205 3119 llnjus
3251 3055 3355 3107 mei

145 3148 315 3200 ronsilii
341 3151 671 3203 exstiteritne
701 3150 892 3215 aliquis
922 3148 1151 3205 fructus,
1185 3146 1325 3197 ultro
1354 3144 1471 3194 aliis
1502 3138 1845 3207 judicandttttt
1879 3137 2259 3202 relinquerent,
2303 3134 2402 3187 nisi
2435 3149 2547 3187 rem
2590 3135 2657 3187 ita
2697 3150 2816 3189 esse
2842 3138 2975 3204 grati
3005 3139 3165 3192 animi
3197 3156 3354 3193 causa

146 3249 383 3299 prmstaret
421 3240 679 3309 proliieri.
725 3238 945 3300 Verum,
986 3239 1027 3290 si
1060 3237 1201 3305 quod
1244 3234 1382 3288 aliud
1429 3232 1731 3299 scriptionis
1772 3244 1969 3297 genus,
2013 3229 2425 3281 eonimentariue
2468 3237 2611 3280 certe
2656 3227 2707 3279 in
2740 3227 3103 3284 doctissimum
3148 3244 3357 3301 poetam

144 3328 457 3383 Cliiistiauum
488 3329 725 3383 diuturni
754 3330 1007 3395 temporTs
1036 3340 1179 3378 mora
1214 3324 1412 3391 indiget
1436 3322 1501 3375 ad
1530 3338 1580 3375 m
1603 3324 1907 3373 -turitatem.
1940 3320 2068 3372 Nam
2099 3319 2151 3371 in
2186 3319 2443 3371 varietate
2472 3332 2521 3371 et
2551 3318 2702 3387 copia
2731 3334 3161 3387 argumentorum
3191 3340 3358 3394 prope

144 3416 308 3470 infinita
347 3434 499 3487 quam
541 3419 730 3479 multa,
771 3419 929 3471 etiam
963 3417 1087 3469 dum
1131 3414 1271 3467 aliud
1309 3415 1541 3482 agimus,
1576 3422 1784 3479 tempus
1823 3422 1875 3465 et
1915 3426 2070 3463 casus
2102 3410 2363 3470 ofTerunt,
2412 3425 2530 3473 quae
2568 3410 2831 3463 incassum
2877 3414 3009 3468 alias
3054 3431 3357 3482 qumreres,

144 3520 189 3558 ne
222 3522 278 3560 ne
299 3510 539 3576 regitatio
583 3510 796 3578 quidem
839 3506 1107 3578 qnzcrendi
1154 3506 1306 3559 facile
1347 3504 1708 3559 excitaretur?
1752 3502 1886 3567 Quid
1935 3504 1984 3554 in
2033 3502 2143 3568 ipsa
2183 3499 2316 3554 adeo
2358 3499 2596 3578 familiari
2639 3512 2692 3553 et
2735 3504 3038 3570 quotidiana
3084 3508 3349 3563 sermonis

143 3600 584 3652 enniinunicatinne
620 3598 839 3651 consilia
871 3598 1145 3651 doctorum
1206 3596 1475 3647 hominum
1518 3594 1571 3646 et
1599 3594 1823 3659 cogitata
1856 3606 2182 3645 cinttnteuinr
2219 3592 2309 3643 m?
2357 3572 2536 3644 liuina':
2577 3592 2900 3657 prmsertim,
2945 3593 3028 3646 ubi
3064 3604 3165 3648 tant
3197 3578 3361 3651 tnulti

143 3696 240 3738 sunt
270 3691 350 3756 qui
396 3691 445 3741 in
486 3688 890 3757 antiquitatibus
937 3689 1101 3739 sacris
1148 3699 1201 3740 et
1246 3686 1474 3753 profanis
1524 3684 1901 3752 investigandis
1941 3682 2127 3750 juvaie
2174 3693 2224 3734 te
2274 3682 2473 3747 possint
2516 3690 2569 3733 ct
2608 3683 2789 3741 velint.
2834 3700 3090 3752 nusquam
3134 3699 3187 3741 ut
3229 3689 3357 3741 alib'

144 3780 307 3845 majora
352 3780 523 3834 adsint
569 3781 867 3847 adiumenta
924 3776 986 3831 ail
1041 3779 1336 3845 hujnsntodi
1391 3793 1565 3829 rerum
1619 3774 2096 3829 commentationes
2148 3772 2517 3837 perficiendas.
2579 3772 2841 3826 Caeterum
2894 3791 2959 3829 tie
3009 3776 3269 3829 tarditatis
3312 3787 3362 3832 et

144 3874 597 3933 procrastinationis
637 3889 857 3941 arguar,
893 3882 983 3923 aut
1025 3886 1263 3924 cessasse
1300 3869 1471 3937 potius
1513 3869 1698 3921 videar
1761 3882 1917 3934 quam
1962 3865 2217 3933 temporis
2260 3865 2706 3932 Opportunitatem
2751 3867 2981 3919 voluisse
3019 3878 3362 3934 exspectare,

144 3960 284 4024 quoad
320 3978 447 4031 opus
476 3974 876 4025 maturesceret,
910 3964 1133 4014 aliorum
1164 3962 1375 4015 demutn
1404 3962 1630 4014 consilio
1664 3960 1933 4027 acquievi,
1968 3972 2275 4024 moremque
2306 3956 2565 4009 voluntati
2593 3960 2753 4025 gessi.
2788 3958 2802 4010 1
2830 3958 2917 4010 lud
2950 3962 3107 4010 etiam
3137 3960 3363 4015 addebat

146 4052 342 4114 animos,
378 4056 515 4122 quod
548 4054 862 4107 industriam
894 4068 922 4105 a
952 4068 1033 4105 me
1064 4052 1113 4104 in
1154 4052 1311 4118 priori
1346 4050 1613 4103 volumine
1645 4050 1867 4119 positam
1899 4048 2047 4099 multi
2084 4046 2178 4098 viri
2210 4060 2397 4113 graves
2436 4044 2533 4098 sibi
2566 4060 2668 4097 non
2700 4046 2871 4098 solum
2904 4057 3140 4113 gratam,
3175 4062 3363 4102 verum

146 4140 272 4193 etiam
302 4154 461 4197 ratam
496 4147 661 4197 fuisse
701 4142 837 4195 haud
868 4146 1089 4195 obscura
1128 4141 1288 4195 animi
1320 4142 1706 4209 significatione
1736 4140 2075 4193 declararunt
2112 4152 2125 4188 :
2164 4136 2295 4203 viri,
2330 4137 2574 4204 inquam,
2608 4151 2825 4204 graves,
2857 4152 2884 4188 a
2923 4137 3147 4203 partium
3188 4141 3364 4196 Studio

146 4237 329 4297 semoti,
359 4248 410 4289 et
438 4236 547 4288 acri
575 4234 773 4303 judicio
799 4242 1142 4301 praestantes,
1175 4233 1372 4300 quique
1403 4240 1660 4299 praeterea
1696 4229 1915 4283 liberam
1959 4228 2277 4281 sententiam
2314 4230 2550 4281 omnium
2583 4228 2814 4281 maxime
2850 4228 3093 4293 proferre
3124 4245 3364 4295 possunt.

148 4324 416 4394 Quanquam
451 4327 519 4381 de
548 4342 637 4381 me
673 4326 791 4395 quis
822 4326 1090 4377 liberrime
1122 4340 1224 4376 non
1252 4324 1487 4389 judicet?
1529 4323 1616 4390 qui
1669 4322 1947 4376 liberiores
1975 4321 2330 4389 quorumlibet
2363 4320 2636 4373 hominum
2675 4335 2958 4384 censuras,
2994 4322 3363 4390 praejndicatas
3392 4313 3401 4320 ”

148 4414 275 4466 etiam
305 4432 402 4468 non
434 4416 723 4483 legentium
754 4414 1147 4480 castigationes,
1179 4412 1384 4464 fa-tidia
1416 4426 1601 4464 eorum
1633 4412 1743 4479 qtti,
1770 4426 1888 4465 cum
1921 4410 2140 4464 meliora
2174 4410 2405 4464 fortasse
2436 4410 2609 4465 facere
2641 4412 2736 4477 ipsi
2766 4415 2992 4478 possint,
3023 4414 3150 4467 nihil
3186 4424 3360 4471 tamen

149 4503 390 4568 utricant,
420 4506 730 4571 maluntque
760 4503 811 4554 in
842 4500 1108 4567 republica
1140 4502 1394 4553 litteraria
1423 4500 1619 4565 judicia
1653 4499 1789 4553 ferre
1818 4514 1974 4565 quam
2007 4500 2207 4562 subire,
2238 4515 2339 4553 nec
2366 4500 2617 4553 cohibere
2649 4516 2867 4567 possim,
2901 4502 2944 4554 si
2980 4503 3155 4563 velim,
3190 4521 3360 4571 neque

149 4590 254 4639 adeo
288 4591 455 4651 velim,
493 4592 538 4643 si
583 4591 802 4658 possim.
842 4592 956 4653 Quo
995 4590 1245 4655 majorem
1284 4590 1500 4654 gratiam
1546 4589 1627 4640 Itis
1665 4587 1860 4642 habere
1888 4589 2077 4649 debeo,
2125 4588 2214 4657 qui
2256 4590 2389 4642 bene
2425 4591 2491 4643 de
2522 4605 2605 4642 me
2640 4602 2762 4643 Sunt
2806 4593 2997 4645 meriti.
3041 4595 3360 4658 Accedebat,

151 4677 262 4737 quod
297 4695 407 4731 cum
455 4681 666 4733 duobus
714 4678 1068 4731 voluminibus
1116 4678 1349 4729 carmina
1390 4675 1660 4730 l’rudentii
1711 4679 2167 4744 comprehendere
2211 4677 2613 4741 decrevissem,
2670 4679 2738 4729 ita
2787 4694 2969 4730 eorum
3021 4681 3188 4734 moles
3231 4684 3359 4737 mihi

152 4768 444 4832 Itecopinanti
484 4767 735 4828 accrevit,
770 4775 826 4819 ut
858 4766 1003 4833 plura
1046 4780 1318 4826 resecare,
1350 4766 1593 4833 quaedam
1636 4765 1689 4816 in
1720 4764 1861 4818 aliud
1902 4781 2037 4833 opus
2067 4766 2287 4833 rejicere
2323 4777 2539 4819 coactus
2576 4768 2696 4818 sim.
2745 4766 2917 4833 Atque
2956 4767 3004 4819 id
3038 4772 3356 4837 prmeipnmn

153 4848 257 4903 illud
277 4866 369 4916 est,
395 4857 535 4923 quod
568 4865 692 4908 ante
720 4868 936 4905 monere
965 4853 1127 4912 volui.
1161 4868 1225 4905 ue
1254 4854 1369 4904 .-ine
1398 4867 1555 4905 causa
1587 4853 1790 4918 praefari
1824 4854 2022 4905 videar.
2058 4855 2262 4920 Quippe
2318 4854 2577 4920 pollicitus
2606 4854 2804 4907 fueram
2833 4856 2964 4906 duas
2995 4872 3078 4910 me
3103 4858 3359 4916 diatribas

152 4946 492 4996 commentario
525 4951 659 5009 posti
682 4942 837 4994 rioris
867 4940 1022 5007 hujus
1050 4941 1331 4993 voluminis
1362 4942 1787 5009 przepositurum,
1821 4942 2043 4994 alteram
2074 4944 2140 4995 de
2169 4943 2453 4997 liversione
2483 4960 2588 4995 ara:
2608 4942 3112 5007 Victorim,alteratn
3141 4948 3207 5001 de
3228 4950 3359 5006 Fide

157 5023 383 5081 Prudentii
424 5030 475 5083 in
521 5030 651 5084 actis
703 5029 800 5083 SS.
829 5038 1116 5097 martyrum
1167 5028 1480 5081 referendis.
1522 5030 1723 5093 Quibus
1763 5032 1830 5082 de
1869 5034 2026 5083 rebtts
2072 5044 2191 5082 cum
2235 5031 2380 5084 locus
2422 5048 2525 5084 non
2566 5035 2634 5085 sit
2680 5034 2895 5085 uberius
2937 5034 3261 5101 diSSerendi,
3306 5041 3357 5094 in

154 5121 506 5174 commentariis
550 5137 613 5173 ea
659 5120 772 5172 dixi
820 5135 937 5186 qua:
984 5118 1278 5172 necessaria
1328 5118 1435 5170 visi
1485 5128 1625 5181 sunt,
1671 5128 1724 5171 et
1758 5120 1887 5171 siitis
1926 5133 2043 5170 esse
2078 5118 2271 5171 debent
2315 5119 2380 5171 ad
2429 5130 2634 5187 poetam
2678 5122 3099 5189 explanandnm,
3140 5129 3383 5197 ejusqnc‘

155 5216 478 5268 auctoritatem
524 5212 914 5268 vindicandam.
966 5212 1079 5265 Alia
1122 5227 1240 5279 qua:
1290 5212 1341 5262 in
1386 5220 1611 5279 utroque
1659 5220 1970 5278 argumento
2011 5209 2332 5263 distinctius.
2354 5222 2407 5263 et
2448 5211 2762 5277 explicatius
2814 5216 3186 5279 pertractandi)
3235 5222 3356 5273 addi

158 5313 369 5359 possunt.
418 5305 486 5356 ita
537 5313 782 5370 separato
835 5315 996 5367 opere
1045 5301 1321 5366 complecti
1371 5308 1454 5352 est
1496 5300 1737 5362 animus,
1789 5309 1844 5351 tit
1892 5299 1955 5351 ad
1988 5299 2256 5353 l’rndentil
2305 5300 2793 5368 interpretationem
2824 5304 3199 5359 absolvendam
3252 5328 3357 5366 non

156 5403 501 5456 supervacanea
542 5396 671 5455 sint,
707 5392 751 5446 si
780 5393 1054 5456 accedant,
1092 5408 1283 5459 neque,
1317 5392 1358 5443 si
1392 5391 1586 5455 alisiltl,
1620 5406 1937 5460 magnoiieie
1967 5391 2354 5446 desiderentur.
2390 5392 2567 5460 Itaque
2597 5392 2939 5445 Prudentium
2974 5397 3193 5461 perinde
3224 5417 3361 5456 nunc

156 5479 253 5544 cdo,
283 5496 338 5535 ac
362 5497 449 5535 sua
478 5496 645 5547 opera
672 5480 945 5533 absolvere
970 5480 1145 5533 solent
1174 5481 1408 5532 nonnulli
1439 5480 1742 5544 architecti,
1775 5481 1862 5546 qui
1894 5480 2095 5532 :cdibus
2123 5483 2364 5548 quamvis
2394 5482 2764 5549 amplissimis,
2793 5496 2846 5537 et
2875 5485 3065 5551 quibus
3093 5490 3221 5543 nihil
3251 5496 3359 5560 jam

158 5566 206 5615 ιιιΙ
248 5571 605 5634 perfectionem
652 5579 705 5622 et
746 5569 1133 5622 absolutionem
1184 5568 1425 5621 videatur
1475 5571 1695 5632 deesse,
1747 5570 1815 5621 ita
1867 5580 2040 5622 tamen
2095 5569 2356 5637 fastigium
2411 5572 2719 5639 imponunt,
2765 5583 2822 5625 ut
2867 5591 2928 5627 ex
2972 5578 3148 5645 aliquo
3196 5582 3361 5639 Ιαιειιε,

160 5656 461 5724 ttmjceuras,
501 5671 555 5713 et
594 5659 891 5728 crepidines
934 5674 1231 5721 murorum,
1258 5659 1405 5726 quisi
1443 5659 1662 5727 veszigia
1707 5657 2047 5711 continuandi
2092 5659 2287 5723 operis,
2333 5660 2651 5727 relinquant,
2692 5662 2833 5714 unde
2877 5664 3156 5721 :edillcinm
3196 5675 3362 5738 possit

164 5751 229 5803 vel
257 5752 316 5805 ab
343 5753 495 5819 ipsis,
530 5754 610 5803 vel
645 5753 709 5819 ah
740 5751 890 5811 aliis,
927 5751 970 5803 si
1006 5766 1130 5804 usus
1159 5750 1362 5815 veniat,
1396 5750 1671 5817 ςιιίψιίιν·ιιο
1696 5748 2030 5817 amplificaii,
2057 5758 2105 5800 et
2137 5748 2185 5800 in
2218 5751 2571 5815 angustiorem
2603 5750 2823 5803 formam
2858 5753 3041 5819 red'gi.
3076 5756 3219 5812 Vale.

368 5845 630 5901 Parnm.
680 5841 809 5899 LX.
3055 5846 3081 5903 1
