3960 6312
540 323 601 377 19
1626 324 1901 377 AURELII
1944 324 2308 379 PRUDENTII
2349 327 2679 381 CARMINA.
3722 338 3793 391 ΞΟ

572 509 577 514 ,
711 433 955 487 Animam
986 431 1176 484 deinde
1203 431 1424 499 spiritus
1452 434 1823 501 complexibus

539 526 608 579 65
716 523 807 576 Pie
830 523 1096 586 maritam,
1131 522 1293 588 prolis
1324 531 1596 589 expertem
1622 524 1735 588 diu,

715 614 892 669 Faciet
924 613 1141 682 perenni
1174 612 1399 667 fertilem
1426 614 1493 668 de
1523 617 1747 669 semine.

2132 446 2185 502 Α

2386 445 2534 497 Tune
2555 460 2671 498 sera
2698 445 2878 499 dotem
2908 446 3187 513 possidens
3219 461 3501 513 puerpera,

2394 533 2614 588 llmrede
2643 534 2801 601 digno
2840 534 3003 601 patris
3035 534 3277 604 implebit
3309 534 3549 588 domum.

1827 705 2107 761 GLOSSE
2146 704 2481 759 VETERES.

609 814 698 869 64.
734 814 997 877 Animam,
1022 831 1175 882 quam
1199 815 1330 868 Sara
1351 816 1623 884 signiﬁcat.
1656 848 1720 856 »-
1743 817 1993 879 Spiritus,
2019 834 2106 881 per

534 885 763 950 spiritum
780 885 1058 952 intelligere
1075 887 1176 936 vult
1191 887 1468 949 Abraham,
1492 902 1575 947 per
1590 903 1654 937 an
1668 892 1813 937 'mant
1839 888 2043 949 Suram,
2064 887 2104 939 l.

606 954 693 1005 63.
727 954 981 1014 Maritum,
1014 971 1253 1022 syncopa,
1288 956 1339 1005 id
1365 966 1435 1006 est
1466 957 1805 1021 conjunctam,
1833 958 1977 1021 quasi
2000 972 2108 1007 ma-

533 1023 753 1085 ritatam,
789 1039 819 1072 a
842 1024 1007 1086 verba,
1039 1024 1175 1089 quod
1198 1034 1289 1084 est,
1318 1026 1521 1087 marito,
1552 1042 1628 1075 as.
1663 1054 1731 1064 —
1763 1026 1956 1088 l’rolis,
2001 1027 2103 1075 vir—

534 1102 698 1143 tutum
724 1094 1085 1158 spiritualium.
1107 1122 1175 1132 —-
1205 1094 1508 1157 Expertum,
1543 1095 1785 1159 iqnotam,
1816 1095 1851 1145 l.

604 1161 690 1213 66.
748 1162 1016 1217 Fertilem,
1051 1163 1365 1229 fructiferam
1404 1180 1515 1212 cum
1548 1165 1687 1214 bonis
1742 1164 1993 1232 operibus.
2033 1192 2102 1201 ——

536 1230 773 1290 Summe,
808 1232 850 1281 si
878 1248 1044 1283 semen
1070 1243 1140 1283 est
1172 1233 1372 1283 verbum
1390 1231 1503 1293 Dei,
1547 1230 1908 1297 consequenter
1934 1244 1977 1283 et
2006 1233 2101 1297 ﬁlii

534 1316 685 1367 opera
710 1310 844 1361 sunt,
876 1317 1090 1368 quorum
1120 1302 1293 1369 utique
1331 1301 1556 1351 mercede
1602 1303 1651 1351 in
1700 1304 1798 1367 [ine
1827 1302 2103 1353 dominabi-

533 1384 681 1430 tnur;
712 1386 814 1420 non
853 1372 1113 1437 feminam,
1146 1372 1198 1421 id
1235 1381 1309 1421 est
1338 1388 1435 1421 non
1476 1372 1627 1421 molle
1666 1372 1786 1436 quid
1818 1389 1877 1423 ac
1906 1370 2100 1422 resolu—

534 1447 660 1503 tum,
688 1441 776 1490 sed
804 1455 1030 1504 puerum,
1066 1440 1119 1490 itl
1144 1450 1235 1498 est,
1262 1443 1392 1506 forte
1424 1456 1483 1491 ac
1511 1441 1730 1491 solidum
1754 1442 2024 1509 parientes,
2050 1447 2103 1490 ut

2208 818 2371 871 illud:
2398 834 2511 868 cum
2542 826 2706 868 autem
2735 815 2981 883 pepererit
3007 830 3242 883 puerum,
3277 824 3408 877 etc.,
3459 814 3495 865 1.

2280 888 2364 940 67.
2404 889 2612 945 Dotem,
2641 888 2829 937 scilicet
2852 886 3122 943 virtutum,
3163 885 3313 935 vitam
3342 886 3535 935 beatam
3564 925 3577 945 ,
3603 887 3679 937 vel
3698 889 3787 953 ju-

2211 961 2544 1020 stamvitam;
2574 957 2666 1006 ’lios
2705 956 2822 1006 sinit
2853 960 3045 1005 intrare
3084 969 3207 1022 quos
3264 956 3443 1022 dignos
3490 957 3687 1018 probat.
3717 986 3786 995 —

2212 1028 2499 1093 Pnerpera,
2532 1040 2741 1091 puerum
2767 1027 2989 1090 pariens,
3020 1025 3121 1075 Iso.

2283 1090 2371 1149 68.
2408 1095 2833 1159 llmrededigno,
2867 1093 3142 1145 secundum
3169 1092 3336 1144 illud:
3370 1090 3491 1144 Filii
3527 1093 3624 1155 tui,
3652 1094 3784 1145 sicut

2210 1168 2419 1218 novellw
2441 1166 2708 1224 olivarum,
2726 1164 2934 1215 etalibi:
2960 1162 3132 1231 Dirige
3158 1162 3290 1229 ﬁlios
3313 1179 3484 1213 eorum
3504 1178 3520 1224 ;
3548 1179 3608 1213 ac
3631 1168 3785 1227 paulo

2213 1246 2321 1292 post
2349 1250 2365 1285 .‘
2392 1235 2453 1286 Et
2478 1250 2629 1302 opera
2651 1250 2766 1284 man
2778 1249 2893 1283 num
2925 1242 3208 1283 nostrarum
3231 1232 3392 1297 dirige
3422 1248 3576 1297 super
3599 1248 3786 1282 nos.—

2212 1304 2401 1365 l’atris,
2430 1304 2713 1355 ostenditur
2736 1319 2821 1368 per
2836 1303 3143 1353 divinitatem
3171 1312 3218 1351 et
3243 1304 3648 1361 humanitatem;
3674 1314 3787 1366 qua:

2209 1375 2433 1425 rtnnsint
2456 1374 2578 1436 duo,
2604 1390 2703 1423 non
2722 1382 2889 1422 tamen
2905 1372 3031 1435 duo,
3050 1371 3135 1423 sed
3154 1387 3280 1421 unus
3308 1380 3379 1421 est
3398 1370 3652 1434 Christus,
3679 1370 3785 1422 lso.

1872 1544 2426 1601 COMMENTARIUS.
2468 1590 2473 1595 .

604 1660 690 1711 Gl.
724 1658 869 1721 Aitl.,
906 1658 1017 1712 Gis.
1052 1659 1100 1711 in
1126 1668 1374 1713 contextu
1408 1661 1424 1711 l
1471 1660 1580 1723 ed.,
1631 1658 1973 1720 cotinexibus;
2014 1658 2101 1710 alii

534 1730 726 1792 melius
752 1728 1110 1795 compluribus.

604 1797 691 1849 65.
725 1797 910 1855 Aldus,
936 1802 1054 1864 pice,
1080 1799 1253 1852 minus
1284 1800 1438 1861 bene,
1488 1813 1581 1866 pro
1614 1800 1714 1867 pie.
1745 1797 1799 1849 ln
1834 1795 2101 1850 nonnullis

534 1867 701 1933 vulg.,
735 1876 1021 1935 expertam;
1057 1870 1264 1934 corrige
1294 1879 1568 1935 expertem.
1598 1868 1862 1922 Cauchius
1907 1883 1971 1920 ex
2011 1880 2099 1919 co-

534 1937 648 1987 dice
679 1939 879 2002 scripto
912 1940 1141 1991 malebat
1162 1941 1241 2007 pie
1264 1940 1527 1990 maritans.

543 2075 589 2085 ’κ

602 2076 817 2083 ..α--ν-

710 2525 865 2596 587
894 2524 1125 2587 Christe,
1157 2538 1347 2591 graves
1389 2523 1661 2574 hominum
1696 2538 1905 2588 semper
1936 2526 2097 2576 mise-
2132 2528 2174 2585 Β

1627 2614 1761 2682 [rate
1794 2613 2025 2675 labores,

2285 1655 2542 1715 67.Ald.,
2605 1654 2791 1716 Nebr.,
2843 1662 2897 1706 et
2937 1653 3027 1705 alii
3084 1653 3251 1717 vnlg.,
3311 1651 3492 1705 Sarra.
3536 1650 3786 1717 Plerique

2210 1728 2337 1781 editi
2383 1737 2437 1779 et
2492 1741 2644 1786 mss.,
2676 1741 2806 1783 sera,
2837 1732 2895 1775 ut
2933 1733 3056 1775 ante
3100 1737 3239 1775 vers.
3268 1721 3322 1781 9.,
3360 1720 3619 1773 Abraham
3642 1736 3786 1772 serus

2209 1796 2570 1867 paterdicitur.
2590 1796 2644 1867 In
2662 1794 2777 1867 Vat.
2795 1792 2859 1867 Ο,
2876 1809 2987 1844 sera
3002 1808 3029 1867 εξ
3048 1793 3213 1867 prima
3231 1806 3407 1867 manu,
3424 1790 3591 1844 Sarra
3603 1804 3784 1857 supra.

2276 1868 2366 1919 68.
2400 1866 2592 1928 Palat.,
2626 1865 2883 1932 implerit;
2914 1862 3101 1914 melius
3123 1862 3369 1930 implebit.

2336 2072 2753 2078 κᾼ--ό--ῌτμο
2780 2070 3017 2078 .——-_——
3038 2069 3161 2075 7—.—————-
3182 2069 3505 2075 4—__-~.‘ir
3534 2070 3543 2073 η
3580 2068 3754 2074 *νὴ-

1576 2174 2713 2289 PSYCHOMACHIA.

2380 2528 2477 2591 Qui
2509 2529 2674 2594 patria
2712 2527 2907 2580 virtute
2941 2526 3095 2589 cluis,
3123 2504 3459 2596 propriaque,
3493 2530 3588 2581 sed
3619 2545 3756 2596 una,

2389 2616 2591 2684 (Unum
2621 2631 2847 2685 namque
2865 2616 3027 2669 Deum
3045 2617 3265 2669 eolimus
3284 2616 3348 2670 de
3368 2619 3583 2673 nomine
3604 2621 3751 2674 trino
3775 2638 3787 2671 :

1840 2743 2127 2799 GLOSSIE
2168 2745 2503 2803 VETERES.

606 2867 652 2919 1.
687 2866 1223 2932 Graves,maquos.--
1250 2861 1514 2925 Miserate,
1539 2863 1863 2931 participium
1894 2878 1924 2913 a
1944 2863 2095 2915 verbo

532 2939 763 2999 miseror,
796 2938 918 2991 aris,
951 2934 1087 3002 quod
1112 2933 1239 3003 regit
1265 2932 1641 3003 accusativum;
1675 2933 1791 2982 hinc
1810 2934 1972 3003 etiam
2000 2934 2094 2983 mi-

532 3022 703 3059 serans
732 3007 802 3057 ait
828 3021 844 3057 :
878 3001 1051 3055 Venite
1076 3003 1143 3053 ad
1168 3001 1242 3055 me
1271 3017 1462 3062 omnes,
1485 3002 1572 3068 qui
1603 3002 1862 3063 laboratis,
1895 3001 1995 3054 lso.

600 3080 654 3126 2.
680 3074 873 3135 Patria,
900 3083 1111 3141 paterna
1135 3087 1153 3123 :
1183 3080 1395 3139 paterna
1418 3072 1576 3123 virtus
1617 3071 1848 3123 Christus
1885 3082 1956 3141 est
1983 3072 2102 3123 sub-

532 3145 766 3205 stantiva,
797 3140 907 3194 non
925 3142 1194 3204 accidens;
1226 3156 1383 3207 neque
1410 3141 1629 3214 secunda
1657 3142 1879 3206 qualitas
1899 3140 2095 3204 Patris,

2204 2866 2293 2916 sed
2329 2862 2495 2916 Filius
2523 2866 2632 2934 ejus
2649 2874 2721 2916 est
2744 2881 2761 2928 ;
2782 2866 2900 2929 quia
2927 2882 3025 2916 non
3054 2880 3084 2915 a
3109 2881 3181 2927 se,
3206 2869 3293 2917 sed
3316 2867 3374 2916 ab
3399 2881 3457 2916 eo
3479 2865 3590 2929 ipso
3610 2869 3787 2934 genuit

2202 2950 2273 2985 se.
2292 2963 2361 2973 —-
2374 2933 2539 2997 Cluis,
2556 2936 2758 2995 crescis,
2778 2936 2952 2999 palles.
2974 2964 3042 2975 -—
3061 2935 3189 2993 Una,
3207 2935 3394 2987 scilicet
3419 2936 3724 2999 substantia,
3746 2938 3784 2987 Ι.

2276 3005 2327 3055 5.
2364 2994 2588 3124 lNomine
2631 2994 2791 3067 trino,
2827 3004 3003 3069 Pater,
3048 3014 3093 3056 et
3130 3002 3322 3069 Filius,
3349 3013 3393 3056 et
3419 2994 3786 3072 Spirituﬁan-

2276 3088 2335 3124 is.
2394 3114 2405 3124 .

2208 3080 2335 3136 ctus,
2366 3080 2405 3124 Ι.

1885 3274 2445 3359 counsuramus.

603 3412 654 3463 l.
700 3410 751 3461 In
790 3410 904 3462 Rat.
940 3410 1024 3463 hic
1048 3420 1129 3462 est
1202 3410 1406 3471 titulus,
1458 3408 1642 3473 Incipit
1677 3409 2093 3475 Psyrhomachiw

530 3478 657 3531 liber
695 3478 887 3531 Aurelii
942 3479 1209 3532 Prudentii
1255 3478 1523 3531 Clementis
1554 3479 1617 3531 de
1652 3496 1821 3547 pugna
1849 3482 2091 3531 virtutum

529 3558 676 3614 atque
705 3550 957 3601 vitiorum.
994 3549 1045 3601 In
1077 3550 1225 3610 Man,
1264 3549 1547 3602 lnvocatio.
1584 3550 1635 3600 ln
1669 3549 1932 3603 veteribus
1974 3549 2091 3602 aliis

530 3618 685 3672 codd.
719 3619 1192 3671 desuntinterdum
1222 3619 1385 3671 tituli.
1437 3618 1645 3682 Saepius
1693 3630 1868 3672 autem
1904 3618 2091 3671 inscri-

528 3688 641 3755 ptio
668 3686 785 3740 libri
836 3688 1100 3756 reperitur
1129 3689 1178 3739 in
1230 3687 1556 3753 prrfationis
1588 3688 1791 3749 limine,
1830 3701 1985 3754 quam
2036 3689 2088 3739 in

529 3757 767 3822 ejusdem
802 3758 1259 3821 praefatiirnisline.
1281 3756 1488 3809 Primus
1514 3757 1613 3809 iste
1632 3772 1819 3809 versus
1835 3772 1895 3808 ex
1918 3757 2090 3807 imita-

528 3828 668 3878 tione
686 3826 882 3893 Virgilii
906 3828 1355 3880 conformatusest
1378 3828 1467 3878 lib.
1489 3841 1537 3880 vt
1561 3826 1796 3887 Aineid.,
1839 3841 1978 3877 vers.
1995 3826 2089 3878 56:

528 3894 734 3954 I-‘Iuebe,
762 3910 935 3964 graves
970 3897 1137 3966 'l'roja:
1150 3911 1355 3966 semper
1384 3896 1615 3946 miserate
1646 3894 1866 3966 labores.

597 3967 650 4017 5.
684 3966 737 4018 In
769 3974 877 4017 not.
910 3966 975 4017 ad
1027 3964 1175 4031 priet“.
1206 3964 1400 4029 Aputlt.
1427 3979 1565 4015 vers.
1604 3965 1663 4016 51
1697 3965 1809 4016 dix’i
1844 3965 1904 4015 de
1965 3965 2092 4015 Prn-

526 4034 709 4087 dcntio
752 4035 973 4101 aliisque
994 4034 1194 4087 Latinis
1218 4033 1569 4098 scriptoribus
1591 4046 1616 4083 s
1634 4048 1731 4098 ι·ῃο
1760 4048 1877 4085 ϐεδε
1901 4048 2088 4089 snper-

526 4106 686 4156 lluum
712 4120 724 4165 ;
757 4104 994 4169 adeoque
1023 4104 1159 4154 idem
1193 4114 1273 4153 est
1304 4104 1364 4151 de
1390 4102 1593 4152 nomine
1622 4104 1776 4163 trino,
1807 4117 1867 4152 ae
1888 4103 2091 4153 nomine

527 4175 677 4224 trino.
728 4172 969 4227 Heinsius
1018 4172 1140 4235 legit
1184 4174 1246 4222 de
1278 4172 1473 4222 nomine
1518 4178 1731 4232 utroque
1780 4185 1898 4223 etim
1955 4170 2086 4229 sitis,

527 4242 705 4302 Eam,
742 4240 943 4291 Bonon.
973 4248 1021 4291 et
1058 4239 1207 4291 PaL:
1244 4240 1383 4303 quia,
1408 4240 1599 4304 inquit,
1628 4240 1693 4291 de
1728 4241 1835 4290 Dt-o
1866 4240 2017 4293 Patre
2041 4249 2094 4294 et.

527 4311 667 4361 Filio
700 4318 901 4359 tantum
932 4310 1057 4369 agit.
1106 4309 1347 4359 ltartbins
1388 4308 1479 4360 lib.
1508 4325 1535 4360 ι.
1560 4309 1809 4371 Adrers.,
1842 4326 1958 4374 cap.
2005 4312 2091 4373 ll,

527 4377 728 4443 reperit
757 4376 994 4429 eamdem
1040 4380 1315 4429 lectionem
1349 4380 1398 4429 in
1427 4379 1546 4430 eod.
1589 4380 1811 4431 membr.
1858 4390 2091 4442 vetusm,

526 4448 619 4498 sed
658 4446 871 4511 conjicit
904 4446 1183 4503 legendo-ii
1242 4460 1286 4499 te
1331 4448 1529 4499 nomine
1552 4449 1704 4511 trino,
1734 4451 1811 4500 vel
1844 4458 2020 4515 potius
2051 4458 2097 4501 te

526 4516 731 4567 numine
758 4517 907 4567 trino.
944 4516 1133 4577 Unum,
1169 4517 1262 4580 ait,
1282 4516 1446 4568 Deum
1472 4520 1668 4570 nomine
1694 4529 1887 4569 tantum
1912 4520 2095 4569 trinum

528 4585 691 4643 dicere
726 4602 818 4653 ego
849 4587 1087 4637 nonsatis
1113 4587 1248 4651 pium
1282 4588 1531 4645 existimo,
1557 4603 2012 4651 nequeconsonum
2036 4589 2095 4639 is

527 4670 639 4716 qua:
665 4672 721 4707 eo
755 4657 1311 4724 IMporeAuguntinus,
1353 4656 1597 4722 Hilarius,
1634 4656 1966 4716 Athanasius,
1998 4656 2097 4724 Cy-

528 4724 1055 4792 rillus,Ilirronymus
1088 4734 1131 4776 it
1171 4728 1261 4777 alii
1305 4726 1493 4792 iii/initi
1534 4729 1595 4777 de
1634 4726 1807 4777 eodem
1857 4729 2096 4791 mysterio

528 4796 855 4858 scripserunt,
879 4811 1090 4861 quorum
1119 4813 1238 4847 sane
1274 4796 1443 4846 nullus
1466 4798 1536 4845 ita
1560 4796 1865 4857 loquatur...
1898 4796 1958 4847 Si
1985 4797 2096 4862 quis

530 4874 692 4915 mrtem
715 4865 929 4926 scriptor
946 4869 1334 4930 circtunsptctus
1365 4867 1415 4915 in
1434 4866 1677 4930 mysteriis
1708 4864 1850 4930 fidei,
1884 4866 1925 4915 is
1952 4881 2093 4928 sane,

529 4934 725 4985 etiamsi
746 4942 914 4999 poeta,
945 4936 1077 5000 quod
1107 4951 1261 5001 genus
1307 4936 1454 4985 licent
1481 4950 1511 4983 a
1549 4938 1741 5001 majore
1781 4936 1857 4986 uti
1887 4935 2093 4998 dicitur,

530 5012 601 5054 est
624 5002 932 5054 Prudentius
964 5017 1151 5065 noster,
1181 5020 1237 5054 co
1280 5006 1427 5053 etiam
1471 5006 1673 5053 nomine
1707 5006 1932 5055 omnium
1967 5020 2099 5054 com-

530 5073 846 5125 mendatione
873 5074 1217 5139 dignissimus.
1244 5073 1436 5124 Verum
1468 5073 1592 5123 illud
1638 5074 1885 5124 llartbius
1927 5084 2091 5131 errat,

530 5141 671 5205 quod
723 5151 869 5207 putet
922 5142 1056 5193 alios
1102 5144 1198 5195 SS.
1254 5144 1457 5205 Patres,
1519 5144 1788 5193 Prudentii
1838 5144 2093 5205 aequales,

535 5213 696 5265 lieum
728 5213 926 5262 nomine
946 5212 1075 5262 trino
1106 5226 1373 5278 nunquam
1403 5212 1600 5263 dixisse
1625 5227 1638 5263 :
1664 5212 1802 5275 quod
1832 5214 1973 5263 enim
2010 5213 2100 5263 ad-

531 5282 624 5341 dit,
658 5296 759 5332 nnn
801 5296 918 5333 esse
948 5284 1075 5333 satis
1109 5281 1248 5343 pium
1298 5280 1496 5338 dicere.
1534 5286 1693 5332 tiemn
1724 5296 1843 5333 esse
1886 5284 2101 5335 nomine

532 5351 902 5406 tantumtrino,
937 5366 1037 5401 non
1066 5365 1327 5417 repugno;
1359 5351 1451 5403 sed
1477 5352 1782 5403 adverbium
1818 5352 2100 5402 tantumde

534 5436 629 5468 suo
656 5420 741 5471 ille
772 5420 1031 5485 adjunxit,
1059 5421 1200 5487 quod
1231 5422 1280 5473 in
1322 5421 1610 5473 Prudentia
1640 5437 1743 5473 non
1796 5420 2009 5485 legitur.
2040 5419 2097 5473 S.

533 5488 818 5549 Gregorius
842 5490 1199 5542 Nazianzenus
1230 5491 1281 5543 in
1313 5499 1535 5542 tractatu
1565 5491 1630 5542 de
1665 5490 1825 5552 Fide,
1856 5500 1972 5553 post
2000 5489 2103 5541 ini-

536 5561 661 5608 tium
692 5576 702 5609 :
740 5558 878 5621 Tria,
904 5561 995 5618 ait,
1028 5563 1253 5617 nomina,
1287 5570 1329 5611 et
1377 5570 1472 5612 tres
1520 5576 1759 5626 personas
1811 5562 1962 5610 unius
1992 5574 2098 5611 esse
2129 5570 2180 5627 ι)
2212 5561 2519 5613 defendisse
2550 5560 2683 5611 bane
2720 5562 3040 5612 locutionem
3088 5560 3273 5627 triplex
3294 5560 3453 5608 dcitas

534 5630 777 5698 assentire,
821 5630 969 5698 utin;
1018 5632 1317 5698 inajestatis,
1354 5639 1501 5694 atque
1540 5631 1773 5697 potentiw
1822 5630 2097 5680 credimus.

537 5696 593 5747 ὃ.
641 5695 889 5748 Paulinus
918 5695 1103 5749 Natali.
1135 5702 1166 5751 υ
1207 5717 1218 5749 :
1247 5701 1333 5750 Sic
1372 5695 1569 5750 animus
1594 5700 1788 5751 steriles
1816 5699 1869 5749 in
1904 5699 2105 5749 nomine

2196 3410 2360 3477 gratia
2406 3409 2559 3469 trino,
2608 3408 2825 3459 Innorat
2852 3425 2870 3468 ;
2900 3417 2953 3460 et
2984 3406 3113 3459 ibid.
3147 3407 3337 3459 iterum
3386 3423 3397 3459 :
3428 3406 3621 3463 Fassus
3640 3414 3781 3464 enim

2199 3476 2270 3530 est
2300 3494 2457 3529 unum
2488 3479 2619 3531 trino
2664 3478 2757 3529 sub
2806 3478 3006 3528 nomine
3031 3492 3218 3540 regem.
3258 3478 3320 3529 Et
3346 3476 3567 3542 epistola
3613 3478 3679 3532 12
3710 3482 3779 3533 ad

2196 3552 2452 3605 Severum
2482 3565 2493 3600 :
2521 3547 2653 3598 Ecce
2671 3546 2805 3598 velut
2829 3548 2960 3597 trino
2988 3546 3105 3598 colit
3132 3562 3291 3597 unam
3314 3549 3515 3597 nomine
3535 3558 3776 3609 mentem,

2197 3618 2285 3669 Sic
2309 3618 2498 3669 trinum
2526 3626 2702 3668 sancta
2724 3618 2856 3667 mole
2884 3617 3100 3685 sacravit
3130 3631 3274 3682 Opus.
3321 3615 3373 3668 In
3404 3618 3648 3669 versibus
3684 3620 3780 3685 qui

2194 3686 2472 3739 Claudiani
2502 3687 2716 3739 nomine
2760 3684 3228 3745 circitmferuntur,
3274 3685 3384 3747 sed,
3414 3694 3472 3737 ut
3500 3686 3626 3738 alibi
3661 3684 3778 3740 nto~

2206 3755 2670 3817 nui,‘adjudicandi
2695 3766 2817 3808 sunt
2835 3754 3136 3807 Merobandi
3153 3754 3481 3807 Sebolastico
3503 3756 3777 3819 Hismno:

2208 3824 2285 3877 Tu
2308 3825 2448 3877 solus
2470 3824 2737 3893 Patrisque
2762 3841 2944 3883 comes,
2968 3833 3013 3874 rt
3042 3824 3265 3891 Spiritus
3296 3825 3490 3882 insons,
3540 3825 3603 3875 Et
3627 3828 3778 3878 toties

2203 3912 2335 3947 unus
2378 3895 2667 3961 tripliciqne
2712 3894 2764 3945 in
2800 3895 3003 3945 nomine
3050 3894 3283 3962 simplex.
3323 3894 3567 3958 Sequiori
3604 3895 3777 3947 etiam

2204 3974 2444 4031 tempore
2470 3964 2660 4017 similis
2692 3964 2887 4016 locutio
2936 3974 3052 4016 erat
3087 3963 3141 4015 in
3171 3978 3286 4013 usu.
3320 3963 3622 4028 Drepanius
3648 3962 3773 4015 Flo-

2202 4049 2314 4095 rns,
2349 4043 2495 4098 poeta
2520 4048 2680 4100 supra
2706 4047 2857 4084 suum
2872 4034 3145 4091 sarculum,
3177 4033 3225 4085 in
3255 4032 3489 4084 carmine
3519 4031 3587 4099 de
3613 4047 3776 4085 aereo

2200 4102 2463 4169 paschali:
2485 4101 2656 4154 Unum
2681 4118 2794 4167 quin
2818 4106 2947 4153 trino
2963 4102 3315 4152 celebrantsub
3338 4103 3538 4153 nomine
3559 4118 3773 4163 numen,

2200 4172 2287 4223 ubi
2314 4171 2550 4224 imitatus
2577 4172 2784 4223 videtur
2815 4171 3181 4223 Prudentium.
3214 4170 3777 4223 Instrumentumcon-

2199 4240 2460 4295 cessionis
2482 4241 2699 4293 Ordonii
2736 4239 2796 4292 Ill
2828 4253 2967 4291 anno
2996 4240 3121 4299 955,
3153 4250 3281 4291 tom.
3317 4238 3530 4292 XXXIV
3573 4239 3771 4303 lliSpa-

2200 4313 2300 4362 nia:
2330 4325 2521 4363 sacrae.
2552 4326 2668 4375 pag.
2702 4309 2828 4368 459,
2857 4311 2924 4361 ita
2978 4309 3161 4375 incipit
3194 4326 3206 4359 :
3238 4308 3303 4359 In
3344 4310 3542 4361 nomine
3585 4308 3770 4373 triplo,

2196 4380 2398 4447 simpla,
2427 4380 2619 4441 divino,
2653 4397 2740 4443 ego
2766 4378 3020 4430 Ortlonius
3050 4390 3173 4429 nutu
3214 4377 3304 4428 Dei
3336 4394 3447 4436 rex,
3484 4387 3585 4429 etc.
3620 4379 3735 4430 Alia
3757 4419 3771 4439 ,

2199 4450 2431 4514 qua-huc
2457 4450 2647 4501 adduci
2684 4459 2918 4509 pmsent,
2950 4450 3101 4499 attuli
3132 4463 3286 4509 supra
3302 4448 3545 4499 Catbem.
3578 4448 3767 4515 hymn.

2198 4518 2251 4580 5,
2284 4534 2419 4572 \er;.
2444 4517 2534 4579 ‘20,
2558 4530 2610 4571 et
2642 4518 2846 4583 prtefat.
2884 4518 3172 4584 Apotheos.
3198 4530 3337 4568 vers.
3366 4520 3417 4573 l.
3453 4518 3538 4568 ubi
3571 4519 3780 4569 similes

2200 4588 2449 4653 loquendi
2478 4589 2727 4639 formulas
2756 4596 2942 4639 contra
2978 4588 3315 4638 llincmarnm
3338 4586 3569 4638 delendi.
3608 4587 3780 4639 Porro

2207 4660 2402 4710 habent
2431 4657 2493 4709 de
2528 4659 2731 4709 nomine
2779 4658 2911 4708 trino
2951 4656 3106 4707 codd.
3140 4655 3302 4717 \'att.,
3331 4656 3389 4719 (Ι,
3425 4656 3486 4717 D,
3524 4655 3583 4715 Ρ,
3611 4654 3678 4711 G.
3719 4656 3780 4718 L,

2202 4727 2266 4789 ll,
2298 4732 2363 4791 υ,
2400 4728 2499 4779 ΒΗ.
2554 4726 2608 4778 lu
2650 4727 2773 4780 cod.
2808 4726 2921 4778 Vat.
2972 4725 3035 4787 ll,
3062 4735 3271 4791 utroque
3308 4740 3335 4773 a
3382 4727 3548 4789 prima
3594 4741 3779 4784 manu,

2200 4811 2361 4862 supra
2407 4798 2558 4848 trino.
2597 4797 2649 4847 In
2685 4798 2863 4856 Alex.,
2906 4807 3139 4859 utroque.
3189 4794 3501 4854 \’iennens.,
3546 4794 3783 4852 Marie'...

2202 4865 2347 4929 Rat.,
2389 4866 2530 4924 Ald.,
2561 4864 2697 4927 (iis,
2730 4865 2919 4916 Weitz.
2956 4876 3008 4914 vt
3038 4875 3240 4915 veteres
3272 4864 3422 4924 editi,
3456 4865 3609 4923 trino,
3639 4864 3783 4929 quod

2201 4936 2592 4988 Cbatnidardus
2620 4936 2874 5001 prrtulit.
2907 4935 3187 4995 Cellarins,
3217 4933 3414 4984 lloinsi
3454 4933 3783 4985 auctoritate

2206 5016 2497 5066 permotus,
2534 5004 2943 5060 utroaueedidit,
2980 5004 3118 5070 quod
3154 5003 3319 5053 tenuit
3352 5004 3511 5054 etiam
3542 5002 3783 5054 Teolius.

2204 5075 2399 5127 Confer
2415 5076 2626 5126 Petrum
2651 5074 3020 5124 Constantium
3056 5074 3105 5123 in
3136 5072 3389 5123 Vindiciis
3418 5080 3657 5123 veterum
3694 5086 3786 5123 eo-

2204 5146 2379 5197 dicum
2422 5143 2780 5198 conﬁrmatis.
2827 5144 2912 5208 qui
2955 5141 3346 5193 Gottesealcnm
3385 5150 3571 5193 contra
3624 5140 3787 5192 Ilinc-

2206 5229 2409 5265 marum
2451 5222 2646 5271 tuetur,
2679 5223 2729 5261 et
2762 5212 3000 5264 Latnium
3033 5211 3099 5263 de
3138 5222 3279 5262 recta
3314 5210 3647 5262 Nirarnotum
3684 5210 3787 5262 Pa-

2209 5294 2344 5335 trum
2381 5282 2511 5335 Fide
2539 5297 2657 5339 cap.
2693 5282 2782 5335 55.
2816 5298 2960 5333 num.
2992 5283 3075 5339 lt),
3118 5280 3205 5342 qui
3248 5281 3296 5330 in
3330 5280 3525 5332 Missali
3568 5279 3719 5331 edito
3761 5296 3787 5331 a

2207 5353 2354 5403 card.
2388 5353 2679 5403 'lbomasio
2712 5355 2843 5403 trina
2877 5351 3056 5401 veritas
3090 5351 3141 5402 in
3175 5350 3690 5415 interrogationibus
3725 5352 3786 5398 ait

2209 5421 2506 5489 baptizatos
2534 5422 2637 5472 diei
2662 5422 2927 5476 observat,
2956 5419 3367 5483 Berniniumque
3396 5418 3615 5489 refellit,
3650 5419 3789 5483 quod

2214 5487 2414 5542 llistor.
2452 5491 2633 5542 saeculi
2670 5507 2758 5543 vni
2809 5507 2926 5554 cap.
2972 5492 2999 5541 7
3036 5500 3347 5545 assernerit.
3393 5487 3789 5539 Gottesealcum

3491 5573 3506 5608 :
3541 5574 3667 5608 nam
3699 5560 3788 5607 La-

2214 5634 2353 5683 ntius
2387 5632 2521 5681 trina
2556 5632 2716 5683 deitas
2746 5631 2847 5684 dici
2882 5644 3036 5683 posse
3058 5628 3151 5685 ait,
3186 5629 3368 5695 triplex
3389 5627 3546 5679 deilas
3578 5640 3756 5693 iii-gat.
