3960 6312
222 347 293 400 ⁸³1
1578 349 2119 407 PSYCHOMACIIIA.

411 461 572 532 588
611 458 725 513 Non
759 469 936 512 tamen
975 469 1028 513 et
1057 461 1252 521 solum,
1289 461 1410 528 quia
1457 468 1510 513 tu
1552 463 1689 516 Deus
1739 479 1800 517 ex
1833 468 1882 525 Λ

1234 553 1253 622 [ξ
1277 551 1452 612 Patre,
1483 555 1693 605 Christe
1721 556 1735 616 )

225 645 258 696 5
412 644 643 706 Dissere,
673 659 763 696 rex
801 651 1003 706 uoster,
1035 657 1141 711 quo
1171 643 1335 696 milite
1371 643 1568 711 pellere
1591 647 1772 712 culp-ts

413 734 560 788 Meus
585 741 784 786 armata
813 740 976 800 queat
1022 733 1189 785 nostri
1214 732 1280 786 de
1303 734 1534 800 pectoris
1561 744 1734 788 antro.

415 824 664 878 Exoritur
690 825 900 892 quoties
929 823 1155 877 turbatis
1183 823 1426 876 sensibus
1456 825 1596 878 intus

411 913 638 978 Seditio,
670 921 828 982 atque
851 915 1082 966 animam
1111 913 1423 966 morborum
1457 915 1570 966 rixa
1605 915 1808 984 fatigat,

414 1004 565 1071 Quod
598 1013 722 1057 tunc
753 1003 1059 1070 praesidium
1089 1018 1185 1071 pro
1212 1004 1459 1058 libertate
1485 1005 1705 1066 tuenda,

230 1104 304 1156 10
415 1101 609 1166 Quave
638 1099 781 1153 acies
803 1099 952 1153 furiis
974 1098 1116 1154 inter
1143 1100 1435 1168 prmcordia
1466 1101 1646 1154 mixtis

411 1194 649 1247 Obsistat
671 1192 898 1248 meliora
921 1209 1080 1246 manu
1101 1209 1117 1258 ;
1149 1208 1246 1248 nec
1264 1199 1428 1258 enim,
1450 1193 1587 1247 bone
1601 1193 1808 1256 ductor,

415 1284 575 1356 589
613 1284 918 1352 Magnarum
961 1287 1210 1339 virtutum
1260 1287 1475 1354 inopes,
1528 1285 1812 1351 nerviSquo

1473 1377 1741 1447 [carentes

3416 353 3450 405 :2

3457 353 3484 404 ὲ

2086 467 2441 524 Christicolas
2471 467 2613 520 vitiis
2647 465 3020 536 pOpuluutibus
3042 464 3352 530 exposuisu.

2089 569 2203 630 Ipse
2229 565 2535 619 salutiferas
2565 565 2787 618 obsesso
2811 566 2860 617 in
2896 579 3122 630 corpore
3151 573 3351 616 turmas

1916 667 1981 719 15
2097 666 2416 735 Depugnare
2442 667 2599 735 juhcs
2633 687 2641 719 :
2678 668 2789 735 ipse
2823 665 3206 720 excellentibus
3229 682 3400 719 armas

2096 767 2317 820 Artibus
2350 767 2640 834 ingenium,
2668 767 2860 834 quibus
2888 767 2952 818 ad
2985 766 3210 819 ludibria
3243 767 3424 819 cordis

2091 867 2455 938 Oppugnanda
2489 879 2676 936 potens
2725 867 2818 920 tibi
2867 867 3100 930 dimicet,
3152 858 3346 920 et‘tihi
3379 868 3493 920 viu-

3313 977 3418 1018 CM.

2103 1069 2356 1122 Virrendi
2389 1084 2624 1136 prmsens
2655 1071 2789 1121 ratio
2827 1079 2941 1132 est,
2987 1071 3031 1122 si
3070 1071 3312 1124 cominus
3353 1071 3492 1138 ipsas

2095 1167 2358 1221 Virtutum
2395 1169 2590 1233 facies,
2621 1178 2674 1221 ct
2701 1171 3038 1222 colluctantia
3067 1179 3254 1224 contra

1916 1269 1984 1322 ‘20
2098 1269 2306 1323 Viribus
2336 1269 2542 1323 infesus
2573 1272 2728 1323 liccat
2761 1281 3006 1338 portenta
3037 1281 3243 1323 notare.

2094 1377 2269 1430 Prima
2301 1380 2433 1446 petit
2461 1393 2703 1446 campum
2731 1377 2888 1430 tluhia
2917 1379 3016 1429 sub
3047 1388 3194 1430 sorte
3225 1377 3387 1430 duelli

1530 1488 1814 1542 GLOSSAS
1857 1487 2195 1543 VETERES.

309 1599 364 1650 4.
392 1597 504 1651 Non
531 1609 726 1660 tamen,
757 1601 830 1652 sic
850 1601 901 1651 in
932 1598 1037 1653 Deo
1063 1600 1328 1653 credamus
1357 1601 1626 1662 unitatem,
1660 1610 1713 1650 ut
1739 1615 1820 1651 so-

233 1667 510 1720 litudincm
540 1685 640 1721 non
664 1670 1008 1722 admittamus.
1045 1669 1189 1724 Unus
1221 1679 1292 1724 est
1317 1671 1472 1732 enim,
1504 1686 1605 1721 non
1631 1668 1815 1721 solita-

233 1742 369 1800 rius,
399 1739 437 1790 Ι.
1516 1776 1521 1781 .

314 1805 364 1857 5.
405 1808 636 1870 Disserc,
671 1810 896 1874 ostende,
923 1810 1000 1862 vel
1021 1810 1122 1862 dic.
1153 1838 1222 1848 —
1266 1808 1455 1874 Milite,
1485 1810 1706 1862 exercitu
1727 1809 1814 1876 fu-

235 1892 365 1946 gare
389 1876 531 1937 vitia,
561 1877 601 1928 l.

314 1949 368 1997 6.
399 1947 637 2016 Armata,
666 1963 832 2008 arma,
865 1948 1036 2016 inquit
1061 1948 1359 2013 Apostolus,
1385 1948 1582 2002 militiw
1628 1957 1818 2000 nostra!

237 2032 348 2067 non
390 2015 637 2079 carnalia,
670 2017 757 2068 sed
784 2015 1008 2083 potentia
1058 2016 1175 2071 Dei.
1217 2048 1285 2057 —
1319 2021 1510 2084 Queat,
1545 2019 1724 2086 possit.
1750 2045 1819 2055 -—

237 2087 438 2147 Antro,
465 2086 785 2153 cogitatione,
811 2088 910 2141 lso.

329 2155 380 2206 7.
423 2155 689 2215 Exoritur,
713 2158 972 2220 excrescit,
1003 2158 1273 2210 vileveuit.
1307 2186 1374 2194 -—
1402 2155 1673 2219 Turbatis,
1701 2172 1821 2208 cou-

239 2224 491 2293 gregalis,
524 2224 626 2276 lso.
1147 2274 1156 2283 ,

319 2295 375 2347 8.
400 2293 622 2350 Seditio.
651 2294 927 2347 discordia.
961 2293 1092 2348 Caro
1107 2295 1421 2361 concupiscit
1451 2295 1696 2346 adversus
1716 2295 1824 2360 spi-

241 2365 428 2426 ritum,
453 2372 497 2414 et
519 2376 668 2416 retro.
701 2393 769 2402 —
798 2366 1062 2424 Animam,
1116 2365 1487 2434 cogitationem.
1519 2395 1587 2403 —-
1614 2365 1824 2416 Morbo-

243 2448 391 2495 rum,
416 2434 912 2494 vitiorunt.—Rixa,
930 2433 1274 2487 contentio.—-
1288 2433 1757 2499 Fatigamribulat,
1784 2434 1820 2485 1.

322 2503 374 2554 9.
408 2502 742 2566 Ριτιξείάίιιιη,
771 2505 1044 2556 auxilium.
1074 2533 1143 2541 —
1173 2506 1273 2555 l'ro
1304 2503 1575 2568 libertate,
1618 2519 1733 2570 qua:
1753 2513 1826 2554 est

240 2572 314 2622 ad
346 2571 721 2640 protegendum.
751 2573 911 2635 Absit,
947 2582 999 2624 ut
1029 2575 1082 2624 in
1117 2589 1167 2625 se
1198 2571 1428 2625 Christus
1467 2575 1724 2625 credentes
1756 2573 1828 2624 ri-

243 2643 337 2693 tiis
363 2643 672 2704 exposuerit.
704 2642 988 2708 viribusque
1016 2643 1294 2696 reddiderit
1316 2641 1606 2702 destitutos,
1631 2643 1826 2694 etiamsi

241 2712 489 2781 maximis
507 2711 769 2763 virtutibus
791 2729 1107 2781 nequaquam
1139 2713 1337 2781 praditi
1366 2712 1487 2774 sint,
1520 2727 1634 2763 cum
1660 2713 1827 2764 dicat:

245 2779 381 2851 Noli
413 2781 606 2851 timere,
643 2783 859 2846 pusillus
890 2779 1049 2851 grex;
1087 2779 1448 2850 benedicath
1481 2783 1686 2848 pusillis
1713 2797 1826 2832 cum

245 2850 559 2922 majoribus,
602 2860 748 2922 state,
778 2861 823 2903 et
854 2850 1010 2904 nolite
1030 2854 1211 2904 iterum
1228 2853 1359 2922 jugo
1390 2851 1642 2902 servitutis
1665 2852 1827 2922 conti-

246 2920 398 2989 neri;
424 2920 648 2985 alioquin
668 2923 752 2987 qtti
785 2923 905 2989 facit
928 2933 1204 2988 peccatum,
1230 2920 1400 2974 servus
1426 2930 1497 2972 est
1528 2921 1738 2987 peccati.
1763 2948 1827 2960 --

246 2988 361 3041 Pro
391 2990 656 3054 libertate,
691 2988 820 3042 bona
845 2995 1029 3057 facere,
1062 2991 1102 3045 l.

327 3059 413 3128 10.
451 3059 626 3116 Acies.
658 3060 844 3111 scilicet
872 3063 1084 3114 obsistit.
1119 3089 1188 3101 -ο
1210 3061 1402 3124 Furiis,
1437 3061 1591 3122 vitiis,
1618 3059 1830 3128 uelsug-

247 3127 586 3195 gestionibus.
611 3159 678 3168 ——
711 3130 1030 3193 Prascordia,
1060 3132 1331 3193 interiora;
1364 3133 1616 3199 integrum
1651 3131 1832 3182 utentis

253 3199 542 3265 ingenium.
577 3200 614 3251 Ι.

446 3268 703 3340 Obsistat,
730 3278 912 3340 contra
928 3280 1046 3340 stet.
1075 3300 1141 3308 —-
1163 3269 1402 3334 Meliore,
1429 3269 1614 3340 caelesti
1650 3269 1829 3322 multi-
1862 3255 1907 3316 C

249 3338 452 3400 tudine,
482 3337 556 3408 vel
585 3337 786 3391 virtute.
811 3367 876 3377 —-
897 3338 1004 3395 Nec
1031 3341 1194 3403 enim,
1219 3340 1356 3408 quia.
1388 3367 1456 3379 —
1482 3339 1696 3397 Ductor,
1740 3356 1834 3392 au-
1865 3340 1870 3345 ’

247 3419 384 3463 ετον.
414 3407 489 3458 vel
519 3408 643 3470 dux,
679 3409 715 3460 ι.

328 3477 416 3529 12.
449 3477 664 3540 Nervis,
692 3477 978 3538 virtutibus,
1009 3480 1214 3542 viribus,
1241 3478 1280 3531 1.

335 3546 418 3618 1ξ5.
445 3546 820 3618 Christicolas,
851 3546 1201 3612 Christianos,
1233 3549 1317 3618 qui
1346 3547 1598 3602 Christum
1639 3547 1830 3600 colunt.

249 3644 326 3657 -—
358 3615 760 3688 Popttlautibus,
793 3619 1124 3673 vastantibus.
1153 3647 1222 3658 --
1244 3615 1562 3688 Exposuisti
1584 3657 1601 3683 ,
1655 3629 1836 3671 contra

249 3687 501 3754 posuisti,
535 3703 635 3739 non
673 3688 975 3756 deposuisti,
1007 3690 1048 3744 ι.

1993 1601 2080 1652 14.
2114 1601 2247 1661 Ipse,
2287 1600 2511 1665 Induite,
2544 1604 2727 1669 inquit,
2760 1615 3073 1656 armaturam
3105 1604 3214 1656 Dei.
3242 1633 3311 1642 -—
3338 1603 3494 1655 Salu-

1923 1670 2125 1740 tiferas,
2149 1671 2394 1736 signatas.
2428 1701 2495 1710 —
2516 1671 2747 1725 Obsesso
2767 1714 2779 1736 ,
2809 1675 3137 1740 circuntsepta
3185 1675 3376 1725 anima.
3428 1703 3495 1713 -—-

1919 1739 2170 1799 Turmas,
2199 1742 2422 1799 virtutes,
2450 1741 2488 1792 1.
3056 1739 3060 1740 ν
3343 1786 3345 1788 .

1993 1809 2080 1863 15.
2117 1809 2457 1876 Depttgnrtre,
2485 1821 2659 1862 contra
2690 1813 2809 1864 vitia
2852 1814 3086 1875 pra'rinis
3135 1827 3380 1878 pugnare.
3428 1842 3496 1853 —-

1923 1878 2319 1953 Excellentibus
2361 1894 2537 1934 armas
2588 1881 2791 1934 artibus
2820 1922 2832 1944 ,
2875 1882 3234 1934 excellentibus
3286 1885 3497 1953 adjuvas

1923 1948 2208 2011 uirtutibus,
2243 1949 2280 2002 Ι.
2372 1955 2374 1960 ’

1995 2019 2410 2089 16._lngenium,
2438 2020 2695 2089 ingenium
2727 2031 2922 2083 p01.‘ﬂ8,
2951 2020 3151 2072 Christo
3187 2022 3355 2086 potius
3387 2023 3498 2072 vin-

1928 2098 2028 2141 cat.
2068 2086 2217 2140 Unde
2249 2099 2292 2140 et
2329 2086 2602 2141 Psalniista
2629 2107 2646 2142 :
2675 2091 2793 2143 Non
2819 2091 2982 2148 nobis,
3013 2091 3226 2142 Domine
3247 2130 3259 2149 ,
3291 2091 3377 2141 sed
3407 2108 3497 2142 no-

1927 2158 2050 2210 mini
2071 2169 2162 2227 tua
2187 2159 2252 2210 da
2278 2160 2530 2223 gloriam;
2553 2161 2765 2227 itemque
2787 2175 2805 2212 :
2836 2159 2896 2210 In
2937 2159 3038 2209 lleo
3068 2161 3309 2226 faciemus
3339 2162 3498 2211 virtu-

1928 2238 2018 2281 tes.
2052 2256 2118 2266 -——
2149 2226 2415 2288 Lttdibria,
2446 2231 2512 2279 ad
2543 2226 2714 2291 ludos;
2744 2229 3144 2288 innnunditiem,
3178 2230 3216 2280 Ι.

1998 2299 2086 2350 17.
2116 2297 2332 2357 Potens,
2359 2297 2545 2348 habens
2569 2301 2762 2350 car/este
2785 2298 3120 2367 adjutoriunt.
3152 2326 3220 2336 —-
3245 2298 3386 2358 Tibi,
3430 2299 3498 2348 ad

1929 2377 2069 2417 tuum
2100 2367 2357 2418 honorem.
2382 2396 2452 2406 -——
2479 2367 2534 2418 Et
2563 2369 2676 2426 tibi,
2703 2368 2769 2418 ad
2791 2365 2928 2418 luant
2957 2365 3179 2420 laudent.
3205 2397 3271 2406 —
3289 2368 3498 2429 Vincat,

1929 2447 2048 2488 tunc
2074 2451 2192 2487 caro
2225 2437 2446 2495 ltetatur,
2475 2452 2588 2487 cum
2615 2438 2736 2488 vitia
2758 2437 2931 2494 vincit.
2966 2435 3002 2487 I.

2002 2505 2090 2558 18.
2120 2505 2383 2567 Prmsens,
2407 2507 2546 2558 omni
2576 2513 2794 2569 .‘eMpbre
2826 2517 3003 2571 parata
3035 2507 3101 2555 ad
3129 2507 3378 2572 prtelium.
3430 2535 3496 2545 —

1929 2575 2208 2638 Cominus,
2229 2585 2428 2636 cantra,
2453 2579 2560 2627 sine
2587 2577 2956 2628 intermissione
2974 2616 2987 2635 ,
3016 2592 3192 2644 prope;
3215 2577 3502 2639 insequenti

1931 2646 2177 2710 siquidem
2203 2662 2352 2709 opere
2375 2655 2551 2696 contra
2569 2647 2772 2696 invicem
2798 2647 2960 2714 posita
2988 2655 3120 2706 sunt,
3151 2655 3194 2696 et
3217 2662 3502 2711 repugnan-

1933 2717 2000 2765 tia
2023 2717 2164 2772 vitia.
2185 2731 2245 2767 ex.
2271 2725 2615 2783 expugnantes
2646 2717 2850 2767 virtutes
2876 2731 2892 2766 :
2925 2715 3055 2765 unde
3085 2715 3371 2779 coniicitur,
3397 2716 3496 2765 rel-

1933 2793 1986 2836 ut
2014 2785 2156 2849 pictis
2194 2784 2417 2838 historiis
2448 2800 2591 2836 onme
2616 2800 2817 2843 carmen
2857 2787 2918 2835 ab
2955 2795 3158 2836 auctore
3185 2785 3338 2852 fuisse
3384 2785 3493 2836 dis-

1935 2857 2164 2912 tinctum.
2203 2854 2240 2904 Ι.
2737 2874 2741 2878 ·

2005 2924 2093 2976 19.
2125 2921 2498 2983 Colluclautia,
2531 2923 2799 2986 obstantia,
2830 2923 3188 2990 repitqnantia,
3224 2922 3261 2974 I.

2003 2993 2092 3046 ‘20.
2132 2992 2363 3054 Viribus,
2387 2993 2807 3058 sugqestionibus.
2836 3020 2904 3030 -——
2937 2991 3182 3042 Portenta
3205 3030 3218 3052 ,
3239 2993 3359 3059 jure
3386 2991 3508 3042 vitia

1935 3072 2586 3133 portentanuncupantur,
2630 3078 2728 3133 non
2771 3059 3212 3133 ettitn_ser'ttnduttt
3272 3069 3505 3110 naturam

1936 3129 2071 3192 sunt,
2111 3131 2198 3184 sed
2233 3141 2426 3184 natura:
2464 3132 2738 3184 contraria.
2768 3160 2834 3170 —
2889 3129 3122 3192 Notate,
3177 3145 3508 3196 componere,

1940 3202 2180 3262 scribere,
2211 3201 2250 3252 Ι.

2007 3272 2096 3325 ‘zll.
2131 3270 2325 3334 Prima,
2361 3271 2633 3321 rectissime
2658 3285 2686 3320 a
2709 3269 2810 3336 [ide
2833 3270 2998 3334 cmpit,
3026 3284 3140 3337 qua:
3163 3308 3177 3325 ,
3209 3275 3332 3320 teste
3373 3268 3509 3337 Apo-

1941 3343 2093 3406 stolo,
2123 3351 2170 3392 et
2184 3340 2381 3392 ini'ium
2402 3343 2662 3399 bonorum,
2690 3349 2732 3390 et
2756 3340 2990 3390 virtutum
3013 3349 3082 3390 est
3104 3339 3510 3402 fundamentum,

1939 3409 2166 3471 alioquin
2208 3410 2455 3477 quidquid
2503 3425 2600 3460 non
2651 3418 2721 3460 est
2755 3424 2814 3460 ca:
2846 3408 2974 3470 ﬁde,
3018 3417 3274 3475 peccatum
3299 3417 3393 3461 est.
3444 3435 3511 3449 —-

1944 3481 2099 3540 Petit,
2142 3480 2368 3530 intrat-it.
2402 3507 2472 3518 —-
2511 3478 2789 3544 Campum,
2829 3494 3035 3540 campus
3072 3489 3141 3529 est
3173 3478 3388 3528 mundus
3415 3516 3428 3538 ,
3460 3479 3512 3528 in

1940 3551 2088 3617 cujus
2119 3551 2243 3612 lines
2269 3549 2659 3616 pra’dicatorum
2689 3563 2844 3599 sonus
2872 3548 3061 3608 exivit;
3105 3562 3194 3598 nec
3222 3548 3359 3615 apud
3391 3563 3510 3617 eos,

1942 3616 2040 3688 red
2061 3619 2197 3688 apud
2234 3619 2519 3668 incredulos
2560 3634 2668 3668 sors
2711 3617 2864 3688 dubia
2896 3619 3274 3688 videbatura—
3309 3616 3511 3688 Duelli.

1945 3685 2371 3750 belliﬁDucllum,
2403 3688 2548 3755 quasi
2578 3689 2792 3738 duorum
2817 3687 3078 3738 hominum
3106 3686 3311 3749 bellum,
3345 3686 3382 3737 l.

1589 3820 2123 3877 COMMENTARIUS

247 3929 252 3933 ’
331 3930 385 4002 4.
415 3929 545 3998 Cap.
577 3946 696 4002 sxw
726 3929 896 4002 Isaura,
929 3945 1070 3986 vers.
1106 3930 1178 3984 24
1207 3949 1229 4002 εν
1263 3931 1370 4002 Ego
1416 3947 1530 4002 sum
1567 3931 1832 3995 Dominus,

253 4001 448 4067 faciens
471 4001 663 4066 omnia,
686 4001 960 4053 extendens
980 4002 1132 4054 cmlos
1154 4001 1318 4065 solus,
1337 4001 1600 4054 stabiliens
1623 4012 1834 4063 terram,

252 4082 301 4121 ct
336 4071 506 4121 nullus
534 4085 745 4121 mecum.
775 4073 816 4122 Α
844 4070 1131 4123 Prudentio
1155 4070 1351 4125 dicitur
1372 4085 1507 4123 unus
1534 4071 1692 4134 Deus,
1729 4088 1832 4124 non

254 4149 437 4192 tatneu
469 4140 614 4191 solus
645 4157 655 4189 :
691 4148 856 4200 recte,
881 4140 1000 4206 quia
1031 4140 1191 4193 Isaias
1221 4155 1285 4192 eo
1318 4141 1453 4204 loco,
1489 4140 1743 4208 populum
1767 4141 1834 4192 ab

255 4209 524 4261 idolorum
552 4209 693 4261 cultu
721 4223 979 4263 revocare
1004 4209 1358 4274 contendens,
1391 4219 1594 4262 natura:
1639 4210 1832 4263 divina:

253 4279 517 4330 unitatem
565 4282 792 4346 astruit,
835 4277 979 4345 quod
1025 4279 1217 4332 fatetur
1254 4287 1406 4348 poeta
1441 4290 1640 4343 noster,
1674 4281 1829 4332 simul

258 4350 443 4417 plures
467 4362 724 4417 personas
745 4361 1011 4401 asserens.
1383 4391 1388 4396 .

331 4418 383 4470 8.
415 4417 561 4476 ΒΜ..
598 4416 819 4479 Erlttrt.,
856 4420 1048 4485 Bong.,
1089 4418 1336 4470 anintum.

334 4487 418 4540 10.
450 4487 581 4539 Vitia
606 4501 709 4539 non
742 4487 1006 4540 immerito
1028 4487 1276 4540 dicuntur
1301 4487 1467 4551 furiae.
1497 4487 1830 4549 Lactantius,

256 4558 356 4611 lib.
382 4572 452 4620 vt,
477 4571 597 4623 cap.
628 4557 692 4608 ‘21
721 4573 735 4610 :
768 4555 891 4609 Tres
915 4567 1028 4608 sunt
1060 4556 1216 4624 igitur
1230 4557 1466 4624 affectus,
1494 4559 1578 4624 qui
1607 4559 1835 4608 homines

255 4629 308 4680 in
350 4627 518 4677 omnia
557 4625 786 4692 facinora
818 4627 1098 4694 praecipites
1129 4636 1306 4694 agunt,
1343 4627 1444 4690 ira,
1470 4627 1740 4690 cupizlitus,
1777 4628 1839 4678 li-

256 4696 400 4749 bido.
436 4695 711 4762 Propterea
751 4707 910 4763 poeta:
955 4705 1054 4747 tres
1103 4695 1263 4758 furias
1292 4713 1397 4748 esse
1437 4697 1698 4754 dixerunt,
1728 4714 1769 4758 q.
1795 4712 1840 4747 αξ

255 4774 448 4818 mentes
475 4765 736 4816 hominum
758 4768 1030 4833 exagitent,
1062 4766 1138 4815 ira
1173 4766 1414 4817 ultionem
1437 4767 1588 4819 desitl.
1606 4774 1704 4827 rat,
1749 4781 1838 4816 cu-

256 4837 454 4905 piditas
504 4850 641 4905 opes,
714 4835 873 4886 libido
921 4836 1226 4905 voluptates.
1272 4837 1421 4888 Nunc
1464 4844 1667 4902 septem
1714 4835 1839 4887 vitia

258 4903 572 4972 principalia
603 4906 715 4956 sive
745 4904 988 4970 capitalia
1014 4913 1394 4967 numerantur;
1437 4905 1559 4958 t-lim
1604 4915 1726 4956 octo
1758 4920 1840 4956 re~

257 4976 468 5026 censeri
522 4983 952 5033 consueverunt;
1005 4975 1070 5026 de
1114 4989 1220 5040 quo
1263 4976 1384 5026 vide
1434 4974 1840 5038 'l‘bcotlulphum

258 5042 701 5096 Aurelianensem
730 5042 964 5106 Capitul.
995 5043 1058 5093 ad
1089 5044 1431 5112 presbyteros
1453 5060 1574 5111 cap.
1608 5045 1698 5096 51.

343 5113 424 5184 15.
458 5112 681 5184 lirium,
705 5113 1074 5184 spoliantibus;
1100 5118 1300 5177 caueri,
1327 5115 1708 5184 populantibus.
1736 5113 1844 5166 llrtc

257 5180 471 5237 ratione
515 5182 805 5234 Simonidis
839 5197 994 5233 error
1037 5180 1334 5244 evertitur,
1377 5180 1462 5250 qui
1498 5183 1661 5236 Deum
1694 5185 1845 5234 nobs

261 5251 522 5304 invidisse
545 5252 805 5314 jacmbat,
837 5252 976 5316 (μιιηί
1019 5261 1094 5302 tot
1118 5253 1256 5303 vitiis
1281 5253 1540 5305 obnoxios
1577 5269 1694 5305 e~se
1728 5270 1846 5317 pm-

261 5322 490 5374 tttiserit.
525 5321 654 5373 Nam
684 5321 836 5392 simul
868 5320 1164 5388 salutif-ras
1197 5323 1395 5376 obsesso
1422 5325 1473 5375 in
1505 5339 1715 5392 corpore
1743 5335 1848 5374 tur-

263 5406 377 5441 ntas
405 5391 692 5458 depugnare
713 5391 876 5458 jubet.

347 5461 426 5512 15.
462 5461 636 5521 lium”
672 5459 784 5511 Pal.
819 5469 873 5512 et
909 5461 1109 5514 Barthii
1141 5462 1340 5524 codex,
1371 5465 1526 5513 armis
1569 5476 1847 5528 por-peram

262 5544 366 5596 pro
394 5546 582 5583 armas.
629 5531 890 5596 Barthius,
923 5547 1080 5597 quem
1114 5548 1252 5585 nunc
1281 5548 1424 5598 Stepe
1453 5535 1743 5594 adrueiho,
1785 5531 1851 5582 de

261 5601 372 5652 hoc
423 5613 520 5651 suo
546 5600 730 5669 codice
761 5609 812 5650 ct
844 5601 1273 5655 eorrcctionibus
1308 5603 1537 5669 loquitur
1566 5603 1657 5653 lib.
1685 5617 1714 5653 L
1744 5603 1852 5652 Ad-

261 5683 434 5730 vers.,
464 5683 580 5731 cap.
614 5667 698 5726 ll;
740 5670 864 5722 item
897 5685 1018 5735 cap.
1043 5670 1096 5733 9,
1134 5671 1226 5724 lib.
1258 5687 1332 5730 LI;
1366 5667 1482 5736 cap.
1518 5672 1578 5723 12
1615 5672 1684 5722 lib
1740 5687 1850 5732 Liv;

260 5749 320 5792 et
349 5752 464 5806 esp.
497 5739 560 5791 18
587 5739 826 5806 ejusdem
862 5742 1002 5793 libri.
1037 5742 1196 5795 Erant
1227 5751 1400 5794 autem
1446 5742 1640 5794 llarthii
1686 5757 1850 5792 tuetu-

1871 4735 1919 4795 D

1946 3933 2122 3984 lit-ante
2151 3941 2454 3996 perveteres,
2489 3932 2792 3998 picturisque
2820 3931 3168 3997 antiquitatem
3189 3929 3514 3999 referentibus

1943 4011 2223 4054 exornatio.

2014 4072 2099 4123 19.
2130 4070 2350 4129 Erfurt.,
2385 4069 2549 4126 male,
2577 4070 2708 4120 acies
2733 4084 2826 4134 pro
2854 4069 3029 4135 facies.

2009 4141 2100 4191 20.
2134 4139 2256 4192 Vat.
2314 4139 2390 4201 (ἰ,
2441 4139 2676 4207 infectis;
2727 4151 2870 4191 recte
2921 4138 3258 4191 emendatum
3301 4137 3514 4204 infestis.

1940 4209 2067 4262 Post
2092 4209 2232 4262 hunc
2256 4224 2465 4262 versum
2493 4208 2673 4260 titulus
2706 4209 2755 4260 iu
2795 4207 3033 4272 plurimis
3063 4207 3339 4261 codicibus
3365 4208 3519 4272 poni-

1942 4288 2063 4337 tur,
2115 4293 2416 4346 quanquam
2451 4279 2766 4346 Prudentius
2800 4278 2970 4330 nullos
2996 4276 3520 4346 posuissevmeatur.

1939 4348 1994 4401 lu
2023 4345 2151 4400 Mar.
2184 4357 2237 4400 ct
2288 4349 2432 4410 Rat.,
2467 4345 2638 4400 Fides.
2683 4347 2736 4400 lu
2771 4348 3064 4408 Vit-unetL,
3104 4345 3178 4398 De
3218 4345 3363 4397 Bello
3403 4345 3523 4410 fidei

1939 4427 1983 4468 et
2013 4418 2239 4470 Culturte
2259 4419 2490 4469 deorum.
2524 4419 2710 4473 Aldus.
2733 4415 2885 4470 Fidei
2907 4427 2951 4468 et
2978 4415 3475 4482 Idololatrimpttgna
3505 4430 3521 4465 :

1940 4489 2054 4545 ‘urse
2100 4487 2283 4540 scribit
2337 4488 2608 4539 idolatria'.
2653 4487 3058 4544 Chamillardus,
3091 4484 3244 4537 Fides
3273 4497 3317 4536 et
3348 4482 3522 4535 Idolo-

1941 4557 2112 4609 latria.
2144 4556 2403 4609 Wcilzius
2429 4569 2482 4606 ct
2514 4558 2782 4610 (iiseliuus
2812 4557 2944 4608 Aldo
2973 4557 3266 4606 adhmreut.

2012 4627 2102 4678 2f.
2140 4627 2300 4678 Poeta
2324 4627 2543 4679 virtutes
2565 4638 2617 4678 et
2643 4627 2767 4677 vilia
2792 4625 3043 4691 graphice
3066 4623 3341 4676 describit.
3363 4621 3524 4675 Multa

1945 4697 2006 4748 ad
2044 4700 2183 4749 hunc
2217 4697 2450 4747 libellum
2486 4696 2857 4747 illustrandum
2899 4695 3002 4761 peti
3037 4703 3253 4758 possent
3281 4707 3343 4744 cx
3386 4692 3522 4744 Cha-

1949 4767 2241 4819 ructerihus
2259 4764 2612 4829 Theophrasti
2638 4780 2756 4816 cum
2779 4764 3178 4815 commentariis
3195 4761 3517 4829 Casauboui,

1951 4851 2081 4898 quos
2120 4851 2185 4887 ex
2215 4850 2344 4886 mss.
2375 4828 2642 4886 Vaticanis
2672 4849 2840 4901 nuper
2868 4836 3010 4884 auxit
3053 4833 3120 4882 cl.
3153 4832 3342 4882 Joann.
3375 4828 3527 4880 Chri-

1955 4904 2239 4971 stophorus
2291 4905 2640 4967 Amadttl‘us,
2673 4918 2723 4954 et
2771 4903 2925 4968 paulo
2969 4911 3089 4953 ante
3133 4905 3180 4952 in
3223 4913 3524 4951 sermonem

1952 4975 2240 5040 lliSpanutu
2274 4973 2342 5024 t-l.
2389 4973 2616 5039 lgnztlius
2652 4975 2822 5032 Lopez
2863 4972 2928 5023 de
2963 4971 3122 5039 Ayala
3169 4977 3522 5040 converterat.

1957 5038 2066 5094 Alia
2110 5044 2268 5095 etiam
2319 5038 2664 5108 philosophus
2703 5043 2903 5094 Seneca
2945 5038 3038 5104 pos
3071 5051 3118 5092 et
3161 5038 3522 5108 suppeditare.

1957 5114 2160 5164 Etenim
2195 5114 2260 5164 de
2293 5107 2574 5165 virtutibus
2600 5122 2651 5162 et
2683 5114 2822 5162 vitiis
2857 5110 3156 5176 philosophi
3183 5107 3375 5159 ethnici
3403 5121 3526 5158 vero

1953 5190 2006 5232 et.
2029 5195 2214 5247 argute
2246 5182 2526 5244 aliquando
2573 5183 2960 5232 disseruerunt.
2994 5181 3094 5231 Sed
3125 5194 3188 5230 ex
3221 5179 3394 5247 sueris
3430 5191 3462 5242 p
3484 5195 3524 5220 t-

1959 5246 2217 5303 tissiuttttu
2259 5251 2470 5303 Litteris
2505 5263 2554 5302 et
2599 5251 2846 5303 Ecclesia!
2879 5250 3186 5300 tlttt‘lt'ttlltttS
3229 5246 3525 5299 doctrinam

1955 5337 2102 5372 suam
2157 5321 2332 5373 hausit
2378 5321 2736 5373 Prudentius:
2781 5334 2913 5383 quos
2958 5335 3053 5380 ego
3086 5320 3259 5368 l‘untes
3291 5316 3410 5365 dum
3453 5325 3530 5364 at.

1959 5392 2122 5456 tingo,
2151 5391 2493 5459 philosophos
2519 5391 2743 5456 gentiles
2768 5390 2834 5440 ita
2864 5390 3038 5444 laudo.
3062 5389 3127 5439 ita
3153 5400 3335 5459 rerum
3363 5387 3529 5436 inter-

1959 5463 2082 5511 dum
2116 5457 2446 5514 invenientes
2480 5461 2659 5512 mirari
2693 5461 2838 5512 soleo
2867 5497 2880 5518 ,
2923 5467 2977 5508 ttt
3025 5457 3264 5508 homines
3309 5462 3540 5520 utroque

1960 5531 2114 5583 oeulo
2137 5541 2351 5593 captos,
2385 5531 2468 5592 qui
2503 5531 2682 5582 labore
2712 5539 2763 5582 et
2795 5527 3052 5580 industria
3093 5526 3138 5577 td
3179 5527 3389 5577 deruunt
3450 5538 3536 5593 as-

1961 5591 2274 5666 sequuntur,
2309 5610 2361 5650 ut
2388 5591 2530 5651 certa
2563 5601 2786 5664 quadam
2822 5599 2898 5647 via
2932 5607 3074 5647 recte.
3111 5594 3376 5666 incedant,
3409 5591 3536 5666 quin

1962 5660 2249 5722 offendant.
2273 5671 2440 5722 l’rirua
2465 5660 2727 5720 inducitur
2750 5667 2879 5719 ﬁdes
2903 5666 3055 5717 dubia
3078 5667 3166 5717 sub
3190 5673 3322 5717 sorte
3343 5660 3534 5714 duelli:

1927 5774 1942 5799 ι
1964 5741 2050 5792 ubi
2082 5757 2183 5794 nou
2208 5741 2391 5802 credo,
2428 5751 2634 5804 poetam
2668 5740 2836 5792 solum
2872 5738 3173 5804 respexisse
3203 5735 3266 5788 ad
3297 5743 3540 5787 naturam
