3960 6312
522 336 593 390 23
1617 338 1891 391 AUllELll
1934 337 2292 392 PRUDENTII
2329 336 2657 392 CARMINA.
3700 340 3758 391 21

695 445 856 517 590
885 445 1183 514 Pugnatura
1220 445 1394 510 Fides,
1429 446 1624 514 agresti
1664 448 2081 527 turbida'cultn,
2118 460 2161 513 Α

693 536 839 592 Nuda
862 537 1133 599 humeros,
1164 538 1371 589 intonsa
1399 551 1600 599 comas,
1622 547 1807 591 exerta
1832 536 1846 589 l
1885 548 2078 592 (ιρι-(ωε.

692 633 928 699 Namque
950 629 1258 697 repentinus
1278 628 1447 680 laudis
1464 630 1609 680 calor
1624 628 1687 681 ad
1713 644 1846 681 nova
1872 629 2081 683 fervens

529 724 589 775 ιδ
695 721 905 783 Prmlia,
939 732 1039 772 nec
1068 718 1187 771 telis
1214 718 1475 780 meminit,
1511 732 1607 771 nec
1640 720 1870 785 tegmine
1900 720 2036 785 cingi
2064 736 2077 772 :

691 812 847 883 591
878 809 1100 864 Pectore
1141 807 1237 863 sed
1268 807 1436 862 tidens
1468 808 1642 862 valido
1666 850 1680 873 ,
1724 809 2079 877 membrisque

1771 898 2008 968 [retectis

685 996 947 1049 Provocat
975 993 1145 1046 insani
1174 990 1458 1058 frangenda
1493 989 1723 1057 pericula
1766 990 1906 1042 belli.

690 1088 825 1141 Ecce
863 1086 1209 1139 lacessentem
1241 1083 1451 1137 collatis
1480 1082 1677 1134 viribus
1709 1080 1869 1134 audet

686 1179 860 1231 l‘rima
890 1175 1051 1230 ferire
1087 1174 1270 1228 Fidem
1302 1182 1539 1226 veterum
1576 1170 1792 1225 Cultura
1827 1172 2071 1226 deorum.

509 1269 580 1324 30
690 1268 778 1321 Illa
811 1266 1001 1319 hostile
1027 1274 1217 1332 caput,
1250 1262 1631 1331 phalerataque
1661 1273 1897 1331 tempora
1934 1264 2077 1319 vittis

689 1356 861 1411 Altior
888 1357 1169 1424 insurgens
1194 1351 1501 1417 labefactat,
1533 1360 1584 1405 et
1613 1366 1728 1417 ora,
1762 1366 1951 1406 cruore

2369 450 2442 503 De
2465 450 2722 517 pecudum
2740 450 2952 511 satiato,
2972 442 3087 503 solo
3107 448 3360 516 applicat,
3401 458 3454 503 et
3500 465 3634 515 pene
3650 454 3723 504 cal
3738 482 3753 491 -

3584 544 3690 612 [cat

2364 632 2533 687 Elisos
2556 632 2609 685 in
2640 641 2809 685 morte
2842 630 3025 684 oculos
3056 648 3066 681 :
3098 631 3438 699 animamque
3470 634 3746 698 malignam

2363 723 2548 775 Fracta
2582 720 2861 787 intercepti
2906 720 3226 773 commercia
3255 720 3485 787 gutturis
3526 731 3749 785 arctam,

2186 813 2254 863 55
2364 811 2752 878 Difficiletnqne
2791 810 2991 861 obitum
3042 810 3272 877 suspiria
3323 810 3478 879 longa
3520 810 3748 879 fatigant.

2361 902 2602 955 Exsultat
2633 902 2823 955 victrix
2850 902 3024 970 legio:
3056 916 3213 969 quam
3243 902 3388 954 mille
3411 913 3649 955 coactam

2360 994 2677 1063 Mai-tyribus
2718 996 2896 1062 tegiua
2940 995 3097 1047 Fides
3130 994 3394 1047 animarat
3427 996 3479 1048 in
3502 995 3744 1049 hostem.

2359 1082 2509 1135 Tunc
2539 1082 2705 1135 fortes
2735 1083 2908 1135 socios
2942 1094 3091 1150 parta
3123 1098 3219 1152 pro
3248 1085 3407 1137 laude
3445 1097 3669 1139 coronat

2361 1174 2519 1243 592
2535 1172 2798 1235 Floribus,
2820 1172 3131 1241 ardentique
3148 1173 3300 1241 jubet
3320 1175 3566 1229 vestirier
3586 1186 3746 1228 ostro.

2180 1264 2249 1317 40
2360 1264 2497 1316 Exin
2537 1265 2808 1330 gramineo
2840 1265 2892 1317 in
2928 1278 3115 1331 campo
3153 1280 3475 1319 concurrere
3511 1278 3747 1333 prompta

2357 1352 2516 1421 Virgo
2548 1352 2800 1405 Pudicitia
2829 1353 3083 1420 speciosis
3115 1352 3277 1423 fulget
3309 1354 3363 1406 in
3394 1354 3564 1407 armis
3594 1374 3605 1405 :

1784 1440 2066 1497 GLOSSIE
2103 1441 2421 1497 VETERES

576 1541 667 1595 '22.
694 1538 926 1608 Agresti,
953 1552 1051 1608 non
1077 1538 1222 1608 enim_
1224 1538 1296 1608 ad
1310 1535 1699 1608 pra‘dicaudum
1718 1534 2065 1608 philosophos,

509 1613 592 1666 sed
627 1604 897 1678 piscdtores
913 1607 1173 1678 διαθείς-έ-
1194 1604 1446 1678 Turbida,
1479 1605 1633 1678 irata,
1662 1605 1931 1678 deformis,
1964 1621 2067 1657 non

508 1673 783 1735 secundum
811 1673 1009 1730 carnem
1032 1675 1275 1728 militans.
1304 1703 1372 1714 --
1397 1673 1574 1739 Cultu,
1598 1673 1792 1731 habitu.
1830 1674 1867 1726 l.

578 1750 666 1805 23.
695 1748 844 1803 Nuda
866 1787 880 1811 ,
905 1754 1135 1814 prompta
1176 1745 1244 1795 ad
1281 1744 1409 1796 bona
1442 1759 1617 1811 opera.
1660 1772 1729 1814 —¢
1779 1743 2069 1806 Humerus,

509 1823 669 1873 nudos
700 1818 888 1872 habens
906 1812 1168 1867 humeros.
1200 1843 1267 1853 —
1295 1814 1504 1867 lntonsa
1522 1852 1535 1872 ,
1562 1812 1790 1874 inculta;
1819 1829 1930 1879 qua:
1971 1830 2072 1865 non

508 1890 782 1953 colebatur,
807 1894 860 1939 ut
886 1888 1151 1953 virtus.—
1176 1884 1390 1945 Exerta,
1413 1882 1607 1934 nudata
1631 1882 1698 1933 ad
1726 1882 1979 1946 prtelium.
2006 1881 2073 1953 la

509 1975 676 2017 carne.
706 1950 889 2025 inquit,
912 1952 1257 2025 ambulantes,
1276 1952 1676 2025 non_secundum
1704 1966 1909 2005 carnem
1932 1950 2074 2003 mili-

508 2039 686 2083 tantes.
718 2022 789 2067 -ὲ
817 2027 1088 2086 Lacertos,
1120 2022 1357 2086 brachia,
1387 2022 1426 2075 l.

576 2099 667 2152 24.
700 2096 1055 2166 Repentinus,
1079 2101 1124 2147 et
1154 2094 1319 2162 factus
1359 2100 1429 2145 est
1464 2100 1670 2157 repente
1714 2091 1775 2142 de
1823 2089 1947 2143 ctelo
1991 2106 2078 2141 so-

510 2167 807 2290 "nisime
832 2234 954 2288 telis
984 2231 1258 2293 meminit,
1282 2245 1383 2281 non
1407 2230 1542 2281 enim
1576 2230 1627 2280 in
1656 2228 1907 2293 sapientia
1938 2228 2074 2279 verbi

509 2305 825 2376 syllogismos
856 2300 1139 2376 Aristotelis
1158 2338 1172 2359 ,
1204 2301 1303 2376 sive
1344 2308 1573 2350 contorta
1599 2297 1873 2365 Chrysippi
1915 2298 2076 2349 sancti

509 2369 864 2445 praedicatores
876 2369 1094 2445 jaculati
1120 2378 1257 2445 sunt,
1288 2369 1328 2420 1.

559 2443 670 2499 ἆϐ.
702 2435 907 2503 Valido,
942 2440 1092 2507 hujus
1119 2438 1322 2488 omnino
1346 2436 1567 2507 validum
1600 2444 1771 2501 pectus
1817 2443 1955 2507 erat,
1989 2435 2074 2502 qui

509 2514 704 2565 dicebat
736 2527 754 2564 :
793 2513 872 2562 An
920 2504 1311 2577 experimentum
1340 2506 1593 2577 quaeritis-
1622 2507 1733 2572 ejus
1761 2504 1858 2577 qui
1903 2506 1954 2555 in
1995 2520 2073 2556 me

512 2582 755 2649 loquitur,
787 2573 1019 2633 Christi?
1040 2575 1430 2649 ——_Met_nbris._
1448 2573 1667 2649 membra
1704 2573 1858 2649 etiam
1883 2583 2077 2625 retexe-

510 2644 587 2705 ναὶ
627 2666 644 2702 :
677 2649 846 2709 Nihil,
888 2649 1081 2715 inquit,
1114 2646 1377 2697 intulimus
1414 2644 1467 2695 in
1516 2644 1648 2695 hunc
1694 2644 1954 2694 mundum.
2008 2671 2075 2680 —

510 2719 763 2782 lletectis,
786 2719 989 2772 nudatis
1008 2756 1022 2779 ,
1054 2717 1090 2768 Ι.
1431 2716 1441 2778 Ι

579 2790 669 2843 ΞἹ.
698 2780 1031 2853 Frangenda,
1054 2800 1115 2837 ne
1142 2782 1451 2844 idololatria,
1479 2791 1630 2853 atque
1651 2780 1847 2833 cultura
1868 2781 2075 2832 deorum

510 2860 722 2913 ulterius
743 2851 1005 2910 coleretur.
1032 2883 1101 2894 ——
1133 2853 1282 2917 Belli,
1314 2853 1454 2913 secli,
1489 2851 1525 2903 Ι.

579 2930 669 2983 28.
708 2927 1101 2985 Lacessentem,
1146 2932 1533 2988 provocantem;
1561 2921 1709 2987 ﬁdem
1746 2922 1910 2988 prima
1953 2921 2072 2988 ferit

510 2998 829 3058 idololatria,
868 3011 982 3047 cum
996 2993 1117 3061 ﬁdei
1151 2993 1507 3060 prtedicatores
1535 2991 1830 3057 insequitur.
1860 3018 1923 3027 ——-
1950 2991 2073 3042 Col-

512 3068 652 3131 latis,
679 3067 924 3125 collectis,
956 3064 993 3115 l.

578 3128 668 3193 ὅσ.
702 3136 816 3201 llla,
845 3135 991 3202 ﬁdes.
1021 3160 1090 3172 —
1116 3130 1337 3191 Hostile,
1360 3128 1542 3182 hostile
1570 3139 1719 3197 caput
1772 3128 2070 3197 labefactat,

2174 1551 2287 1587 cum
2317 1551 2453 1604 reges
2473 1576 2487 1597 ,
2533 1536 2634 1588 sive
2660 1535 2946 1601 philosOphi
2975 1536 3041 1585 ad
3071 1533 3264 1585 cultant
3306 1544 3589 1587 curvantur
3635 1537 3748 1586 reli-

2172 1607 2353 1674 gionis.
2379 1634 2446 1643 —-
2474 1606 2667 1670 Caput,
2698 1605 3022 1659 idololatriae.
3047 1633 3116 1642 -—
3145 1605 3443 1667 Pltalcrata,
3475 1613 3681 1661 ornata,
3710 1605 3744 1656 l.

2246 1676 2332 1727 3f.
2362 1674 2496 1736 Ora,
2535 1677 2829 1741 aspicientes
2849 1691 2978 1726 vana
3017 1674 3298 1740 pron'ltilo
3325 1685 3685 1736 computantur
3725 1692 3742 1726 .-

2176 1760 2296 1795 uam
2317 1753 2361 1795 et
2386 1745 2690 1806 moriuntur,
2718 1760 2829 1795 cum
2856 1747 3185 1804 meditantur,
3214 1752 3265 1793 ut
3294 1744 3495 1795 videant
3515 1782 3530 1805 ,
3564 1745 3602 1796 Ι.

2248 1815 2338 1866 35.
2372 1813 2563 1875 Elisos,
2585 1816 2891 1881 confractos,
2922 1816 2959 1863 Ι.

2247 1884 2334 1936 51.
2367 1883 2719 1946 Comtnercia,
2752 1891 2975 1933 mutuata
2999 1882 3366 1934 vicissitudines
3382 1882 3635 1948 ﬂetuum;
3663 1894 3749 1935 ηε·

2178 1953 2295 2005 ηἱω.
2327 1980 2396 1990 -—
2427 1954 2667 2011 Arctant,
2698 1952 3069 2019 constringunt,
3100 1951 3137 2003 I.

2246 2023 2334 2075 56.
2370 2021 2552 2088 Legio,
2580 2022 2769 2073 scilicet
2792 2022 3017 2084 ﬁdei.—
3038 2022 3305 2078 (loactam.
3324 2020 3612 2086 collectam,
3644 2021 3750 2073 lsn.

2246 2092 2329 2144 57.
2360 2092 2654 2152 Animarat,
2682 2090 2971 2157 instigabat,
3001 2091 3226 2141 animum
3254 2091 3484 2151 dederat,
3508 2091 3544 2143 Ι.

2247 2162 2333 2213 58.
2368 2160 2575 2223 Socios,
2603 2162 2828 2212 virtutes.
2860 2188 2930 2198 —
2963 2161 3145 2218 Parta,
3178 2174 3428 2227 syncOpa,
3462 2172 3632 2227 parta,
3666 2176 3749 2212 ac-

2176 2231 2380 2295 quisita.
2414 2241 2729 2295 prteparata;
2758 2237 2803 2281 et
2829 2230 2962 2281 venit
2985 2246 3013 2279 α
3045 2229 3191 2280 verbo
3219 2228 3411 2297 purior,
3445 2228 3481 2280 Ι.

2247 2299 2335 2353 59.
2369 2299 2637 2357 Floribus,
2670 2302 2820 2364 [lares
2849 2307 2963 2350 sunt
2983 2298 3408 2349 immarcessibills
3440 2298 3581 2350 viror
3603 2309 3749 2351 teter.

2178 2384 2256 2419 nte
2276 2368 2517 2419 mercedis
2540 2368 2693 2432 ;quia
2713 2383 2800 2434 per
2816 2368 3079 2434 sanguinis
3106 2367 3185 2418 sui
3213 2367 3402 2418 undam
3422 2369 3576 2418 vitam
3597 2379 3750 2420 teter-

2178 2452 2295 2507 nam
2345 2448 2753 2507 promeruerunt;
2796 2436 3157 2507 voluptatibus.
3214 2461 3283 2475 -—-
3328 2436 3595 2501 Ardente,
3654 2455 3749 2507 pro

2177 2506 2360 2557 ardore
2389 2506 2671 2557 dilectionis
2702 2506 2887 2567 posuit.
2920 2521 2987 2543 -'—
3013 2505 3191 2566 Ostrn,
3225 2521 3475 2573 purpura,
3504 2508 3541 2557 I.

2246 2576 2335 2627 40.
2385 2574 2555 2636 Exin,
2606 2574 2804 2627 deinde.
2852 2596 2919 2614 -ι
2954 2573 3270 2636 Graminen,
3319 2576 3630 2643 graminoso.
3686 2593 3749 2617 -ι-

2184 2643 2730 2713 (Ζιιηιρυιεκρηίιὶωη
2770 2645 3086 2697 continentia:
3114 2644 3275 2695 virore
3304 2646 3419 2713 jugi
3461 2646 3750 2713 jucundum

2177 2723 2271 2765 est.
2305 2711 2721 2767 —Concnrrere
2746 2725 3005 2779 prompta,
3040 2730 3267 2781 pugnare
3292 2711 3489 2777 parata,
3525 2714 3566 2767 Ι.

2248 2782 2337 2835 41.
2369 2783 2643 2844 Pudicitia,
2664 2786 2785 2851 jure
2816 2794 2923 2851 post
2944 2783 3096 2851 ﬁdem
3125 2784 3368 2846 pudicitia
3391 2784 3756 2850 ponitur;quo«

2177 2853 2313 2903 uiam
2342 2852 2469 2904 sicut
2503 2853 2769 2920 integritas
2817 2853 2935 2917 ﬁdei
2988 2853 3248 2919 virginitas
3293 2861 3366 2904 est
3413 2853 3628 2915 mentis";
3682 2863 3753 2906 ιιι

2178 2922 2380 2973 castitas
2406 2923 2575 2974 carnis
2614 2922 2881 2974 exordium
2916 2932 2987 2973 est
3020 2932 3209 2974 sancte
3238 2922 3546 2989 Operationis
3596 2939 3615 2975 :
3660 2923 3754 2975 itas

2177 2992 2312 3042 enim
2332 2992 2605 3051 destructa,
2630 2993 2793 3042 omnis
2816 2993 3055 3043 virtutum
3084 2990 3279 3055 fabrica
3301 2993 3421 3043 ruit.
3443 3019 3512 3031 —
3534 2992 3754 3059 Specio~

2177 3063 2271 3123 sis,
2313 3065 2535 3123 speciosa
2563 3068 2679 3113 sunt
2716 3062 2947 3125 utrinque
2984 3076 3129 3112 arma
3158 3060 3304 3121 lucis,
3336 3070 3387 3111 ut
3417 3062 3546 3113 illud
3573 3077 3589 3113 :
3632 3062 3753 3115 Sint

2179 3130 2334 3181 lumbi
2354 3131 2501 3184 vestri
2530 3129 2807 3195 nrtecincti,
2838 3139 2884 3181 et
2910 3128 3133 3183 lucerna:
3148 3130 3399 3194 ardentes,
3424 3130 3465 3183 1.

1823 3241 2372 3300 COMMENTARIUS.
2782 3281 2804 3304 ι
2884 3251 2893 3261 ’

514 3360 658 3423 belli,
688 3360 740 3413 in
780 3374 886 3428 qua
914 3358 1118 3411 fortuna
1161 3358 1471 3425 plerumque
1500 3357 1767 3428 dominari
1785 3357 1957 3421 solet,
2013 3366 2071 3410 ut
2098 3358 2141 3416 C
2175 3359 2365 3411 Stantia
2413 3358 2728 3413 communiri
2762 3398 2775 3421 ,
2828 3359 3181 3412 idololatriam
3232 3336 3464 3425 phaleris
3507 3360 3689 3411 ornari
3738 3375 3750 3410 :

510 3426 1077 3493 Nebrissa,'Weitzius
1123 3440 1175 3481 et
1212 3426 1599 3480 Cliamillardus
1633 3427 1929 3491 explicant;
1978 3428 2071 3481 sed

512 3498 776 3569 potiusAatl
808 3498 1034 3569 liberam
1066 3497 1335 3569 hominum
1366 3498 1690 3569 voluntatem
1712 3536 1726 3560 ,
1755 3506 1825 3569 _ut
1869 3495 1960 3569 lso
1995 3499 2074 3549 in-

511 3565 641 3621 nuit.
673 3566 958 3620 Sicltardns
989 3566 1062 3618 ait
1083 3605 1095 3623 .
1127 3567 1261 3620 adeo
1289 3569 1515 3619 alacrem
1547 3566 1703 3619 tidem
1735 3565 1983 3628 describi,
2019 3575 2074 3618 ιιι

508 3662 519 3685 ι
542 3654 571 3691 x
590 3636 761 3705 primo
782 3638 897 3701 ejus
917 3646 1132 3705 asiiectu
1158 3635 1308 3689 facile
1331 3635 1421 3688 tibi
1448 3636 1719 3688 victoriam
1747 3635 2069 3698 pollicearis.

509 3702 746 3766 Alcimus
766 3708 950 3759 Avitus
966 3706 1033 3758 de
1057 3702 1235 3759 Laude
1254 3705 1571 3771 virginitatis
1586 3720 1726 3758 vers.
1747 3705 1883 3757 565:
1909 3706 1973 3757 At
1996 3716 2067 3769 tu,

506 3781 645 3844 virga
683 3774 810 3838 Dei,
843 3776 1028 3828 sanctis
1058 3791 1210 3844 quant
1239 3775 1456 3826 moribus
1485 3784 1685 3844 ornant,
1722 3774 1854 3825 Hinc
1881 3778 2067 3844 pudor,

506 3843 625 3899 inde
665 3846 826 3912 ﬁdes,
876 3843 1085 3897 internis
1124 3846 1303 3914 fortior
1348 3845 1503 3895 armis
1550 3843 1696 3895 Belli
1738 3845 1934 3911 geris...
1971 3843 2070 3896 lla:

507 3917 701 3969 virtutis
741 3931 885 3983 opes,
916 3914 1025 3967 hcce
1052 3925 1166 3966 sunt
1218 3915 1401 3983 solatia
1446 3914 1631 3965 belli...
1668 3914 1795 3977 Quae
1834 3914 2069 3973 prudenti

506 3987 625 4038 olim
655 3982 831 4037 cecinit
865 3982 1171 4036 Prudentius
1194 4000 1295 4035 ore.
1322 3982 1421 4035 Ubi
1448 3982 1875 4047 Psycltoniacltite
1906 3998 2063 4050 argn-

508 4064 741 4107 tnentnm
794 4062 1159 4117 repra'sentat.
1198 4054 1276 4102 lso
1322 4052 1558 4116 Apostoli
1590 4051 1748 4103 verba
1794 4052 1858 4101 ad
1909 4052 2062 4104 llom.

505 4137 616 4185 XIV,
639 4122 727 4186 25,
758 4121 917 4172 Omne
934 4132 1098 4173 autem
1120 4120 1252 4184 quod
1275 4136 1372 4170 non
1389 4130 1459 4172 est
1481 4136 1541 4171 ex
1557 4121 1676 4183 ﬁde,
1692 4130 1951 4188 peccatum
1968 4132 2061 4183 est,

504 4192 696 4257 accipit
716 4190 781 4244 de
809 4191 1033 4257 lideﬁqua
1069 4190 1118 4240 in
1160 4189 1323 4239 Deum
1352 4190 1618 4241 credimus
1644 4206 1655 4241 :
1677 4199 1728 4241 et
1758 4190 1823 4239 ita
1851 4190 2061 4254 quidem

504 4256 739 4312 nonnulli
782 4258 878 4312 SS.
904 4256 1087 4309 Patres
1128 4258 1371 4309 eumdem
1420 4258 1589 4309 locum
1632 4258 1915 4323 cxp'icant.
1958 4260 2061 4312 Sed

503 4329 554 4385 Ιιί
581 4329 676 4396 ipsi
706 4336 966 4393 peccatum
995 4326 1293 4390 inteliigunt
1324 4327 1423 4379 ltoc
1447 4327 1562 4380 loco
1589 4327 1689 4379 dici
1720 4342 1854 4389 onus
1878 4327 2066 4382 inutile

502 4398 567 4451 ad
588 4398 745 4449 vitain
774 4406 1023 4449 maternam
1054 4397 1500 4461 consequendam.
1536 4397 1800 4449 Cteterutn
1827 4396 2062 4465 plerique

504 4466 691 4525 melius
720 4467 1033 4532 Apostolutn
1083 4465 1500 4526 interpretantur
1525 4467 1591 4521 de
1631 4467 1760 4524 fide,
1792 4468 1902 4519 sive
1936 4482 2064 4521 con-

502 4536 744 4599 scientia,
778 4549 881 4601 qua
906 4534 1173 4604 credimus
1195 4534 1405 4604 aliquod
1434 4550 1567 4604 opus
1598 4537 1749 4588 nobis
1780 4537 1971 4599 licere,
2004 4534 2067 4589 ul

501 4622 567 4659 ex
596 4606 708 4673 ipso
728 4614 974 4659 contextu
1017 4603 1201 4670 liquet.
1233 4602 1447 4658 Certum
1472 4602 1682 4672 quidem
1713 4616 1793 4658 est
1816 4621 1920 4657 non
1947 4622 2062 4659 om-

2178 3429 2441 3495 apposite.

2247 3492 2334 3549 E24.
2364 3499 2672 3561 Viennens.,
2717 3502 2949 3563 iamque;
2976 3498 3083 3555 alii,
3118 3513 3350 3564 namque.
3394 3492 3539 3559 Pnl.,
3572 3498 3749 3559 labor;

2175 3567 2353 3620 caeteri
2382 3568 2574 3621 melius
2596 3570 2767 3633 calor;
2795 3570 2885 3621 sed
2921 3569 3037 3619 Val.
3064 3566 3122 3618 F.
3149 3582 3425 3633 perperam
3456 3582 3612 3619 voces
3638 3578 3750 3619 tra~

2171 3636 2297 3705 jecit
2326 3639 2467 3689 calor
2494 3638 2664 3690 laudis
2695 3653 2791 3705 pro
2821 3638 2989 3689 laudis
3020 3636 3178 3689 calor.
3206 3635 3334 3687 Vide
3357 3650 3496 3688 vers.
3522 3635 3611 3688 2‘2.

2242 3707 2333 3759 27.
2363 3705 2603 3759 Pericula
2626 3708 2907 3775 frangenda
2929 3710 3022 3764 ait,
3047 3706 3316 3773 ntltytnno
3342 3707 3363 3757 l
3392 3706 3571 3765 (33th..
3597 3721 3752 3759 vers.

2172 3774 2241 3827 45
2272 3792 2285 3826 :
2315 3787 2466 3843 rupto
2490 3774 2805 3831 tenebrarum
2831 3779 2950 3828 situ.
2981 3776 3069 3829 Sic
3102 3776 3261 3828 etiam
3293 3774 3485 3826 dicitur
3506 3780 3752 3843 frangere

2170 3846 2463 3907 audaciam,
2509 3848 2753 3907 consilia,
2783 3847 3115 3908 sententiam,
3161 3844 3407 3895 morbum.
3446 3844 3564 3896 Pust
3602 3845 3752 3897 hunc

2171 3929 2381 3967 versum
2416 3919 2463 3966 in
2493 3916 2620 3968 Mar.
2654 3926 2707 3967 et
2739 3917 2858 3967 llat.
2890 3916 3070 3967 titulus
3096 3921 3179 3965 est
3210 3928 3222 3964 :
3264 3914 3475 3965 Cultura
3505 3914 3750 3969 deorum.

2239 3986 2327 4037 50.
2354 3986 2481 4036 Tam
2518 3986 2568 4037 in
2594 3984 2721 4038 alar.
2755 3999 2913 4052 quam
2937 3983 2987 4035 in
3016 3982 3134 4035 Rat.
3167 3992 3447 4035 exaratum
3486 3992 3568 4036 est
3610 3992 3751 4051 (νηι-

2168 4069 2293 4119 pora
2323 4068 2415 4119 pro
2443 4062 2689 4118 tempora.

2239 4124 2326 4177 5f.
2370 4122 2595 4177 latitatio
2628 4124 2855 4176 Maronis
2877 4164 2889 4183 ,
2942 4124 3029 4187 qui
3060 4136 3162 4173 non
3185 4120 3344 4173 semel
3374 4121 3464 4173 lib.
3492 4137 3537 4173 XI
3562 4130 3614 4173 et
3643 4138 3746 4183 xu,

2168 4192 2329 4243 Altior
2354 4193 2639 4259 insurgens.
2938 4240 2943 4241 ,

2237 4262 2322 4313 5'3.
2360 4262 2413 4313 In
2462 4258 2774 4327 quibusdam
2820 4260 2985 4327 vnlg.,
3024 4279 3050 4309 κ
3085 4259 3354 4326 pecudum.
3393 4258 3746 4326 Supcrﬂnum

2165 4344 2306 4394 smpe
2333 4341 2413 4381 est
2442 4334 2525 4390 tle,
2556 4342 2609 4382 ιιι
2642 4330 2821 4383 tnnnui
2843 4345 2981 4380 vers.
3018 4332 3067 4380 5.

2232 4400 2320 4452 53.
2358 4400 2639 4461 Weitzins,
2684 4399 2819 4461 Οἱς..
2852 4399 3006 4461 Man,
3036 4398 3150 4451 Vat.
3184 4398 3248 4459 li,
3280 4400 3331 4450 in
3360 4407 3588 4450 mortem.
3618 4396 3748 4449 Ple-

2164 4468 2313 4531 rique
2358 4472 2441 4520 alii
2467 4473 2630 4521 nostri
2662 4480 2714 4522 et
2744 4468 3011 4521 lleittsiani
3042 4484 3158 4522 eum
3191 4468 3344 4528 Aldn,
3377 4469 3431 4520 in
3462 4476 3653 4525 morte;
3686 4479 3748 4520 et

2166 4537 2408 4591 lleinsins
2452 4540 2499 4590 id
2547 4540 2867 4601 Confirmat,
2916 4539 3036 4604 quia
3068 4549 3238 4605 pttrltc
3280 4538 3460 4599 aiunt,
3498 4538 3647 4589 Oculi
3689 4538 3747 4588 in

2163 4618 2321 4677 morte
2346 4619 2594 4660 natantes.
2631 4609 2746 4677 Ipse
2772 4608 3008 4660 ediderat
3037 4609 3089 4659 in
3108 4615 3350 4677 mortem.

502 4677 587 4726 nia
621 4676 908 4755 infidelium
949 4688 1110 4753 Opera
1136 4689 1254 4727 esse
1287 4684 1527 4742 peccata,
1574 4690 1669 4729 nec
1720 4675 2062 4743 philosopho-vt
2090 4704 2141 4763 η
2236 4676 2326 4731 5i.
2377 4675 2665 4743 l’erperant
2701 4679 2753 4728 in
2793 4677 3025 4730 editione
3057 4676 3345 4729 Weilziana
3379 4686 3615 4729 notatum
3668 4678 3747 4729 ad

502 4760 616 4797 rum
642 4744 863 4797 virtutes
883 4758 1001 4796 esse
1022 4744 1164 4795 vitia.

571 4814 660 4867 22.
698 4814 871 4875 Fttld.,
906 4828 1008 4865 non
1041 4815 1216 4879 inepte
1239 4855 1252 4875 ,
1294 4814 1433 4865 vultu
1472 4829 1564 4880 pro
1594 4817 1751 4873 cultu.
1795 4812 2057 4866 Poeticatn

500 4885 637 4937 lianc
669 4884 791 4936 fidei
831 4884 1241 4947 descriptionem
1272 4883 1354 4936 lso
1378 4884 1506 4936 satis
1551 4882 1769 4935 feliciter
1803 4884 2061 4948 interpre-

501 4962 659 5005 tatur.
704 4953 908 5006 Addam
959 4952 1447 5018 interpretationem
1493 4953 1710 5016 lluperti
1737 4952 2057 5014 Tuitiensis,

497 5024 586 5089 qui
642 5022 736 5081 lib.
798 5037 847 5074 vt
880 5020 945 5072 de
983 5023 1146 5087 Oper.
1184 5022 1280 5087 Sp.
1312 5022 1393 5083 8.,
1423 5036 1540 5086 cap.
1572 5020 1657 5087 l6,
1686 5021 1760 5072 ait
1788 5038 1799 5072 :
1829 5018 2060 5073 Fuerunt

496 5104 665 5151 tamen
692 5106 844 5158 quant
875 5091 1111 5154 plurimi,
1142 5092 1225 5152 qui
1257 5107 1353 5141 non
1385 5093 1631 5153 ejusmodi
1676 5092 1815 5141 stolis
1860 5090 2056 5157 (bono-

499 5175 613 5223 rum
652 5158 895 5229 operum)
931 5162 1163 5229 adornati
1202 5172 1527 5211 cucurrerunt
1575 5161 1642 5210 ad
1696 5161 2059 5224 confessionem

494 5233 653 5286 sancti
683 5228 918 5285 nominis.
950 5238 994 5279 et
1018 5228 1185 5280 adhuc
1210 5231 1389 5281 recenti
1414 5230 1660 5293 baptismo
1690 5230 1919 5291 nitentes,
1945 5231 2061 5280 nul-

497 5300 558 5355 lis
585 5314 793 5368 operum
824 5296 1052 5362 prwculti
1082 5298 1362 5357 ornatibus,
1387 5300 1654 5349 induerunt
1680 5300 1895 5368 gloriam
1925 5315 2060 5348 mar-

496 5366 632 5434 tyrii.
670 5366 747 5419 De
777 5368 952 5422 talium
982 5368 1083 5433 [ide
1109 5369 1314 5435 quidam
1345 5370 1414 5417 ita
1444 5369 1621 5419 cecinit
1658 5382 1676 5419 :
1716 5366 1888 5418 Prima
1938 5368 2057 5433 petit

495 5454 758 5504 campum,
790 5449 892 5489 etc.
936 5437 1029 5491 Ubi
1070 5452 1222 5490 versu
1264 5437 1333 5489 2i
1364 5449 1545 5490 contra
1590 5446 1817 5490 metrum
1870 5436 2057 5501 legitur

494 5506 633 5561 calor
663 5508 874 5559 laudis..
890 5545 901 5556 .

562 5578 650 5629 22').
679 5576 955 5630 Exeritnus
982 5577 1227 5640 lacertos,
1259 5592 1348 5628 seu
1376 5574 1633 5628 nudatnus
1658 5575 1894 5633 brachia,
1929 5591 2048 5628 cum

494 5648 639 5711 operi
668 5646 822 5700 alicui
846 5661 940 5698 seu
964 5647 1127 5699 labori
1157 5646 1380 5699 maxime
1401 5646 1629 5711 expediti
1648 5658 1701 5698 et
1729 5647 1913 5698 intenti
1934 5662 2051 5698 cs~e

496 5717 761 5793 volumus.
813 5716 966 5767 Natat
1012 5716 1309 5779 Giseliuus,
1346 5716 1495 5769 fidem
1538 5718 1809 5769 alacritate
1836 5728 1883 5767 ut
1925 5734 2021 5768 con
2074 5782 2083 5799 ι

2168 4759 2314 4797 oram
2341 4755 2543 4797 arctaas
2574 4762 2667 4810 pro
2696 4757 2909 4798 arctant.

2238 4817 2324 4867 57.
2360 4814 2671 4879 \'lennens.,
2700 4824 2947 4867 armarat.
2980 4814 3154 4874 Fnld.,
3198 4815 3451 4866 armabat.
3483 4814 3581 4867 Alii
3616 4833 3748 4868 me-

2169 4884 2267 4934 lius
2290 4886 2562 4939 animarat.
2590 4885 2641 4935 ln
2672 4901 2769 4937 IIIS.
2795 4886 3008 4949 optima:
3030 4896 3188 4941 notm.
3217 4886 3455 4937 collatoa
3478 4886 3747 4939 Mtcltaele

2170 4954 2406 5006 l’icrarto
2434 4954 2567 5020 apud
2604 4954 2904 5011 Weitzintn,
2939 4962 3019 5003 est
3045 4964 3288 5006 armarat.

2236 5021 2322 5074 58.
2380 5023 2479 5075 Pro
2531 5035 2647 5074 tunc
2697 5024 2829 5073 Italic
2873 5030 2893 5072 t
2945 5038 3079 5073 nunc
3132 5025 3340 5084 Vienn.,
3380 5022 3532 5078 Μςιΐ..
3586 5023 3747 5089 “aL,

2168 5091 2355 5157 Bnng.,
2402 5092 2588 5150 'l'nrn.,
2642 5092 2777 5144 Gall.
2818 5104 2872 5144 et
2900 5092 3013 5142 alii.
3059 5089 3279 5145 Carolus
3325 5092 3614 5151 Paschalis,
3671 5099 3749 5149 de

2165 5161 2387 5229 Coronis
2417 5176 2536 5228 pag.
2569 5162 2692 5221 115,
2727 5162 2817 5215 lib.
2845 5177 2902 5222 ll,
2931 5175 3048 5225 cap.
3086 5163 3170 5220 15.
3195 5162 3371 5229 inulta
3392 5161 3577 5223 atl'ert,
3612 5167 3748 5229 qui-

2163 5228 2508 5299 bussuadeat
2551 5231 2706 5283 ﬂores
2765 5247 2792 5281 a
2844 5230 3009 5295 poetis
3046 5228 3305 5283 interdum
3337 5234 3457 5299 poni
3502 5248 3597 5298 pro
3632 5228 3749 5285 ch-

2164 5298 2329 5360 ronis,
2356 5300 2492 5363 quod
2526 5316 2555 5354 e
2583 5301 2801 5353 nuribus
2830 5302 3015 5351 coulici
3041 5304 3264 5353 soleant.

2232 5370 2319 5421 59.
2352 5368 2474 5422 Post
2506 5370 2645 5423 hunc
2672 5385 2883 5423 versum
2916 5368 3099 5420 titulus
3144 5370 3191 5422 in
3242 5369 3411 5429 Aldo,
3460 5367 3748 5425 Pudicitia!

2160 5454 2348 5504 pugna.
2402 5439 2453 5491 In
2509 5440 2661 5503 Maia,
2701 5452 2755 5492 et
2804 5442 2943 5499 ιω..
2994 5437 3287 5501 Pudicitia;
3336 5441 3385 5491 in
3440 5439 3745 5492 Viennens.

2161 5509 2334 5559 nullus
2365 5516 2447 5561 cst
2483 5510 2683 5560 titulus.

2228 5580 2314 5628 «’iO.
2349 5576 2533 5640 F:tln'.,
2592 5579 2724 5639 Cis.,
2756 5577 2894 5628 ‘t’nl‘.
2924 5576 2983 5633 F.
3017 5578 3081 5639 (ἶ,
3122 5580 3379 5643 gramineo
3410 5594 3590 5645 campo
3618 5579 3742 5634 sino

2158 5647 2223 5697 in.
2265 5646 2506 5700 Nebrissa
2541 5649 2659 5714 legit
2696 5663 2889 5711 prona;
2912 5649 2999 5697 alii
3030 5657 3281 5712 prmupla.

2228 5718 2311 5769 Η.
2353 5719 2547 5769 Omnes
2591 5719 2809 5769 vit-.utcs
2856 5719 3065 5783 ru'ginrs
3108 5718 3373 5779 dicuntur.
3433 5719 3740 5783 prtt‘scrtim
