3960 6312
171 371 228 424 ρθ
1268 394 1272 398 .
1478 357 1700 412 ρεγοη‹

1815 357 1945 413 tCHI
1960 361 2016 411 .\.
2358 403 2368 412 .
3317 358 3384 412 30

316 465 1687 529 Nascendoinmelius:mihicontulit,etsibimansit.
1719 471 1772 526 Α

167 566 225 618 85
317 561 415 613 Nec
437 559 575 611 Deus
604 573 669 610 ex
693 557 891 609 nostris
911 556 1207 609 minuitsua
1231 570 1243 608 :
1277 557 1370 607 sed
1390 570 1482 607 sua
1508 556 1704 607 nostris

327 653 448 704 Dum
482 649 707 710 tribuit,
751 657 962 700 nosmet
999 648 1137 700 dona
1169 646 1233 696 ad
1263 646 1503 698 cmlestia
1534 645 1702 699 vexit.

323 748 457 802 Dona
507 745 622 798 ba:c
669 752 826 807 sunt,
860 742 1000 810 quod
1037 741 1176 794 victa
1220 741 1398 806 jaces,
1445 740 1701 792 lutulenta

1400 830 1628 899 [[.ibidn,

319 931 417 984 Nec
439 942 554 980 mea
578 935 697 994 post
719 925 938 978 Mariam
969 924 1108 991 potis
1130 936 1190 976 es
1212 922 1540 990 perfringere
1559 921 1698 987 jura.

320 1021 389 1072 Tu
415 1018 661 1085 princeps
690 1015 753 1068 ad
781 1014 968 1067 mortis
991 1014 1113 1074 iter,
1143 1021 1194 1064 tu
1221 1011 1382 1078 janua
1412 1011 1559 1071 Iethi,

168 1114 222 1165 9i)
320 1109 465 1180 597
489 1109 722 1174 Corpora
756 1103 1398 1167 commaculans,animas
1428 1101 1478 1152 in
1508 1110 1701 1152 tartara

1396 1191 1634 1260 [mergis.

315 1290 451 1344 Abde
479 1296 638 1356 caput
673 1287 809 1339 tristi
839 1286 946 1352 iam
982 1283 1164 1352 frigida
1199 1283 1360 1358 pestis
1387 1282 1601 1349 abysso,

315 1381 528 1442 Occide,
583 1378 973 1444 prostibulum,
1017 1389 1201 1428 manes
1253 1385 1403 1440 pete,
1456 1373 1703 1426 claudere

1347 1461 1404 1531 [Α
1418 1478 1596 1524 verno,

316 1564 469 1630 Inque
498 1559 835 1614 tenebrosum
862 1555 1030 1610 noctis
1058 1553 1341 1608 detrudere
1374 1553 1611 1605 fumium.

1971 468 2046 519 Te
2076 475 2291 519 voivaut
2314 467 2497 518 subter
2523 465 2655 517 vada
2693 465 2964 525 ﬂammea,
2986 473 3034 517 te
3058 465 3190 516 vida
3213 467 3384 535 nigra,

1808 559 1876 611 95
1984 557 2416 625 Sulphureusque
2435 565 2576 609 rotet.
2593 571 2686 622 per
2707 564 2892 624 stagna
2920 557 3163 609 sonantia
3180 569 3382 611 vortex.

1983 647 2088 700 Nec
2112 647 2220 714 jam
2245 645 2616 710 Christicolas,
2635 645 2888 698 furiarum
2917 645 3168 708 maxima,
3185 654 3386 703 tentes:

1986 741 2054 794 L‘t
2085 748 2300 807 purgata
2330 754 2428 792 suo
2457 747 2737 791 serventur
2762 720 2988 804 corpora
3021 738 3153 802 regi.

1987 830 2200 880 Dixerat
2231 829 2364 890 huic,
2400 837 2452 878 et
2478 826 2596 878 beta
2627 826 2885 878 Libidinis
2915 825 3208 878 interfecta:

1983 919 2149 972 Morte
2179 919 2460 980 Pudicitia,
2495 918 2724 984 gladium
2756 917 3003 971 Jordanis
3041 917 3092 969 in
3125 917 3280 969 undis

1811 1013 1911 1065 100
1985 1011 2160 1065 Abluit
2187 1011 2439 1064 infectum
2468 1029 2480 1061 :
2506 1013 2683 1063 sanies
2710 1011 2790 1063 cui
2823 1027 2944 1064 rore
2973 1012 3181 1063 rubenti

1980 1102 2140 1173 598
2188 1103 2459 1162 Ilmserat,
2495 1111 2548 1155 et
2579 1103 2800 1155 nitidum
2849 1103 3140 1156 macularat
3167 1101 3384 1154 vulnere

3070 1193 3310 1264 [ierrum.

1986 1285 2172 1352 Expiat
2203 1299 2330 1352 ergo
2359 1284 2525 1337 aciem
2554 1283 2748 1336 ﬂuviali
2781 1284 2935 1336 docta
2967 1285 3176 1337 lavacro

1992 1375 2272 1430 Victricem
2301 1377 2510 1440 victrix,
2543 1377 2758 1429 abolens
2791 1377 3109 1444 baptismate
3141 1377 3309 1430 labem

1985 1466 2197 1520 linstilis
2219 1467 2382 1535 juguli
2411 1485 2422 1519 :
2450 1482 2547 1520 nec
2575 1468 2680 1533 jam
2711 1477 2956 1521 contenta
2989 1468 3189 1535 piatum

1821 1557 1919 1610 105
1993 1557 2234 1612 Condere
2262 1559 2464 1625 \agina:
2493 1559 2747 1626 gladium,
2780 1576 2844 1611 ne
2872 1568 3005 1611 tecta
3035 1558 3221 1625 rubigo

1417 1641 1700 1696 CLOSS/E
1741 1643 2075 1705 VETERES.

221 1745 296 1798 8i.
331 1741 582 1802 Contulit,
607 1742 765 1791 multa
791 1739 948 1800 bona;
970 1751 1112 1788 suam
1138 1735 1698 1788 divinitatem—Mam
1730 1739 1775 1796 B

165 1819 237 1872 sit.
269 1814 409 1875 Deus,
451 1811 490 1863 Ι.

220 1884 297 1936 85.
339 1884 408 1934 lix
455 1879 686 1937 nostris,
729 1875 1196 1936 membris.—Stta,
1240 1875 1353 1927 ideo
1384 1884 1575 1926 nostra:
1604 1875 1698 1926 bu-

165 1953 384 2004 mauitatis
427 1955 590 2016 factus
631 1959 702 2000 est
742 1947 990 2016 particeps
1016 1986 1028 2008 ,
1074 1957 1125 1996 ut
1152 1960 1243 1996 nos
1280 1961 1386 1996 sua:
1415 1945 1698 1996 divinitatis

166 2023 398 2087 participes
426 2022 634 2083 faceret,
665 2021 702 2070 Ι.

220 2093 296 2144 87.
321 2081 504 2150 'Doua,
524 2088 642 2155 quia
662 2101 804 2138 nemo
824 2094 978 2152 potest
1001 2101 1106 2139 esse
1127 2083 1387 2137 continens
1406 2124 1420 2146 ,
1445 2084 1541 2135 nisi
1553 2081 1702 2155 ρεαδ

164 2151 620 2220 άει.υ-Ι.ιιῑιιιθηίο,
652 2151 888 2223 polluta:
920 2155 1076 2207 libido
1113 2170 1306 2222 semper
1333 2151 1688 2216 immunditiis,

165 2245 214 2280 ac
237 2229 448 2280 sordibus
473 2229 773 2288 delectatur,
805 2226 842 2277 I.

220 2298 298 2352 90.
319 2298 571 2364 Corpora,
609 2295 887 2364 secundum
914 2294 1209 2359 Apostolnm
1236 2309 1251 2344 :
1279 2289 1470 2345 Cretera
1500 2303 1702 2359 peccata

162 2379 283 2420 extra
308 2363 482 2433 corpus
509 2375 624 2417 sunt
665 2380 683 2416 :
720 2363 814 2416 Itoc
845 2375 1006 2414 autim
1037 2366 1144 2431 ipsa
1170 2378 1384 2426 corpora
1413 2377 1706 2412 commacu-

163 2441 239 2494 lat.
269 2448 307 2489 et
332 2436 630 2500 carrumpil,
660 2434 697 2487 I.

218 2509 296 2560 91.
322 2506 487 2562 Abde.
520 2505 858 2556 absconde.—
887 2503 1121 2571 Frig'da,
1151 2500 1353 2566 victa,l.

217 2576 293 2627 92.
315 2575 586 2638 Claudere,
618 2575 790 2626 clausa
817 2575 904 2637 sis,
936 2573 970 2624 Ι.

216 2647 293 2698 95.
320 2647 625 2709 Iietrudere,
661 2643 864 2695 detrusa
889 2643 1049 2694 sis.—
1074 2641 1330 2703 Fundutn,
1367 2649 1637 2704 tartarum,
1663 2639 1700 2692 1.

216 2715 452 2768 9LVada
509 2716 747 2766 ﬂanimea
773 2755 786 2768 .
841 2715 1020 2764 merito
1060 2711 1305 2777 sulphure
1346 2720 1629 2775 torquetur,
1662 2720 1709 2761 et

161 2786 364 2852 igne,qui
392 2787 589 2836 calarcs
616 2784 696 2832 hic
719 2783 918 2844 {tetidos
949 2784 1165 2850 neglexit
1192 2790 1524 2844 contemnere,
1556 2778 1594 2831 I.
1684 2816 1686 2818 τ

214 2855 290 2906 95.
317 2854 484 2917 Ιίοιει,
518 2855 701 2911 volvat,
728 2853 767 2904 Ι.
1038 2875 1044 2882 ·

213 2925 290 2976 97.
312 2923 434 2987 Sun,
460 2925 761 2992 proprio.—
785 2920 932 2988 Regi,
959 2919 1176 2984 Christo,
1211 2920 1247 2970 1.

1873 1739 1962 1859 illi).
1990 1739 2253 1862 Glladium,
2279 1740 2480 1810 gladius
2509 1743 2640 1796 enim
2668 1741 2870 1794 verbum
2904 1739 2996 1792 Dei
3033 1751 3125 1803 est,
3160 1749 3213 1791 ut
3243 1736 3378 1807 Apti-

1873 1827 1959 1861 ius
1985 1850 1999 1862 .
2059 1849 2072 1862 .

1801 1820 1959 1862 status
1985 1850 1999 1873 ,
2032 1820 2072 1862 Ι.
2875 1864 2878 1867 .

1880 1881 2000 1933 100.
2023 1879 2222 1941 Abluit,
2260 1879 2602 1944 paenitentiam
2633 1897 2880 1947 agens.-—
2900 1878 3177 1942 Infectum,
3207 1896 3379 1930 macu-

1804 1950 1982 2002 latum.
2007 1950 2296 2014 ——Sanies,
2325 1951 2632 2016 impossibile
2667 1960 2738 2002 est
2771 1959 2821 2000 ut
2863 1951 3134 2000 humanam
3165 1960 3380 2000 mentem

1805 2036 1989 2071 carnea
2023 2020 2277 2090 fragilitas
2321 2036 2419 2071 non
2463 2021 2724 2079 obscuret;
2763 2021 2849 2070 sed
2878 2023 2994 2071 inde
3026 2029 3136 2083 past
3167 2019 3380 2070 solidius

1805 2091 2021 2157 assurgit
2049 2091 2101 2142 in
2143 2090 2640 2155 contemplationem,
2673 2105 2768 2156 quo
2795 2090 3103 2154 infirmitatis
3129 2105 3234 2140 sum
3276 2105 3384 2140 me-

1805 2175 1914 2212 mor
1941 2177 2201 2228 nunquam
2231 2160 2442 2226 inﬂatur
2469 2174 2532 2210 ex
2557 2159 2688 2211 bona
2714 2175 2960 2228 opere.—
2977 2158 3117 2212 [lore
3148 2161 3376 2221 rubenti,

1806 2232 2050 2294 sanguine
2079 2231 2250 2292 rubro,
2277 2232 2311 2282 Ι.

1882 2302 2003 2353 101.
2031 2300 2286 2362 Nitidum,
2317 2297 2685 2364 splendentem,
2712 2296 2750 2348 l.

1889 2369 2006 2422 102.
2035 2371 2252 2436 Expiat,
2274 2369 2507 2420 mundat.
2531 2368 2816 2426 —-t\cicm,
2841 2367 2978 2432 ipsas
3010 2366 3256 2435 siquidem
3286 2383 3383 2417 ma-

1815 2438 1953 2492 culas
1979 2441 2297 2507 cogitationis
2327 2437 2528 2506 ﬂetibus
2553 2438 2711 2490 abluit
2740 2437 2836 2504 pia:
2873 2437 3292 2506 compunctiouis.
3315 2462 3383 2477 --

1818 2509 2072 2569 Lavacro.
2101 2510 2367 2572 baptismo,
2402 2509 2443 2561 1.

1889 2580 2011 2632 103.
2035 2579 2290 2639 Abolcns,
2319 2579 2512 2639 latrans,
2547 2575 2586 2631 Ι.

1889 2650 2010 2703 104.
2037 2650 2252 2702 Ilostilis
2279 2647 2465 2716 jugali,
2490 2646 2929 2715 concupiscentia},
2957 2646 2994 2699 1.

1890 2721 2008 2772 105.
2030 2719 2295 2777 Condere.
2327 2717 2654 2778 abscondere,
2693 2717 3012 2768 intentionem
3042 2715 3231 2768 scilicet
3261 2715 3383 2766 casti

1815 2790 2057 2857 propositi
2084 2805 2184 2839 non
2207 2789 2308 2839 vult
2353 2787 2543 2848 celari;
2583 2803 2682 2837 non
2715 2785 2816 2837 vult
2847 2786 2941 2857 sibi
2992 2787 3257 2857 committi,
3297 2785 3383 2857 sed

1819 2854 1960 2921 Deo;
1998 2869 2051 2910 ut
2082 2860 2266 2920 luceat,
2299 2867 2344 2909 et
2377 2857 2707 2926 glorificetur.
2750 2872 2850 2907 non
2881 2856 3006 2917 inse,
3035 2857 3122 2906 sed
3151 2854 3306 2917 Deus,
3340 2854 3378 2907 Ι.

1459 3007 2019 3062 COMMENTARIUS.

214 3103 292 3155 87.
331 3102 601 3155 llemsiani
627 3102 833 3168 scripti,
859 3099 1450 3167 Alex.,Ang.,Weuz..
1477 3098 1690 3154 Vienu..
1723 3099 1766 3158 C.
1869 3097 1960 3153 98.
1993 3097 2130 3150 Beda
2177 3098 2245 3150 de
2294 3098 2423 3150 Arte
2455 3095 2672 3168 metrica
2720 3095 2860 3148 hunc
2890 3109 3101 3168 versum
3135 3095 3281 3168 citat.
3326 3104 3380 3148 et

163 3170 285 3228 llat..
315 3172 466 3235 Man,
507 3171 646 3224 Vall.
679 3172 740 3236 C,
774 3170 845 3229 F,
875 3171 916 3224 Ο
943 3211 956 3230 ,
995 3171 1140 3224 Sich.
1171 3180 1222 3222 et
1243 3170 1351 3231 alii,
1383 3169 1520 3235 quod
1566 3169 1695 3219 ricta

156 3243 290 3306 iaces,
318 3255 470 3308 quam
506 3241 784 3294 lectionem
833 3239 1076 3292 Barthius
1119 3254 1183 3291 ex
1233 3239 1344 3291 sitis
1375 3238 1700 3308 membranis

157 3307 461 3374 pra-ferebat.
508 3309 612 3364 Alii
657 3311 822 3378 queis,
854 3309 936 3362 vel
967 3310 1080 3377 quis
1115 3310 1246 3360 victa
1265 3310 1426 3376 jaces.
1475 3310 1530 3359 In
1580 3307 1696 3357 Vat.

159 3379 192 3430 Ο
216 3381 446 3432 mendum
477 3389 564 3434 est
593 3380 846 3432 luculenta
872 3393 966 3443 pro
995 3379 1264 3431 lutulenta.
1521 3398 1528 3402 ·

215 3448 294 3501 88.
333 3453 463 3514 Aug.
493 3461 549 3504 et
582 3448 702 3501 Vat.
733 3447 794 3512 C,
826 3449 1048 3516 poteris;
1077 3447 1169 3501 sed
1203 3448 1254 3500 in
1291 3449 1406 3500 Val.
1435 3447 1475 3500 C
1509 3446 1698 3498 abrasa

158 3528 262 3586 sunt
295 3521 486 3586 priora.
543 3519 713 3570 titiam
743 3521 793 3570 in
829 3518 942 3569 Vat.
993 3517 1031 3569 D
1061 3517 1306 3569 abrastttu
1355 3525 1437 3569 est
1481 3517 1694 3580 aliquid.

159 3583 272 3721 rem
299 3583 462 3641 lectio
492 3597 578 3643 est
602 3588 732 3656 potis
758 3603 830 3640 es.
873 3587 1018 3651 Ald.,
1045 3587 1418 3654 perstringere;
1448 3586 1558 3648 alii,
1583 3601 1697 3653 per-

179 3672 370 3721 ungere.

179 3672 370 3710 nnaere.

218 3673 529 3790 ggfrildus,
567 3725 814 3779 Nebrissa
845 3725 1038 3792 aliique
1069 3736 1276 3779 veteres
1303 3725 1452 3787 editi,
1484 3735 1534 3776 tu
1567 3739 1698 3787 prce-

157 3807 274 3856 ccps.
297 3799 359 3848 ad
387 3801 566 3849 mortis
601 3799 711 3856 iter,
741 3798 879 3862 quod
905 3797 1136 3859 esplicat
1175 3795 1450 3857 Nebrissa,
1477 3809 1700 3860 prwceps

159 3865 308 3934 active
351 3882 446 3934 pro
483 3866 842 3933 prwcipitans,
885 3879 978 3917 seu
1016 3865 1390 3932 priccipitanter
1413 3862 1697 3934 impellens.

161 3931 420 3999 l'everat'ns
452 3931 697 3989 eamdem
729 3931 1334 3992 lectionem’contlrmat.
1364 3933 1483 3999 quia
1512 3947 1699 3995 magna

161 3998 368 4054 libidinis
397 4015 451 4057 ιιι
478 4005 670 4056 mortis
711 4004 992 4056 consensio
1031 4013 1142 4066 est;
1197 4004 1334 4070 quod
1367 3998 1701 4070 signiﬁcabat

161 4072 341 4146 priscos
369 4074 453 4127 ille
488 4074 848 4146 Romanorum
882 4073 1294 4146 ritusqvcndendi
1320 4075 1368 4124 in
1391 4073 1504 4125 :cde
1527 4071 1699 4146 Vene-

157 4139 218 4188 ris
242 4139 472 4196 Libitum!
517 4159 580 4196 ea
627 4159 742 4210 qua:
786 4143 850 4193 ad
890 4143 1191 4206 sepulcrum
1248 4144 1598 4207 spectabant:
1633 4141 1699 4193 de

155 4221 244 4265 quo
282 4213 495 4266 consule
546 4211 924 4264 Kirchmanum
963 4211 1029 4264 de
1081 4210 1212 4262 Fun.
1258 4213 1348 4265 lib.
1393 4228 1447 4271 ι,
1496 4225 1614 4272 cap.
1643 4213 1694 4262 9.

157 4275 302 4330 Cedd.
346 4292 653 4334 constanter
689 4294 741 4332 tu
780 4284 1047 4348 princeps,
1085 4283 1161 4333 sic
1197 4298 1227 4334 e
1267 4284 1463 4334 nostris
1508 4283 1694 4344 Alcm,

159 4348 295 4412 Aug,
329 4350 516 4402 Vienn.
545 4391 562 4414 ,
610 4351 759 4410 “aL,
797 4350 924 4419 Mar.
957 4352 1066 4419 (ubi
1109 4359 1284 4402 tamen
1334 4363 1413 4403 est
1459 4351 1694 4418 princes,

157 4419 429 4485 mendose),
458 4421 602 4473 Vatt.
640 4421 707 4482 l),
744 4419 812 4480 F,
856 4418 920 4478 G.
955 4423 1023 4480 ll,
1055 4419 1113 4480 L,
1149 4431 1198 4470 ut
1250 4421 1384 4473 alios
1434 4421 1695 4470 ottiittam.

160 4481 400 4539 Eamdcnr
442 4491 722 4542 lectionem
765 4497 976 4541 tuentur
1029 4490 1272 4540 Barthius
1327 4492 1426 4542 Inc.
1477 4490 1603 4548 cil.,
1647 4499 1700 4540 et

153 4550 426 4624 .lirt'tnanns
459 4563 511 4611 in
546 4559 847 4611 Manuduct.
896 4561 961 4609 ad
993 4559 1117 4623 ling.
1169 4559 1279 4611 Lat.
1315 4600 1328 4623 ,
1371 4577 1489 4624 cap.
1521 4561 1553 4610 l3
1577 4602 1588 4614 .
1633 4573 1698 4610 ex

155 4623 260 4694 Wd.
287 4627 392 4680 I’al.
417 4670 430 4688 ,
475 4631 562 4694 qui
616 4630 773 4680 etiam
827 4627 1098 4679 Cit-orntus
1131 4639 1285 4679 verba
1339 4629 1406 4679 de.
1443 4623 1696 4680 ’Amicitia

159 4693 369 4764 producit
416 4716 426 4747 :
462 4693 619 4749 Amor
671 4700 900 4766 princeps
936 4707 1009 4748 est
1052 4699 1116 4748 azl
1158 4699 1549 4750 benevolentiam
1579 4713 1700 4747 con-

154 4766 456 4828 ﬁngendum.

215 4832 292 4902 9o.
321 4836 554 4902 Uterque
583 4835 752 4898 Rntt.,
786 4839 1140 4888 commacutas.

215 4901 292 4973 ill.
318 4901 475 4970 Ald,
506 4907 616 4973 jam
647 4906 861 4972 fervida,
894 4908 1030 4973 quod
1071 4907 1434 4960 Nebrissen-is
1484 4906 1703 4970 exponit

157 4966 211 5046 tle
241 4966 624 5046 Vciieris'ignca
647 4966 1085 5046 'natnra._Ca-teri
1117 4979 1305 5028 melius
1328 4982 1441 5046 jam
1488 4966 1695 5044 frigida.

161 5033 253 5112 Non
282 5049 449 5094 tamen
487 5033 654 5111 probo
693 5044 1031 5095 Cbatnillardi
1062 5033 1579 5112 interpretationem:
1612 5046 1703 5097 fri-

157 5105 308 5167 gidam
360 5105 534 5164 vocari
563 5156 575 5176 ,
631 5115 749 5176 quia
800 5114 1066 5166 crudelius
1107 5105 1407 5175 venenum:
1441 5130 1502 5167 ac
1535 5105 1702 5175 magis

160 5190 557 5248 [{ril'scnlaneuin
584 5183 824 5248 frigidum
849 5195 948 5234 est.
973 5184 1242 5236 Libentius
1269 5188 1424 5238 audio
1453 5189 1656 5237 I.-.ouem
1686 5204 1696 5235 ;

161 5240 346 5321 [filiolus
385 5252 535 5307 rirta.
562 5240 843 5315 Vt'lvtIOIitlS
868 5253 1106 5304 extincra.
1130 5256 1369 5321 Virgilius
1398 5257 1654 5320 tvlieorg.
1687 5273 1696 5304 :

160 5310 248 5362 Ῐίίοι
273 5333 330 5380 qn
352 5321 486 5392 dum
513 5310 690 5391 Stygia
723 5324 870 5372 itabat
915 5324 1017 5381 iam
1049 5310 1245 5389 frigida
1282 5329 1478 5392 cgmba.
1513 5310 1702 5375 limini—

161 5392 314 5460 iturus
356 5383 699 5441 l’rudettitiun
746 5393 978 5442 imitatur
1009 5383 1057 5442 iu
1088 5383 1335 5460 S'vphil.":
1363 5397 1503 5448 Abde
1526 5404 1699 5460 Caput,

161 5446 351 5516 Benace,
386 5470 472 5509 tuo
505 5472 548 5510 et
577 5471 621 5511 te
642 5463 798 5512 conde
826 5463 913 5512 sub
936 5479 1099 5513 amne.

218 5522 297 5574 95.
330 5528 440 5582 \at.
474 5528 534 5589 Ρ,
566 5533 815 5582 mendose
844 5573 856 5586 .
891 5532 1132 5596 snt/ineas
1169 5549 1260 5599 pro
1291 5535 1612 5603 sulphur-cus.
1648 5535 1700 5586 in

163 5589 263 5664 l‘ut.
297 5610 504 5664 semper
533 5603 790 5664 solporcus
812 5615 858 5652 et
890 5589 1053 5652 rcricx
1081 5589 1353 5657 scribitur.

215 5663 485 5737 97.Jl_l.uig.
540 5663 805 5727 et’Stch”
855 5670 1052 5722 Christo
1105 5688 1198 5737 pro
1246 5680 1366 5737 regi.
1413 5675 1465 5727 lu
1501 5675 1695 5726 lirltttt.

158 5744 252 5783 (ιι-,ιι
282 5733 473 5788 Christo
503 5754 597 5804 pro
627 5741 817 5806 glossa.
1107 5733 1115 5737 ’
1301 5735 1308 5742 ’

1725 4449 1776 4506 Ι)

1803 3168 1960 3221 docet
2002 3170 2068 3220 ita
2096 3176 2302 3220 veteres
2328 3166 2674 3232 pronuntiare
2694 3167 3034 3220 consuevisse
3051 3165 3376 3231 interefectar,

1804 3247 1861 3290 ttt
1887 3238 2126 3302 dactylus
2155 3237 2339 3298 quinto
2365 3242 2512 3290 esset
2545 3235 2684 3288 loco.
2734 3235 2846 3288 Non
2892 3236 3159 3286 assentior
3199 3250 3380 3302 :Vnam

1803 3307 2131 3374 antiquiores
2159 3307 2485 3374 grammatici
2517 3305 2716 3358 diserte
2739 3305 2971 3367 tradunt,
2996 3301 3373 3370 nonnunquam

1803 3378 1931 3430 sede
1962 3377 2476 3444 quintaspnndzcum
2508 3376 2558 3428 in
2582 3389 2736 3428 versu
2769 3376 3078 3426 hexametro
3106 3375 3378 3444 collocari.

1874 3441 1998 3499 100.
2026 3447 2078 3498 In
2115 3441 2229 3498 Vat.
2255 3446 2293 3498 C
2317 3448 2469 3499 metri
2497 3459 2649 3497 error
2674 3453 2774 3498 est.
2802 3445 2882 3494 cui
2909 3444 3074 3496 sanies
3095 3459 3190 3510 pro
3215 3441 3380 3496 sanies

1804 3519 1907 3569 cui.
1943 3519 1995 3569 In
2026 3516 2146 3568 cod.
2186 3517 2430 3573 Piccarti.
2479 3516 2644 3566 sanies
2675 3515 2755 3566 cui
2783 3529 2890 3575 ore,
2921 3514 3060 3580 quod
3089 3514 3379 3566 defendere

1803 3587 2011 3638 videtur
2040 3586 2311 3638 I’iccartus
2344 3588 2549 3637 ratione
2590 3586 2791 3647 hiatus;
2835 3583 3096 3635 sententia
3127 3599 3252 3636 vero
3281 3599 3376 3651 po-

1802 3658 1903 3708 Scit
1949 3658 2030 3707 cui
2060 3672 2193 3715 rore,
2239 3655 2339 3708 nisi
2391 3654 2473 3705 cui
2519 3653 2782 3705 referatur
2827 3653 2892 3704 ad
2923 3654 3239 3715 pudicitiam.
3271 3656 3379 3704 Cur

1801 3737 1975 3777 autem
2009 3725 2254 3778 Jortlanis
2288 3727 2338 3776 in
2367 3725 2522 3776 undis
2566 3723 2810 3784 pudicitia
2856 3722 3082 3774 abluerit
3112 3723 3372 3790 gladium,

1805 3804 1944 3861 patet
1972 3810 2033 3847 ex
2068 3797 2306 3846 versibus
2337 3809 2487 3862 seqq.
2519 3804 2566 3845 ct
2600 3808 2666 3846 ex
2702 3801 2814 3846 not.
2837 3793 2902 3843 ad
2933 3807 3074 3844 vers.
3092 3793 3159 3844 6-1
3192 3792 3374 3860 hymni

1801 3867 1836 3916 ‘2
1865 3864 2108 3917 Catbettt.

1875 3935 1994 3987 105.
2021 3935 2178 4001 Ang.,
2228 3934 2458 4001 ultricem
2502 3946 2599 4000 pro
2645 3931 2937 3997 victricem;
2980 3931 3205 3984 fortasse
3247 3945 3374 3983 vcta

1803 4013 1885 4057 est
1911 4005 2065 4057 lectio
2091 4003 2340 4056 ultricem.

1875 4074 1995 4127 105.
2023 4074 2162 4136 Ald.,
2191 4076 2394 4142 vagina.
2425 4070 2526 4124 Alii
2558 4069 2817 4142 plerique,
2848 4072 3068 4140 vaginae.
3101 4070 3370 4122 Giselinus

1800 4144 1835 4196 2
1863 4143 1991 4197 edit.
2037 4139 2277 4196 ediderat
2306 4143 2535 4209 raginte,
2582 4139 2674 4192 sed
2707 4142 2756 4193 in
2791 4142 3211 4195 correctionibus
3251 4155 3376 4200 ς-υιι-

1803 4213 1978 4282 posuit
2001 4213 2202 4279 vagina.
2236 4211 2380 4265 Idem
2409 4209 2698 4282 Giseliuus,
2746 4228 2806 4264 ne
2833 4213 2983 4264 sorde
3012 4212 3186 4262 latenti
3212 4211 3377 4262 Occu-

1802 4281 1881 4353 pet
1921 4284 2149 4334 ablutum
2179 4283 2358 4351 rubigo
2386 4281 2564 4353 scabra
2585 4282 2840 4353 _nitorem.
2874 4283 3117 4334 Heinsius
3149 4295 3251 4332 n'on
3283 4283 3378 4353 iti-

1805 4350 1990 4412 ielligit
2015 4367 2114 4419 qua
2147 4350 2460 4404 auctoritate
2492 4351 2541 4402 id
2575 4350 2684 4411 iiut,
2711 4367 2831 4403 cum
2862 4367 3048 4404 omnes
3083 4353 3162 4403 sui
3191 4351 3374 4417 scripti

1803 4433 1855 4475 ct
1883 4421 2163 4474 Weitziani
2209 4431 2517 4474 constanter
2554 4435 2675 4473 cum
2705 4422 2839 4473 Aldo
2868 4424 3114 4481 habeant,
3151 4437 3211 4472 ne
3240 4430 3373 4472 tecta

1803 4493 1978 4558 rubigo
2005 4493 2222 4561 Occupet
2248 4492 2472 4543 ablutum
2502 4490 2739 4561 scabrosa
2759 4493 2912 4542 sorde
2933 4493 3170 4542 nitorem.
3205 4490 3372 4542 Aldus

1805 4563 1940 4614 male
1966 4560 2238 4627 distinguit
2269 4577 2329 4613 ne
2356 4571 2484 4613 tecta
2513 4560 2691 4629 rubigo
2726 4563 2969 4625 Uccupet.
2994 4561 3232 4611 Ablutum
3256 4573 3374 4629 sca-

1804 4633 1952 4683 brosa
1990 4633 2137 4683 sorde
2179 4632 2389 4683 niterent
2421 4627 2686 4681 Catholica
2716 4630 2768 4680 in
2803 4631 2990 4698 templo
3018 4629 3196 4698 divini
3217 4627 3374 4694 fontis

1803 4703 1871 4752 ad
1905 4717 2046 4752 aram
2087 4699 2378 4752 Consecrat.
2416 4699 2654 4750 Giselino
2685 4712 2786 4749 non
2817 4696 3007 4764 placuit
3042 4696 3154 4748 lucc
3186 4697 3366 4755 lectm,

1802 4782 1855 4824 et
1885 4787 2001 4822 eum
2032 4771 2211 4837 rubigo
2243 4770 2377 4833 apud
2412 4769 2584 4832 ipsum
2612 4767 2955 4820 Prudentium
2983 4768 3116 4837 alibi,
3140 4774 3193 4816 et
3223 4765 3362 4837 apud

1803 4843 1934 4892 alios
1954 4835 2176 4906 primam
2203 4839 2476 4904 producat,
2492 4851 2704 4888 carmen
2728 4838 2834 4887 alio
2857 4837 3014 4887 modo
3039 4835 3370 4897 reformavit,

1804 4905 1965 4961 donec
2004 4909 2347 4973 mannscripti,
2384 4909 2591 4972 inquit,
2638 4921 2807 4957 verum
2848 4907 3108 4956 lectionem
3137 4905 3369 4956 restitue-

1803 4980 1923 5030 rint.
1969 4977 2142 5030 antri
2176 4992 2361 5029 mones
2391 4977 2543 5037 Man,
2590 4975 2730 5037 Rnt.,
2771 4976 2981 5034 \’ieuu.,
3015 4977 3190 5037 Alex.,
3227 4974 3367 5026 Vatt.

1802 5049 1864 5108 C.
1911 5048 1972 5111 D,
2022 5046 2079 5106 Ρ,
2123 5047 2282 5109 (1,".
2331 5047 2387 5108 L,
2436 5047 2634 5096 Itonou.
2665 5055 2717 5096 ct
2745 5048 2877 5106 Aug.
2915 5044 3112 5096 habent
3139 5062 3200 5095 ne
3246 5054 3372 5094 tecta

1802 5117 1978 5186 rubigo
2004 5116 2222 5180 Occupet
2249 5116 2472 5166 ablutum
2497 5118 2734 5186 scabrosa
2757 5115 2904 5166 sorde
2923 5117 3154 5166 nitorem.
3181 5116 3375 5186 ln‘so'o

1806 5184 1932 5240 Vat:
1960 5190 2006 5236 t)
2031 5197 2113 5238 est
2143 5187 2298 5238 Icctio
2325 5201 2441 5251 qua:
2472 5185 2706 5236 Giselino
2740 5189 2897 5248 favet,
2933 5201 2993 5237 ne
3023 5186 3170 5235 sorde
3196 5184 3373 5234 latenti

1807 5256 2023 5321 Occupet
2048 5257 2271 5307 ablttlunt
2299 5256 2475 5322 rubigo
2499 5255 2734 5306 scabrosa
2763 5258 2994 5307 nitorem.
3022 5256 3116 5307 Ubi
3152 5254 3374 5306 fortasse

1804 5336 1886 5379 est
1929 5327 2176 5378 mendum
2204 5329 2437 5376 scabrosa
2472 5340 2564 5391 pro
2595 5341 2679 5376 sca
2716 5342 2793 5384 ra,
2821 5326 2918 5375 nisi
2975 5324 3126 5376 malis
3171 5333 3371 5374 utram-

1804 5411 1905 5463 que
1948 5396 2142 5462 cnrripi
2194 5412 2224 5446 n
2270 5406 2323 5448 et
2366 5397 2382 5446 i
2431 5397 2480 5445 in
2532 5396 2730 5463 rubigo.
2765 5397 3024 5445 (laitcrum
3076 5394 3376 5446 communis

1805 5466 1963 5518 lectio
1996 5466 2268 5518 retinenda
2312 5475 2412 5518 est.
2447 5464 2580 5528 Quid
2616 5465 2756 5517 enim
2808 5464 3053 5530 prohibet
3083 5504 3096 5525 ,
3148 5464 3372 5528 primaut

1805 5536 1855 5588 iu
1886 5535 2062 5603 rubigo
2087 5550 2207 5588 esse
2236 5535 2613 5587 communem?
2640 5537 2681 5586 Α
2713 5534 2931 5586 Martiali
2962 5536 3248 5598 corripitur
3275 5533 3368 5584 lib.

1804 5620 1860 5665 ll,
1888 5605 2057 5673 epigr.
2087 5605 2173 5664 61.
2212 5604 2380 5657 Uteris
2411 5620 2498 5654 ore
2527 5607 2694 5666 aliter,
2736 5604 2993 5666 nimiaque
3034 5605 3264 5674 rubigine
3294 5620 3373 5651 ca-

1806 5687 1957 5738 ptus,
1988 5672 2058 5727 iet
2103 5677 2169 5726 ab
2198 5675 2392 5728 Ovidio
2437 5689 2527 5726 vttt
2580 5674 2790 5726 Metam.
2828 5687 2972 5724 vers.
3024 5672 3159 5734 805,
3211 5672 3379 5724 Labra

1807 5748 1986 5796 incana
2035 5749 2170 5810 situ,
2223 5746 2496 5811 scal‘raqttt‘
2536 5745 2761 5813 rubigini-
2809 5743 2999 5797 (lentes.
3062 5746 3181 5797 Scin
3246 5744 3381 5798 alios
