3960 6312
540 383 606 439 55
1579 366 1583 368 ’
1627 374 1897 426 AlTRElJI
1942 369 2305 424 PRUDENTII
2346 370 2671 424 CARMINA.
3713 371 3780 425 36

709 497 869 567 603
899 495 1169 548 Tinnitum
1210 505 1460 556 percussa
1491 487 1645 540 refert
1667 525 1682 549 ,
1719 485 1992 552 aciemque
2025 499 2109 537 re-
2138 493 2186 546 Α

1827 575 2042 648 [tundit

719 678 858 730 Dura
883 675 1224 728 resultantem
1253 689 1264 721 :
1295 670 1486 737 frangit
1509 681 1718 736 quoque
1739 681 1872 718 vena
1897 665 2111 718 rebellis

715 765 913 818 lllisum
941 762 1222 831 chalybem
1243 800 1257 823 ,
1279 760 1405 812 dum
1437 757 1629 812 cedere
1655 756 1832 809 nescia
1859 769 2040 808 cassos

718 853 924 920 Excipit
950 852 1201 914 assultus,
1227 849 1435 903 ferienti
1459 857 1516 902 et
1544 857 1653 900 tnta
1682 846 1899 899 resistit.

581 945 678 998 1l5
713 944 824 1007 Ira,
857 941 945 994 ubi
971 940 1198 994 truncati
1226 939 1494 991 mucronis
1518 936 1776 1004 fragmina
1804 935 1965 996 vidit,

721 1034 786 1086 Et
814 1032 995 1100 procul
1027 1030 1078 1082 in
1113 1037 1289 1097 partes
1328 1041 1511 1081 ensem
1542 1024 1814 1093 crepuisse
1841 1024 2069 1077 minutas
2093 1061 2111 1087 ,

717 1123 833 1177 Jam
850 1122 1098 1190 capulum
1131 1121 1393 1172 retinente
1419 1131 1574 1169 manu
1597 1116 1710 1168 sine
1733 1115 1968 1183 pondere
1983 1114 2110 1167 ferri

720 1213 906 1266 Mentis
929 1211 1104 1278 in0ps,
1134 1209 1266 1262 ebur
1293 1207 1504 1274 infelix,
1535 1205 1850 1272 decorisque
1881 1203 2113 1273 pudendi

729 1301 938 1358 Perlida
987 1302 1136 1368 signa
1181 1298 1388 1362 abicit,
1444 1305 1890 1364 monumentaque
1947 1296 2115 1348 triStia

1856 1385 1871 1456 [
1891 1385 2047 1452 longe

589 1485 689 1538 150
727 1482 988 1551 Spernit,
1045 1489 1098 1533 et
1149 1480 1214 1532 ad
1262 1477 1531 1547 proprium
1579 1477 1918 1531 succenditur
1955 1476 2115 1530 eﬂ'era

1767 1567 1776 1636 [
1802 1565 2000 1619 Ietbum
2031 1582 2043 1616 ε

727 1663 925 1716 Missile
945 1661 1013 1714 de
1044 1659 1223 1713 multis
1242 1702 1256 1725 ,
1280 1673 1398 1726 qua:
1429 1657 1618 1711 frustra
1639 1667 1927 1722 sparserat,
1955 1672 2114 1709 unum

725 1753 947 1806 Pulvere
973 1751 1038 1804 de
1067 1749 1237 1816 campi
1274 1761 1552 1815 perversos
1578 1747 1739 1800 sumit
1769 1747 1823 1800 in
1853 1760 2003 1809 usus,

729 1841 908 1895 Rasile
937 1840 1047 1909 figit
1075 1838 1222 1891 humi
1263 1838 1462 1906 lignum
1482 1876 1498 1900 ,
1529 1851 1592 1890 ac
1620 1851 1678 1890 se
1715 1835 1934 1904 cuspide
1964 1849 2114 1889 versa
2149 1837 2189 1892 Β

728 1927 998 1991 Perfodit,
1028 1937 1082 1980 et
1109 1924 1283 1978 calido
1315 1925 1615 1990 pulmonem
1646 1925 1862 1977 vulnere
1907 1925 2116 1978 transit.

596 2016 699 2075 155
732 2016 896 2088 604.
917 2017 1085 2082 Quam
1111 2029 1270 2082 super
1285 2015 1544 2068 assistens
1567 2013 1845 2076 Patientia,
1867 2013 2118 2076 Vicimus,
2137 2010 2146 2014 ’

1861 2105 2048 2167 inquit,

1861 2120 1911 2156 tn
1954 2119 1964 2155 ι

734 2194 1018 2256 Exsultans
1042 2195 1248 2256 vitium,
1280 2193 1432 2244 solita
1463 2192 1677 2256 virtute,
1713 2103 1964 2245 sine[ulii)

729 2257 1038 2352 Sanguinis:
1069 2297 1132 2336 ac
1159 2283 1282 2336 vitae
1301 2281 1609 2335 discrimine
1640 2299 1652 2333 :
1683 2282 1765 2335 lex
1799 2282 1958 2334 habet
1988 2282 2124 2336 istud

733 2375 923 2429 Nostra
950 2389 1114 2443 genus
1140 2373 1284 2437 belli,
1304 2373 1490 2437 furias,
1519 2386 1842 2441 omnemque
1867 2375 2125 2426 malorum

2390 479 2664 543 Militiam,
2725 487 2779 531 et
2839 479 3050 531 rabidas
3103 477 3381 529 tolerando
3442 481 3780 549 exstinguere

3515 570 3535 642 [
3551 573 3706 626 vires.

2250 660 2350 716 :60
2391 661 2505 727 Ipsa
2527 659 2625 714 sibi
2652 669 2736 714 est
2760 660 2930 713 hostis
2957 660 3194 720 vesania,
3226 675 3393 727 seque
3420 659 3642 714 furendo

2392 750 2672 814 lnterimit,
2705 751 3032 818 moriturque
3063 752 3174 804 suis
3207 751 3284 804 Ira
3317 752 3473 819 ignea
3503 753 3640 806 telis.

2392 839 2515 892 Haec
2537 839 2716 904 effata,
2748 849 2892 894 secat
2922 840 3124 892 medias
3156 841 3376 907 impune
3398 841 3679 906 cohortes,

2389 927 2618 995 Egregto
2639 929 2887 982 comitata
2916 928 3029 980 viro
3062 946 3073 980 :
3107 944 3226 980 nam
3254 931 3533 996 proximus
3561 931 3649 983 Iob

2392 1018 2632 1074 liteserat
2657 1020 2865 1074 invicta:
2894 1020 3024 1073 dura
3054 1021 3194 1074 inter
3225 1023 3361 1075 hella
3395 1025 3679 1092 magistrae,

2256 1109 2359 1165 165
2393 1110 2590 1164 Fronte
2617 1124 2838 1166 severus
2859 1111 3057 1177 adhuc,
3076 1113 3306 1166 etmulto
3323 1114 3515 1169 funere
3539 1117 3784 1170 anhelus:

2393 1199 2496 1254 Sed
2519 1199 2628 1268 jam
2657 1201 2833 1254 clausa
2871 1203 3006 1254 truci
3036 1202 3318 1256 subridens
3343 1205 3522 1258 uici-ra
3551 1207 3717 1266 vultu.

2393 1291 2600 1359 Perque
2629 1293 2938 1346 cicatricum
2968 1309 3247 1348 numerum
3279 1297 3469 1349 sudata
3504 1313 3788 1353 recensens

2397 1381 2559 1434 Millia
2589 1397 2916 1449 pugnarum,
2947 1397 3039 1435 sua
3064 1399 3226 1450 prtem
3239 1387 3306 1447 ia,
3337 1385 3572 1439 dedecus
3601 1390 3788 1442 hostis.

2395 1470 2544 1524 Illum
2572 1471 2697 1524 Diva
2737 1473 2884 1540 jubet
2926 1472 3138 1527 tandem
3182 1477 3521 1543 requiescere
3548 1478 3616 1532 ab
3644 1479 3790 1531 omni

2260 1561 2359 1614 170
2399 1563 2685 1614 Armorum
2706 1564 2930 1630 strepitu
2950 1605 2964 1629 ,
2997 1566 3168 1631 captis
3193 1573 3247 1617 et
3267 1565 3473 1632 perdita
3500 1583 3724 1634 qumque

2396 1651 2742 1718 Multiplicare
2777 1651 2998 1719 opibus,
3033 1667 3130 1706 nec
3158 1653 3266 1720 jam
3297 1654 3538 1722 peritura
3571 1656 3790 1710 referre.

2391 1744 2506 1810 Ipsa
2537 1744 2724 1811 globos
2759 1745 3023 1812 legionum
3049 1785 3064 1808 ,
3097 1754 3153 1800 et
3189 1748 3566 1801 concmrentia
3599 1751 3791 1813 rumpit

2392 1835 2554 1906 605
2589 1835 2812 1904 Agmina
2832 1875 2844 1899 ,
2870 1835 3160 1889 vulniferos
3197 1837 3447 1905 gradiens
3477 1839 3670 1891 intacta
3704 1855 3795 1908 per

3455 1926 3471 1996 [
3492 1928 3692 1983 imbres
3705 1969 3722 1993 ,

2398 2011 2654 2066 Omnibus
2679 2028 2778 2064 una
2801 2027 2981 2066 comes
3007 2013 3291 2066 virtutibus
3314 2018 3614 2069 associatur
3633 2058 3648 2078 ,

2261 2104 2363 2157 175
2400 2101 2772 2172 Auxiliumque
2800 2117 2951 2154 suum
2984 2102 3134 2156 fortis
3157 2103 3414 2157 Patientia
3445 2107 3659 2159 miscet.

2405 2191 2556 2244 Nulla
2581 2206 2774 2259 anceps
2799 2193 3064 2246 luctamen
3097 2193 3194 2246 init
3222 2195 3416 2247 virtute
3447 2197 3566 2248 sine
3593 2198 3692 2250 ista

2409 2281 2629 2336 Virtus:
2675 2295 2796 2336 nam
2831 2282 2987 2337 vidua
3027 2290 3135 2348 cst,
3180 2297 3338 2351 quam
3390 2299 3495 2338 non
3541 2284 3800 2341 Patientis

3497 2375 3730 2446 [ﬁrman

1849 2463 2140 2521 ϐιοδεῶ
2183 2462 2514 2523 VETERES.

633 2560 752 2614 1-1-1.
784 2560 1050 2614 Tinnilum
1075 2599 1090 2620 ,
1121 2559 1356 2610 tinnitum
1383 2573 1618 2623 percussa
1651 2559 1810 2627 refert
1839 2560 2116 2627 patientia,

563 2645 675 2681 cunt
697 2632 896 2698 injuriis
924 2630 1153 2682 lacessita
1177 2629 1424 2698 doctrina;
1445 2628 1810 2680 medicamenta
1845 2645 1946 2681 non
1977 2630 2120 2681 dese-

561 2699 647 2750 rit.
672 2695 948 2752 —'Aciem
966 2739 979 2761 ,
1003 2699 1190 2750 scilicet
1215 2697 1347 2750 ensis
1364 2735 1379 2759 ,
1409 2695 1449 2749 I.

634 2769 754 2821 142.
783 2768 944 2831 Dura,
971 2768 1146 2819 cassis.
1169 2795 1237 2806 ——
1269 2767 1627 2819 [testtltantem
1656 2807 1671 2832 ,
1695 2767 2020 2832 resilientent,
2045 2769 2121 2820 vel

563 2837 892 2888 resistentem.
915 2865 983 2874 —
1007 2836 1170 2900 Vena,
1201 2837 1354 2888 cassis
1373 2878 1386 2901 ,
1414 2835 1450 2887 Ι.

632 2906 754 2973 145.
807 2905 1000 2958 lllisum
1029 2949 1042 2970 ,
1067 2921 1377 2970 percussum.
1415 2933 1476 2943 —
1502 2902 1808 2973 Chalybent,
1837 2906 2046 2973 ferrum,
2081 2906 2114 2960 I.

630 2972 753 3024 144.
777 2975 1056 3036 'Assultus,
1087 2976 1236 3037 ictus,
1260 2973 1566 3032 velsonitus.
1594 2973 1631 3025 I.

636 3041 758 3097 145.
789 3043 888 3106 lra,
908 3043 1107 3111 gladius
1137 3043 1225 3094 irae
1245 3046 1495 3112 frangitur
1520 3043 1569 3093 in
1599 3043 1758 3108 capite
1777 3045 2054 3110 patientiae,
2079 3044 2120 3096 I.

637 3112 759 3164 147.
783 3114 1060 3178 Capttlntn,
1085 3112 1290 3176 capulus
1314 3117 1418 3162 sine
1440 3112 1658 3178 pondere
1692 3115 1812 3178 ferri
1853 3116 2126 3177 retinetur;

560 3195 675 3229 cum
697 3182 864 3243 verba,
894 3181 1062 3231 nullas
1083 3181 1210 3230 vires
1233 3180 1482 3243 habentia,
1516 3179 1706 3245 [rustra
1735 3181 2043 3247 funduntur,
2083 3183 2118 3235 l.

636 3247 758 3302 148.
794 3250 955 3310 Ebur,
987 3247 1221 3316 capulum
1249 3262 1266 3297 :
1299 3249 1602 3314 metonymia
1621 3289 1634 3310 ,
1663 3250 1698 3299 Ι.

632 3317 753 3368 149.
781 3317 1007 3378 Perﬁda,
1028 3331 1183 3381 prava
1212 3331 1375 3366 arma.
1403 3343 1474 3354 —
1505 3315 1700 3384 Longe,
1729 3318 1872 3369 valde
1891 3359 1906 3381 ,
1941 3320 1978 3372 Ι.

632 3384 752 3436 151.
783 3385 1005 3449 Missile,
1029 3379 1078 3436 Va
1125 3387 1364 3436 mittendo
1399 3385 1589 3435 dictum
1619 3379 1744 3453 ἀι,
1785 3379 1918 3454 quod
1971 3405 2123 3440 manu
2151 3379 2195 3438 C

557 3454 818 3514 emittitur,
855 3455 872 3505 Ι
882 3493 894 3505 .

631 3521 753 3594 154.
787 3523 1092 3576 Pulmonem
1123 3565 1136 3587 ,
1161 3523 1340 3576 merito
1368 3523 1657 3594 pulmonem
1685 3525 1936 3592 transﬁgit
1960 3566 1974 3588 ,
2002 3543 2115 3594 qua:

561 3591 750 3662 levitati
782 3606 986 3655 parcere
1019 3608 1120 3643 non
1141 3595 1397 3644 uerebatur
1419 3608 1438 3644 :
1460 3607 1546 3644 nec
1567 3591 1729 3658 defuit
1757 3591 2039 3662 exemplum
2066 3598 2118 3649 in

560 3659 715 3713 Saule
738 3661 822 3728 qui
851 3678 964 3712 cum
990 3663 1157 3713 mitem
1188 3662 1348 3713 David
1379 3675 1772 3728 persequeretur,
1798 3659 2013 3729 eousque
2039 3667 2119 3716 in-

557 3730 708 3781 sania
736 3732 844 3797 ejus
873 3733 1084 3782 excrevit
1110 3771 1125 3791 ,
1158 3742 1210 3782 ut
1235 3747 1328 3783 sua
1361 3733 1531 3798 furens
1560 3732 1707 3782 hasta
1731 3734 2002 3786 conciderit
2024 3776 2037 3798 ,
2070 3735 2110 3788 Ι.

627 3799 746 3868 156.
771 3801 1049 3853 Essultans
1072 3800 1275 3862 vitiutn,
1302 3801 1597 3868 gaudentem
1626 3801 1778 3864 iram,
1805 3803 1842 3854 I.

627 3867 747 3920 157.
769 3869 1100 3935 Discrimine,
1125 3867 1368 3935 periculo.
1400 3899 1468 3909 --
1492 3870 1650 3931 Istud,
1678 3872 1796 3934 tale,
1819 3873 1856 3923 l.

626 3937 749 3989 159.
784 3938 1049 4001 Militiam,
1087 3948 1139 3988 nt
1169 3940 1439 4005 Apostolus
1463 3939 1625 4006 inquit
1651 3953 1668 3990 :
1700 3939 1828 3991 Cum
1859 3942 2117 4007 in/irmor,

561 4016 677 4057 tunc
705 4009 884 4074 fortior
911 4023 1039 4070 sum,
1072 4017 1117 4059 et
1147 4019 1340 4075 potens,
1375 4009 1412 4059 l.

2303 2558 2421 2627 162.
2451 2558 2628 2624 Secat,
2655 2569 2913 2627 segregat,
2947 2559 2988 2611 I.
3079 2581 3084 2586 ο

2302 2625 2421 2698 163.
2449 2628 2562 2690 Iob,
2613 2625 2743 2682 sicut
2778 2625 2962 2681 divetsi
2996 2629 3205 2683 diuersis
3236 2631 3476 2695 effulsere
3501 2635 3804 2698 uirtutibus,

2229 2707 2284 2750 ut
2315 2697 2428 2750 Noe
2450 2699 2846 2765 perseverantia,
2875 2699 3122 2750 Abraham
3146 2699 3453 2766 obedientia,
3481 2703 3646 2756 Jacob
3677 2707 3806 2758 tole-

2229 2768 2430 2827 rantia;
2454 2769 2524 2817 ita
2542 2780 2747 2818 sanctus
2775 2769 2872 2819 Job
2908 2769 3146 2833 patientia
3171 2770 3374 2835 claruit,
3402 2775 3438 2824 I.

2209 2867 2216 2872 -
2301 2837 2430 2889 165.
2463 2837 2688 2903 Funere,
2721 2837 3031 2904 inﬁrmitate.
3067 2842 3103 2891 I.

2305 2906 2424 2958 167.
2457 2905 2673 2967 Sudata,
2699 2907 2990 2971 elaborata,
3021 2908 3056 2960 I.

2302 2974 2424 3030 168.
2459 2975 2775 3045 Pugnat-unt,
2806 2980 3214 3045 castigationum.
3235 2980 3517 3032 vulnerum.
3541 3003 3610 3020 —-
3627 2983 3804 3035 Dede.-

2227 3060 2340 3122 cus,
2375 3061 2507 3122 Inam
2553 3044 2651 3122 Job
2700 3048 2796 3122 fuit
2825 3044 3037 3098 dedecus
3079 3047 3267 3112 hostis,
3300 3050 3352 3101 id
3381 3060 3470 3112 est,
3497 3053 3649 3114 vitiis,
3679 3056 3806 3122 quia

2227 3115 2550 3168 vincebantur
2577 3114 2639 3165 ab
2667 3130 2750 3175 eo,
2784 3116 2818 3166 I.

2457 3183 2632 3256 lllutn,
2663 3185 2906 3256 patientia
2935 3201 3046 3237 cum
3071 3184 3166 3238 Job
3195 3185 3436 3256 loquitur,
3475 3189 3512 3243 Ι.

2458 3253 2711 3328 ζςτριυτει,
2743 3255 2882 3328 prius
2904 3257 3104 3328 perdita
3131 3253 3439 3326 ﬂeretforte
3464 3261 3650 3328 fuere),
3685 3261 3727 3314 Ι.

2301 3322 2421 3374 1'72.
2451 3320 2670 3391 Glo_hos,
2703 3320 2948 3377 exercitus
2972 3363 2985 3386 ,
3019 3327 3057 3377 Ι.
3113 3387 3116 3391 _

2301 3392 2422 3469 173.
2456 3380 2784 3469 Vuinife'ros,
2815 3380 3022 3469 vulnera
3060 3387 3290 3469 ferentes.
3316 3427 3383 3469 —_—-
3414 3398 3645 3464 Intacta,
3677 3404 3803 3469 quia

2227 3463 2318 3512 etsi
2350 3477 2559 3527 corpore
2585 3460 2876 3529 plerumque
2906 3463 3107 3514 laeditur
3130 3505 3143 3528 ,
3169 3466 3444 3519 intentione
3465 3460 3800 3524 tantettn'ullo

2225 3531 2679 3603 ntotlosuperatur.
2712 3561 2780 3603 -έ
2804 3531 3024 3603 Imbres,
3056 3551 3143 3595 per
3153 3537 3332 3603 jacnla
3357 3578 3371 3598 ,
3397 3536 3431 3588 Ι.

2299 3599 2419 3651 174.
2455 3599 2593 3662 Una,
2630 3602 2872 3665 patientia
2899 3644 2912 3666 ,
2938 3599 3294 3657 tterictis'ut'tits
3312 3646 3324 3666 ,
3351 3607 3617 3660 virtutibus
3650 3627 3796 3662 asso-

2225 3669 2403 3732 cialur,
2419 3669 2456 3722 Ι.

2300 3739 2419 3790 176.
2452 3740 2659 3804 Anceps
2685 3739 3194 3800 Iuctamcn,dub.‘um
3221 3743 3407 3796 bellant
3433 3787 3446 3806 ,
3470 3744 3509 3798 I.

2298 3808 2419 3859 177.
2449 3806 2605 3886 iiidna
2641 3820 2720 3860 est
2746 3851 2760 3873 ,
2787 3809 3169 3886 sinepattentia
3199 3829 3312 3886 vero
3340 3816 3588 3868 neminem
3617 3821 3799 3886 perﬁci

2231 3892 2395 3954 posse,
2446 3876 2690 3954 Dominus
2720 3878 2965 3954 ostendit,
2993 3881 3077 3931 ubi
3106 3882 3178 3931 ait
3206 3898 3226 3954 ς
3260 3881 3322 3933 In
3351 3888 3596 3950 patientia
3617 3876 3796 3954 'pos'si-

2231 3948 2342 4021 dele
2371 3947 2564 4021 animas
2578 3957 2788 4021 vestras;
2810 3947 2991 4021 absque
3013 3953 3324 4016 possessione
3343 3947 3592 4021 siquidem
3613 3947 3798 4012 animle

2232 4013 2374 4066 nulla
2395 4014 2550 4067 uirtus
2565 4015 2758 4084 aliquid
2773 4018 2938 4084 efﬁcit,
2972 4017 3011 4070 ι.

1895 4098 2449 4157 COMMENTARIUS.

555 4184 732 4236 minus
760 4185 895 4253 bene
923 4184 1116 4237 dicitur
1147 4188 1372 4252 formare
1401 4201 1556 4252 quam
1585 4186 1882 4253 informare.

629 4253 750 4336 112p.
784 4251 998 4336 \liennu
1031 4251 1294 4336 frangebat
1317 4251 1442 4307 vena
1472 4271 1574 4308 non
1602 4251 1782 4336 probez
1819 4272 1937 4310 nam
1962 4274 2118 4326 supra

547 4330 636 4372 est
661 4321 830 4385 refert,
860 4324 1101 4374 retundit.

627 4390 749 4442 145.
778 4389 1036 4457 Prtecipui
1065 4406 1096 4443 e
1136 4391 1363 4453 nostris,
1398 4391 1527 4446 Mar.
1548 4433 1564 4456 ,
1598 4393 1742 4456 Rau,
1775 4394 1966 4449 Vienu.
1999 4411 2117 4451 cum

556 4455 773 4522 Weitz.,
825 4455 969 4512 Siclt'.
995 4500 1008 4521 ,
1041 4462 1238 4511 cassis:
1285 4461 1507 4522 scilicet,
1557 4455 1734 4514 caSsis
1771 4465 1879 4528 ipsa
1931 4466 2118 4520 cedere

559 4541 733 4579 nescut
765 4529 955 4595 excipit
985 4531 1232 4580 assultus.
1262 4530 1394 4592 Alii,
1421 4547 1589 4582 cassos
1627 4533 1877 4585 assultus.
1905 4534 2116 4589 'l‘eulius

552 4611 664 4664 non
692 4608 834 4650 recte
874 4597 1104 4650 allirtnat
1128 4614 1312 4649 omnes
1341 4609 1531 4664 praeter
1573 4599 1852 4654 Weilziutn
1881 4613 2111 4656 ctunutn

553 4662 671 4717 Vat.
710 4667 904 4720 habere
927 4684 1112 4718 cassos.
1143 4669 1316 4736 Ila-ret
1344 4662 1754 4736 Chatnillardus,
1782 4673 1873 4724 sed
1909 4676 1956 4725 in
1979 4690 2107 4725 eun-

554 4743 698 4786 texlu
748 4737 913 4788 edidit
953 4753 1140 4788 cassos.
1182 4735 1383 4789 Clartor
1424 4739 1658 4803 procedit
1692 4735 1958 4793 Sententia
1989 4760 2108 4795 cunt

553 4818 741 4871 cassos,
764 4813 955 4857 etvena
982 4808 1114 4871 ipsa,
1143 4808 1256 4858 sive
1275 4807 1441 4859 cassis
1468 4823 1535 4860 ex
1559 4824 1689 4861 vena
1721 4812 1841 4863 azris
1873 4826 1962 4864 ant
1989 4814 2107 4864 ferri

547 4869 858 4936 intelligitur
885 4869 1056 4927 cedere
1075 4876 1261 4926 nescia.
1293 4875 1344 4927 In
1377 4877 1510 4928 Aldo
1538 4879 1786 4930 utendum
1819 4893 1901 4934 est
1923 4888 2113 4933 cwdere

551 4956 646 5006 ιιι-υ
675 4946 867 4996 cedere.

626 5011 744 5087 1M:
783 5012 895 5064 Vat.
929 5011 991 5080 F,
1022 5013 1274 5077 assultus;
1299 5016 1505 5079 caueri,
1532 5020 1756 5070 assultus
1783 5035 1801 5070 :
1828 5035 1998 5087 neque
2027 5038 2110 5073 as-

548 5081 705 5129 salttts
727 5079 965 5134 Lattnmn
994 5092 1093 5133 est.

626 5149 747 5220 149.
779 5149 898 5203 Ald.
943 5150 1126 5202 scribit
1153 5152 1357 5220 objicit;
1386 5154 1574 5207 melius
1611 5156 1730 5212 alii.
1765 5158 1934 5210 abicit.
1969 5159 2106 5212 Idctn

546 5219 683 5268 male
709 5220 1110 5286 munimentath
1135 5219 1226 5286 pro
1249 5237 1684 5292 monumentaque,
1709 5240 1801 5279 seu
1833 5231 2109 5280 monimen-

545 5296 714 5353 taque.

618 5353 738 5429 160.
759 5355 1015 5429 Gilanius.
1034 5358 1207 5429 Αγηὺο
1233 5361 1502 5425 Mazaeus,
1564 5363 1783 5416 Muscas
1809 5405 1824 5429 ,
1863 5367 2108 5419 observat

547 5416 892 5494 Prudentium
938 5427 1262 5494 antiquitatis
1312 5416 1760 5485 studiosissimum
1809 5416 2008 5494 inisse;

545 5492 770 5557 probant
796 5492 1186 5568 verbatlensere
1209 5537 1224 5561 ,
1271 5514 1451 5564 vagare
1477 5541 1490 5560 .
1520 5505 1711 5568 clepere
1733 5543 1748 5566 ,
1780 5515 1832 5557 et
1863 5506 1962 5557 hoc
1989 5492 2106 5559 loeti

541 5575 893 5633 spernerepro
922 5565 1156 5633 abjicere,
1190 5570 1327 5633 quod
1358 5571 1508 5622 linnii
1541 5565 1640 5624 est.

770 5629 1075 5709 \‘l‘icnneitsq
1105 5629 1292 5709 Immo;
1317 5638 1425 5699 alii,
1448 5639 1609 5690 humi.

615 5698 733 5752 165.
775 5701 909 5762 Gis.,
956 5701 1098 5766 Rat.,
1157 5698 1306 5768 Gal.,
1349 5698 1572 5772 Vienn.,
1611 5711 1820 5764 vulnere
1871 5711 2101 5765 (tn/telas.

2230 4193 2474 4269 l‘leinsius
2511 4195 2750 4269 ediderat
2785 4197 2992 4251 vulnere
3018 4238 3031 4262 ,
3064 4200 3155 4251 sed
3189 4199 3241 4251 in
3272 4201 3531 4258 addendis
3561 4210 3797 4269 tit-tetulit

2225 4264 2405 4330 funere
2433 4282 2552 4316 cunt
2586 4267 2830 4318 omnibus
2871 4270 2984 4320 suis
3031 4284 3160 4320 mss.
3206 4269 3420 4324 'I‘eolius
3452 4264 3651 4328 mavult
3682 4280 3797 4330 vul-

2226 4349 2372 4390 nere,
2403 4338 2541 4399 quod
2588 4335 2662 4386 ait
2713 4338 2905 4388 habere
2945 4351 3061 4389 cunt
3093 4339 3214 4389 edd.
3269 4355 3455 4395 omnes
3496 4344 3654 4402 Van"
3691 4365 3796 4401 unn

2224 4411 2468 4475 excepto.
2501 4403 2603 4457 Sed
2637 4405 2832 4466 Aldus,
2864 4416 2917 4458 et
2961 4409 3227 4475 pleneque
3251 4412 3515 4465 editiones
3542 4427 3666 4468 ante
3700 4417 3789 4471 Gi-

2222 4484 2249 4545 s
2287 4472 2450 4545 linunt
2475 4484 2782 4545 constanter
2805 4475 2995 4528 habent
3026 4472 3221 4541 {tute—re,
3254 4482 3393 4545 quod
3425 4494 3602 4536 exstat
3630 4490 3793 4540 etiam

2221 4543 2273 4620 in
2304 4542 2486 4620 codice
2516 4543 2735 4620 hlar‘ietti
2757 4583 2770 4605 ,
2794 4553 2851 4620 et
2880 4547 2928 4620 in
2955 4549 3132 4612 glossa
3163 4542 3359 4612 lsonts,
3392 4567 3563 4620 neque
3608 4555 3794 4610 dt'bttil

2222 4609 2501 4680 Gallandiu
2535 4614 2584 4663 in
2609 4613 2743 4664 Aldo
2774 4609 3075 4680 discherc.

2445 4681 2657 4752 Vtcnn.,
2685 4684 2924 4743 uulnera;
2957 4687 3069 4752 lt'gt‘.
3100 4685 3289 4735 ulcera.

2214 4747 2408 4822 ,__170.
2442 4749 2585 4822 Ald"
2613 4767 2725 4814 qna:
2749 4763 2863 4803 sunt
2884 4769 2900 4814 ;
2923 4747 3098 4806 eteieri
3122 4769 3343 4820 quicque,
3369 4762 3608 4822 exceptis
3642 4779 3760 4818 νοτε
3779 4795 3790 4804 -

2140 4832 2191 4889 ι)
2219 4816 2364 4896 ribus
2406 4819 2748 4896 editionihns.
2790 4823 3056 4874 Giselinus
3100 4822 3200 4896 hoc
3231 4816 3348 4877 loco
3378 4816 3569 4882 :téstu'at
3607 4843 3662 4884 et
3697 4816 3792 4896 pro

2216 4889 2378 4966 captis
2410 4891 2685 4969 legendum
2716 4897 3015 4969 suspicatur
3041 4894 3217 4969 partis.
3247 4897 3522 4950 Sententia
3552 4911 3665 4961 est,
3697 4889 3792 4969 pa-

2220 4957 2453 5009 tientiam
2487 4959 2724 5039 allecisse
2740 5000 2754 5021 ,
2788 4971 2842 5012 ut
2866 4957 3510 5039 Jobns'perditaqtneque
3532 4957 3790 5039 murtiitli-

2215 5028 2558 5146 caretrﬁaptis
2607 5030 2794 5093 opibus
2816 5070 2828 5092 ,
2863 5031 2974 5084 sive
3005 5035 3186 5098 partis.
3219 5028 3502 5088 llis—torium
3536 5028 3706 5094 habes
3737 5047 3788 5095 in

2215 5109 2325 5146 etus
2376 5113 2384 5144 ι
2430 5112 2507 5146 ro.

2214 5109 2325 5160 eius
2356 5109 2507 5146 nuru.

2287 5164 2405 5246 172‘.
2430 5163 2647 5246 .Weitz.,
2674 5167 2764 5219 illa
2791 5183 2885 5234 pro
2905 5170 3037 5235 ipsa.
3073 5171 3229 5224 Fabr.
3269 5183 3323 5226 et
3354 5174 3543 5244 Bong.,
3578 5182 3786 5246 globum

2214 5247 2308 5296 pro
2336 5235 2528 5300 globos.

2287 5303 2406 5354 177.
2441 5305 2658 5382 Ita_AI.l.
2689 5345 2702 5360 .
2736 5307 2867 5366 Gis.,
2901 5307 3124 5382 Wcit7...
3159 5311 3319 5373 Man,
3356 5312 3476 5367 But.
3499 5355 3512 5376 ,
3548 5316 3743 5370 νει-ειη.
3767 5363 3780 5382 ,

2212 5371 2363 5445 Alex.
2397 5389 2426 5445 a
2460 5375 2624 5439 prima
2653 5393 2808 5445 nzann
2836 5417 2850 5438 ,
2879 5385 3011 5440 Aug.
3033 5419 3046 5442 ,
3081 5381 3216 5432 \‘att.
3247 5371 3315 5444 L,
3341 5384 3397 5445 lt',
3423 5371 3594 5437 0.1m
3619 5371 3782 5440 etinni

2143 5496 2147 5501 ,
2214 5441 2338 5518 Icgtt
2361 5444 2608 5520 albentis
2636 5444 2778 5520 litin,
2808 5449 2884 5498 vel
2917 5441 3104 5520 Iiy‘nin
3126 5441 3301 5517 Margd
3333 5441 3397 5504 ita
3415 5465 3618 5520 pncttea
3649 5460 3780 5510 edit.

2212 5511 2333 5591 anni
2366 5513 2520 5564 1487.
2554 5513 2799 5591 lle-iusius
2821 5511 3198 5581 cum'Tltuann
3221 5511 3276 5574 ει
3305 5511 3443 5580 Ιθυιί.
3475 5533 3528 5574 et
3567 5527 3678 5578 \‘at.
3715 5529 3778 5591 Il,

2223 5577 2392 5658 Yirtus-
2422 5597 2441 5633 :
2482 5583 2704 5658 etyidua
2735 5593 2839 5648 est,
2861 5603 3013 5658 quam
3062 5603 3161 5640 non
3186 5577 3443 5658 patientia
3485 5577 3679 5658 finirat.
3718 5577 3780 5650 lli

2211 5646 2352 5700 Vatt.
2379 5650 2490 5730 ιρι
2514 5650 2594 5729 liii
2615 5668 2766 5730 error
2778 5646 2882 5730 est,
2911 5656 3081 5709 Virtus
3095 5646 3308 5727 uanique
3334 5646 3604 5722 vidurt'est,
3625 5646 3780 5730 quani

2213 5733 2311 5769 non
2344 5722 2581 5784 patientia
2606 5725 2791 5784 ﬁrmat.
2821 5725 3102 5780 Possumus
3126 5722 3282 5781 etiam
3329 5732 3433 5782 alto
3465 5722 3646 5787 modo.
3668 5738 3780 5789 dis-
