3960 6312
211 369 292 426 57
1579 382 1793 438 PSYCI!

1918 383 2119 438 tCIlIA.
3398 397 3465 450 δε

404 485 561 538 Forte
591 500 681 552 per
707 487 899 539 eliusas
931 489 1106 548 inllata
1149 490 1404 556 Superbia
1446 499 1646 545 turmas

404 572 598 626 ElTreui
631 574 884 627 volitabat
915 589 1083 642 equo,
1113 592 1268 643 quem
1302 578 1438 643 pelle
1460 577 1629 631 leonis

255 666 363 719 180
403 665 646 727 Teserat,
673 675 727 716 et
751 665 950 719 validos
981 667 1118 719 villis
1147 682 1466 722 oneraverat
1494 685 1673 724 armos
1705 688 1717 723 :

401 755 516 820 Quo
545 769 602 808 se
632 754 758 807 fulta
782 756 1228 823 jubisjactautius
1260 759 1347 812 illa
1375 759 1562 813 ferinis
1651 811 1656 815 ,

401 845 640 908 Inferret,
676 846 876 898 tumido
897 845 1209 914 despectans
1236 850 1445 916 agmina
1465 851 1597 903 fastu
1615 891 1627 911 ,

403 934 670 988 Tui-ritum
696 935 848 989 tortis
876 946 1032 1003 caput
1057 939 1413 992 accumularat
1441 940 1492 992 iu
1517 940 1684 992 altum

401 1025 565 1094 606
591 1024 837 1081 Crinibus
860 1067 876 1093 ,
919 1037 1220 1082 exstructos
1265 1039 1488 1100 augeret
1531 1041 1589 1084 ut
1618 1031 1796 1084 addita

1528 1122 1544 1190 Ι,
1558 1121 1725 1175 cirros

252 1208 277 1258 1
292 1206 366 1260 83
405 1205 712 1274 Congeries,
731 1206 1038 1276 celsumque
1054 1208 1257 1276 apicem
1275 1208 1422 1264 frons
1436 1211 1598 1265 ardua
1614 1213 1792 1266 ferret.

407 1297 669 1350 Carbasea
691 1313 754 1351 ex
779 1298 1012 1352 humeris
1034 1314 1242 1354 summo
1265 1303 1488 1356 collecta
1515 1304 1691 1359 coibat
1781 1339 1786 1344 -

405 1387 545 1441 Palla
573 1389 690 1441 sinu
718 1427 733 1452 ,
766 1397 986 1442 teretem
1028 1399 1249 1443 nectens
1276 1407 1306 1442 a
1333 1401 1547 1457 pectore
1572 1394 1788 1447 nodum.
1823 1375 1826 1378 Α

406 1487 448 1538 Α
479 1485 687 1538 cervice
729 1482 901 1537 ﬂuens
922 1485 1064 1538 tenui
1093 1485 1358 1539 velamine
1388 1487 1583 1540 limbus

403 1572 646 1642 Concipit
674 1573 905 1642 ingestas
934 1573 1094 1628 textis
1116 1576 1451 1644 turgentibus
1474 1591 1655 1631 auras.

1818 501 1871 559 Α
1935 495 2036 546 190
2074 494 2180 546 Nec
2204 494 2634 547 minus-instabili
2663 511 2876 565 sonipes
2900 498 3109 554 feritate
3137 503 3395 570 superbit,

2075 587 2356 654 Impatiens
2379 586 2604 640 madidis
2634 588 2890 642 frenarier
2917 604 3009 644 ora
3042 591 3257 658 lupatis.

2075 679 2206 742 lluc,
2237 678 2361 730 illuc
2391 677 2640 731 frendens
2663 679 2892 734 obvertit
2914 689 3081 748 terga,
3111 695 3297 752 negata

2067 768 2225 836 607
2254 767 2519 821 Libertate
2548 769 2706 837 fugze,
2757 769 3064 837 pressisque
3095 775 3340 828 tumescit
3369 775 3465 827 ha-

3197 861 3391 931 [benis.

2078 946 2185 999 Hoc
2211 961 2330 1000 sese
2351 955 2628 1000 ostentans
2659 947 2839 1000 habitu
2867 956 3086 1002 ventosa
3117 950 3321 1018 virago,

2078 1033 2216 1088 Inter
2263 1044 2541 1102 utramque
2571 1037 2737 1089 aciem
2768 1038 3149 1105 supereminet,
3192 1050 3246 1094 et
3286 1044 3463 1110 phale-

3201 1129 3394 1201 [ratum

2074 1212 2451 1268 Circumllectit
2476 1230 2692 1283 equum,
2710 1216 2980 1284 vultuque,
2999 1227 3053 1272 et
3069 1235 3197 1274 voce
3218 1221 3463 1287 minatur,

2075 1303 2370 1356 Adversum
2397 1312 2644 1370 spectans
2665 1321 2892 1360 caueum
2917 1324 2933 1363 :
2955 1325 3110 1378 quem
3139 1310 3304 1365 milite
3325 1328 3462 1380 raro,

2080 1397 2144 1450 Et
2175 1398 2502 1465 paupertinis
2525 1400 2587 1450 ad
2617 1400 2750 1453 bella
2779 1411 3025 1470 coegerat
3054 1405 3218 1457 armis

2076 1487 2222 1541 Meus
2249 1487 2462 1541 humilis
2485 1504 2501 1541 :
2521 1490 2702 1558 regina
2727 1489 2966 1558 quidem,
2993 1491 3085 1545 sed
3120 1507 3281 1561 egens
3310 1496 3463 1552 alieni

1898 1575 2004 1630 9.00
2082 1576 2305 1642 Auxilii,
2334 1577 2550 1645 proprio
2579 1592 2676 1631 nec
2703 1588 2785 1630 sat
2810 1579 3007 1633 conﬁsa
3033 1593 3236 1649 paratu,

1902 1034 2003 1088 1ῐὸ

1531 1665 1816 1722 GLOSSIE
1857 1665 2194 1720 VETERES.

293 1757 422 1832 148}.
450 1757 586 1832 Quo,
613 1766 688 1810 ut.
714 1787 782 1794 —
801 1755 973 1832 Folia,
997 1757 1120 1810 alta.
1138 1785 1209 1832 —_—
1235 1757 1460 1824 Feriuis,
1486 1759 1676 1832 ferinus
1703 1777 1789 1832 su-
1821 1762 1866 1819 Β
1893 1761 1964 1810 tio
1993 1769 2083 1820 est,
2116 1767 2161 1810 et
2193 1767 2348 1832 potest
2369 1760 2651 1832 subaudiri,
2675 1759 2750 1810 vel
2773 1759 2980 1824 habens,
3010 1765 3353 1832 participium,
3377 1772 3454 1822 vel

215 1828 413 1893 perbia:
442 1828 639 1878 habitus
663 1870 676 1890 ,
705 1842 764 1878 ac
792 1827 1033 1893 femineus
1075 1830 1265 1895 pariter
1290 1868 1303 1886 .
1337 1835 1382 1878 et
1421 1831 1663 1896 equestris
1703 1831 1788 1881 de-

220 1897 483 1958 scribitur,
515 1905 566 1946 ut
587 1897 649 1947 ab
673 1901 894 1946 humano
915 1911 1071 1956 more,
1092 1897 1145 1946 id
1173 1905 1266 1956 est,
1299 1915 1328 1946 a
1355 1898 1549 1949 ratizme
1577 1899 1790 1965 degene-

220 1981 369 2015 rasse
389 1966 628 2029 superbos
661 1965 934 2016 ostenderet
953 2004 966 2026 ,
994 1965 1080 2016 sed
1113 1981 1270 2034 neque
1290 1967 1472 2018 virtute
1491 1969 1645 2034 fortes
1662 2010 1674 2030 ,
1704 1985 1794 2020 nec

220 2034 409 2085 suimet
433 2043 684 2100 compotes
708 2074 721 2094 ,
757 2034 794 2085 Ι.

297 2102 426 2155 18⁸2.
462 2105 639 2163 Fastu,
666 2103 920 2169 superbia,
949 2102 987 2154 Ι.

303 2171 427 2223 185.
457 2175 848 2232 Accumularat,
883 2181 1134 2236 erexerat,
1159 2171 1198 2225 1.

301 2239 429 2292 183.
461 2241 658 2304 Ardua,
681 2242 807 2302 alta,
839 2242 875 2292 Ι.

301 2309 428 2362 186.
460 2310 750 2379 Carbasea,
783 2310 1038 2379 caridida;
1085 2309 1374 2375 carbasum,
1417 2325 1573 2378 genus
1618 2308 1795 2379 optimi

223 2379 348 2430 lini.
380 2407 451 2417 —
475 2378 724 2443 Summo,
757 2380 906 2446 pleno
926 2418 941 2444 ,
963 2377 1003 2430 I.

305 2447 431 2500 189.
462 2447 722 2514 lngestas,
754 2445 1004 2500 immissas
1030 2486 1045 2510 ,
1088 2447 1165 2499 vel
1194 2447 1422 2514 infestas.
1473 2475 1542 2484 —
1581 2445 1791 2510 Textis,

223 2518 532 2570 vestimentis
553 2557 568 2581 ,
602 2519 638 2568 Ι.

304 2585 430 2639 190.
478 2585 585 2638 Nec
635 2586 837 2648 minus,
882 2585 1116 2655 superbia
1167 2587 1371 2655 equitat.
1423 2615 1494 2624 —
1545 2583 1794 2654 Sonipes,

223 2657 425 2725 equus;
445 2656 564 2725 qiiia
584 2656 793 2723 pedibus
817 2666 982 2715 sonat,
1005 2654 1044 2708 Ι.

303 2724 430 2777 191.
467 2722 774 2786 Frcuarier,
804 2727 999 2790 frenata
1029 2739 1156 2777 esse.
1193 2753 1260 2761 —
1288 2722 1388 2775 Ora
1409 2763 1423 2786 ,
1448 2723 1654 2791 quando
1682 2739 1800 2790 pas-

226 2795 324 2846 sivi
345 2793 542 2861 generis
570 2793 716 2846 verbo
745 2795 1062 2846 accusativus
1081 2793 1398 2863 adjungitur,
1420 2793 1640 2860 ﬁgurata
1661 2792 1802 2844 locu-

1902 1846 2008 1896 per,
2033 1828 2353 1949 prquositio;
2383 1843 2433 1878 ut
2459 1829 2646 1882 habens
2677 1845 2767 1880 ora
2791 1871 2804 1894 ,
2848 1845 2937 1898 per
2962 1828 3072 1883 ora.
3103 1862 3173 1871 —
3193 1828 3417 1905 Lupatis
3440 1879 3454 1901 ,

1903 1915 2074 1949 ramo.
2137 1938 2147 1949 .

1903 1915 2046 1949 canto
2061 1937 2074 1958 ,
2111 1915 2147 1950 ι.

1976 1968 2098 2036 195.
2133 1966 2383 2036 llabenis,
2413 1967 2668 2035 capistris,
2695 1968 2732 2019 l.

1976 2035 2099 2107 191.
2127 2036 2258 2107 lioc,
2289 2035 2521 2107 superbia
2546 2038 2880 2088 comminatur
2909 2037 3087 2105 turbis,
3121 2038 3161 2090 1.

1974 2105 2096 2157 195-
2125 2104 2287 2172 Inter,
2319 2104 2619 2161 humilitatis
2647 2117 2691 2157 et
2710 2107 2974 2170 superbire.
2999 2136 3066 2146 -—-
3100 2107 3456 2173 Phaleratum,

1903 2184 2158 2246 ornatum,
2180 2187 2224 2230 et
2257 2180 2458 2246 proprie
2485 2177 2552 2226 ad
2578 2177 3020 2246 equnmipertinet,
3051 2175 3091 2228 1.

1972 2244 2094 2296 197.
2126 2244 2445 2305 Adversum.
2472 2253 2647 2297 contra
2669 2245 2916 2307 positum;
2943 2246 3270 2308 contrarium,
3303 2255 3348 2300 et
3379 2248 3459 2300 hic

1901 2328 2078 2384 nomen
2107 2327 2177 2367 est
2212 2313 2637 2384 adjectivumrid
2677 2322 2767 2384 est,
2810 2314 3117 2384 contrarium
3155 2315 3248 2367 sibi
3287 2316 3460 2368 videns

1899 2382 2135 2455 superbia
2164 2381 2377 2455 cuneum
2420 2381 2737 2455 humilitptis.
2767 2411 2837 2420 —
2861 2381 3138 2455 Spectaus,
3171 2385 3462 2455 circumspi-

1902 2452 2054 2502 ciens.
2084 2483 2154 2493 —-—
2181 2454 2443 2518 Cuueum,
2473 2449 2738 2516 populant.
2759 2480 2840 2520 7—
2867 2450 3027 2518 Raro,
3060 2468 3247 2520 pauco,
3283 2455 3299 2504 Ι

1975 2520 2095 2591 198.
2130 2521 2405 2591 Coegerat,
2433 2522 2725 2591 collegerat,
2756 2519 2796 2572 1.
2865 2589 2871 2591 _
3062 2519 3090 2542 ³

1975 2589 2095 2643 199.
2125 2589 2268 2645 Mens
2295 2592 2527 2654 humilis,
2548 2589 2808 2641 humilitas
2829 2589 2935 2641 sine
2958 2605 3046 2657 spe
3067 2600 3200 2643 caret
3228 2601 3462 2644 constan-

1904 2660 2012 2719 tia;
2038 2669 2084 2712 et
2114 2661 2226 2713 ideo
2255 2672 2373 2713 tunc
2394 2662 2542 2712 etiam
2569 2675 2668 2710 non
2693 2659 2785 2710 erit
2812 2659 2989 2723 virtus,
3021 2660 3108 2712 sed
3131 2661 3303 2713 vitium
3329 2663 3461 2718 :ctzit

1905 2731 2034 2780 enim
2056 2731 2468 2798 pusillanimitas.
2494 2757 2562 2768 -—
2584 2728 2805 2796 Regina,
2833 2737 2960 2790 erat,
2993 2729 3031 2780 l.

1593 2882 2146 2938 COMMENTARIUS.

229 2980 476 3044 tinguere
516 2976 567 3030 N
575 2979 678 3029 ulla
719 2992 901 3043 anceps
926 2974 1176 3028 luctamen
1206 2975 1294 3026 init
1320 2975 1497 3026 rirtnte
1522 2975 1630 3026 sine
1657 2976 1753 3026 ista
1784 2991 1803 3027 :

238 3050 419 3098 Virtus
451 3063 565 3098 nam
596 3046 745 3098 vidua
766 3056 837 3097 est
864 3061 1011 3112 quam
1055 3062 1153 3095 non
1183 3044 1424 3110 patientia
1455 3044 1642 3110 ﬁrmat.
1679 3044 1804 3096 Post

227 3116 379 3167 hunc
407 3130 616 3167 versum
634 3115 814 3166 titulus
833 3124 911 3166 est
934 3117 984 3165 in
1017 3114 1151 3165 ΑΙόο
1171 3151 1184 3175 ,
1211 3112 1472 3179 Superbia:
1497 3123 1542 3165 et
1575 3112 1802 3165 Humili-

1914 2976 1998 3037 15,
2029 2985 2156 3028 tom.
2189 2976 2260 3035 ΙΙ,
2290 2975 2356 3029 de
2385 2973 2722 3039 inscriptione
2742 3012 2758 3038 ,
2783 2987 2938 3040 quam
2968 2972 3082 3039 ipse
3103 2974 3356 3040 explicat,
3411 2985 3463 3030 et

1910 3045 1980 3096 ita
2010 3045 2136 3112 legit
2166 3063 2178 3094 :
2207 3044 2428 3104 Guome,
2471 3043 2688 3096 Pierinis
2723 3041 2940 3112 ancilla,
2970 3043 3200 3094 ornatrix
3233 3045 3366 3095 elata
3390 3055 3465 3096 est

1907 3123 2025 3182 ante
2066 3108 2205 3166 diem
2240 3115 2467 3182 quintum
2501 3113 2738 3182 calendas
2782 3108 3088 3182 Februarias
3109 3112 3466 3182 Limperators

226 3187 354 3236 tatis
390 3201 578 3253 pugna.
633 3184 687 3253 In
738 3183 1047 3253 Viennensi,
1102 3174 1178 3253 oe
1214 3174 1384 3253 duello
1421 3180 1804 3253 huntilitatisget
1833 3174 1878 3234 C
1908 3180 2105 3253 Cresare
2134 3174 2609 3253 teritiiintaecipium
2633 3179 2849 3253 ,‘Marco
2873 3178 3076 3232 Plautio
3106 3174 3316 3253 §ilvano
3346 3198 3466 3234 con-

227 3249 524 3321 superbiaz;
572 3254 623 3305 lu
666 3252 784 3304 Rat.
817 3263 870 3304 et
909 3252 1072 3312 Man,
1105 3249 1377 3318 Superbia.
1430 3249 1486 3302 lu
1515 3251 1660 3312 aliis,
1702 3250 1807 3304 Su-

227 3323 410 3388 perbia
438 3331 482 3372 et
509 3323 787 3372 humilitas.

304 3392 431 3444 178.
449 3389 648 3443 Widm.
670 3400 724 3443 et
747 3393 799 3442 in
822 3389 1128 3456 quihusdam
1160 3389 1299 3454 vulg.
1329 3387 1392 3441 ad
1417 3402 1580 3455 marg.
1598 3399 1802 3452 ,morte;

230 3461 353 3521 alii,
385 3460 531 3521 forte,
554 3460 690 3526 quod
719 3474 898 3512 verum
939 3459 1163 3520 videtur,
1192 3458 1462 3525 magisque
1488 3460 1723 3523 elegans.

310 3528 436 3581 179.
462 3528 676 3591 Vienu.,
701 3527 1265 3592 effreno;alii.e/freni,
1299 3527 1436 3594 quod
1463 3526 1796 3580 retinendum

229 3609 367 3650 est:
426 3599 668 3664 quamvis
720 3597 860 3648 cnim
905 3596 1141 3661 quazdam
1193 3595 1492 3662 hujusmodi
1540 3596 1798 3664 vocabula

232 3663 463 3730 utroque
495 3666 652 3718 modo
680 3666 1028 3732 proferantur,
1065 3674 1119 3716 ut
1147 3665 1390 3727 inermus,
1414 3665 1637 3726 inermis,
1661 3663 1794 3716 hila-

230 3754 349 3796 rus,
379 3735 579 3794 hilaris,
605 3745 776 3787 tamen
801 3734 929 3786 nihil
959 3748 1150 3785 novum
1175 3743 1377 3787 temere
1403 3741 1483 3785 est
1511 3733 1797 3787 admitten-

232 3809 391 3859 dum.
423 3804 683 3856 Giselinus
714 3802 1155 3868 marginiadji-th
1182 3801 1388 3863 effreno.

309 3873 431 3926 180.
463 3874 599 3936 (iis,
631 3883 908 3932 ornaverat,
929 3870 1066 3936 quod
1097 3885 1127 3923 e
1147 3886 1242 3922 suo
1257 3885 1356 3923 ms.
1385 3870 1590 3922 videtur
1609 3884 1800 3938 appro-

230 3945 365 3996 bare
396 3943 682 4000 l'iccartus,
705 3940 932 3992 adducto
958 3943 1072 3992 loco
1099 3939 1264 3991 Plauti
1296 3980 1309 4002 ,
1345 3940 1652 3992 Urnamenta
1676 3940 1799 4008 Aja-

231 4015 328 4063 cis.
362 4012 586 4064 Pulchre
607 4009 847 4075 superbia
877 4024 1012 4075 equo
1044 4009 1276 4062 insidens
1301 4008 1646 4062 describitur:
1681 4009 1801 4062 uul-

237 4083 352 4132 lum
379 4081 518 4132 enim
551 4077 744 4130 animal
771 4092 907 4145 equo
934 4077 1144 4130 elatius.

311 4150 433 4202 181.
470 4149 657 4200 Vienn.
686 4155 741 4200 et
763 4145 897 4213 Aug.
921 4185 936 4212 ,
961 4147 1289 4216 jactantibus.
1343 4146 1442 4198 Alii
1473 4147 1798 4215 me!ius,ja-

233 4220 479 4272 ctantius.

308 4288 430 4342 185.
465 4287 624 4340 Vides
657 4294 888 4338 veterem
927 4283 1360 4336 consuetudinem
1393 4284 1614 4336 ornandi
1636 4285 1799 4350 capil-

237 4359 318 4408 los
351 4401 363 4421 ,
421 4359 534 4408 usui
586 4369 887 4408 nostrorum
939 4365 1231 4420 temporum
1283 4353 1418 4404 haud
1476 4354 1792 4406 absimilem.

239 4428 469 4478 Exstant
502 4428 552 4476 in
600 4427 794 4476 iiiuseis
835 4426 1002 4486 capita
1053 4431 1107 4474 et
1147 4422 1332 4474 statuae
1389 4421 1700 4476 feminarum
1743 4425 1792 4475 in

235 4497 379 4573 hanc
401 4498 622 4573 turmam
650 4497 938 4573 atlornaue
969 4491 1119 4557 Apud
1142 4500 1356 4573 figeres
1385 4492 1796 4573 llrequeusmeu-
1827 4515 1879 4573 D

240 4565 332 4616 lio.
355 4564 647 4620 Jutcn-ilis,
687 4566 834 4612 satir.
868 4562 898 4612 ϋ
922 4604 934 4624 ,
965 4575 1106 4612 vers.
1138 4559 1260 4621 502,
1290 4563 1500 4623 gradus,
1533 4562 1720 4627 quibus
1748 4565 1797 4614 in

237 4634 500 4700 fastigium
525 4631 1114 4695 capilliattollebautur,
1142 4639 1292 4700 vocat
1321 4629 1542 4700 ordines.
1575 4630 1665 4700 Tot
1687 4648 1802 4700 pre-

235 4704 322 4752 mit
352 4697 614 4754 ordinibus
638 4740 652 4759 ,
701 4709 769 4751 tot
807 4701 974 4750 adhuc
1011 4697 1330 4766 compagibus
1361 4698 1518 4749 altum
1550 4697 1800 4766 /Edi]icat

237 4783 383 4831 caput
403 4811 418 4831 ,
454 4771 838 4820 Andromachen
868 4785 896 4818 (ι
926 4770 1090 4832 {route
1118 4767 1326 4830 videbis,
1361 4766 1482 4818 Post
1511 4769 1673 4820 minor
1701 4781 1795 4822 est.

234 4842 451 4892 Ovid.us
493 4841 560 4890 de
599 4840 789 4888 ancilla
831 4837 1094 4889 oruatrice
1147 4837 1238 4887 lib.
1281 4851 1315 4886 ιι
1354 4838 1533 4889 Amor.
1559 4880 1572 4900 ,
1606 4839 1674 4890 el.
1720 4841 1794 4890 8:

237 4906 492 4960 Ponendis
513 4911 562 4958 in
589 4908 725 4957 mille
744 4907 915 4957 modos
938 4905 1176 4973 prwfecta
1197 4905 1413 4970 capillis.
1439 4905 1610 4958 Vidcri
1638 4906 1796 4958 eliun

237 4989 454 5042 possunt
476 4976 736 5037 Manilius,
765 4975 1030 5034 Horatius,
1055 4984 1108 5026 et
1127 4975 1214 5026 alii
1243 4991 1256 5025 :
1284 4990 1312 5025 e
1335 4973 1647 5026 Christianis
1671 4974 1803 5028 Gre-

235 5049 412 5111 gorius
440 5045 804 5098 Nazianzenus
823 5085 837 5106 ,
876 5046 1229 5110 Hieronymus
1253 5044 1300 5094 iu
1329 5045 1484 5108 epist.
1515 5045 1576 5094 ad
1615 5045 1799 5094 Deum.

236 5117 458 5168 tiiadem
484 5159 498 5176 ,
525 5115 612 5178 qui
645 5115 884 5164 turritum
911 5115 1144 5164 verticem
1164 5113 1340 5164 alienis
1374 5113 1570 5178 capillis
1600 5123 1801 5164 struere

236 5185 390 5247 dixit,
440 5195 498 5236 et
543 5183 894 5234 'l'erlulliauus
923 5183 987 5233 de
1029 5183 1185 5234 Cultu
1220 5182 1535 5233 feminarum
1568 5197 1683 5246 cap.
1718 5184 1748 5233 7
1783 5201 1793 5233 :

235 5255 444 5320 Afﬁqitis
472 5263 719 5321 prmtcrea
754 5252 920 5302 nescio
944 5267 1068 5318 quas
1111 5252 1428 5321 enormitates
1471 5252 1801 5318 capillamen-

237 5319 416 5383 mm,
444 5319 577 5375 nunc
604 5323 654 5372 in
680 5322 838 5387 galeri
867 5324 1071 5372 modum
1099 5321 1245 5388 quasi
1266 5319 1498 5388 vaginam
1523 5321 1726 5384 capitis,
1750 5331 1796 5373 et

235 5393 526 5459 operculum
553 5392 747 5442 verticis
764 5430 777 5448 ,
811 5406 942 5459 nunc
979 5391 1028 5440 in
1053 5392 1298 5440 cervicum
1325 5400 1456 5440 retro
1483 5399 1793 5457 suggestum.

237 5461 419 5513 Mirum
445 5503 458 5522 ,
490 5462 628 5527 quod
657 5471 829 5510 contra
859 5458 1063 5510 Domini
1092 5469 1338 5525 prwcepta
1357 5460 1692 5510 contenditur.
1723 5460 1798 5509 Ad

235 5546 516 5582 mensuram
555 5530 800 5580 neminem
835 5529 929 5580 sibi
964 5528 1182 5595 adjicere
1229 5543 1371 5588 posse
1416 5529 1798 5592 pronuntiatum

237 5611 299 5650 est
326 5615 346 5652 :
375 5617 460 5651 vos
485 5614 600 5650 vero
628 5597 848 5667 adjicitis
873 5598 939 5650 ad
961 5600 1176 5663 pandas.
1205 5596 1632 5667 Paulinusetiam
1664 5597 1796 5667 dixit

238 5671 468 5720 turritum
499 5663 910 5732 caput.'Cuu"er
941 5666 1182 5718 Carolum
1235 5665 1562 5718 Paschalium
1607 5671 1670 5716 de
1697 5663 1795 5715 Cu-

240 5742 374 5790 rouis
394 5741 482 5790 lib.
512 5753 546 5801 ι,
574 5752 690 5804 cap.
714 5737 765 5799 5,
794 5748 839 5789 ct
873 5736 1300 5789 dissertatiuuem
1329 5735 1538 5787 Antonii
1567 5735 1630 5786 M.
1662 5733 1791 5801 Lupi

1911 3252 2124 3304 sulbus.
2176 3252 2268 3304 llis
2305 3251 2440 3304 adde
2469 3250 2755 3314 Eugenium
2789 3247 2994 3301 Guasco
3038 3266 3049 3300 :
3095 3248 3467 3303 Dissertazione

1908 3321 2170 3372 tusculana
2183 3337 2334 3388 sopra
2351 3321 2434 3371 un'
2453 3322 2620 3390 antica
2646 3319 2920 3390 iscrizione
2933 3318 3212 3390 sepolcrale
3231 3331 3467 3390 apporte-

1905 3401 2049 3442 nente
2079 3391 2145 3442 ad
2162 3391 2516 3442 un’ornatrice.
2544 3389 2724 3442 Roma:
2743 3429 2758 3453 ,
2795 3388 2949 3451 1771,
2974 3389 3107 3441 iii-8.

1978 3461 2098 3511 187.
2129 3459 2301 3523 Fuld.,
2331 3462 2382 3510 in
2414 3469 2628 3523 pectore.
3285 3491 3293 3498 .

1977 3529 2100 3582 188.
2132 3529 2341 3586 Vienn.,
2375 3529 2516 3579 limbi
2542 3567 2554 3588 ,
2582 3541 2685 3579 non
2711 3525 2866 3582 bene.
2893 3541 2988 3592 pro
3012 3525 3214 3578 limbus.
3246 3527 3462 3580 Elmen-

1906 3596 2161 3658 liorstius,
2198 3598 2250 3648 in
2302 3597 2592 3648 Arnobium
2644 3610 2760 3660 pag.
2811 3594 2879 3650 55
2918 3595 2983 3646 ad
3024 3596 3181 3648 verba
3218 3599 3453 3659 Arnohii,

1904 3663 2265 3718 Imminnerent
2296 3667 2482 3734 frontes
2502 3663 2700 3726 limbis,
2728 3664 2918 3730 allegat
2939 3663 3098 3734 etiam
3125 3679 3190 3734 ex
3217 3665 3333 3717 Stat
3354 3681 3386 3718 0
3411 3669 3462 3718 iu

1904 3735 2096 3788 Achill.
2120 3776 2136 3801 ,
2168 3732 2442 3788 Gemmalis
2471 3744 2558 3786 aut
2587 3743 2787 3801 nectunt
2810 3745 3032 3798 tempora
3063 3732 3248 3783 limbis.

1976 3805 2097 3858 189.
2126 3804 2262 3869 Gis.,
2296 3805 2425 3858 Mar.
2452 3843 2466 3864 ,
2497 3803 2637 3860 Rat..
2667 3800 2883 3861 Weitz.,
2906 3804 3140 3869 ingestas.
3171 3801 3320 3853 Alex.
3346 3841 3362 3866 ,
3389 3804 3468 3854 in-

1903 3875 2057 3942 festas
2079 3875 2158 3927 vel
2182 3875 2402 3940 ingestas
2433 3887 2552 3942 cum
2580 3872 2749 3942 glossc
2775 3871 3042 3942 iiuiitissas.
3070 3870 3229 3942 Aug”
3257 3871 3463 3942 infestas

1901 3937 2018 3994 cum
2050 3937 2727 4010 gluma—contrarias.'Ald.
2748 3981 2762 4003 ,
2791 3938 2990 3992 Widm.
3021 3937 3088 4010 ad
3118 3953 3286 4010 oram,
3321 3938 3460 4010 Vatt.

1901 4010 1972 4073 C,
2002 4007 2082 4072 θ’,
2115 4011 2157 4065 G
2183 4053 2198 4073 ,
2233 4011 2276 4065 H
2297 4052 2312 4074 ,
2357 4011 2591 4078 infestas,
2619 4011 2756 4074 quod
2786 4009 3156 4078 nuniprubavit
3185 4007 3425 4078 Heinsius
3448 4048 3464 4072 ,

1899 4080 2140 4147 quamvis
2169 4081 2237 4133 ita
2271 4083 2321 4132 in
2343 4081 2452 4132 suis
2470 4078 2714 4130 omnibus
2739 4093 2866 4130 mss.
2897 4077 3179 4144 legeretur.
3205 4077 3329 4129 Mihi
3362 4093 3465 4147 non

1900 4146 2032 4201 adeo
2071 4150 2312 4217 displicet
2343 4150 2580 4217 infestas,
2613 4162 2734 4200 nam
2773 4157 2946 4217 vestes
2977 4156 3283 4217 turgescunt
3312 4146 3457 4202 auris

1899 4215 2195 4272 contrariis.
2223 4218 2371 4272 Sich.
2398 4215 2459 4270 et
2490 4218 2678 4269 Vienu.
2712 4217 2905 4282 pariter
2932 4215 3127 4268 habent
3162 4215 3392 4282 infestas.

1971 4289 2092 4340 191).
2130 4289 2343 4349 Vieun.,
2373 4288 2644 4339 instabilis.

1969 4356 2092 4411 192.
2124 4357 2179 4410 lu
2215 4358 2330 4409 Rat.
2363 4357 2567 4413 sciulus,
2598 4363 2908 4408 correxerat
2946 4352 3045 4406 huc
3101 4352 3320 4422 illucque
3361 4357 3467 4426 [re-

1900 4441 2036 4478 mens
2055 4468 2066 4486 ,
2091 4427 2353 4491 prioribus
2379 4426 2564 4481 erasis.

1978 4499 2098 4549 193.
2129 4498 2182 4548 lu
2214 4497 2402 4548 V'icnu.
2431 4496 2766 4548 desideratur
2789 4507 2883 4560 que
2904 4491 2954 4543 in
2984 4495 3283 4562 pressisque.

1979 4566 2098 4618 194.
2136 4567 2367 4619 Virtutes
2393 4575 2544 4617 vocat
2575 4565 2811 4632 virgines.
2843 4563 3144 4632 superbiam
3169 4563 3469 4632 riu-aginem,

1905 4635 2044 4699 quod
2076 4636 2217 4687 aliud
2250 4636 2404 4700 longe
2432 4629 2699 4685 diversum
2731 4643 2805 4683 ρει
2833 4645 2845 4690 ;
2876 4638 2928 4700 et
2967 4630 3228 4700 superbire
3254 4629 3466 4694 quidem

1904 4719 2064 4772 opera
2095 4706 2144 4757 in
2175 4706 2316 4756 virus
2343 4699 2506 4768 magis
2524 4717 2679 4768 quam
2707 4699 3011 4772 iuierpinas
3037 4699 3252 4772 cadpnt.

1978 4774 2096 4825 196.
2150 4775 2272 4824 Post
2321 4765 2459 4822 hunc
2506 4765 2713 4821 versum
2767 4768 2815 4818 iu
2860 4765 2988 4817 Mar.
3037 4777 3088 4817 tt
3134 4765 3255 4819 Rat.
3287 4765 3469 4817 titulus

1905 4841 2206 4893 llumilitns.

1963 4911 2095 4963 "l98.
2126 4908 2470 4977 Paupertinus
2513 4905 2732 4958 verbum
2759 4904 2986 4967 Apuleii,
3034 4901 3288 4977 Varronis
3317 4901 3468 4977 apud

1905 4979 2150 5040 Nouium,
2203 4971 2267 5032 Α.
2296 4977 2472 5036 Gellii,
2526 4976 2848 5041 Symmachi,
2901 4972 3188 5034 Ammiani,
3224 4971 3467 5041 Sidonii.

1906 5049 2065 5101 Jonas
2087 5049 2364 5111 epiSCOpIIs
2395 5039 2812 5106 Aurelianensis,
2863 5042 2952 5111 l_ib.
2993 5057 3024 5092 ιι
3058 5041 3124 5092 de
3147 5039 3302 5090 Cu‘ltu
3325 5055 3463 5090 sacr.

1905 5119 2086 5182 imag.,
2112 5109 2451 5169 Prudentium
2475 5123 2688 5165 secutus
2708 5121 2791 5182 est
2815 5129 2827 5182 ξ
2858 5109 3168 5178 Paupertina
3189 5111 3298 5182 ejus
3324 5123 3468 5182 arma

1903 5179 2239 5248 contemnens,
2266 5185 2353 5237 ubi
2377 5184 2512 5235 male
2542 5181 2778 5233 nonnulli
2819 5181 2998 5247 legunt
3039 5179 3337 5246 pauperina,
3385 5179 3466 5228 vel

1902 5255 2248 5324 pauperrima.
2326 5322 2334 5324 _
2400 5320 2410 5324 _
2587 5320 2619 5324 __
2664 5320 2675 5324 _
2980 5318 2989 5324 _
3397 5312 3408 5323 ι

1977 5316 2099 5376 199.
2124 5323 2295 5376 Voces
2326 5320 2621 5388 hujusmodi
2656 5317 2862 5370 humilis
2892 5327 2944 5371 et
2970 5316 3225 5388 humilitas
3246 5329 3347 5388 pro
3361 5316 3468 5388 vir-_-

1907 5402 2017 5448 tule
2040 5393 2178 5456 apud
2211 5381 2457 5457 profanos
2487 5390 2775 5456 scriptores
2804 5404 2905 5440 non
2931 5385 3287 5457 inveniuntur.
3313 5381 3462 5446 Quod

1904 5453 2223 5528 Spartianus
2243 5461 2312 5513 ait
2345 5463 2396 5513 iu
2440 5460 2544 5510 vita
2575 5453 2765 5528 Iuliani
2793 5472 2911 5522 cap.
2941 5456 2975 5528 9
3002 5471 3015 5505 :
3046 5453 3255 5528 ijerta
3285 5462 3356 5501 est
3384 5467 3474 5502 sn-

1905 5523 2098 5599 perbia,
2151 5547 2262 5583 cum
2290 5529 2376 5582 ille
2411 5530 2560 5599 etiam
2601 5529 2654 5580 in
2693 5527 2908 5599 imperio
2951 5523 3102 5590 fuerit
3131 5533 3473 5599 numinibus,

1905 5589 2146 5669 intelligit
2176 5601 2357 5652 vitium
2387 5598 2649 5669 superbia:
2675 5589 3034 5651 contrarium.
3084 5605 3190 5644 non
3217 5589 3466 5642 virtutem

1907 5671 2044 5723 it-tcr
2075 5666 2352 5735 utrumque
2385 5666 2629 5720 mediam.
