3960 6312
542 390 610 444 69
1202 378 1210 385 ’
1636 383 1909 438 AUBELII
1952 376 2315 434 PRUDENTII
2356 373 2675 428 CABMINA.
3733 364 3795 415 40

718 498 877 565 Spem
924 498 1021 550 sibi
1056 497 1308 563 collegam
1348 494 1711 561 coniunxerat,
1754 492 1891 543 edita
1930 490 2103 555 cujus,
2138 495 2186 551 Α

719 590 786 642 Et
815 602 1069 655 suspensa
1094 589 1159 638 ab
1176 586 1335 639 humo
1352 597 1431 639 est
1457 587 1724 651 opulentia
1743 586 1903 635 divite
1922 598 2105 649 regno,

715 680 879 748 608
906 678 1046 745 Ergo
1090 678 1340 729 humilem
1395 686 1668 741 postquam
1710 675 1973 725 malesana
2013 672 2107 724 Sn-

1574 764 1775 834 [perbia
1809 774 2037 816 mentem

716 859 926 913 Vilibus
958 859 1267 911 instructam
1300 856 1445 911 nulo
1475 852 1828 906 ostentamine
1857 851 1979 903 telis

714 948 939 1017 Aspicit,
975 948 1027 999 in
1056 961 1238 999 vocem
1270 946 1423 996 dictis
1449 958 1507 996 se
1535 943 1757 995 ell'nndit
1784 944 2000 993 amar‘s.

717 1042 828 1094 Non
863 1039 1041 1106 pudet,
1077 1052 1109 1088 0
1141 1037 1342 1100 miseri,
1374 1035 1580 1101 plebeio
1611 1032 1777 1085 milite
1802 1031 1974 1083 claros

714 1132 991 1183 Attentare
1011 1126 1195 1187 duces,
1224 1124 1471 1192 ferroque
1502 1123 1767 1176 lacessere
1795 1131 2006 1189 gentem

718 1222 979 1288 Insignem
1014 1218 1181 1271 titulis
1208 1234 1218 1267 :
1244 1228 1451 1269 veteres
1481 1216 1564 1269 cui
1594 1214 1781 1267 bellica
1814 1214 1979 1264 virtus

722 1310 938 1363 Divitias
971 1308 1191 1374 peperit,
1221 1306 1370 1358 hetos
1397 1313 1451 1357 et
1479 1304 1717 1371 gramine
1746 1302 1913 1354 colles

722 1400 944 1465 Imperio
973 1398 1179 1450 calcare
1213 1394 1394 1448 dedit?
1427 1394 1577 1446 Nunc
1608 1393 1812 1443 advena
1839 1391 2008 1442 nudus

719 1490 911 1541 Nititur
936 1488 1201 1552 antiquos,
1231 1485 1274 1536 si
1304 1484 1381 1535 las
1413 1492 1517 1546 est,
1548 1480 1750 1548 pellere
1775 1493 1948 1547 reges.

540 954 644 1007 203

540 1403 644 1457 210

717 1578 794 1630 En
826 1576 912 1641 qui
954 1583 1136 1627 nostra
1166 1572 1277 1625 suis
1316 1572 1367 1623 in
1408 1570 1640 1637 praedam
1671 1566 1864 1621 cedere
1909 1564 2110 1618 dextris

717 1670 936 1734 Sceptra
981 1663 1189 1717 volunt!
1237 1677 1333 1723 vn,
1379 1660 1466 1725 qui
1516 1669 1725 1713 nostras
1764 1656 1972 1709 sulcare
2010 1668 2107 1707 tio-

1846 1745 2036 1814 [valcs,

2395 487 2639 550 Arvaque
2666 490 2817 549 capta
2845 496 3002 532 manu
3036 480 3343 548 popularier
3372 478 3584 545 hospite
3624 485 3795 529 aratro

2213 576 2319 630 215
2392 574 2758 634 (ὶιιιιιυιιιιιιιιι,
2788 571 2955 624 duros
2984 581 3038 623 et
3067 571 3264 637 pellere
3296 569 3461 621 Marte
3487 568 3723 620 colonos.

2393 666 2615 728 Nempe,
2644 677 2677 715 ο
2698 660 2979 714 ridiculum
3008 659 3225 728 vulgus!
3257 658 3524 710 natalibus
3550 657 3691 708 horis

2394 756 2556 825 609
2584 755 2775 807 Totum
2806 753 3094 814 hominem,
3128 764 3181 804 et
3210 750 3416 803 calidos
3447 766 3474 799 a
3502 760 3667 802 matre
3686 763 3794 803 am-
3852 775 3855 778 ι

3225 840 3533 910 [plectimur
3561 850 3729 893 artus.

2399 939 2620 1006 Vimque
2643 945 2959 1005 potestatum
2982 948 3076 999 per
3094 934 3332 985 membra
3352 931 3587 985 recentis
3602 932 3795 984 alumni.

2391 1029 2722 1096 Spargimus,
2766 1035 2822 1079 et
2861 1024 3080 1078 rudibus
3117 1022 3458 1076 dominamur
3497 1021 3554 1073 in
3592 1021 3795 1073 ossibnr.

3498 1109 3723 1181 Immites.

2214 1206 2320 1261 220
2393 1207 2522 1272 Quis
2554 1206 2704 1259 locus
2733 1206 2781 1256 in
2816 1213 2995 1256 nostra
3022 1211 3147 1254 tunc
3180 1200 3330 1252 vobis
3360 1214 3417 1252 se
3441 1200 3489 1252 5e
3519 1202 3760 1263 dabatur,

2396 1296 2703 1361 Congenitis
2729 1312 2848 1345 cum
2885 1308 3043 1359 regna
3070 1292 3228 1344 simul
3255 1290 3551 1342 ditiOnibus
3577 1305 3730 1357 aequo

2393 1386 2603 1438 Robore
2633 1382 2981 1437 crescebant?
3015 1383 3123 1433 nati
3158 1396 3277 1432 nam
3305 1380 3424 1432 luce
3452 1380 3554 1431 sub
3582 1394 3681 1431 una

2396 1474 2463 1527 Et
2493 1474 2705 1535 domus,
2737 1481 2791 1525 et
2814 1471 3009 1524 domini
3038 1470 3252 1537 paribus
3271 1468 3603 1522 adolevimus
3625 1468 3791 1521 annis.

2396 1563 2469 1616 Ex
2495 1577 2599 1628 quo
2625 1562 2826 1629 plasma
2858 1575 3074 1621 novum,
3105 1559 3173 1611 de
3202 1569 3461 1623 consepto
3485 1558 3716 1625 paradisi

2213 1653 2317 1707 225
2395 1653 2581 1705 Limite
2598 1648 3196 1719 progrediens,amplum
3214 1646 3491 1715 transfugit
3508 1649 3559 1698 in
3574 1648 3783 1713 orbem,

2390 1742 2581 1796 Pellio
2612 1756 2714 1809 quc
2743 1741 2948 1793 habitus
2986 1739 3215 1804 sumpsit
3242 1737 3564 1791 venerabilis
3598 1737 3793 1794 Adam,

1842 1876 2125 1933 GLOSSIE
2169 1878 2500 1934 VETERES.

606 2019 731 2074 201.
764 2017 1052 2085 Collegam,
1076 2016 1283 2069 sociam.
1303 2013 1558 2074 —Edita,
1589 2022 1800 2065 elevata.
1830 2010 2098 2079 —Cujus,
2133 2017 2180 2074 Β
2276 2012 2403 2085 212.
2437 2011 2655 2085 En,_per
2676 2010 2889 2062 ironiam
2915 2009 3055 2070 dicit,
3088 2008 3141 2059 id
3164 2008 3444 2074 estquales.
3485 2032 3537 2045 --
3557 2005 3787 2069 Cedere,

541 2092 668 2143 mei.
696 2090 733 2141 I.

764 2155 1062 2224 Opulentia,
1110 2152 1366 2220 apulentia
1415 2152 1519 2224 spei
1555 2150 1627 2224 ab
1668 2152 1818 2224 Immo
1844 2166 2102 2224 suspensa

541 2240 633 2289 est,
659 2230 776 2294 quia
800 2219 899 2277 non
926 2227 986 2275 de
1015 2219 1251 2294 depraum
1282 2221 1672 2288 repromittitur,
1701 2221 1790 2271 sed
1821 2219 2103 2271 desursum.

540 2325 610 2335 —
638 2292 811 2348 Divite
840 2294 1044 2354 cmlesti,
1076 2292 1115 2344 l.

606 2366 727 2416 203.
758 2364 911 2429 Ergo,
933 2362 1164 2425 superbia
1193 2361 1395 2411 iterant.
1419 2386 1489 2396 ——
1510 2356 1795 2429 Malesana,
1829 2372 2037 2420 vesana,
2065 2359 2103 2408 Ι.

606 2432 734 2485 201.
770 2428 987 2489 Vilibus,
1017 2431 1252 2495 quoniam
1274 2430 1427 2480 stulta
1447 2437 1494 2478 et
1518 2428 1784 2495 ignobilia,
1809 2434 1855 2476 et
1887 2438 2109 2477 contem-

540 2504 736 2569 ptibilia
769 2501 915 2569 elegit
946 2498 1105 2562 Deus,
1141 2514 1226 2566 per
1258 2512 1373 2566 qua:
1405 2496 1622 2564 superba
1643 2510 1853 2563 qumque
1884 2496 2111 2548 destrue-

540 2583 633 2635 ret,
664 2572 702 2623 ι.

606 2634 732 2695 206.
775 2638 888 2693 Non
921 2636 1098 2703 pudet,
1135 2651 1221 2702 per
1248 2636 1483 2688 ironiam.
1517 2664 1583 2673 —-
1612 2634 1845 2701 Plcbeio,
1894 2634 2106 2697 rustico,

540 2714 816 2772 rusticano,
848 2710 885 2758 l.

605 2779 729 2832 207.
754 2782 1052 2837 Attentare,
1081 2775 1310 2843 aggredi,
1339 2774 1379 2828 Ι.

604 2848 731 2902 208.
756 2846 965 2910 Titulis,
996 2846 1202 2913 gladiis,
1237 2845 1273 2896 Ι.

604 2916 730 2972 209.
760 2916 957 2977 Colles,
987 2912 1373 2975 dominationes,
1405 2912 1445 2964 1.

604 2987 728 3040 211.
753 2985 811 3040 Si
835 2984 912 3037 fas
938 2994 1038 3049 εει,
1068 2983 1111 3036 si
1138 2982 1376 3051 possibile
1400 2991 1496 3044 est,
1523 2982 1565 3032 l.

2207 2083 2517 2148 contingere,
2550 2080 2591 2134 1.

2278 2146 2402 2204 21⁸5.
2447 2150 2685 2215 Sceptra,
2712 2164 2885 2216 regna.
2917 2177 2983 2187 —
3019 2147 3142 2210 Qui,
3172 2146 3367 2211 quales,
3405 2146 3441 2197 l.

2278 2222 2404 2273 214.
2441 2220 2680 2285 HoSpite,
2714 2215 2900 2276 alieno,
2934 2232 3060 2284 quos
3088 2232 3177 2267 rex
3206 2216 3473 2283 superbire,
3492 2215 3547 2266 id
3568 2224 3641 2281 est
3674 2215 3793 2266 dia-

2212 2289 2356 2341 bolus
2387 2288 2463 2341 vel
2494 2300 2759 2357 tyrannus,
2788 2288 3039 2338 invaserat
3069 2285 3672 2357 aratromrmdicationis,
3711 2298 3799 2349 per

2214 2354 2527 2410 humilitatis
2550 2358 2901 2424 prwdicatores
2931 2357 3108 2407 melius
3133 2356 3460 2424 ercoluntur,
3491 2354 3530 2407 1.

2283 2428 2409 2480 215.
2441 2422 2630 2491 Duros,
2661 2428 2850 2479 scilicet
2877 2442 2987 2477 nos.
3020 2454 3088 2462 —
3118 2424 3345 2491 Pellerc,
3373 2422 3565 2476 scilicet
3594 2422 3797 2475 volunt.

2218 2526 2286 2536 —-
2310 2497 2493 2549 Marte.
2521 2496 2671 2559 bello,
2697 2498 2736 2549 l.

2284 2566 2409 2619 216.
2444 2566 2765 2624 Ridiculum,
2798 2572 2892 2626 est,
2920 2563 3051 2617 Mar.

2285 2635 2415 2687 218.
2450 2636 2685 2695 Alumni,
2717 2636 2882 2704 pueri,
2917 2634 2956 2686 Ι.

2286 2704 2414 2758 219.
2438 2705 2701 2768 Rudibus,
2720 2703 2891 2766 novis,
2921 2703 2961 2755 Ι.

2285 2772 2409 2827 221.
2444 2774 2762 2833 Ditionibus.
2792 2773 3018 2839 imperiis
3044 2772 3250 2834 nostris,
3282 2770 3324 2823 1.

2283 2843 2409 2895 223.
2439 2845 2654 2907 Domus,
2691 2838 2911 2909 familia.
2941 2850 3010 2880 —'-
3041 2842 3400 2901 Adolev‘imus,
3446 2841 3725 2909 crevimus,
3757 2838 3797 2891 Ι.

2282 2912 2408 2964 224.
2438 2912 2667 2977 Plasma,
2692 2907 2880 2964 Adam.
2910 2940 2979 2948 ——
3008 2911 3298 2977 Consepto,
3328 2918 3562 2976 angusto,
3600 2907 3637 2960 Ι.
3658 2958 3671 2967 ,

2282 2981 2407 3034 225.
2438 2981 2649 3047 Limite,
2682 2982 2931 3050 margine.
2965 3008 3033 3020 —
3061 2979 3394 3047 Trausiugit,
3426 2979 3549 3040 ibat,
3580 2980 3615 3030 Ι.

1864 3109 2236 3165 COMMENTA
2246 3110 2419 3166 RlUS.

606 3253 730 3308 202.
764 3252 1028 3307 Giselinus
1085 3260 1231 3320 putat
1273 3250 1508 3303 alludere
1551 3256 1757 3320 poetam
1789 3247 1853 3320 ad
1883 3258 2097 3315 etymon

543 3323 875 3387 humilitatis,
922 3337 1042 3375 cum
1074 3316 1167 3384 ait,
1210 3320 1529 3389 opulentiam
1558 3318 1667 3385 spei
1696 3318 1761 3369 ab
1791 3316 1950 3389 humo
1979 3332 2102 3370 sus-

543 3406 786 3459 pensam,
829 3386 998 3455 neque
1045 3386 1259 3458 probat'
1287 3392 1549 3459 vulgatam
1590 3386 2099 3452 interpretationem,

2219 3250 2349 3301 lum.
2385 3247 2597 3312 Vienn.,
2622 3264 2721 3300 non
2745 3247 2929 3301 talibus
2948 3248 3107 3310 horis,
3140 3248 3298 3301 male.
3327 3246 3446 3300 Ald.
3476 3257 3530 3301 et
3558 3247 3796 3309 Erfurt.,

2220 3320 2479 3371 natalibus
2507 3320 2630 3381 aris,
2659 3327 2807 3384 puto,
2836 3319 2955 3386 quia
2994 3328 3200 3370 veteres
3240 3330 3611 3384 nonnunquam
3642 3320 3798 3381 περὶ·

2218 3390 2480 3440 rationem
2536 3384 2869 3440 omittebant.
2917 3385 3185 3440 Gloriatur
3222 3387 3463 3453 superbia
3514 3384 3795 3441 hominem

541 3449 690 3526 spem
731 3449 967 3513 omnium
1008 3449 1187 3512 rerum
1231 3449 1549 3511 abundantia
1590 3449 1951 3526 procreatam,
2002 3465 2056 3508 et
2077 3470 2107 3508 e
2134 3449 2180 3509 C
2227 3457 2439 3526 abipso
2459 3457 2622 3526 natali
2653 3457 2738 3509 die
2768 3458 2818 3509 in
2851 3471 2943 3509 sua
2975 3472 3093 3509 esse
3125 3449 3407 3523 potestate.

541 3524 683 3583 terra
711 3530 1059 3590 sublevatam,
1103 3544 1166 3580 eo
1196 3527 1375 3589 modo,
1423 3540 1527 3592 quo
1569 3525 1706 3593 apud
1735 3524 1999 3576 Romanos
2020 3538 2105 3577 re-

540 3613 667 3652 cens
696 3601 800 3651 nati
832 3600 882 3651 in
910 3606 1048 3650 terra
1082 3598 1305 3664 primum
1333 3603 1656 3656 statuuntur,
1705 3593 1904 3664 deinde
1934 3593 2103 3664 Leva-

540 3683 625 3721 ηαξ
653 3668 764 3721 dea:
796 3667 993 3720 auxilio
1020 3661 1300 3726 implorato
1322 3664 1595 3717 tolluntur.
1632 3661 1757 3716 Mihi
1796 3678 1898 3714 non
1928 3662 2107 3728 displi-

541 3749 628 3791 cet
671 3738 842 3805 Bergii
892 3736 1029 3803 apud
1069 3736 1348 3789 Weitzium
1392 3734 1686 3801 expositio,
1736 3732 1909 3805 locum
1958 3732 2104 3805 illum

541 3800 821 3874 intelligi':
852 3800 996 3858 Beati
1044 3822 1310 3875 pauperes,
1365 3805 1485 3872 quia
1523 3818 1731 3872 regnum
1761 3800 2109 3875 Deiposside—

543 3878 683 3928 bunt.
713 3872 984 3930 Sententia
1021 3872 1129 3927 huic
1157 3886 1256 3930 est,
1303 3888 1449 3940 spem
1482 3884 1684 3926 tantum
1714 3886 1833 3924 esse
1860 3872 1912 3940 in
1944 3880 2106 3934 terra,

542 3944 661 4010 ejus
703 3945 1046 4010 epulentiam,
1100 3954 1153 3996 et
1189 3938 1346 3996 dives
1379 3957 1596 4007 regnum
1624 3944 1674 3994 in
1700 3940 1861 3993 coelo.
1890 3938 1945 3992 ln
1975 3941 2103 3992 edit.

543 4013 847 4066 t.oloniensi
894 4013 1165 4065 Mariettus
1204 4023 1293 4065 aut
1334 4014 1466 4062 alius
1510 4010 1576 4063 ad
1612 4010 1899 4077 marginem
1942 4023 1971 4060 e
2004 4025 2104 4062 ms.

542 4082 664 4133 eod.
689 4090 977 4143 notaverat,
1000 4089 1046 4131 et
1065 4080 1389 4149 suspensaab
1412 4079 1561 4149 hamo
1587 4095 1604 4130 :
1622 4095 1732 4149 non
1767 4078 1962 4143 patitur
1990 4093 2105 4131 ver-

543 4163 657 4211 sus,
692 4164 861 4215 neque
891 4149 1124 4211 intelligo
1155 4149 1279 4215 quid
1311 4148 1393 4199 hic
1420 4148 1518 4199 sibi
1551 4148 1676 4199 velit
1704 4148 1904 4215 hamus.

615 4219 742 4270 204.
778 4213 1001 4278 Vienu.,
1051 4213 1189 4269 Vatt.
1234 4216 1273 4269 (Ζ
1318 4224 1369 4268 et
1397 4217 1460 4279 0,
1508 4226 1823 4275 extructam;
1861 4213 1985 4277 alii,
2030 4215 2108 4268 in-

544 4296 801 4341 structam.

616 4356 741 4409 205.
771 4353 1039 4416 Barthius,
1062 4369 1179 4419 cap.
1211 4355 1298 4421 15,
1346 4353 1568 4407 Advers.
1604 4355 1696 4407 lib.
1728 4372 1874 4420 xxiv,
1920 4358 2108 4411 obser-

545 4434 633 4477 vat
684 4424 960 4494 verissime
990 4423 1039 4475 id
1085 4423 1302 4483 dictum,
1346 4434 1401 4494 ut
1428 4439 1495 4494 ex
1529 4439 1627 4477 ms.
1658 4428 1795 4494 apud
1827 4429 2063 4480 Boetium
2092 4444 2103 4477 :

544 4493 737 4565 Debilis
766 4493 897 4565 heu!
926 4504 1121 4565 maestos
1151 4509 1301 4565 cogor
1327 4493 1389 4565 _in
1429 4493 1503 4544 ire
1537 4494 1713 4547 modos
1754 4497 1927 4565 potius
1952 4512 2105 4564 quam

544 4564 672 4633 inire
697 4564 892 4633 modos.
921 4563 1035 4633 Ald.
1080 4573 1135 4614 et
1177 4560 1380 4633 VitttC,
1423 4577 1476 4613 se
1510 4565 1709 4629 fundit;
1757 4560 2012 4633 plerique,
2056 4582 2108 4617 se

545 4632 776 4699 elfundlt,
804 4634 961 4685 etiam
988 4632 1249 4684 Barthius.
1283 4632 1436 4693 Cel|.,
1470 4646 1521 4683 se
1552 4634 1739 4699 fundit.

612 4702 738 4754 208.
772 4701 943 4764 Sich.,
974 4700 1189 4765 Weitz.,
1222 4702 1404 4768 Bong.,
1435 4702 1564 4752 telis.
1594 4703 1690 4755 Alii
1724 4703 1937 4764 rectius,
1986 4704 2105 4754 titu-

544 4770 630 4824 lis.
663 4770 858 4822 Widm.
881 4785 1060 4837 supra,
1089 4771 1297 4840 gladiis.

614 4840 740 4893 209.
769 4840 984 4891 l‘iccarti
1016 4854 1203 4898 eoaex,
1236 4840 1458 4907 germine
1483 4840 1653 4891 colles.

613 4911 736 4963 210.
769 4910 886 4961 Ald.
918 4909 1134 4975 Wcitz.,
1163 4903 1274 4963 Gis.
1303 4917 1359 4961 et
1387 4909 1494 4969 alii,
1524 4925 1654 4959 nunc
1691 4911 1905 4962 advena.
1930 4903 2038 4962 Gis'.
2074 4910 2098 4960 1

546 4978 676 5034 edit.
704 4978 1059 5045 incontextu,
1106 4990 1162 5031 et
1200 4990 1350 5032 vetus
1387 4980 1552 5029 codex
1586 4977 1651 5029 ad
1682 4980 1971 5045 marginem
1995 4981 2105 5032 edi-

548 5049 705 5099 tionis
736 5042 1041 5099 Weitzianze
1079 5050 1215 5113 apud
1246 5049 1313 5100 cl.
1343 5048 1620 5112 praesulem
1655 5042 1927 5115 Reggium,
1969 5049 2104 5100 unde

546 5118 764 5179 advena,
792 5131 893 5168 non
922 5117 1078 5181 male,
1102 5118 1144 5169 si
1169 5118 1322 5169 aliter
1350 5114 1661 5177 distinguas.

615 5185 739 5237 212.
776 5185 998 5237 lmitatio
1028 5188 1253 5238 Maronis
1287 5186 1387 5238 ecl.
1420 5184 1470 5246 1,
1512 5183 1591 5235 En
1626 5186 1764 5245 queis
1789 5186 2103 5238 consevimus

547 5254 730 5323 agros!
767 5265 819 5306 et
861 5254 1073 5307 .‘Eneid.
1112 5257 1198 5306 lib.
1232 5270 1303 5317 ix,
1357 5267 1494 5305 vers.
1539 5253 1663 5316 600,
1697 5254 1777 5306 En
1814 5256 1902 5323 qui
1932 5266 2102 5308 nostra

544 5323 639 5375 sibi
660 5323 790 5375 bello
819 5325 1064 5375 connubia
1087 5334 1294 5389 poscunt
1309 5324 1331 5374 .'

613 5391 736 5443 215.
771 5391 955 5455 Aldus,
1008 5393 1163 5445 Fabr.
1210 5408 1330 5446 cum
1359 5394 1624 5447 nonnullis
1652 5410 1716 5447 ex
1745 5394 1938 5446 nostris
1970 5393 2101 5445 srri-

549 5461 678 5532 lntnt
704 5472 897 5513 nostros
916 5471 1258 5532 Aproinostras.
1284 5462 1411 5515 Mar.
1430 5476 1478 5515 et
1498 5464 1737 5532 plerique
1754 5462 1861 5523 alii,
1881 5471 2097 5513 nostras.

549 5528 785 5599 Utroque
807 5530 963 5583 modo
982 5530 1192 5584 dicitur.
1221 5532 1358 5598 Virg.
1384 5528 1553 5599 eclog.
1573 5528 1684 5597 citl,
1709 5533 1857 5585 Culta
1875 5533 2097 5583 novalia.

612 5595 738 5667 ξιξ.
770 5599 931 5667 ang”
965 5600 1081 5650 Vat.
1114 5602 1172 5663 C,
1208 5595 1362 5653 duros
1388 5595 1654 5667 expellere.

616 5664 740 5718 210.
772 5664 984 5729 warm.
1018 5668 1169 5729 Man,
1208 5670 1415 5733 Vicnn.,
1452 5664 1605 5733 'Rat.,
1648 5685 1827 5727 nempe
1852 5671 1941 5721 hoc
1973 5670 2100 5720 ridi-

548 5734 751 5792 culum;
783 5744 834 5787 et
863 5737 1033 5802 glossa
1080 5740 1128 5789 in
1160 5737 1311 5803 Maia,
1341 5749 1430 5792 est.
1461 5741 1579 5803 Alii,
1626 5755 1821 5802 ttcmpt’,
1855 5754 1883 5791 o
1910 5738 2101 5790 ridicu-

2290 3525 2415 3577 217.
2449 3525 2719 3578 Jtivenahs
2762 3536 2912 3579 satr.
2958 3527 3022 3589 7,
3073 3522 3212 3581 vers.
3247 3527 3378 3579 100.
3436 3522 3499 3575 Et
3546 3523 3725 3577 adhuc
3765 3543 3796 3577 a

2213 3605 2375 3646 matre
2393 3595 2668 3647 rubentem.

2279 3666 2403 3716 219.
2434 3664 2645 3727 Vienn.,
2679 3678 2974 3730 perperam,
2994 3663 3305 3723 damnamui’,
3326 3664 3375 3714 in
3422 3662 3634 3714 ossibus.
3654 3662 3797 3717 Pru~

2214 3732 2425 3786 dentius
2454 3747 2549 3801 pro
2569 3739 2709 3784 novis
2734 3747 2875 3801 saepe
2904 3735 3049 3785 rudes
3072 3743 3310 3799 usurpat,
3334 3746 3630 3797 quanquam
3658 3749 3787 3786 ossa

2218 3801 2447 3854 hominis
2476 3815 2663 3854 recens
2696 3804 2799 3853 nati
2840 3814 2980 3871 tecte
3024 3806 3174 3855 rudia
3226 3817 3318 3854 seu
3359 3801 3669 3871 imperfecta
3704 3818 3798 3871 ap-

2217 3872 2500 3937 pellantur.
2546 3870 2804 3935 Superbia
2847 3870 3081 3935 inquitur
3129 3871 3194 3923 de
3243 3871 3355 3922 suis
3384 3870 3638 3922 militibus
3698 3887 3797 3926 seu

2213 3941 2373 4003 vitiis,
2418 3941 2480 3992 ad
2511 3942 2560 3993 id
2592 3954 2758 4006 genus
2787 3942 3171 4007 spectantibus,
3222 3955 3340 4007 qua:
3388 3953 3543 4005 supra
3576 3945 3797 3995 vocavit

2213 4011 2445 4079 antiquos
2470 4025 2627 4079 reges.

2281 4078 2410 4132 2'21.
2444 4079 2657 4140 Vicnu.,
2686 4078 2973 4137 ditioribus,
3006 4092 3109 4129 non
3141 4078 3297 4130 bene.

2278 4148 2403 4201 222.
2437 4146 2655 4209 \"ienn.,
2706 4162 2808 4199 non
2852 4147 3008 4210 male,
3054 4147 3163 4198 nati
3206 4162 3318 4197 cunt
3372 4145 3485 4197 luce
3528 4148 3615 4197 sub
3659 4164 3793 4200 una.

2212 4221 2373 4283 Ang.,
2409 4231 2706 4285 perperam,
2737 4218 2869 4269 natis
2899 4215 2989 4266 sub
3020 4214 3149 4267 lucc.

2278 4287 2401 4338 225.
2435 4284 2629 4337 Domus
2658 4293 2741 4338 est
2770 4287 2881 4351 ipse
2913 4285 3099 4355 homo;
3133 4285 3342 4344 domini,
3367 4285 3464 4355 Aqui
3492 4301 3631 4355 reges
3661 4298 3797 4342 ante

2216 4356 2365 4415 dicti,
2396 4356 2604 4408 diversa
2636 4355 2900 4420 superbia:
2930 4354 3075 4412 vitia,
3106 4356 3221 4407 sive
3248 4355 3295 4405 ei
3324 4353 3527 4407 aflinia.

2284 4424 2411 4478 225.
2441 4424 2655 4483 Vienn.,
2689 4425 2859 4476 limine
2891 4421 3497 4491 progrediens.Wcuzius
3527 4439 3643 4476 cum
3668 4426 3798 4480 solo

2219 4494 2434 4547 Piecarti
2466 4494 2609 4557 cod.,
2637 4495 2927 4561 trans/luxit
2958 4510 3053 4560 pro
3081 4492 3498 4561 transfugit.Vat.
3529 4493 3589 4555 F,
3623 4496 3795 4559 male,

2215 4564 2383 4615 urbem
2414 4578 2508 4627 pro
2533 4565 2719 4615 orbein.

2280 4630 2405 4687 226.
2438 4634 2787 4701 ltosweydns,
2814 4632 2865 4683 in
2898 4630 3129 4701 notisad
3157 4629 3452 4701 Paulinum,
3501 4646 3616 4697 pag.
3648 4630 3793 4701 87!,

2210 4701 2274 4753 ad
2302 4702 2387 4754 illa
2418 4702 2599 4764 verba,
2630 4702 2787 4753 multo
2821 4703 2939 4752 bore
2971 4700 3234 4767 pelleatus,
3274 4716 3337 4752 ex
3370 4700 3469 4751 hoc
3501 4702 3615 4751 loco
3652 4700 3794 4754 Pru-

2132 4806 2185 4860 Β
2212 4771 2369 4823 denlii
2401 4771 2624 4860 aliisque
2650 4767 3255 4860 l‘iieronymi,Ciceronis
3281 4780 3332 4860 et
3369 4769 3655 4860 [:ropertii,
3690 4772 3793 4823 ob-

2214 4850 2392 4893 servat
2445 4841 2607 4908 pelles
2660 4840 2819 4893 fuisse
2876 4840 3261 4895 vetustissimos
3322 4839 3528 4890 habitus
3578 4841 3793 4906 primo-

2207 4925 2321 4962 rum
2353 4911 2587 4963 Patrum.
2620 4909 2897 4961 Weitzium
2931 4923 3034 4959 non
3087 4908 3343 4974 intelligo,
3396 4909 3485 4974 qui
3514 4908 3596 4975 .ait
3624 4910 3793 4963 aliam

2206 4993 2418 5031 causam
2461 4979 2611 5031 nobis
2640 4994 2892 5046 oggerere
2928 4990 3134 5046 sai-ram
3165 4976 3397 5029 Genesin
3429 4991 3546 5043 cap.
3579 4994 3654 5040 ill,
3688 4979 3787 5043 21,

2208 5049 2551 5115 Cyprianum,
2603 5045 2876 5100 BaSilium.
2923 5045 3030 5098 Nisi
3060 5047 3209 5099 valde
3240 5060 3325 5099 me
3351 5050 3527 5098 omnia
3563 5047 3785 5111 fallunt,

2206 5131 2268 5169 es
2289 5117 2479 5169 Genesi
2507 5118 2607 5169 loc.
2631 5118 2723 5169 cit.
2743 5126 2797 5169 ct
2825 5117 2921 5170 SS.
2950 5115 3192 5167 Patribus
3226 5116 3470 5180 superbia
3493 5130 3651 5168 causa
3680 5121 3788 5170 luit

2208 5200 2303 5236 cur
2333 5185 2567 5237 Adamus
2592 5201 2622 5238 e
2652 5187 2898 5252 paradiso
2928 5185 3175 5237 exsulare
3205 5187 3358 5237 fuerit
3392 5186 3588 5251 jussus.
3630 5183 3787 5240 Fecit

2208 5268 2404 5321 quoque
2434 5255 2681 5306 Dominus
2714 5254 2849 5307 Deus
2880 5256 3004 5305 Adit:
3024 5265 3069 5305 et
3096 5257 3244 5307 uxori
3272 5256 3381 5321 ejus
3405 5257 3603 5308 tunicas
3635 5258 3786 5320 pelli-

2206 5339 2339 5374 ceas.
2366 5333 2411 5375 et
2431 5324 2594 5375 induit
2632 5340 2733 5375 eos.
2780 5322 2845 5375 Et
2885 5326 2957 5374 ait
2984 5342 3001 5379 :
3031 5322 3158 5375 Ecce
3187 5325 3351 5376 Adam
3378 5326 3518 5389 quasi
3558 5340 3690 5377 unus
3718 5343 3786 5379 ea:

2208 5393 2350 5444 nobis
2381 5396 2540 5461 factus
2562 5404 2655 5457 est,
2692 5396 2854 5445 sciens
2883 5400 3068 5445 bonum
3097 5404 3141 5446 et
3169 5395 3358 5445 malum
3384 5408 3401 5445 :
3424 5408 3555 5446 nunc
3574 5410 3693 5462 ergo
3718 5413 3785 5449 ne

2209 5466 2338 5529 forte
2362 5466 2467 5513 nntt
2507 5470 2523 5513 t
2554 5478 2761 5514 manum
2784 5472 3096 5525 suam,etc.,
3131 5474 3183 5515 ct
3208 5478 3365 5528 supra
3400 5477 3537 5516 vers.
3571 5466 3627 5527 5,
3657 5481 3777 5517 ser.

2208 5533 2380 5598 penlis
2408 5547 2529 5595 vox,
2575 5534 2715 5600 quod
2772 5535 2942 5599 ipsum
2981 5545 3059 5583 est
3110 5534 3371 5599 superbire
3409 5544 3776 5599 praereptum:

2206 5599 2366 5652 Erilis
2394 5602 2519 5653 sicut
2546 5599 2635 5652 dii.
2692 5601 3113 5654 Elntenhorstius
3145 5607 3195 5653 in
3228 5601 3517 5655 Arnobium
3552 5619 3669 5671 pag.
3703 5604 3773 5656 61

2205 5683 2268 5722 ex
2296 5672 2535 5723 Lucretio
2562 5671 2789 5723 illustrat
2815 5671 3040 5723 similem
3075 5673 3246 5724 locum
3292 5672 3530 5735 Arnobii,
3566 5673 3778 5725 Antii-iri

2205 5738 2456 5791 desirant
2485 5738 2584 5804 pel!
2606 5739 2716 5792 bus.
