3960 6312
193 343 258 398 ll
1548 346 1801 405 PSYCHC

1932 350 2100 407 CHIA.
3402 354 3479 411 «12

365 453 551 511 Nudus
573 455 773 523 adhuc,
796 456 851 511 ni
876 464 1062 513 nostra
1083 454 1221 513 foret
1240 465 1507 527 prmeepta
1528 468 1769 516 secutus.
1805 465 1862 529 Α

370 546 627 615 Quisnam
656 548 761 603 iste
787 546 983 619 ignotis
1010 563 1153 605 nunc
1178 546 1346 605 hostis
1376 550 1545 620 surgit
1572 550 1640 606 ab
1662 550 1776 608 oris

306 693 325 703 ,
368 639 534 710 6ιο
579 637 955 710 importunus,
1007 641 1185 709 iners,
1236 640 1415 697 infelix
1443 682 1458 710 ,
1514 642 1780 712 degener,

196 823 299 880 250
373 822 474 892 Qui
497 824 600 880 sibi
619 832 725 881 tam
742 839 922 895 serum
936 823 1024 895 jus
1043 824 1298 894 vindicat,
1316 734 1786 884 liacteptfzgipif

374 915 642 971 Nimirum
669 929 849 974 vacum
877 916 1173 973 creduntur
1195 916 1385 973 frivola
1412 918 1588 983 famae,

377 1007 511 1074 Quae
538 1007 766 1065 miseros
792 1014 979 1079 optare
1008 1009 1155 1067 iubet
1183 1012 1503 1079 quandoigue
1534 1010 1695 1065 futuri

380 1099 543 1171 Spem
572 1102 799 1159 fortasse
830 1101 977 1168 boni,
1010 1102 1132 1158 lana
1162 1112 1216 1158 ut
1245 1105 1432 1159 solatia
1463 1105 1678 1160 mollem

383 1192 649 1251 Desidiam
679 1196 830 1265 pigro
861 1210 1042 1251 rerum
1075 1194 1420 1251 meditamine
1440 1199 1679 1265 palpent.

200 1288 307 1346 255
381 1288 578 1357 Quidni
611 1288 733 1345 illos
758 1304 883 1360 spes
915 1287 1096 1361 palpet
1121 1289 1286 1356 iners,
1324 1304 1459 1360 quos
1491 1291 1709 1360 pulvere
1732 1289 1789 1346 in

678 1390 679 1393 “
1196 1396 1200 1399 ‘
1360 1414 1363 1417 ν
1596 1383 1720 1456 [isto

384 1477 610 1533 Tirones
640 1476 857 1533 Bellona
891 1476 1026 1532 truci
1056 1491 1163 1531 non
1194 1477 1393 1533 excitat
1418 1492 1547 1543 tere,

387 1568 735 1637 imbellesque
772 1566 980 1623 animos
1016 1568 1186 1623 virtus
1232 1562 1495 1638 tepefacta
1534 1567 1791 1623 resolvit?

382 1663 538 1716 Anne
573 1660 849 1716 Pudicitiae
890 1659 1127 1729 gelidum
1153 1659 1307 1728 jecur
1343 1662 1475 1715 utile
1503 1660 1645 1716 bello
1674 1660 1792 1715 est?

381 1756 464 1809 An
490 1762 734 1809 tenerum
765 1753 977 1823 pietatis
998 1768 1132 1822 opus
1157 1752 1380 1808 sudatur
1411 1753 1462 1807 in
1492 1753 1684 1808 armis?

205 1845 307 1901 210
383 1847 555 1915 Quam
587 1846 773 1917 pudet,
796 1861 827 1898 ο
846 1846 1076 1908 Mavors,
1105 1854 1161 1901 et
1179 1846 1344 1899 virtus
1364 1843 1605 1912 conscia,
1630 1845 1788 1900 talem

379 1937 579 1993 Contra
610 1948 755 1993 stare
783 1935 983 2001 aciem,
1023 1939 1268 2006 ferroque
1310 1937 1572 1991 lacessere
1603 1950 1790 2005 nugas,

384 2031 452 2085 Et
476 2046 598 2085 cum
632 2030 890 2099 virgineis
914 2028 1157 2084 dextram
1189 2029 1435 2084 conferre
1463 2029 1705 2084 choreis!

376 2122 537 2193 6n
576 2121 789 2177 iustitia
821 2130 905 2177 est
934 2120 1023 2177 ubi
1050 2134 1265 2190 semper
1293 2134 1480 2191 egens,
1511 2127 1566 2175 et
1595 2134 1794 2191 pauper

1375 2214 1389 2284 Ι
1418 2213 1681 2269 Honestas
1704 2230 1718 2266 :

1822 1896 1871 1957 B

2063 462 2227 521 Arida
2250 461 2546 531 Sobrietas,
2570 461 2694 520 albo
2712 461 2924 534 Ieiunia
2944 462 3121 533 vultu,

1888 556 1992 613 245
2067 556 2337 628 Sanguine
2358 556 2447 613 vix
2472 558 2617 613 tenui
2648 556 2827 612 Pudor
2854 556 3165 624 interfusus,
3189 567 3374 628 aperta

2066 650 2431 720 Simplicitas,
2468 657 2523 705 et
2559 647 2626 705 ad
2666 663 2826 706 omne
2867 660 3054 721 patens
3090 652 3208 707 sine
3251 651 3483 723 tegmine

3197 744 3409 809 Vulnus,

2070 829 2139 885 Et
2170 838 2434 900 prostrata
2468 830 2521 885 in
2554 829 2810 899 humum,
2835 847 2933 888 nec
2961 833 3129 890 libera
3155 739 3338 903 ,liutiice
3365 850 3485 890 sese

2072 923 2222 980 Mens
2282 924 2541 990 humilis,
2601 939 2759 996 quam
2820 926 3138 997 degenerem
3201 928 3485 998 trepidatio

3280 1036 3311 1072 0
3395 1056 3411 1073 ο

2074 1106 2221 1162 Faxo
2247 1121 2370 1178 ego,
2395 1107 2496 1165 sub
2523 1108 2750 1179 pedibus
2772 1108 3085 1180 stipularum
3108 1016 3486 1168 mpr'iirtziiitur

1892 1196 2001 1254 250
2075 1198 2313 1255 invalida
2356 1201 2456 1256 ista
2496 1215 2686 1257 manus
2717 1218 2729 1255 :
2759 1216 2933 1272 neque
2970 1203 3112 1258 enim
3155 1203 3488 1274 perfringere

3227 1292 3417 1367 [duris

2048 1382 2365 1452 ‘Dignamnr
2386 1382 2605 1454 gladiis,
2630 1385 2827 1454 algenti
2857 1394 2912 1441 et
2939 1386 3196 1457 sanguine
3219 1387 3419 1443 ferrum

2076 1475 2343 1542 imbuere,
2369 1476 2648 1547 fragilique
2676 1478 2821 1533 viros
2854 1476 3056 1533 fmdare
3090 1478 3380 1547 triumpho.

2076 1566 2226 1621 Talia
2249 1566 2549 1623 vociferans
2568 1612 2584 1639 ,
2607 1569 2852 1637 rapidum
2881 1569 3176 1624 calcaribus
3197 1578 3354 1639 urget

2054 1657 2468 1727 Cornipedem,
2494 1661 2735 1729 laxisque
2757 1662 2901 1715 volat
2923 1662 3205 1717 temeraria
3228 1662 3418 1733 frenis,

1897 1747 2004 1805 255
2081 1749 2303 1806 Hostem
2371 1750 2628 1806 humilem
2685 1754 2904 1822 cupiens
2956 1752 3189 1823 impulsu
3244 1754 3491 1811 umbonis

3202 1843 3221 1916 [
3240 1847 3423 1915 equini

2081 1937 2337 1992 Sternere
2357 1976 2373 1999 ,
2403 1935 2775 2005 deiectamque
2796 1937 3170 2006 supercalcare
3192 1938 3423 1992 ruinam.

2079 2030 2242 2101 612
2278 2027 2384 2085 Sed
2404 2029 2548 2084 cadit
2568 2027 2620 2083 in
2656 2024 2863 2085 foveam
2884 2069 2899 2097 ,
2930 2045 3170 2100 praeceps
3202 2047 3361 2100 quam
3387 2031 3492 2097 eain

3114 2122 3133 2195 [
3156 2124 3260 2177 lida
3290 2123 3425 2180 forte

2085 2216 2254 2274 Fraus
2281 2216 2537 2273 interciso
2565 2215 2859 2273 suffoderat
2881 2229 3096 2287 aequore
3122 2215 3304 2296 furtim
3337 2236 3350 2272 :

1515 2304 1805 2362 ΕΙ.Οὸδῶ
1844 2305 2187 2364 VETERES.

272 2400 405 2455 228.
437 2400 580 2467 Oris,
613 2399 821 2468 ﬁnibus,
859 2412 898 2454 ι.

269 2472 400 2525 229.
442 2472 807 2538 Importunas,
852 2470 941 2540 qui
986 2470 1040 2524 in
1079 2470 1224 2524 nulla
1262 2484 1317 2522 re
1341 2468 1677 2538 propinquus,
1713 2471 1795 2523 vel

207 2552 353 2612 aptus
378 2555 455 2596 est
479 2542 857 2595 :Itumilitatem
880 2542 1024 2606 dicit,
1058 2540 1095 2593 l.
1140 2611 1146 2612 ί
1252 2550 1257 2553 '

267 2612 401 2669 250.
431 2612 723 2678 llactenus,
752 2616 1030 2681 hucusque.
1049 2641 1116 2651 —-
1137 2611 1326 2679 Exsul,
1356 2611 1442 2679 qui
1475 2620 1617 2665 extra
1642 2626 1793 2665 suum

209 2684 364 2739 solum
393 2694 490 2747 est,
522 2683 560 2736 Ι.
1112 2688 1117 2693 ’

272 2756 398 2810 251.
435 2754 760 2820 Creduntur,
792 2756 853 2808 ab
884 2755 1008 2822 illis,
1045 2754 1085 2807 l.
1772 2800 1790 2819 ,

274 2825 399 2880 252.
430 2826 641 2890 Futuri,
669 2827 841 2893 futura
872 2826 1130 2879 contendit
1170 2840 1439 2893 evacuare,
1481 2834 1537 2878 ut
1564 2840 1789 2895 prasen-

214 2896 329 2950 tium
357 2897 693 2949 delectatione
722 2898 941 2962 decipiat
962 2896 1210 2963 infelices,
1242 2896 1279 2950 l.

272 2967 725 3091 2154.?eiidiam,
775 2969 1052 3037 pigritiam.
1084 2997 1153 3006 ——
1196 2966 1443 3035 Palpent,
1494 2976 1791 3036 temperent,

272 3057 291 3091 ω
314 3055 435 3091 cean
471 3081 485 3091 .
541 3079 554 3091 .

215 3043 485 3104 mulceant,
516 3043 554 3092 1.

276 3111 400 3165 255.
434 3110 653 3175 Quidni,
686 3119 847 3174 certe;
891 3110 1015 3179 quid
1050 3109 1213 3165 aliud.
1246 3138 1316 3148 —
1343 3108 1590 3173 Pulvere,
1626 3118 1796 3173 terra;

214 3182 263 3237 .‘u
288 3182 380 3234 hoc
411 3180 626 3244 swculo,
658 3180 695 3231 l.

1908 2400 2183 2462 exercitus,
2214 2396 2257 2450 Ι.

1977 2470 2103 2524 241.
2136 2469 2333 2536 Nugas,
2359 2466 2587 2532 inutiles;
2630 2466 2672 2519 l.

1975 2540 2103 2595 245.
2137 2540 2335 2603 Pudor,
2368 2538 2543 2603 rubor,
2581 2537 2623 2589 Ι.

1974 2612 2101 2665 246.
2136 2610 2426 2679 Tegmine,
2460 2607 2644 2679 clypei,
2677 2608 2717 2662 Ι.

1971 2681 2095 2753 247.
2131 2682 2421 2753 Prostrata,
2450 2679 2816 2753 in_clinata.;--
2844 2679 2997 2749 Sese,
3027 2683 3214 2753 seipsa,
3242 2682 3283 2740 l.

1973 2752 2100 2807 248.
2132 2750 2343 2815 Prodit,
2372 2750 2685 2819 manifestat,
2722 2750 2759 2803 Ι.

1974 2822 2101 2877 249.
2135 2822 2299 2889 Faxo,
2336 2822 2503 2891 facio,
2536 2820 2576 2874 Ι.

1973 2892 2099 2947 250.
2130 2892 2335 2954 Manus,
2369 2890 2668 2955 multitudo,
2700 2891 2740 2943 Ι.

1973 2963 2099 3018 252.
2140 2962 2406 3025 lmbuerc,
2433 2964 2714 3024 maculare,
2742 2962 2780 3014 Ι.

1975 3034 2103 3106 254.
2132 3033 2511 3106 Cornipedem,
2542 3048 2749 3099 equum,
2775 3034 2895 3101 quia
2925 3036 3168 3103 formatos
3196 3036 3345 3106 pedes
3372 3053 3491 3093 cor-

1908 3104 2054 3159 nibus
2087 3105 2231 3157 habet
2252 3145 2267 3168 ,
2306 3104 2345 3157 Ι.

1974 3177 2102 3232 255.
2133 3176 2383 3244 Cupiens,
2420 3174 2657 3247 superbia
2681 3175 2876 3229 irruere
2903 3177 3082 3230 nititur
3112 3194 3263 3247 super
3287 3179 3494 3238 humili-

418 3232 676 3315 il’iellon'a,
710 3250 966 3317 bellatrix,
997 3250 1091 3304 dea
1118 3250 1258 3304 belli.
1279 3247 1518 3315 —A§re,
1544 3264 1722 3312 cornu,
1755 3249 1796 3303 1.
1828 3232 1877 3301 C
1907 3259 2060 3303 tatem
2092 3256 2138 3300 et
2167 3232 2328 3315 spem.
2360 3232 2432 3287 -ῖ-
2462 3232 2716 3312 Ιὶηιιιιὶειι,
2748 3256 2946 3314 pectore
2971 3249 3102 3317 equi,
3131 3250 3172 3303 l.

277 3322 400 3376 258.
440 3322 610 3384 Bello,
641 3312 708 3372 ad
741 3312 1013 3383 bellumJ.

279 3393 400 3448 239.
443 3391 683 3455 Pietatis,
720 3393 997 3460 pttdicititc.
1034 3419 1100 3430 —
1126 3390 1395 3459 Sudatur,
1441 3390 1727 3455 laboratur,
1754 3390 1794 3442 l.

282 3463 404 3519 240.
454 3462 689 3529 Mavors,
728 3463 849 3517 deus
898 3463 1036 3517 belli.
1081 3491 1149 3500 —
1193 3462 1394 3528 Virtus,
1441 3478 1584 3528 utea;
1627 3469 1798 3515 noster

1974 3320 2099 3376 257.
2135 3319 2188 3371 ln
2224 3318 2452 3384 foveam,
2483 3318 2717 3383 superbia
2738 3318 2872 3374 cadit
2900 3319 2951 3370 in
2981 3322 3196 3389 foveam,
3230 3323 3270 3376 Ι.

1972 3389 2099 3445 258.
2133 3389 2392 3459 ιιΕίιυοτθ,
2428 3398 2574 3442 terra:
2601 3402 2618 3441 :
2646 3404 2849 3459 campo,
2883 3389 2945 3443 ab
2970 3392 3226 3458 wquitate,
3253 3392 3293 3447 Ι.

1561 3571 2101 3630 COMMENTARIUS

284 3674 405 3729 227.
444 3671 635 3735 Aldus,
670 3670 786 3725 Vat.
821 3670 884 3737 C,
913 3683 1098 3739 supra,
1127 3671 1227 3724 nisi
1258 3678 1453 3724 nostra.

285 3745 408 3800 228.
445 3744 579 3798 Mar.
614 3751 668 3797 et
698 3742 842 3806 iiat.,
878 3738 1038 3804 horis,
1075 3756 1194 3794 cum
1222 3740 1468 3795 Weitzio.
1504 3738 1629 3804 Alii,
1674 3743 1799 3807 oris,

222 3816 353 3884 quod
384 3830 575 3869 verum
600 3822 701 3867 est.
735 3812 955 3866 Veteres
986 3811 1251 3865 interdum
1285 3811 1803 3884 aspirationem_ad-

223 3880 494 3957 iiciebant,
520 3884 609 3957 ubi
636 3897 769 3949 opus
800 3896 904 3957 non
934 3892 1067 3957 erat,
1098 3892 1156 3938 ut
1178 3885 1467 3957 lton‘usgprg
1491 3898 1639 3957 onus.
1664 3880 1806 3957 Con-

224 3950 298 4012 tra
328 3957 415 4010 alii
449 3955 736 4017 faciebant,
764 3961 822 4007 ut
850 3952 955 4006 dixi
988 3953 1053 4006 ad
1088 3968 1231 4008 vers.
1264 3950 1389 4008 216.
1427 3951 1565 4016 _Vatt.
1592 3950 1653 4018 C,
1681 3952 1725 4007 0
1750 3962 1807 4008 et

224 4027 303 4082 alii
337 4026 606 4088 nortnulli,
638 4024 796 4077 hostis
827 4040 959 4076 nunc
989 4026 1172 4092 surgit.

287 4099 409 4153 251.
443 4095 561 4151 Gis.
593 4097 618 4149 1
651 4097 805 4160 edil.,
837 4096 1141 4160 creduntur;
1182 4095 1234 4149 in
1260 4094 1295 4147 2
1325 4093 1479 4157 edit.,
1512 4094 1802 4156 credentur,

225 4169 357 4238 quod
387 4170 586 4238 iterum
619 4168 669 4218 in
701 4166 1201 4238 Animadvertendis
1230 4174 1283 4219 et
1324 4165 1656 4238 corrigendis
1685 4180 1801 4218 mu-

227 4235 344 4293 tavit
370 4243 421 4293 in
458 4237 755 4290 creduntur.
802 4235 906 4289 Has
934 4243 1212 4289 auctorum
1250 4236 1611 4290 cor-rectiones
1637 4246 1691 4288 et
1714 4250 1803 4288 se-

226 4312 416 4364 cundas
449 4323 609 4361 curas
641 4308 793 4360 multi
823 4323 929 4359 non
962 4305 1271 4360 observant.
1306 4306 1360 4359 in
1392 4305 1512 4358 Vat.
1545 4305 1605 4368 C,
1640 4307 1801 4373 Ang.,

228 4380 376 4449 Man,
410 4380 633 4444 Vienn.,
669 4378 814 4438 Ald.,
849 4376 1395 4449 \Veitz.,_creduntur.
1429 4373 1699 4449 Ciselinus
1727 4391 1807 4449 as-

228 4446 372 4517 serit,
401 4457 618 4519 poetam
649 4451 778 4501 mira
804 4449 909 4500 imo
930 4446 1166 4501 inaudita
1192 4447 1443 4519 utimiosi
1463 4447 1514 4499 in
1536 4446 1802 4501 irridenda

228 4534 351 4591 ape,
400 4518 456 4576 in
498 4535 599 4588 qua
641 4528 817 4572 tamen
860 4520 1056 4591 comite
1096 4518 1406 4591 humilitatis
1447 4531 1577 4586 opes
1617 4530 1805 4569 onmes

230 4588 377 4660 paulu
397 4601 525 4645 ante
556 4598 921 4643 constituerat.
945 4588 1149 4660 Verum
1180 4588 1449 4657 superbiae
1477 4603 1632 4660 sensa
1665 4600 1807 4660 nunc

1911 3668 1983 3720 tia
2015 3675 2089 3720 est
2120 3664 2205 3717 ubi
2234 3677 2430 3729 semper
2454 3675 2622 3731 egens.
2655 3657 2922 3731 Justitiam
2955 3670 3220 3725 egentem,
3246 3659 3499 3717 honesta-

1912 3746 2017 3793 tem
2051 3748 2339 3805 pauperem
2372 3728 2527 3805 vocat
2563 3728 2742 3805 earinis
2764 3742 2891 3805 quae
2916 3730 3350 3805 saepeaccidunt.

1981 3799 2105 3861 2n,
2146 3799 2331 3859 \‘tiemi.
2351 3843 2365 3866 ,
2400 3803 2534 3867 Ang.
2554 3842 2567 3863 ,
2604 3799 2722 3853 Vat.
2756 3799 2796 3851 Ο
2826 3813 2853 3850 a
2882 3799 3115 3853 secunda
3144 3816 3302 3856 manu
3322 3842 3335 3866 ,
3370 3801 3493 3858 Rat.

1911 3895 1941 3934 a
1973 3894 2130 3932 manu
2164 3874 2395 3939 recenti,
2417 3872 2733 3943 jejunagite;
2762 3869 2876 3943 alii,
2898 3870 3124 3940 jejunia.
3234 3942 3238 3943 ν
3432 3904 3441 3913 ς

1982 3950 2105 4003 248.
2137 3948 2348 4009 Vienn.,
2380 3939 2577 4012 prodet.
2602 3940 2723 3993 Vat.
2752 3939 2816 4012 ρ,
2848 3939 3051 4012 alirasis
3083 3942 3365 4007 prioribus,
3397 3954 3499 3999 ιη-

1910 4020 2107 4092 pidatio
2132 4009 2495 4092 prodit._Virg.
2529 4013 2627 4092 ιη).
2653 4027 2702 4064 ιν
2734 4009 2982 4075 1Eneid.,
3013 4025 3152 4066 vers.
3196 4015 3293 4081 15,
3325 4014 3496 4086 Dege-

1909 4085 2053 4146 neres
2080 4085 2274 4143 animos
2304 4087 2453 4139 timor
2480 4085 2668 4152 arguit.

1981 4161 2108 4215 249.
2147 4161 2358 4213 Plautus
2384 4165 2503 4209 actu
2532 4150 2567 4216 ιῗ,
2591 4167 2750 4206 scena
2780 4151 2826 4225 i_
2857 4150 3038 4204 militis
3059 4152 3317 4225 gloriosi:
3339 4155 3503 4225 Cujus

1909 4243 1963 4287 tu
1995 4233 2214 4300 legiones
2245 4226 2497 4300 difflariin
2526 4225 2744 4293 spiritu,
2789 4222 2949 4286 Quasi
2986 4234 3160 4277 ventus
3212 4224 3367 4295 folia,
3413 4222 3505 4280 aut

1911 4299 2197 4374 paniculum
2227 4299 2509 4374 tectorium.

1980 4374 2107 4428 250.
2143 4371 2283 4437 ALL,
2315 4369 2495 4431 Fabr.,
2530 4366 2647 4421 Vat.
2682 4363 2744 4428 C,
2781 4365 3132 4437 perstringere,
3165 4367 3338 4420 minus
3364 4367 3502 4422 bene

1914 4460 2070 4515 quam
2104 4436 2435 4515 perfringere.
2488 4437 2671 4515 Exstat
2696 4437 2855 4515 etiam
2889 4436 3237 4515 perstringere
3284 4437 3334 4489 in
3368 4437 3500 4515 Mair.

1915 4506 1970 4570 et
2002 4506 2147 4578 iiatl,
2180 4506 2402 4581 aliisque
2434 4529 2445 4561 :
2477 4508 2594 4572 sed,
2614 4518 2669 4560 ut
2700 4507 2927 4581 advertit
2950 4506 3236 4581 Giselinus,
3261 4508 3504 4581 perstrin-

1915 4603 2032 4655 gere
2059 4575 2142 4639 est
2180 4575 2389 4655 leviter
2413 4591 2632 4655 tangere
2668 4596 2678 4629 :
2711 4576 2811 4630 hoc
2854 4576 2974 4628 loco
3011 4576 3184 4642 aptius
3213 4575 3352 4629 cadit
3380 4592 3499 4643 per-

231 4651 494 4732 exprimit,
520 4674 800 4732 anteasua
828 4668 882 4713 et
906 4651 1297 4732 aliormnvera
1314 4674 1472 4732 sensa
1498 4658 1768 4732 explicuit.
1794 4728 1805 4732 _
1834 4654 1888 4712 D
1915 4651 2136 4732 fringere
2163 4657 2310 4732 duris
2340 4651 2546 4732 gladiis.

293 4728 415 4789 252.
451 4732 604 4795 Ald.,
644 4730 857 4794 Vienn.,
890 4730 1070 4791 Δίες..
1110 4730 1224 4783 Vat.
1259 4729 1320 4794 F,
1355 4730 1492 4793 PaL,
1536 4728 1808 4782 ileinsiani

232 4802 616 4875 scripti,jubet.
648 4800 778 4854 Mar.
812 4801 955 4875 iiat._,
990 4797 1206 4875 Weitz._,
1247 4799 1356 4854 Gis.
1393 4812 1446 4853 et
1469 4798 1804 4875 alii,jubent.

295 4871 414 4929 255.
445 4871 680 4935 ’νίθιιιιη
731 4888 871 4938 spem
917 4873 1129 4940 fortasse
1173 4872 1386 4935 bonam,
1429 4872 1603 4923 minus
1650 4871 1803 4924 bene.

235 4945 371 5013 Ald.,
401 4945 585 5008 Fuld.,
618 4943 761 5007 Put.,
796 4944 995 5007 Oxum,
1029 4943 1165 4995 lenta
1184 4950 1239 4994 ut
1268 4940 1809 5013 solatia_._iNustripo-

236 5011 407 5079 tiores,
439 5017 593 5069 Alex.
627 5028 656 5066 a
685 5015 852 5080 prima
879 5028 1060 5076 manu,
1086 5014 1243 5077 Man,
1276 5015 1420 5074 iiat.,
1448 5011 1661 5075 Vienn.,
1692 5012 1809 5064 laeta

236 5100 345 5140 cum
374 5088 585 5140 'l‘liuan.
619 5099 649 5137 a
679 5084 845 5151 prima
878 5098 1058 5146 manu,
1093 5083 1307 5151 \\’eitz.,
1342 5082 1452 5136 Gis.
1484 5092 1537 5136 et
1557 5082 1694 5135 aliis.

296 5157 419 5211 254.
448 5155 827 5223 Casngatiores
856 5155 1123 5208 “Clllslalll
1150 5163 1205 5208 et
1226 5154 1413 5219 nostri,
1443 5153 1620 5219 Alex.,
1645 5152 1801 5223 Man,

237 5224 346 5281 Rat.
379 5243 502 5281 cum
544 5222 759 5289 Weitz.,
793 5226 907 5278 Gis.
938 5235 991 5279 et
1035 5224 1170 5286 aliis,
1204 5225 1547 5279 meditamine.
1594 5224 1651 5275 in
1683 5222 1800 5276 Vat.

238 5293 293 5363 C,
322 5299 683 5360 medicamine;
719 5311 899 5365 supra,
936 5295 1283 5349 meditamine.
1328 5296 1490 5349 Aldus
1518 5308 1639 5347 cum
1669 5308 1803 5346 nun-

238 5370 408 5434 nullis,
441 5367 789 5421 medicamine.

299 5438 421 5493 258.
459 5439 586 5493 Vide
613 5446 725 5491 not.
756 5437 821 5491 ad
854 5452 992 5492 vers.
1023 5437 1110 5503 57,
1152 5436 1295 5491 Vena
1332 5435 1511 5489 animi.

300 5510 421 5563 262.
448 5509 643 5581 ΑΜυὲ
665 5525 876 5577 cumque
914 5502 1303 5581 hancairgineis
1324 5511 1574 5560 dextram.
1619 5502 1800 5581 conji-

237 5578 333 5631 ciat
356 5583 564 5649 aliquis,
598 5578 664 5633 Et
702 5574 819 5633 cum
849 5580 1084 5649 virgineis
1122 5574 1356 5633 dextram
1401 5582 1530 5629 hanc
1566 5574 1797 5642 conferre

234 5650 442 5720 choreis.
467 5651 520 5705 in
546 5652 815 5706 noiinullis
843 5656 1006 5720 vulg.,
1039 5667 1100 5704 ac
1124 5668 1238 5704 Cum
1268 5665 1363 5719 pro
1386 5659 1430 5702 et
1461 5664 1595 5720 attat.

299 5719 804 5791 3‘5.Ald.,justitia
826 5732 895 5774 est
922 5717 1036 5774 nam
1061 5717 1450 5793 semper—egens.
1481 5718 1610 5786 Alii,
1633 5717 1795 5789 justi-

540 5814 813 5880 PATROL.
863 5812 986 5876 LX.

1988 4714 2113 4781 252.
2150 4724 2269 4778 Ald.
2312 4714 2363 4775 ei
2396 4723 2514 4774 Rat.
2541 4761 2555 4785 ,
2587 4732 2649 4771 ex
2683 4714 2884 4771 recenti
2923 4716 3098 4782 inepta
3120 4714 3500 4785 correctione,

1917 4796 2151 4850 Imburre
2199 4806 2241 4847 et
2287 4790 2461 4861 fragili
2504 4782 2631 4842 uires
2675 4788 2867 4861 fwdare
2902 4784 3191 4861 triumpho.
3244 4782 3505 4861 Cellarius

1918 4868 2059 4921 hunc
2085 4855 2334 4921 eumdem
2371 4855 2614 4915 errorem
2658 4856 2976 4918 exscripsit;
3019 4856 3089 4907 ita
3120 4863 3267 4908 certe
3298 4855 3417 4919 lego
3450 4857 3502 4908 in

1914 4940 1950 4990 2
1975 4938 2093 5005 ejus
2124 4936 2357 5005 editione
2384 4975 2398 4999 ,
2433 4932 2774 5005 quifortasse
2805 4926 3058 5005 deceptus
3101 4935 3182 4977 est
3211 4940 3274 4977 ex
3300 4927 3506 5005 piendo

1916 5009 1969 5063 in
2002 4994 2139 5061 potis
2166 5008 2201 5059 2
2230 4994 2478 5058 editionis
2509 4997 2829 5054 Heinsianre.
2861 4996 3088 5051 Gravius
3118 5006 3263 5048 errat
3294 4994 3507 5049 Gallan-

1917 5080 2056 5143 dius,
2086 5080 2172 5147 qui
2204 5076 2457 5130 mendose
2484 5087 2512 5147 a
2540 5067 2900 5147 Chamillardo
2926 5068 3128 5147 editum
3156 5065 3236 5147 ait
3260 5066 3503 5147 imbuere,

1917 5136 2192 5218 fragilique
2224 5146 2376 5207 viros,
2408 5152 2465 5197 et
2496 5144 2608 5209 ipse
2629 5180 2642 5203 ,
2678 5138 2855 5191 invitis
2883 5138 3049 5192 musis
3069 5174 3086 5202 ,
3116 5136 3242 5205 legit
3269 5137 3506 5201 imbuere,
3578 5164 3581 5169 ·

1917 5222 2192 5288 fragilique
2210 5218 2360 5270 vires.

1985 5279 2118 5344 255.
2149 5289 2374 5349 Erfnrt.,
2408 5281 2682 5347 rabidum;
2712 5279 2823 5345 alii,
2854 5280 3114 5344 rapidum.

1984 5360 2111 5416 235,
2148 5358 2313 5413 Aidns
2343 5345 2511 5415 male,
2549 5345 2861 5421 itnpulsuum
2895 5350 3039 5421 bonis
3075 5348 3264 5416 equini.
3304 5345 3511 5421 Pariter

1914 5434 2003 5487 alii
2032 5431 2288 5485 mendose
2318 5425 2454 5494 apud
2485 5418 2805 5477 Becinanum
2862 5423 2910 5494 in
2945 5420 3244 5494 Manndnct.
3266 5421 3341 5494 ‘atl
3376 5418 3506 5494 ling.
3592 5468 3598 5473 ,

1912 5503 2055 5560 Lat..
2072 5488 2518 5569 impulsum-bonis
2545 5496 2733 5561 equini,
2753 5502 2843 5569 aut
2869 5488 3300 5569 impulsttmboris
3319 5489 3510 5554 equini.

1904 5560 2270 5628 Nebrisseiisis
2312 5560 2595 5645 umbonem
2632 5565 2897 5646 .equinum
2949 5560 3193 5629 intedigit
3237 5561 3505 5628 clypeum,

1904 5646 2014 5700 sive
2042 5651 2241 5697 cetram
2268 5656 2333 5693 ex
2355 5652 2502 5691 cortu
2525 5650 2645 5704 equi

1974 5713 2098 5771 256.
2135 5713 2321 5779 Alex.,
2354 5707 2547 5771 ruinis;
2590 5707 2720 5773 alii,
2750 5706 2973 5759 ruinam.

3205 5790 3248 5856 2
