3960 6312
199 291 278 350 45
1529 289 2074 348 PSYCHOMACHIA.

202 403 312 460 295
385 401 478 458 llle
492 401 692 467 minax,
708 397 931 473 rigidus,
944 403 1166 471 iactans,
1187 403 1536 465 truculentus,
1551 417 1785 469 amarus,
1814 408 1870 466 Α

385 493 520 548 Dum
545 502 714 546 tumet
735 493 1068 558 indomitum,
1093 493 1215 546 dum
1241 493 1568 546 formidabile
1597 492 1782 558 fervet,

387 585 524 640 Dum
553 600 674 641 sese
703 593 938 640 ostentat
961 585 1148 656 clypeo
1169 628 1181 652 ,
1209 585 1332 639 dum
1359 585 1567 638 territat
1590 599 1745 639 auras
1770 601 1783 638 :

389 677 653 745 Expertus
673 719 688 743 ,
723 675 875 744 pueri
902 674 1026 744 quid
1061 675 1262 742 possint
1288 674 1488 728 ludicra
1514 675 1680 742 parvi,

383 764 674 821 Succubuit
701 766 900 820 teneris
922 765 1144 820 bellator
1170 765 1408 818 turbidus
1436 765 1609 817 annis.

201 856 322 912 500
389 856 470 912 Me
500 865 624 912 tunc
652 857 744 911 ille
762 871 893 926 puer
916 855 1128 910 virtutis
1156 856 1293 924 pube
1328 864 1573 924 secutus,

386 946 666 1001 Florentes
686 949 893 1001 animos
917 961 1126 1000 sursum
1149 946 1201 1000 in
1224 961 1339 1000 mea
1359 961 1520 1014 regna
1543 945 1788 1013 tetendit,

390 1038 645 1095 Servatur
670 1053 770 1106 qua
801 1047 946 1092 certa
970 1038 1099 1091 mihi
1126 1038 1315 1092 domus
1343 1037 1720 1106 omnipotentis

392 1128 504 1184 Sub
541 1128 764 1198 pedibus
805 1127 1054 1191 Domini,
1098 1141 1289 1196 meque
1322 1126 1387 1180 ad
1428 1126 1654 1180 sublime
1695 1140 1792 1180 vo-

1505 1225 1717 1271 cautem

1505 1225 1717 1271 cautem

380 1289 541 1379 615
571 1307 813 1361 Victores
837 1319 974 1361 casa
1005 1305 1282 1374 culparum
1308 1304 1428 1358 labe
1458 1215 1770 1372 c[apessunt.

202 1399 314 1458 505
388 1401 532 1456 Dixit
560 1410 614 1456 et
644 1400 843 1454 auratis
873 1400 1248 1469 praestringens
1274 1414 1397 1455 aera
1429 1400 1642 1469 pennis,

3393 295 3464 358 46

2069 401 2125 454 1η
2147 399 2341 454 caelum
2372 413 2431 454 se
2453 400 2604 470 virgo
2628 399 2764 468 rapit
2789 415 2799 450 :
2829 399 3087 454 mirantur
3106 413 3319 459 euntem

2069 493 2324 557 Virtutes,
2359 493 2654 561 tolluntque
2684 492 2965 546 animos-in
2990 503 3144 561 vota,
3180 497 3424 554 volentes

2070 587 2148 640 lre
2179 587 2357 650 simul,
2390 586 2442 639 ni
2466 585 2607 638 bella
2637 585 2800 639 duces
2830 594 3041 641 terrena
3065 589 3354 644 retardent.

2066 678 2368 748 Conﬂigunt
2385 677 2548 740 vitiis,
2572 691 2736 746 seque
2757 677 2827 730 ad
2857 691 2950 731 sua
2983 679 3200 746 praemia
3225 691 3461 737 servant.

2067 767 2295 822 Venerat
2329 767 2564 822 occiduis
2596 767 2776 822 mundi
2806 767 2872 821 de
2895 769 3088 822 finibus
3119 771 3287 825 hostis

2066 861 2229 931 616
2255 860 2511 925 Luxuria,
2556 860 2837 915 exstincta:
2863 861 2973 930 jam
2999 861 3198 916 dudum
3242 864 3463 934 prodiga

3215 952 3263 1007 fa

3215 953 3263 1007 fa

2074 1042 2313 1097 Delibuta
2347 1057 2545 1106 cernas,
2573 1044 2741 1097 oculis
2765 1058 2892 1113 vaga
2915 1085 2927 1107 ,
2959 953 3212 1113 languidi
3236 970 3396 1113 vi:

2071 1132 2284 1186 Perdita
2316 1133 2524 1187 deliciis
2554 1149 2568 1184 :
2599 1133 2722 1187 vita:
2751 1135 2836 1187 cui
2865 1149 3021 1188 causa
3053 1136 3319 1206 voluptas,

2069 1222 2346 1277 Elumbem
2379 1225 2586 1278 mollire
2613 1226 2869 1287 animum,
2901 1227 3202 1294 petulanter
3225 1243 3461 1284 amoenas

1893 1314 1999 1369 515
2072 1314 2297 1369 Haurire
2326 1315 2642 1382 illecebras,
2690 1327 2742 1370 et
2773 1316 2970 1372 fractos
3007 1319 3219 1375 solvere
3251 1336 3461 1376 sensus.

2067 1405 2144 1459 Ac
2177 1415 2304 1461 tunc
2337 1409 2646 1478 pervigilem
2683 1409 2924 1464 ructabat
2951 1410 3184 1466 marcida
3209 1427 3415 1468 coenam
3447 1430 3461 1467 :

1889 767 1995 824 510

1507 1490 1788 1548 GLOSSA']
1833 1492 2165 1551 VETERES.

278 1582 405 1635 295.
436 1580 811 1649 Truculentus,
842 1591 1033 1645 toruus,
1063 1581 1102 1632 l.
1127 1558 1132 1562 ’

280 1652 408 1706 290.
438 1651 778 1716 Indomitum,
810 1653 1074 1706 indomite.
1105 1681 1174 1692 —
1203 1651 1579 1718 Formidabile,
1615 1653 1791 1707 adver-

204 1723 366 1776 bium.
391 1751 460 1761 —
486 1723 694 1785 Terret,
728 1722 899 1791 fervet,
936 1723 973 1776 Ι.

279 1792 404 1848 504.
433 1792 604 1857 Cresa,
637 1794 783 1856 victa,
817 1793 854 1845 1.

278 1861 404 1916 505.
439 1863 504 1915 Et
540 1863 760 1931 auratis,
788 1859 1049 1916 humilitas
1080 1863 1307 1916 ascendit
1335 1864 1388 1931 in
1414 1862 1592 1915 cretum
1630 1878 1646 1915 :
1683 1863 1782 1915 vir-

202 1940 336 1987 tates
367 1933 636 1986 mirantur.
666 1930 930 1998 —'Aera,
960 1933 1278 1987 accusativus
1303 1930 1510 1986 Grazcus
1531 1975 1543 1998 ,
1572 1932 1610 1985 l.

1819 1586 1869 1647 B
1967 1584 2090 1657 509.
2114 1585 2440 1657 Conﬂigunt,
2464 1596 2692 1657 pugnant
2710 1587 2899 1650 adhuc,
2933 1587 2972 1640 Ι.

1966 1656 2026 1727 {ﬁt
2043 1657 2089 1708 1.
2115 1656 2230 1710 Jam
2255 1656 2476 1719 dudum,
2501 1659 2689 1711 statim.
2715 1687 2784 1698 —
2805 1657 3049 1726 Prodiga,
3079 1661 3393 1727 ostentatrix,
3422 1662 3460 1717 l.

1965 1726 2088 1797 512,
2127 1727 2388 1793 Delibuta,
2419 1737 2664 1780 uncta.—
2681 1728 2898 1792 Comas,
2929 1745 3036 1797 per,
3068 1729 3105 1782 l.

1962 1795 2085 1849 3M.
2116 1797 2419 1863 Eluinheui,
2453 1797 2685 1860 mollem,
2721 1797 2760 1852 I.

1961 1865 2086 1919 515.
2122 1867 2425 1932 lllecebras,
2458 1868 2835 1934 delectationes,
2864 1870 2902 1923 l.

1953 1935 2160 1990 516.Λο
2181 1937 2755 2002 tunc,lua:uria,auditis
2769 1940 2994 2008 tubis,ad
3016 1940 3204 1995 bellum
3222 1943 3402 2008 currit,
3422 1944 3462 2001 L

1473 2063 1486 2077 σ
1558 2040 2120 2100 COMMENTARIUS.

280 2135 408 2191 295.
443 2135 561 2190 Vat.
588 2136 630 2190 C
658 2134 794 2188 hunc
820 2135 1061 2189 ordinem
1092 2149 1269 2191 servat
1297 2137 1397 2190 Ille
1425 2138 1618 2190 minax.
1654 2134 1788 2188 Dum

205 2223 333 2263 sese.
389 2205 516 2258 Dum
559 2214 732 2258 tumet.
786 2203 902 2258 Vat.
942 2206 1014 2272 D,
1054 2205 1152 2259 Ille
1190 2209 1383 2260 minax.
1435 2206 1571 2260 Dum
1613 2214 1786 2258 tumet.

206 2277 494 2342 Expertus,
529 2279 689 2343 pueri.
725 2274 859 2329 Dum
891 2291 1014 2330 sese.
1055 2276 1158 2331 Alii
1188 2279 1429 2332 ordinem
1462 2278 1547 2331 hic
1575 2276 1788 2332 exhibi-

205 2359 324 2402 tum
359 2349 604 2400 retinent.

279 2415 408 2470 296.
443 2415 658 2480 Vienn.,
686 2416 949 2478 indomite,
981 2415 1120 2486 quod
1151 2416 1288 2485 sapit
1323 2417 1606 2486 glossema.
1655 2415 1786 2470 Tres

205 2487 530 2539 vetustiores
575 2486 844 2540 lleinsiani
871 2527 885 2550 ,
928 2486 1117 2550 Alex.,
1159 2487 1278 2540 Ald.
1304 2531 1316 2552 ,
1362 2486 1561 2542 Widm.
1603 2501 1784 2551 supra,

205 2557 349 2620 Gis.,
380 2557 544 2624 fervet.
601 2556 705 2610 Alii
745 2558 899 2609 etiam
939 2566 1144 2610 veteres
1175 2565 1355 2626 terret,
1397 2573 1588 2626 nempe
1630 2556 1782 2618 Man,

208 2627 432 2691 Vienn.,
467 2626 584 2680 ltat.
620 2640 739 2678 cum
769 2626 1016 2691 Weitzio,
1048 2636 1102 2679 et
1129 2641 1233 2680 uno
1260 2625 1585 2682 Cauchiano.

278 2697 408 2751 297.
441 2691 612 2764 Aliqui
639 2696 966 2766 distinguunt
990 2697 1095 2749 alio
1125 2697 1303 2766 modo,
1336 2697 1467 2750 Dum
1498 2714 1604 2750 sese
1624 2705 1789 2748 osten-

205 2742 345 2846 ιᾳιῖ
363 2742 556 2846 "gigas"
567 2742 1104 2846 inferiarum
1290 2742 1695 2846 ἣὺἐῖἱξίόῗίιίῖἱξ
1705 2742 1762 2817 ’ὃ
1772 2806 1784 2828 ,

205 2838 335 2890 dum
360 2836 525 2888 irritat
554 2853 736 2900 auras,
769 2837 924 2890 male.
957 2837 1014 2891 ln
1043 2836 1180 2899 PaL,
1211 2837 1330 2890 dum
1351 2839 1547 2891 territat
1576 2853 1712 2890 ense.

278 2907 408 2978 298.
440 2907 569 2978 illar.
599 2915 653 2962 et
682 2907 825 2978 ΒΜ..
854 2907 977 2978 quid
1003 2918 1225 2978 possent.

279 2976 408 3048 299.
441 2975 562 3029 Ald.
596 2986 648 3048 ct
675 2977 768 3032 alii
793 2975 935 3048 vulg.
965 3019 981 3046 ,
1004 2975 1179 3031 armis
1211 2992 1306 3048 pro
1337 2979 1502 3032 annis.
1537 2976 1786 3031 Barthius

205 3047 492 3111 mendose,
519 3047 695 3101 unciis.

281 3118 408 3188 501.
442 3117 640 3188 Erfurt.
671 3133 697 3170 a
724 3117 891 3186 prima
920 3132 1100 3182 manu,
1131 3121 1368 3188 ﬂorentes
1396 3134 1576 3172 annos.

282 3187 412 3241 502.
443 3185 638 3240 Weitz.
669 3185 788 3241 cum
820 3188 961 3253 Put.,
988 3189 1110 3256 quia
1132 3185 1289 3241 certa.

282 3257 410 3313 504.
442 3256 594 3310 Prior
618 3257 807 3312 Boher.
861 3267 914 3313 et
952 3257 1162 3312 Thuan.
1189 3273 1220 3312 a
1251 3258 1484 3314 secunda
1513 3271 1694 3322 manu,
1721 3257 1787 3310 li-

207 3340 292 3381 οιο
299 3344 377 3379 res
408 3343 535 3380 00380
542 3365 557 3380 ο

283 3399 413 3451 505.
446 3395 561 3450 Vat.
614 3399 677 3464 (ι,
727 3397 1048 3468 perfringens
1077 3413 1095 3450 :
1122 3412 1228 3452 non
1282 3398 1472 3467 placet.
1509 3397 1634 3452 Ald.
1666 3412 1789 3454 cum

207 3468 358 3537 aliis,
391 3467 766 3537 prwstringens.

287 3534 414 3592 509.
465 3537 591 3590 Post
628 3534 780 3592 hunc
819 3551 1032 3590 versum
1061 3537 1273 3599 Vienn.,
1307 3535 1384 3589 De
1415 3537 1696 3592 Sobrietate
1743 3549 1790 3592 et

211 3606 471 3660 Luxuria.
502 3607 630 3661 Mar.
665 3616 720 3660 et
751 3608 890 3670 ltat.,
927 3605 1171 3661 Luxuria.
1215 3606 1404 3672 Aldus,
1436 3606 1699 3673 Luauriw,
1742 3619 1788 3662 et

209 3677 515 3750 Sobrietatis
547 3695 735 3750 pugna.
754 3677 1041 3750 Giselinus,
1067 3677 1298 3750 Luxuria
1319 3686 1365 3729 et
1396 3677 1677 3750 Sobrietas.

290 3748 417 3801 510.
444 3747 674 3816 Lepidus
701 3757 782 3802 est
813 3748 912 3800 hoc
942 3747 1058 3800 loco
1097 3747 1382 3801 Giselinus.
1411 3747 1597 3815 Rejicit
1625 3749 1788 3802 inter-

210 3819 588 3940 pretationem.
610 3834 768 3888 quam
789 3817 1032 3871 dubitans
1057 3817 1308 3898 Nebrissa
1348 3817 1614 3882 indicavit,
1641 3819 1788 3872 intel-

235 3887 488 3940 mendum
541 3893 590 3940 id
620 3903 736 3940 esse
783 3889 852 3940 de
881 3896 1038 3940 :etate
1063 3889 1244 3940 mundi
1283 3889 1348 3940 ad
1395 3903 1640 3940 occasum
1665 3904 1786 3940 ver-

235 3887 488 3957 igendum
541 3887 590 3942 id
620 3887 736 3943 esse
783 3889 852 3942 de
881 3896 1038 3941 :etate
1063 3889 1348 3957 mundigad
1395 3903 1640 3941 occasum
1665 3904 1786 3942 ver-

212 3955 396 4029 gente,
432 3969 486 4010 ut
513 3959 1014 4029 Hispaniamsuam,
1046 3959 1212 4026 inquit
1242 3955 1530 4029 Giselinus,
1563 3967 1616 4011 et
1641 3957 1784 4012 Afri-

213 4027 338 4082 cam
374 4031 472 4082 hac
502 4029 784 4096 ignominia
812 4027 1077 4082 liberaret.
1115 4029 1247 4083 'l‘um
1297 4028 1569 4094 probabile
1596 4029 1782 4082 existi-

215 4108 348 4161 mat,
382 4109 590 4166 poetam
624 4114 690 4153 ex
718 4099 798 4152 his
842 4099 1146 4165 regionibus
1186 4113 1383 4165 organa
1425 4099 1645 4152 luxuria:
1695 4113 1786 4152 ac-

215 4170 530 4234 cersivisse,
573 4183 693 4223 cum
746 4184 841 4231 etc,
898 4168 1157 4235 imprimis
1196 4183 1321 4221 vero
1357 4168 1624 4234 lli~pania,
1652 4169 1784 4232 auri,

215 4240 442 4307 argenti,
477 4241 632 4303 lame,
665 4249 993 4302 aromatum,
1041 4239 1372 4307 aliarumque
1399 4254 1574 4292 rerum
1617 4239 1682 4291 ad
1712 4239 1788 4292 ef-

217 4309 556 4363 feminandos
603 4324 778 4363 mores
829 4311 1227 4378 pertint-mium,
1259 4309 1413 4376 copia
1443 4308 1664 4360 mirifirc
1696 4323 1786 4362 ce-

219 4381 396 4434 lebres
421 4379 637 4434 fuerint.
667 4380 794 4444 Qua:
823 4380 1003 4447 (verba
1041 4381 1155 4445 ejus
1175 4379 1347 4448 audis)
1377 4380 1420 4448 si
1459 4379 1563 4431 suis
1592 4395 1644 4432 se
1668 4379 1784 4443 [ini-

1894 2135 1987 2212 bus
2017 2138 2364 2212 lacernarum,
2395 2149 2497 2196 etc.
2523 2141 2826 2212 Mensarum
2855 2144 2984 2196 enim
3008 2147 3268 2212 voragines
3293 2156 3340 2199 et
3378 2165 3460 2201 va-

1895 2208 1996 2260 rias
2024 2210 2334 2285 uoluptatum
2357 2211 2656 2285 illecebras,
2679 2228 2739 2285 ne
2764 2211 2962 2285 longius
2985 2208 3300 2282 progrediar,
3335 2227 3462 2285 pra:-

1897 2279 2210 2350 termitjo....
2242 2279 2468 2350 Denique
2489 2296 2578 2350 pro
2606 2281 2910 2348 philosoiilto
2934 2279 3130 2348 cantor,
3154 2296 3201 2338 et
3222 2285 3273 2337 in
3290 2279 3462 2342 locum

1895 2349 2110 2400 oratoris
2153 2349 2328 2401 doctor
2356 2349 2542 2403 artium
2589 2351 2902 2403 ludicrarum
2946 2353 3140 2405 accitur
3169 2370 3188 2406 .°
3213 2365 3258 2408 et
3287 2356 3462 2412 biblio-

1896 2414 2054 2498 thecis
2083 2418 2434 2498 sepulcrorum
2456 2422 2578 2498 “ritu
2606 2421 2657 2472 in
2704 2431 3000 2498 perpetuum
3055 2424 3244 2498 clausis
3270 2443 3463 2498 organa

1893 2485 2143 2564 fabricant
2175 2490 2565 2557 ittbydraulica,
2597 2485 2991 2564 etclPostremo
3016 2493 3082 2544 ad
3114 2496 3165 2545 id
3188 2485 3463 2564 indig'nita-

1893 2556 1957 2630 tis
1983 2568 2053 2630 est
2080 2556 2310 2630 ventum,
2344 2571 2396 2611 ut
2439 2577 2551 2613 cum
2597 2563 2849 2630 peregrini
2880 2566 2938 2614 ob
2969 2556 3462 2629 {orntidatamvhaud

1890 2624 1962 2676 ita
1988 2627 2183 2700 duilium
2231 2624 2845 2700 alimentorum.inopiam
2886 2624 3193 2699 pellerentur
3228 2637 3290 2687 ab
3329 2636 3463 2692 Urbe

1895 2697 2198 2769 prteripite-'s,
2241 2702 2568 2753 sectatoribus
2611 2697 2999 2769 disciplinarum
3041 2703 3327 2758 liberalium
3367 2709 3462 2760 im—

1893 2768 2077 2838 pendio
2122 2769 2296 2836 paucis
2327 2771 2434 2822 sine
2461 2768 2793 2838 respiratione
2822 2771 2928 2822 ulla
2958 2774 3192 2838 extrusis,
3226 2785 3458 2830 teneren-

1893 2844 1974 2886 tur
2001 2837 2270 2890 mimorum
2299 2841 2502 2892 asseclw
2531 2837 2652 2900 ueri,
2681 2841 2824 2906 quive
2841 2841 2894 2892 id
2909 2837 3214 2896 simularunt
3237 2847 3304 2896 ad
3330 2857 3456 2900 tem-

1893 2921 2028 2972 pus;
2057 2913 2101 2978 et
2131 2909 2229 2959 tria
2259 2908 2420 2961 millia
2467 2909 2779 2961 saltatricum
2814 2926 2874 2962 ne
2905 2912 3223 2978 interpellata
3258 2916 3461 2977 quidem

1891 2989 2009 3027 cum
2037 2976 2224 3041 choris,
2253 2979 2554 3051 totidemque
2579 2990 2902 3051 remanerent
2931 2976 3206 3051 magistris.
3234 2976 3298 3034 Et
3320 2986 3457 3051 licet,

1890 3060 2188 3125 quocunque
2213 3049 2386 3101 oculos
2414 3050 2632 3125 flexeris,
2665 3049 2877 3125 feminas
2902 3049 3096 3116 affatim
3129 3054 3311 3106 multas
3345 3049 3458 3125 spe-

1893 3124 2031 3188 ctare
2054 3118 2294 3188 cirratas,
2339 3118 2540 3186 quibus,
2583 3120 2625 3170 si
2677 3120 2988 3187 nupsissent,
3021 3137 3111 3188 per
3154 3118 3460 3178 retatem'ter

1794 3207 1796 3210 ν
1883 3187 1999 3262 jam
2050 3187 2200 3262 nixus
2231 3198 2424 3262 poterat
2472 3197 2734 3256 suppetere
2778 3187 3072 3254 liberorum,
3098 3192 3324 3262 adusque
3361 3204 3455 3248 tte-

1890 3256 2033 3329 dium
2061 3257 2271 3329 pedibus
2303 3260 2585 3324 pavimenta
2631 3268 2873 3322 terentes,
2913 3263 3106 3329 jactari
3154 3256 3456 3318 volubilibus

1888 3327 2058 3400 gyris,
2081 3328 2200 3400 dum
2227 3330 2518 3400 exprimunt
2566 3330 2832 3400 innumera
2875 3327 3172 3400 simulacra,
3198 3348 3310 3396 qua:
3353 3334 3454 3400 ﬁn-

1887 3412 2004 3451 xere
2031 3397 2218 3465 fabula:
2263 3397 2552 3453 theatrales.
2587 3397 2716 3463 Qua:
2759 3399 2934 3451 omnia
2968 3397 3460 3458 Prudentianaa'de-

1889 3467 2160 3540 scriptioni
2210 3468 2706 3540 luxuriacapprime
2731 3469 3072 3523 conveniunt.
3110 3470 3257 3540 Haud
3300 3472 3455 3540 equi-

1888 3535 2010 3606 dem
2039 3538 2363 3605 negaverim,
2401 3535 2634 3606 illo’ipso
2661 3549 2899 3601 tempore
2948 3539 3127 3592 luxum
3162 3539 3212 3592 in
3240 3535 3459 3598 Oriente

1889 3605 2144 3678 eﬁrenum
2177 3608 2336 3661 etiam
2384 3605 2569 3670 fuisse,
2607 3618 2661 3660 ut
2689 3607 2925 3675 arguitur
2957 3624 3019 3662 ex
3062 3608 3143 3662 his
3172 3609 3313 3663 vitiis
3341 3626 3461 3678 qua:

1887 3673 2296 3745 Chrysiistomus
2325 3678 2637 3746 gravissime
2666 3689 2718 3729 et
2755 3673 3164 3731 'cuncionatorio
3202 3673 3458 3746 stylo're-

1888 3747 2187 3814 prehendit.
2224 3747 2328 3802 Sed
2351 3749 2462 3800 sive
2491 3749 2787 3810 Antiochia,
2821 3749 2932 3799 sive
2961 3747 3453 3814 Constantinopolis

1887 3813 2072 3870 Roma!
2100 3817 2424 3881 conferatur,
2460 3832 2562 3869 n0n
2589 3817 2773 3870 dubito
2795 3818 2920 3884 quin
2954 3818 3120 3870 multo
3149 3813 3322 3884 majori
3342 3817 3456 3872 lue-

1886 3887 1959 3955 rit
1997 3886 2205 3940 licentia
2238 3898 2288 3940 et
2309 3888 2578 3955 c0rr;iptio
2623 3901 2830 3940 morum
2864 3887 3044 3941 Romae
3067 3901 3225 3955 quam
3254 3888 3307 3940 in
3335 3888 3455 3942 aliis

1887 3954 2120 4010 Orientis
2147 3957 2382 4010 urbibus.

1958 4027 2081 4081 511.
2135 4028 2412 4080 Cornelius
2453 4026 2665 4080 Tacitus
2704 4027 2894 4080 Annal.
2951 4026 3043 4080 lib.
3074 4043 3125 4081 xi
3171 4045 3181 4077 :
3217 4025 3460 4097 Infantia:

1888 4096 2023 4166 apud
2054 4098 2291 4166 prodigos
2322 4098 2593 4167 novissima
2621 4098 2858 4167 voluptas
2877 4105 2970 4149 est.

1959 4167 2081 4221 3H.
2108 4168 2348 4221 Secunda
2383 4170 2433 4219 in
2478 4166 2703 4221 delibuta
2733 4166 3044 4234 producitur
3091 4167 3160 4223 ob
3185 4170 3339 4224 tnctri
3363 4185 3458 4223 ne-

1889 4239 2210 4290 cessitatem.
2252 4237 2488 4290 Imitatus
2540 4248 2621 4290 est
2649 4237 2896 4290 Galterus
2945 4238 3038 4291 lib.
3070 4254 3098 4290 v
3133 4238 3287 4292 Alex.
3318 4255 3458 4294 vers.

1887 4305 2036 4378 2187:
2069 4308 2320 4376 Sanieque
2371 4309 2555 4360 recenti
2605 4306 2850 4378 Delibuta
2875 4323 3065 4362 comas.
3113 4308 3258 4362 Rott.
3293 4311 3458 4378 prior,

1891 4375 2064 4430 Oculos
2094 4375 2242 4446 vaga,
2295 4378 2542 4446 languida
2592 4392 2778 4440 uocem,
2813 4375 3002 4431 Graeco
3033 4393 3199 4439 more.
3251 4375 3308 4432 ut
3334 4380 3466 4432 deli-

217 4453 309 4503 bus
338 4423 722 4510 continttissetil,
754 4423 1010 4518 nuitquam
1035 4423 1248 4518 fortasse
1277 4423 1366 4502 no’s
1390 4447 1558 4514 Belga:
1585 4423 1785 4500 tandem
1812 4423 1864 4484 D
1890 4445 2008 4501 bula
2035 4423 2423 4503 CONII:§.,NtJSl:l
2452 4462 2638 4502 omnes
2664 4423 2782 4500 cuni
2813 4447 2954 4511 aliis,
2987 4450 3146 4500 oculis
3177 4423 3322 4518 baga,
3347 4451 3463 4502 lan-

219 4537 248 4573 a
267 4518 378 4572 Iul.
399 4521 602 4573 Cwsare
628 4520 769 4572 nobis
793 4522 1028 4572 tributam
1049 4519 1405 4571 amisissemus.
1435 4518 1616 4583 Recte,
1646 4518 1787 4587 quod

220 4591 404 4659 Belgas
438 4591 648 4643 laudem
670 4599 903 4644 veterem
925 4590 1166 4642 amisisse
1194 4590 1413 4652 fatetur;
1439 4589 1578 4656 quod
1612 4599 1786 4642 autem

222 4674 432 4714 causam
477 4663 532 4714 in
561 4661 819 4727 Hispanos
850 4659 1087 4726 conjicit,
1119 4661 1340 4712 fortasse
1368 4675 1506 4711 nunc
1545 4668 1785 4726 negaret,

223 4731 465 4798 antiquos
487 4732 732 4784 dominos
757 4730 1013 4798 llispauos
1048 4733 1115 4782 ah
1147 4727 1228 4782 his
1259 4730 1466 4797 populis
1504 4729 1704 4782 laudari
1736 4738 1790 4784 et

225 4799 516 4854 desiderari
561 4803 871 4854 observans.
906 4798 1032 4853 Illud
1087 4814 1213 4852 vero
1241 4798 1478 4853 Giselino
1503 4800 1786 4862 assentior,

222 4882 432 4938 poetam
460 4871 639 4937 potius
668 4873 963 4934 resnexisse
1006 4877 1171 4922 totum
1198 4868 1564 4933 Occidentem,
1600 4879 1788 4934 quate-

221 4953 316 4994 nus
341 4957 406 4994 ea
437 4939 620 4992 tnundi
652 4956 772 5003 pars
805 4941 871 4993 ab
909 4939 1160 4993 Orientali
1187 4939 1543 5006 distinguitur.
1580 4938 1787 4991 Etenim

223 5018 278 5062 ut
305 5010 470 5064 tradit
491 5010 759 5077 Sulpicius
782 5013 832 5062 in
863 5009 972 5061 Vita
997 5010 1054 5064 S.
1081 5010 1314 5070 Martini,
1351 5010 1512 5062 luxus
1546 5008 1792 5061 immodi-

223 5092 312 5148 cus
337 5081 388 5133 in
413 5081 704 5134 Occidente
720 5080 885 5148 magis
901 5093 1057 5147 quam
1086 5079 1134 5133 in
1159 5077 1374 5134 Oriente
1395 5077 1785 5133 dominabatur.

223 5146 278 5202 In
317 5151 626 5204 Occidentis
673 5146 932 5204 vocabulo
956 5150 1223 5203 diabolum
1275 5149 1561 5217 signiﬁcari
1613 5150 1790 5216 plures

223 5219 434 5274 docent.
458 5219 565 5274 Sed
607 5235 732 5284 cum
761 5219 1039 5288 imperium
1069 5218 1363 5274 Romanum
1404 5219 1631 5273 divisum
1667 5228 1792 5272 tunc

172 5339 179 5352 ,
226 5300 383 5354 esset,
411 5302 466 5344 et
492 5291 727 5345 Orientis
755 5301 807 5344 et
827 5289 1128 5344 Occidentis
1151 5289 1349 5342 mentio
1381 5291 1577 5358 passim
1601 5303 1788 5343 occur-

227 5361 761 5430 r_eret,probahilius
800 5369 882 5413 est
926 5359 1268 5412 Prudentium
1298 5359 1593 5430 intelligere
1619 5360 1786 5427 impe-

227 5427 363 5482 rium
388 5429 759 5492 Occidentale,
805 5440 857 5484 et
890 5432 1151 5496 praecipue
1188 5430 1302 5496 ejus
1331 5427 1492 5498 capui
1538 5430 1788 5494 Romam,

229 5499 313 5568 ubi
344 5513 406 5552 eo
451 5511 690 5568 tempore
724 5500 912 5568 insigni
939 5517 996 5553 er
1024 5498 1404 5554 ellervescehat
1442 5500 1682 5564 luxurii,
1734 5509 1789 5554 ut

231 5566 342 5623 fuse
368 5579 549 5623 narrat
567 5566 880 5626 Ammianus
896 5569 1256 5634 Marcellinus,
1282 5571 1371 5639 qui
1393 5571 1529 5626 inter
1552 5571 1652 5626 alia
1677 5570 1744 5623 ait
1771 5588 1783 5625 :

231 5639 329 5689 Alii
375 5655 630 5692 sumntum
677 5645 825 5693 decus
853 5641 904 5692 in
933 5641 1156 5692 carrucis
1204 5640 1351 5693 solito
1398 5642 1694 5702 altioribus,
1741 5651 1788 5695 et

234 5707 493 5763 mbitioso
517 5711 731 5764 vestium
759 5711 898 5762 cultu
921 5718 1188 5773 ponentes,
1215 5710 1401 5764 sudant
1429 5713 1519 5764 sub
1544 5711 1782 5779 ponderi-

1891 4519 2045 4588 guida
2077 4535 2210 4579 voce,
2243 4531 2465 4586 excepto
2487 4519 2810 4581 Cauchianti,
2839 4521 2926 4585 qui
2955 4519 3079 4570 illud
3108 4518 3456 4588 prius_habet.
3527 4572 3529 4575 .

1893 4585 2140 4642 Heinsius
2165 4589 2329 4642 edidit
2371 4585 2636 4641 oculos....
2662 4603 2861 4647 vocem;
2907 4588 3075 4640 ser-uti
3105 4585 3455 4651 suntCham.,

1894 4656 2052 4720 Gall.,
2096 4667 2148 4711 ot
2172 4659 2321 4711 Teol.
2371 4659 2616 4710 Barthius
2643 4673 2760 4709 cum
2803 4655 3091 4710 Prudentio
3127 4657 3331 4709 confert
3361 4658 3454 4709 lla-

1892 4729 2148 4782 cliiarium
2202 4739 2462 4786 nostrum,
2519 4743 2606 4793 qui
2649 4728 2832 4779 Oculos
2863 4727 3091 4780 hominis
3141 4725 3271 4792 lapsi
3303 4741 3454 4794 vagos

1893 4797 2039 4861 dicit,
2066 4797 2324 4849 luxuriam
2352 4804 2404 4848 et
2427 4796 2694 4848 libidinem
2728 4796 3025 4850 indicando.

1963 4866 2081 4920 515.
2113 4867 2324 4930 Vienn.,
2353 4866 2519 4929 edita;
2577 4866 2764 4920 melius
2796 4868 3013 4932 perdita.
3050 4865 3242 4920 Boher.
3290 4868 3458 4933 prior,

1893 4953 2014 4990 cura
2068 4952 2162 5004 pro
2209 4952 2361 4986 causa
2422 4951 2595 4987 minus
2647 4938 2799 4988 bene.
2843 4935 3055 4988 Vivendi
3085 4952 3237 4989 causa
3290 4939 3464 4991 solent

1893 5007 1996 5060 dici
2025 5009 2267 5077 virtutes.
2312 5005 2583 5077 Juvenalis
2621 5014 2796 5074 satyro
2837 5006 2891 5070 8,
2927 5020 3075 5077 fers.
3104 5008 3210 5060 διε
3247 5006 3310 5058 Et
3338 5023 3460 5077 pro-

1893 5085 2002 5146 pter
2028 5077 2176 5129 vitam
2221 5074 2413 5129 vivendi
2463 5075 2668 5141 perdere
2696 5091 2898 5146 causas.
2926 5074 3149 5130 Ratione
3197 5074 3462 5132 contraria

1896 5147 2180 5201 luxuriosis
2201 5146 2320 5198 vita:
2345 5159 2502 5198 causa
2528 5156 2610 5198 est
2641 5145 2902 5213 voluptas.

1965 5216 2089 5271 514.
2132 5217 2344 5271 Persius
2381 5226 2556 5285 satyra
2591 5216 2640 5280 1,
2670 5230 2808 5269 vers.
2836 5216 2961 5280 104,
2994 5217 3209 5270 Summa
3237 5217 3470 5270 delumbe

1896 5288 2075 5411 zelira.
2128 5286 2325 5341 Auctor
2377 5284 2570 5354 dialogi
2624 5285 2689 5340 dc
2734 5284 2961 5341 Oratore
2999 5289 3273 5356 usurpavit
3312 5285 3470 5339 elum-

1927 5375 1993 5411 is.

1927 5375 1993 5412 ιε.

1966 5429 2091 5484 515.
2144 5427 2376 5482 Verbum
2430 5425 2692 5489 solemne,
2738 5441 2856 5496 cum
2899 5426 2984 5496 de
3015 5425 3469 5496 luxuriaiagitur,

1900 5499 2202 5554 FRANGERE.
2244 5496 2377 5551 Vide
2426 5511 2544 5564 qua:
2592 5506 2738 5549 notat
2789 5495 3145 5550 Gelliolredus
3191 5495 3260 5552 ad
3310 5495 3471 5550 verba

1899 5586 2094 5625 FRACTA
2126 5567 2346 5622 molliter
2375 5565 2515 5637 plebe
2535 5605 2550 5629 ,
2582 5566 2702 5636 cod.
2735 5565 2943 5622 Theod.
2987 5566 3078 5621 lib.
3106 5582 3156 5622 vt
3187 5566 3253 5621 ad
3302 5568 3471 5637 legem

1898 5641 2087 5696 Iuliam
2111 5639 2177 5693 de
2206 5637 2460 5692 adulteris
2485 5644 2763 5706 ex‘noslro
2795 5647 2951 5706 poeta
2981 5646 3034 5693 et
3059 5637 3196 5692 aliis.

1968 5711 2092 5768 516.
2127 5709 2270 5775 Rat.,
2299 5707 2457 5775 Man,
2499 5704 2724 5775 Weitz.,
2759 5704 2938 5778 Alex.,
2967 5722 3026 5763 ac
3069 5718 3210 5768 tunc.
3257 5708 3402 5776 Ald.,
3432 5715 3480 5763 et
