3960 6312
557 284 617 342 ιτ
1623 282 1897 344 AURELII
1936 280 2303 343 PRUDENTII
2345 286 2673 343 CARMINA.
3748 288 3809 347 £8

730 393 843 451 Sub
867 394 1041 450 lucem
1070 393 1191 464 quia
1217 393 1357 450 forte
1377 393 1559 463 jacens
1585 395 1651 449 ad
1677 396 1901 463 fercula,
1934 412 2126 456 raucos
2151 403 2209 463 Α

731 485 989 542 Audierat
1018 485 1196 552 lituos,
1225 494 1383 556 atque
1410 485 1533 542 inde
1560 488 1790 557 tepentia
1816 488 2061 560 linquens

731 578 952 643 Pocula,
976 577 1201 647 lapsanti
1230 593 1323 646 per
1344 578 1486 647 vina,
1515 588 1569 633 et
1591 578 1824 634 balsama
1852 596 2059 652 gressu,

727 668 885 725 Ebria
913 668 1131 723 calcatis
1155 669 1443 725 ad.bellum
1473 669 1694 726 ﬂoribus
1716 672 1844 726 ibat.

726 759 843 815 Non
892 768 1066 815 tamen
1115 758 1204 813 illa
1246 756 1439 828 pedes,
1489 760 1582 816 sed
1611 776 1771 817 curru
1802 762 2011 817 invecta
2042 776 2133 820 ve-

1884 856 2061 925 [nusto

723 942 915 999 Saucia
944 944 1232 998 mirantum
1260 944 1506 1014 capiebat
1534 944 1696 999 corda
1727 944 1983 999 virorum.

722 1037 766 1093 0
789 1053 925 1092 nova
950 1036 1212 1107 pugnandi
1244 1038 1477 1107 species!
1517 1052 1625 1092 non
1651 1037 1761 1091 ales
1788 1036 1990 1091 arundo

717 1130 876 1200 617
904 1127 1078 1184 Nervo
1124 1128 1275 1199 pulsa
1321 1128 1475 1199 fugit,
1528 1144 1627 1184 nec
1672 1128 1896 1184 stridula
1944 1127 2129 1181 lancea

1890 1218 2059 1290 [torto

542 1311 647 1369 525
723 1312 929 1369 Emicat
956 1322 1195 1377 amento,
1228 1312 1485 1368 frameam
1505 1325 1604 1367 nec
1635 1310 1823 1366 dextra
1855 1311 2125 1366 minatur:

719 1402 826 1459 Sed
854 1404 1022 1459 vrolas
1052 1403 1247 1458 lasciva
1278 1401 1427 1471 iacit,
1460 1402 1709 1472 foliisque
1736 1414 1982 1455 rosarum

721 1496 968 1565 Dimicat,
999 1506 1051 1550 et
1081 1496 1320 1550 calathos
1352 1496 1565 1550 inimica
1588 1510 1684 1564 per
1705 1494 1916 1564 agmina
1934 1491 2124 1549 fundit.

717 1592 863 1657 Inde,
897 1590 1182 1647 eblanditis
1212 1591 1495 1645 virtutibus
1516 1630 1530 1654 ,
1564 1588 1758 1643 halitus
1791 1588 1913 1642 illex

720 1681 951 1752 Inspirat
982 1694 1223 1737 tenerum
1270 1680 1531 1736 labefacta
1563 1695 1659 1749 per
1686 1695 1807 1734 ossa
1829 1694 2123 1744 venenum;

549 670 653 728 520

502 1760 507 1763 ’
538 1772 643 1829 550
718 1773 784 1829 Et
810 1778 949 1829 male
977 1772 1145 1829 dulcis
1199 1772 1542 1828 odor’domat
1566 1786 1690 1835 ora,
1725 1781 1778 1825 et
1810 1778 2041 1841 pectora,
2075 1778 2127 1825 et
2157 1779 2205 1841 Β

1845 1864 2010 1933 [arma
2029 1905 2042 1929 ,

712 1957 1070 2026 Ferratosque
1098 1965 1243 2009 toros
1270 1955 1442 2009 obliso
1473 1954 1667 2009 robore
1690 1954 1901 2008 mulcet.

712 2046 974 2117 Dejiciunt
995 2047 1221 2113 animos,
1254 2060 1351 2101 ceu
1382 2044 1529 2114 victi,
1559 2054 1614 2100 et
1642 2044 1841 2114 spicula
1874 2051 2077 2112 ponunt

2411 399 2660 470 Turpiter
2681 438 2695 464 ,
2740 398 2877 454 heu!
2911 396 3115 455 dextris
3149 397 3526 470 languentibus
3552 398 3802 471 obstupe-

3575 491 3717 565 [facti
3732 534 3748 560 ,

2417 582 2551 637 Dum
2579 597 2794 637 currum
2827 582 2973 637 varia
2995 595 3330 653 gemmarum
3355 580 3475 637 luce
3500 581 3775 643 micantem

2417 674 2695 739 Mirantur,
2728 672 2853 728 dum
2884 674 3173 729 bracteolis
3198 676 3519 745 crepitantia
3545 675 3676 743 lora,

2416 766 2483 821 Et
2513 767 2687 822 solido
2715 782 2781 822 ex
2813 781 2944 821 auro
2968 768 3185 834 pretiosi
3214 767 3469 838 ponderis
3497 783 3650 823 axem

2410 858 2577 928 διε
2606 856 2805 913 Dellxis
2835 857 3043 913 inhiant
3066 859 3341 913 obtutibus
3360 902 3375 928 ,
3402 869 3455 914 et
3482 860 3745 914 radiorum

2415 954 2650 1018 Argento
2675 948 2942 1004 albentem
2968 947 3201 1017 seriem,
3239 965 3401 1020 quam
3439 966 3648 1005 summa
3677 959 3805 1004 rota-

2397 1091 2405 1099 .
3612 1040 3744 1112 [rum

2414 1132 2648 1188 Flexura
2676 1135 2859 1190 electri
2890 1135 3139 1204 pallentis
3159 1135 3399 1190 continet
3428 1135 3582 1190 orbe.

2235 1220 2338 1279 540
2411 1225 2477 1279 Et
2500 1225 2611 1293 jam
2636 1237 2826 1281 cuncta
2848 1226 2990 1282 acies
3012 1225 3066 1280 in
3099 1226 3386 1281 deditionis
3415 1240 3655 1281 amorem

2411 1317 2613 1388 Sponte
2642 1333 2738 1373 sua
2769 1320 2937 1373 versis
2966 1319 3230 1373 transibat
3258 1317 3461 1389 perfida
3485 1304 3675 1389 signis,

2414 1410 2662 1465 Luxuria:
2691 1410 2895 1465 servire
2924 1410 3133 1477 volens,
3164 1410 3503 1481 dominaeque
3535 1407 3747 1465 ﬂuentis

2410 1501 2537 1557 Iura
2570 1501 2697 1572 pati,
2729 1509 2784 1556 et
2810 1499 2927 1556 laxa
2950 1515 3241 1571 ganearum
3271 1503 3388 1571 lege
3412 1500 3605 1556 teneri.

2410 1596 2670 1666 Ingemuit
2695 1604 2801 1650 tam
2830 1595 2983 1650 triste
3006 1592 3157 1649 nefas
3184 1594 3473 1650 fortissima
3494 1594 3668 1649 virtus

2232 1688 2340 1745 545
2413 1688 2713 1754 Sobrietas,
2741 1686 2932 1743 dextro
2960 1688 3138 1742 socios
3168 1685 3433 1742 decedere
3458 1700 3651 1752 cornu,

2417 1780 2777 1851 Invictumque
2816 1793 3033 1833 manum
3082 1778 3351 1849 quondam
3391 1778 3510 1834 sine
3540 1776 3688 1833 caede
3723 1789 3808 1847 pe-

3352 1908 3355 1915 -
3592 1886 3601 1927 I
3624 1886 3747 1927 I'll'e.

3068 1892 3073 1899 ’
3352 1908 3355 1915 ι
3654 1891 3666 1925 I
3732 1910 3747 1924 .

2409 1946 2677 2001 Vexillum
2708 1946 2937 2001 sublime
2958 1943 3154 2011 crucis,
3177 1943 3319 2014 quod
3344 1945 3395 1999 in
3414 1872 3809 2014 θεειιίηὲΐὶξίωο

2412 2038 2525 2093 Dux
2558 2039 2696 2093 bona
2720 2037 3048 2108 praetulerat,
3071 2035 3246 2092 deﬁxa
3268 2034 3492 2106 cuspide
3518 2034 3685 2105 sistit,

2238 674 2342 730 555

1844 2153 2127 2210 GLOSSE
2167 2150 2505 2208 VETERES.

601 2278 725 2332 517.
760 2278 870 2333 Sub
925 2278 1119 2337 lucem,
1174 2289 1329 2341 usque
1358 2273 1423 2323 ad
1470 2274 1652 2325 lucem.
1687 2300 1755 2309 —-
1785 2269 1998 2337 Jacens,
2041 2284 2119 2322 se-

532 2350 674 2402 dens.
704 2378 773 2387 —
796 2348 1036 2411 Fercula,
1072 2344 1304 2405 lectulos,
1335 2344 1375 2394 I.

602 2420 730 2472 519.
761 2418 1032 2485 LapSauti,
1067 2413 1285 2467 nutanti.
1314 2440 1381 2449 —
1412 2411 1683 2485 Balsama,
1714 2411 1941 2485 balsamo
1964 2418 2118 2463 uncta

533 2501 668 2569 erat,
700 2490 819 2569 quia
843 2482 1018 2539 odoris
1048 2486 1213 2553 gratia
1257 2498 1436 2551 sparsa
1480 2482 1575 2550 fuit
1606 2483 1785 2535 domus
1817 2482 2041 2535 balsamo
2067 2491 2117 2534 et

529 2559 766 2629 ﬂoribus,
791 2559 831 2611 1.
1094 2583 1099 2589 ’

601 2629 727 2684 521.
762 2626 954 2690 Pedes,
990 2626 1257 2694 pedestris,
1292 2627 1329 2678 I.

602 2700 724 2755 522.
758 2699 1035 2766 Capiebat,
1069 2696 1370 2766 decipiebat,
1402 2695 1439 2748 Ι.

601 2769 723 2825 525.
753 2770 797 2825 Ο
827 2784 987 2833 nova,
1019 2765 1227 2821 luxuria
1270 2766 1628 2819 blandimentis
1666 2766 1876 2819 virtutes
1903 2765 2112 2834 decipit.

530 2871 600 2883 —
625 2844 753 2895 Ales
783 2840 1012 2905 arundo,
1050 2838 1194 2890 velox
1224 2845 1431 2907 sagitta,
1460 2852 1491 2887 a
1515 2837 1834 2903 rectitudine,
1861 2835 1903 2891 l.

600 2912 727 2967 525.
762 2911 988 2976 Emicat,
1022 2910 1212 2968 exsilit,
1249 2911 1289 2962 I.

601 2982 723 3037 527.
755 2981 1025 3043 Calatlms,
1056 2985 1229 3051 plenos
1260 2997 1495 3033 rosarum
1519 2979 1733 3051 spargit,
1768 2978 1804 3031 l.

605 3056 725 3109 528.
758 3052 987 3115 Halitus,
1022 3047 1249 3119 spiritus.
1278 3080 1347 3089 —
1381 3051 1505 3105 lllex
1530 3047 1661 3113 ,illi.
1681 3050 1751 3119 ita
1776 3064 2042 3119 peragens,
2068 3047 2106 3099 I.

606 3124 725 3179 551.
759 3118 1133 3189 Ferratusque,
1167 3120 1299 3174 colla
1329 3118 1845 3181 loricata.-——T0ros,
1879 3118 2109 3183 brachia,

528 3195 603 3249 vel
632 3197 906 3249 densitates
936 3191 1543 3249 brachiorum.—0bliso
1572 3191 1783 3254 robore,
1815 3194 1981 3258 fracta
2002 3192 2114 3256 for-

559 3268 761 3317 Ftudine.
792 3265 831 3317 Ι.

560 3274 565 3275 ⁷
626 3274 675 3317 dt
817 3302 831 3315 .

526 3274 861 3391 ‘Iu55gf’tlleu
892 3334 1037 3400 victi,
1070 3334 1162 3386 viri
1190 3333 1401 3403 dejectis
1429 3333 1609 3399 armis,
1652 3338 1927 3399 sequuntur
1959 3328 2113 3381 luxu-

2230 2267 2383 2329 riam,
2419 2264 2458 2318 I.
2548 2304 2561 2318 .

2298 2338 2424 2390 554.
2448 2335 2697 2399 Currum,
2733 2333 2974 2399 luxuriae,
3003 2332 3039 2384 I.

2296 2408 2422 2461 555.
2458 2404 2773 2467 Bractenlis,
2806 2404 3033 2464 laminis,
3064 2401 3140 2455 vel
3174 2401 3298 2469 ﬁlis,
3334 2399 3372 2453 1.

2298 2478 2422 2531 540.
2459 2475 2525 2529 Ει
2548 2476 2681 2545 jam,
2716 2483 2898 2527 cuncta
2933 2474 3076 2545 {acies
3120 2476 3274 2526 versis
3309 2472 3466 2545 signis
3492 2473 3565 2545 ad
3592 2474 3809 2545 deditio.

2224 2564 2337 2602 nem
2362 2543 2564 2601 transit;
2592 2576 2657 2585 --
2686 2544 2999 2610 Deditionis,
3024 2547 3287 2613 potestatis
3318 2543 3566 2610 avaritia,
3602 2544 3707 2599 lso.

2298 2618 2422 2673 541.
2455 2617 2653 2683 Versis,
2689 2617 2882 2683 positis,
2918 2616 3023 2668 Isu.

2297 2690 2419 2743 5l5.
2451 2688 2753 2743 Ginearum
2777 2728 2791 2750 ,
2824 2695 3105 2739 scortorum
3143 2688 3218 2739 vel
3262 2694 3563 2752 cantorum,
3619 2686 3808 2741 helluo.

2224 2778 2349 2815 num
2380 2760 2454 2815 vel
2479 2761 2796 2831 gulosorum,

2295 2833 2419 2886 544.
2446 2827 2723 2899 Ingemuit,
2756 2827 3000 2881 sobrietas
3024 2828 3251 2899 increpat
3280 2830 3435 2891 acies,
3454 2828 3697 2899 _suadens
3720 2830 3807 2893 eis,

2226 2919 2288 2957 ne
2318 2897 2592 2973 sequanlur
2624 2901 2902 2973 luxuriam.
2932 2928 3001 2973 7—
3024 2898 3228 2973 Virtus,
3258 2899 3419 2973 virgo,
3454 2897 3493 2950 I.

2299 2969 2425 3027 545.
2451 2974 2651 3037 Cornu,
2686 2972 2749 3024 de
2776 2971 2998 3023 exercitu
3026 2970 3336 3031 sobrietatis,
3374 2969 3411 3022 I.

2299 3044 2422 3098 546.
2463 3043 2700 3105 Manum,
2750 3042 3147 3094 multitudinem.
3189 3071 3255 3080 —
3287 3040 3414 3095 Sine
3442 3038 3592 3095 ccede
3619 3041 3805 3111 perire,

2223 3117 2329 3170 sine
2356 3130 2524 3185 pugna
2549 3114 2807 3175 decedere,
2840 3112 2876 3165 1.

2298 3183 2704 3253 547ᾙΑςιιιίηυ.
2737 3183 3005 3253 exercitus.
3044 3183 3150 3239 lso.

2300 3257 2424 3313 548.
2460 3252 2593 3320 Dux,
2619 3255 2882 3319 sobrietas,
2919 3252 2957 3306 1.
3028 3275 3034 3279 <

1908 3434 2473 3496 COMMENTARIUS.

527 3573 669 3617 tunc.
718 3561 933 3623 Vienn.,
966 3559 1153 3623 Gisel.,
1209 3560 1349 3626 PaL,
1392 3569 1441 3613 at
1473 3571 1613 3613 tunc.
1665 3558 1935 3614 llcinsiaui
1981 3572 2101 3613 cum
2133 3554 2180 3618 C
2212 3554 2321 3607 dita
2338 3553 2511 3626 corda.

526 3633 724 3687 nostris
754 3632 955 3685 faciunt
984 3647 1043 3683 ac
1072 3640 1215 3685 tunc.

590 3704 715 3758 521.
742 3702 957 3767 Vieun.,
990 3718 1080 3754 nec
1103 3714 1291 3765 tamen,

597 3775 721 3829 5‘25.
756 3773 934 3843 Egm.,
963 3773 1093 3835 alis;
1120 3775 1242 3842 lege
1272 3775 1395 3826 ales.

588 3845 715 3900 524.
749 3841 888 3913 Aug.
919 3844 1093 3898 tniuus
1153 3841 1289 3897 bene
1336 3858 1485 3896 nervo
1518 3845 1667 3910 pulsa
1719 3842 1836 3910 fuit.
1866 3841 2002 3913 JPut.
2053 3857 2106 3900 et

515 3915 672 3986 Egm.
703 3932 731 3968 a
780 3911 938 3968 manu
982 3916 1148 3983 prima
1184 3930 1390 3967 nervum
1420 3917 1592 3986 pulsa
1649 3913 1800 3981 fugit.
1835 3911 2109 3986 _Heiusius

515 3983 819 4050 su'snicatur
863 4000 1012 4037 nervo
1065 3986 1286 4052 impulsa
1317 3985 1468 4053 fugit,
1518 3985 1660 4052 quod
1707 3983 1981 4049 amplexus
2026 3996 2109 4040 est

513 4057 795 4109 Cellarius.
854 4055 967 4107 Non
1038 4056 1354 4108 mutaverim
1431 4056 1714 4107 lectonem
1768 4069 2104 4110 communem

514 4142 667 4179 nervo
698 4125 845 4195 pulsa
870 4129 998 4193 fugit
1047 4125 1095 4175 in
1134 4126 1307 4195 Alex.,
1338 4124 1482 4195 γεω.
1512 4126 1573 4187 (3,
1609 4125 1681 4195 D,
1707 4121 1771 4187 G,
1808 4124 1865 4195 I.,
1899 4127 1963 4185 Ο,
1996 4127 2099 4195 ΒΒ,

512 4196 671 4260 Man,
707 4194 850 4256 Rat.,
889 4195 1103 4257 Vietiu.,
1134 4194 1280 4261 Ald.,
1315 4203 1368 4249 et
1390 4193 1526 4247 aliis.
1556 4195 1610 4246 In
1647 4193 1764 4246 Vat.
1810 4194 1851 4246 ll
1880 4205 1962 4248 est
1989 4193 2102 4250 ner-

508 4281 627 4319 vum
652 4264 801 4330 pulsa
826 4264 980 4332 fugit.

583 4335 708 4391 525.
738 4332 887 4399 Ald.,
924 4332 1059 4400 Gis.,
1106 4334 1290 4398 Fabr.,
1321 4333 1440 4387 Vat.
1470 4334 1534 4397 G,
1573 4336 1789 4403 framea.
1821 4335 1875 4388 In
1908 4336 2027 4391 Vat.
2058 4339 2097 4394 C

507 4406 848 4462 desideratur
898 4406 982 4458 hic
1014 4420 1217 4476 versus.
1254 4405 1307 4457 In
1359 4405 1477 4459 aliis
1506 4414 1559 4458 et
1590 4408 1640 4458 in
1677 4406 1919 4474 margine
1957 4407 2096 4476 Gis.,

504 4478 783 4549 frameam.
805 4476 1018 4529 Amenta
1050 4492 1115 4529 ex
1148 4474 1307 4549 Festo
1338 4486 1461 4528 sunt
1490 4476 1695 4544 quibus,
1730 4486 1784 4528 ut
1817 4478 1951 4549 mitti
1980 4474 2099 4547 pos;

501 4548 626 4613 sint,
657 4548 1156 4618 vinciunturjacula.
1196 4548 1327 4599 llinc
1356 4558 1615 4601 antentare
1639 4549 1779 4616 apud
1821 4548 2093 4604 Lucanum

505 4630 561 4676 et
591 4621 907 4674 Martialium
935 4618 1204 4687 Capellam
1236 4618 1516 4686 reperitur.
1630 4638 1635 4639 ί

570 4690 693 4760 527.
727 4689 870 4754 Rat.,
896 4706 985 4760 per
1001 4690 1207 4760 agmina
1238 4689 1389 4758 fui/il.

574 4759 695 4815 538.
730 4759 966 4825 Erfurt.,
1009 4761 1128 4813 inde
1156 4759 1418 4813 blanditia.
1452 4762 1609 4825 Ang.,
1646 4759 1766 4813 inde
1796 4759 2087 4815 eblanditis.

499 4830 808 4902 Legendum
839 4832 958 4884 inde
988 4830 1275 4883 eblanditis.
1308 4831 1408 4902 Alii
1445 4832 1603 4894 inlex,
1639 4832 1727 4884 alii
1784 4832 1906 4885 illex
1956 4832 2092 4886 seri-

498 4899 652 4956 buut.
688 4901 826 4955 Illea:
868 4903 935 4956 ab
981 4901 1259 4963 illiciendo,
1292 4899 1426 4965 illim,
1457 4912 1548 4954 aut
1578 4904 1732 4967 inlex,
1783 4917 1811 4955 a
1861 4917 1971 4972 quo
2000 4903 2083 4959 lex

495 4987 603 5027 non
636 4981 901 5039 servatur,
935 4976 1074 5042 quod
1096 4974 1208 5026 vult
1239 4972 1339 5026 Iso.

568 5042 692 5098 551.
729 5044 873 5102 Ald..
901 5045 1075 5105 oblito,
1108 5044 1282 5097 minus
1306 5042 1461 5106 bene,
1496 5057 1593 5111 pro
1624 5042 1802 5096 obliso.
1836 5044 1942 5098 Nec
1963 5061 2077 5099 me-

493 5113 809 5166 littS'choros
840 5115 974 5167 alter
1006 5113 1151 5167 Rott.
1181 5129 1302 5167 cum
1335 5113 1542 5167 Bonou.
1592 5129 1691 5181 pro
1722 5122 1859 5167 toros
1892 5130 1910 5167 :
1954 5129 2076 5170 nam

491 5184 637 5249 quod
669 5186 717 5237 in
752 5184 1069 5252 quibusdam
1100 5200 1229 5237 mss.
1250 5194 1500 5238 exuratur
1526 5184 1721 5248 tlioros,
1757 5186 1827 5238 uil
1872 5200 2070 5241 moror.

490 5253 604 5307 Gis.
650 5270 755 5310 nan
800 5255 1017 5309 omnino
1074 5254 1251 5322 rejicit
1298 5255 1475 5319 oblito,
1526 5263 1581 5307 ut
1610 5256 1748 5319 apud
1797 5256 2071 5323 Virgilium

487 5325 659 5395 eclog.
706 5327 758 5389 9,
796 5324 950 5378 Nunc
999 5325 1155 5378 oblita
1201 5327 1324 5377 mitti
1367 5335 1436 5377 tat
1474 5326 1721 5377 carmina.
1760 5326 1883 5379 Post
1932 5327 2072 5383 hunc

487 5409 700 5465 versum
734 5400 785 5449 in
818 5396 1033 5462 Vieuu.,
1083 5395 1296 5465 Auget,
1331 5395 1470 5449 Vatt.
1504 5395 1566 5459 C,
1602 5396 1660 5459 L,
1693 5396 1776 5449 BB
1822 5398 2070 5465 leguntur

483 5464 540 5521 hi
571 5467 675 5521 duo
702 5483 889 5522 versus
913 5484 927 5519 :
959 5464 1188 5520 Luxuria
1216 5468 1313 5520 huc
1352 5468 1509 5519 violas
1536 5484 1687 5519 curru
1714 5464 1893 5519 delata,
1912 5484 2066 5521 renu-

480 5548 562 5609 s_to
585 5534 686 5591 Per
713 5540 929 5609 populos
943 5540 1088 5609 jucit,
1118 5550 1169 5590 ut
1202 5541 1335 5591 mala
1362 5540 1568 5591 credula
1599 5541 1753 5591 corda
1786 5549 2060 5609 tepescant.

481 5607 751 5678 §i>elinus
795 5607 1010 5663 eosdem
1066 5612 1340 5664 invenerat
1386 5609 1437 5662 in
1482 5611 1708 5678 quodam
1768 5607 1890 5663 cod.
1954 5626 2057 5663 ms.

481 5674 750 5733 Theodori
784 5680 1151 5745 Pulmanui,ct
1172 5684 1338 5735 altero
1372 5674 1666 5734 Daveutria:
1693 5695 1920 5746 excuso,
1962 5682 2057 5735 sed

480 5746 688 5806 effictos
730 5764 877 5809 recte
907 5751 1249 5809 existimavit.
1285 5752 1554 5809 Gisezinus
1610 5765 1739 5808 vero
1787 5753 1920 5823 legit
1945 5767 2056 5807 cre-

2293 3626 2414 3679 552.
2443 3623 2568 3683 Alii,
2602 3621 2862 3686 deiciunt;
2890 3619 3002 3683 alii,
3032 3620 3299 3691 dejiciunt.

2288 3696 2414 3751 555.
2448 3695 2727 3747 Bracteolis
2759 3692 2986 3757 scribas,
3018 3706 3084 3744 au
3110 3692 3400 3760 bratteolis,
3432 3695 3798 3749 controversia

2216 3765 2628 3834 ortliograpbica
2662 3772 2763 3819 est.

2286 3840 2413 3893 557.
2442 3836 2655 3901 Vieun.,
2698 3838 2820 3887 dum
2844 3834 2961 3902 ﬁxis
2983 3833 3203 3887 inhiant.

2287 3910 2411 3964 558.
2436 3907 2631 3973 Palat.,
2657 3905 2827 3975 quem,
2848 3904 3051 3958 scilicet
3066 3918 3240 3958 axem.
3264 3903 3389 3973 Alii,
3410 3922 3586 3974 quam,
3610 3921 3798 3976 nempe

2213 3995 2428 4036 seriem.

2284 4053 2406 4107 559.
2442 4051 2651 4113 Vienn.,
2680 4050 2867 4111 orbem,
2901 4060 3006 4099 non
3030 4046 3187 4101 bene.

2283 4123 2407 4177 5H.
2432 4121 2486 4175 lu
2510 4123 2828 4192 quibusdam
2856 4118 3025 4187 vulg.,
3052 4119 3252 4187 perdita
3280 4131 3375 4187 pro
3397 4117 3634 4186 perﬁda;
3657 4118 3792 4188 quod

2210 4204 2539 4262 postremum
2575 4196 2728 4261 longe
2760 4198 3033 4244 venustius
3060 4198 3163 4262 est.

2281 4264 2404 4317 542.
2442 4259 2906 4334 ὶ¹ἱειιη.,“]υὺεηιὶε
2938 4275 3033 4334 pro
3073 4260 3302 4328 ﬂuentis,
3337 4259 3435 4313 hoc
3487 4268 3571 4313 cst
3614 4261 3788 4326 fluxa,

2206 4338 2346 4404 quod
2374 4336 2644 4401 proprium
2677 4333 2759 4387 est
2782 4333 3026 4404 lusurigc.

2276 4405 2399 4460 545.
2462 4400 2741 4459 Vetcrrimi
2789 4402 3085 4466 Heinsiani,
3151 4402 3365 4467 Vienn.,
3426 4400 3581 4459 Man.
3642 4402 3784 4469 Rat.,

2204 4476 2425 4539 Weitz.,
2457 4476 2597 4529 Gall.
2626 4484 2679 4529 et
2702 4476 2811 4539 alii,
2852 4489 3151 4542 ganearum.
3188 4473 3355 4525 Aldus
3394 4486 3514 4524 cum
3542 4472 3709 4528 Torn.
3738 4485 3789 4528 et

2202 4546 2474 4601 nonnullis
2520 4547 2658 4610 aliis,
2690 4561 2988 4614 ganearum,
3027 4543 3168 4612 quod
3201 4558 3307 4596 non
3359 4543 3629 4611 improbo,
3667 4560 3785 4597 nam

2200 4636 2415 4687 ganeum
2448 4616 2621 4670 fornix
2647 4625 2749 4672 est.
2779 4614 3048 4670 Giscliuus
3073 4616 3167 4679 ait,
3203 4628 3297 4687 pro
3322 4628 3451 4667 voce
3499 4630 3785 4687 ganearum

2200 4684 2528 4743 substituere
2576 4691 2836 4756 quosdam
2884 4702 3191 4756 ganeonum.
3249 4684 3555 4756 Quorsum“?
3592 4688 3781 4754 inquit.

2199 4760 2352 4813 Anne
2384 4752 2605 4814 etedem'
2637 4759 2779 4828 leges
2801 4752 2984 4825 ganeis
3010 4767 3065 4811 et
3106 4754 3467 4825 gaueouilms?
3497 4752 3700 4828 Caneri,
3732 4766 3785 4810 et

2197 4848 2413 4899 ganeum
2442 4834 2491 4884 in
2523 4827 2707 4884 Graeca
2736 4829 2943 4897 origine
2970 4829 3278 4899 scribuntur
3304 4840 3397 4894 per
3425 4849 3455 4899 ῃ
3486 4841 3581 4899 δεμ
3615 4843 3643 4879 e
3670 4827 3781 4879 lou-

2195 4895 2338 4970 gum.
2370 4902 2663 4956 Becmauus
2688 4900 2756 4954 de
2784 4900 2983 4970 Origin.
3010 4899 3135 4965 ling.
3166 4898 3307 4959 Lat.,
3332 4895 3497 4949 verbo
3525 4896 3779 4965 Gsueuu,

2112 4948 2164 5008 υ
2193 4948 2444 5027 δὺδθτνδι
2476 4972 2696 5025 Latinos
2750 4948 2953 5039 smpgn
3000 4971 3052 5023 in
3085 4948 3115 5017 ii
3160 4948 3546 5039 commutasse,
3576 4977 3631 5039 et
3679 4948 3783 5020 ine

2188 5043 2374 5111 breve,
2396 5056 2447 5097 ut
2467 5042 2780 5113 Gynaeceum
2800 5037 2937 5109 apud
2953 5041 3262 5094 Terentium
3286 5038 3581 5113 penultiina
3604 5037 3777 5113 brevi,

2187 5108 2470 5184 Cyclopeus
2501 5108 2640 5179 apud
2677 5108 2968 5175 Maronem,
3002 5125 3281 5184 conOpeum
3329 5109 3468 5184 apud
3499 5108 3777 5184 Horatium

2184 5179 2285 5237 oda
2317 5179 2543 5255 9'Epod.
2579 5185 2763 5238 Ganeo
2795 5195 2895 5249 est,
2926 5190 2982 5236 ut
3020 5186 3095 5255 ait
3132 5181 3366 5255 Isidorus
3400 5180 3493 5255 lib.
3538 5195 3590 5240 x,
3624 5179 3778 5255 luxu-

2184 5257 2370 5319 riosus,
2421 5250 2467 5310 et
2508 5267 2753 5322 tanquam
2807 5258 2859 5307 in
2908 5250 3283 5322 occultislocis
3324 5259 3369 5303 et
3406 5252 3775 5322 subterraneis,

2181 5344 2294 5391 qua:
2324 5328 2491 5381 (irreci
2541 5320 2703 5394 ganea
2736 5334 2933 5378 vocant.
2970 5326 3094 5377 Post
3136 5321 3275 5376 hunc
3308 5336 3521 5375 versum
3558 5320 3689 5374 Mar.
3723 5332 3776 5374 et

2183 5397 2303 5452 Rat.
2340 5414 2433 5461 pro
2459 5399 2609 5449 titul»
2642 5396 2926 5450 Sobrietas.

2253 5469 2377 5524 5l7.
2411 5469 2698 5523 Gretserus
2724 5469 2813 5522 lib.
2848 5484 2904 5531 ιι,
2939 5481 3056 5533 cap.
3115 5463 3182 5518 l8
3210 5464 3277 5517 de
3307 5463 3498 5533 Cruce,
3528 5462 3770 5516 alludere

2178 5540 2525 5595 Prudentium
2557 5541 2632 5594 ait
2652 5538 2719 5592 ad
2751 5553 2956 5593 morem
2986 5532 3303 5605 praeferendi
3338 5532 3625 5605 imaginem
3651 5548 3771 5584 cru-

2173 5614 2252 5737 fis
2295 5615 2345 5665 in
2380 5612 2596 5681 prmliis,
2631 5626 2791 5681 quctn
2839 5603 3045 5665 morem
3097 5605 3338 5677 pluribus
3380 5618 3445 5659 eo
3483 5603 3603 5657 loco
3634 5619 3769 5657 cono

2195 5685 2375 5737 irruat.

2195 5698 2375 5737 ιηιιιιῑ.
