  <div class='ocr_page' id='page_1' title='image "/cluster/home/n/w/nwhite01/storage/ocr_20150623/59/hvd.32044073505257/692.png"; bbox 0 0 3960 6312; ppageno 0'>
   <div class='ocr_carea' id='block_1_1' title="bbox 202 289 3456 404">
    <p class='ocr_par' dir='ltr' id='par_1_1' title="bbox 202 289 3456 404">
     <span class='ocr_line' id='line_1_1' title="bbox 202 289 3456 404; baseline 0.003 -11"><span class='ocrx_word' id='word_1_1' title='bbox 202 336 274 394; x_wconf 77' lang='lat' dir='ltr'><strong>s9</strong></span> <span class='ocrx_word' id='word_1_2' title='bbox 619 289 622 292; x_wconf 1' lang='lat'><strong>6</strong></span> <span class='ocrx_word' id='word_1_3' title='bbox 1568 334 2110 400; x_wconf 76' lang='lat' dir='ltr'><strong>PSYCHOMACHIA.</strong></span> <span class='ocrx_word' id='word_1_4' title='bbox 3387 347 3456 404; x_wconf 81' lang='lat' dir='ltr'><strong>so</strong></span> 
     </span>
    </p>
   </div>
   <div class='ocr_carea' id='block_1_2' title="bbox 379 445 1676 518">
    <p class='ocr_par' dir='ltr' id='par_1_2' title="bbox 379 445 1676 518">
     <span class='ocr_line' id='line_1_2' title="bbox 379 445 1676 518; baseline 0 -15"><span class='ocrx_word' id='word_1_5' title='bbox 379 447 750 518; x_wconf 85' lang='lat' dir='ltr'><strong>lnstauratque</strong></span> <span class='ocrx_word' id='word_1_6' title='bbox 779 447 950 502; x_wconf 83' lang='lat' dir='ltr'><strong>levem</strong></span> <span class='ocrx_word' id='word_1_7' title='bbox 973 445 1130 501; x_wconf 89' lang='lat' dir='ltr'><strong>dictis</strong></span> <span class='ocrx_word' id='word_1_8' title='bbox 1152 445 1488 501; x_wconf 83' lang='lat' dir='ltr'><strong>mordacibus</strong></span> <span class='ocrx_word' id='word_1_9' title='bbox 1516 447 1676 508; x_wconf 87' lang='lat' dir='ltr'><strong>alam,</strong></span> 
     </span>
    </p>
   </div>
   <div class='ocr_carea' id='block_1_3' title="bbox 203 535 1774 607">
    <p class='ocr_par' dir='ltr' id='par_1_3' title="bbox 203 535 1774 607">
     <span class='ocr_line' id='line_1_3' title="bbox 203 535 1774 607; baseline -0.002 -9"><span class='ocrx_word' id='word_1_10' title='bbox 203 535 306 598; x_wconf 70' lang='lat'><strong>350</strong></span> <span class='ocrx_word' id='word_1_11' title='bbox 377 540 735 596; x_wconf 73' lang='lat' dir='ltr'><strong>Exstimulans</strong></span> <span class='ocrx_word' id='word_1_12' title='bbox 762 538 991 604; x_wconf 90' lang='lat' dir='ltr'><strong>animos,</strong></span> <span class='ocrx_word' id='word_1_13' title='bbox 1023 552 1162 592; x_wconf 92' lang='lat' dir='ltr'><strong>nunc</strong></span> <span class='ocrx_word' id='word_1_14' title='bbox 1189 536 1418 606; x_wconf 89' lang='lat' dir='ltr'><strong>probris,</strong></span> <span class='ocrx_word' id='word_1_15' title='bbox 1453 551 1592 591; x_wconf 92' lang='lat' dir='ltr'><strong>nunc</strong></span> <span class='ocrx_word' id='word_1_16' title='bbox 1617 553 1774 607; x_wconf 85' lang='lat' dir='ltr'><strong>prece.</strong></span> 
     </span>
    </p>
   </div>
   <div class='ocr_carea' id='block_1_4' title="bbox 1472 627 1701 700">
    <p class='ocr_par' dir='ltr' id='par_1_4' title="bbox 1472 627 1701 700">
     <span class='ocr_line' id='line_1_4' title="bbox 1472 627 1701 700; baseline 0 -18"><span class='ocrx_word' id='word_1_17' title='bbox 1472 627 1663 700; x_wconf 80' lang='lat' dir='ltr'><strong>[mixta</strong></span> <span class='ocrx_word' id='word_1_18' title='bbox 1689 647 1701 682; x_wconf 93' lang='lat'>:</span> 
     </span>
    </p>
   </div>
   <div class='ocr_carea' id='block_1_5' title="bbox 381 715 1778 793">
    <p class='ocr_par' dir='ltr' id='par_1_5' title="bbox 381 715 1778 793">
     <span class='ocr_line' id='line_1_5' title="bbox 381 715 1778 793; baseline -0.003 -15"><span class='ocrx_word' id='word_1_19' title='bbox 381 719 682 793; x_wconf 75' lang='lat' dir='ltr'><strong>6190uis</strong></span> <span class='ocrx_word' id='word_1_20' title='bbox 705 719 852 773; x_wconf 80' lang='lat' dir='ltr'><strong>furor</strong></span> <span class='ocrx_word' id='word_1_21' title='bbox 866 719 1079 773; x_wconf 86' lang='lat' dir='ltr'><strong>insanas</strong></span> <span class='ocrx_word' id='word_1_22' title='bbox 1099 718 1264 787; x_wconf 92' lang='lat' dir='ltr'><strong>agitat</strong></span> <span class='ocrx_word' id='word_1_23' title='bbox 1285 715 1511 787; x_wconf 78' lang='lat' dir='ltr'><strong>caligine</strong></span> <span class='ocrx_word' id='word_1_24' title='bbox 1534 719 1778 774; x_wconf 73' lang='lat' dir='ltr'><strong>mentes?</strong></span> 
     </span>
    </p>
   </div>
   <div class='ocr_carea' id='block_1_6' title="bbox 380 809 1776 881">
    <p class='ocr_par' dir='ltr' id='par_1_6' title="bbox 380 809 1776 881">
     <span class='ocr_line' id='line_1_6' title="bbox 380 809 1776 881; baseline 0.001 -16"><span class='ocrx_word' id='word_1_25' title='bbox 380 814 496 880; x_wconf 85' lang='lat' dir='ltr'><strong>Quo</strong></span> <span class='ocrx_word' id='word_1_26' title='bbox 545 811 744 866; x_wconf 84' lang='lat' dir='ltr'><strong>ruitis?</strong></span> <span class='ocrx_word' id='word_1_27' title='bbox 791 811 874 864; x_wconf 90' lang='lat' dir='ltr'><strong>cui</strong></span> <span class='ocrx_word' id='word_1_28' title='bbox 897 809 1030 865; x_wconf 89' lang='lat' dir='ltr'><strong>colla</strong></span> <span class='ocrx_word' id='word_1_29' title='bbox 1063 810 1238 865; x_wconf 81' lang='lat' dir='ltr'><strong>datis?</strong></span> <span class='ocrx_word' id='word_1_30' title='bbox 1275 826 1392 881; x_wconf 86' lang='lat' dir='ltr'><strong>quae</strong></span> <span class='ocrx_word' id='word_1_31' title='bbox 1419 813 1625 867; x_wconf 89' lang='lat' dir='ltr'><strong>vincula</strong></span> <span class='ocrx_word' id='word_1_32' title='bbox 1655 821 1776 866; x_wconf 89' lang='lat' dir='ltr'><strong>tan-</strong></span> 
     </span>
    </p>
   </div>
   <div class='ocr_carea' id='block_1_7' title="bbox 507 902 1701 974">
    <p class='ocr_par' dir='ltr' id='par_1_7' title="bbox 507 902 1701 974">
     <span class='ocr_line' id='line_1_7' title="bbox 507 902 1701 974; baseline 0 -2"><span class='ocrx_word' id='word_1_33' title='bbox 507 969 510 972; x_wconf 83' lang='lat'><strong>.</strong></span> <span class='ocrx_word' id='word_1_34' title='bbox 1081 935 1086 939; x_wconf 89' lang='grc'><strong>·</strong></span> <span class='ocrx_word' id='word_1_35' title='bbox 1537 902 1701 974; x_wconf 75' lang='lat' dir='ltr'><strong>idem.</strong></span> 
     </span>
    </p>
   </div>
   <div class='ocr_carea' id='block_1_8' title="bbox 384 993 1779 1064">
    <p class='ocr_par' dir='ltr' id='par_1_8' title="bbox 384 993 1779 1064">
     <span class='ocr_line' id='line_1_8' title="bbox 384 993 1779 1064; baseline 0 -14"><span class='ocrx_word' id='word_1_36' title='bbox 384 994 524 1050; x_wconf 85' lang='lat' dir='ltr'><strong>Proh</strong></span> <span class='ocrx_word' id='word_1_37' title='bbox 541 993 734 1064; x_wconf 89' lang='lat' dir='ltr'><strong>pudor,</strong></span> <span class='ocrx_word' id='word_1_38' title='bbox 749 993 1030 1064; x_wconf 85' lang='lat' dir='ltr'><strong>armigeris</strong></span> <span class='ocrx_word' id='word_1_39' title='bbox 1063 1008 1212 1049; x_wconf 85' lang='lat' dir='ltr'><strong>amor</strong></span> <span class='ocrx_word' id='word_1_40' title='bbox 1239 1002 1322 1049; x_wconf 87' lang='lat' dir='ltr'><strong>est</strong></span> <span class='ocrx_word' id='word_1_41' title='bbox 1345 995 1580 1064; x_wconf 77' lang='lat' dir='ltr'><strong>perferre</strong></span> <span class='ocrx_word' id='word_1_42' title='bbox 1608 997 1779 1050; x_wconf 87' lang='lat' dir='ltr'><strong>lacer-</strong></span> 
     </span>
    </p>
   </div>
   <div class='ocr_carea' id='block_1_9' title="bbox 1598 1087 1705 1159">
    <p class='ocr_par' dir='ltr' id='par_1_9' title="bbox 1598 1087 1705 1159">
     <span class='ocr_line' id='line_1_9' title="bbox 1598 1087 1705 1159; baseline -0.019 -19"><span class='ocrx_word' id='word_1_43' title='bbox 1598 1087 1705 1159; x_wconf 88' lang='lat' dir='ltr'><strong>[tis,</strong></span> 
     </span>
    </p>
   </div>
   <div class='ocr_carea' id='block_1_10' title="bbox 384 1175 1356 1242">
    <p class='ocr_par' dir='ltr' id='par_1_10' title="bbox 384 1175 1356 1242">
     <span class='ocr_line' id='line_1_10' title="bbox 384 1175 1356 1242; baseline -0.001 -11"><span class='ocrx_word' id='word_1_44' title='bbox 384 1176 518 1232; x_wconf 85' lang='lat' dir='ltr'><strong>Lilia</strong></span> <span class='ocrx_word' id='word_1_45' title='bbox 549 1175 758 1231; x_wconf 76' lang='lat' dir='ltr'><strong>luteolis</strong></span> <span class='ocrx_word' id='word_1_46' title='bbox 785 1175 1153 1230; x_wconf 75' lang='lat' dir='ltr'><strong>interlucentia</strong></span> <span class='ocrx_word' id='word_1_47' title='bbox 1179 1178 1356 1242; x_wconf 77' lang='lat' dir='ltr'><strong>sertis,</strong></span> 
     </span>
    </p>
   </div>
   <div class='ocr_carea' id='block_1_11' title="bbox 201 1264 1534 1336">
    <p class='ocr_par' dir='ltr' id='par_1_11' title="bbox 201 1264 1534 1336">
     <span class='ocr_line' id='line_1_11' title="bbox 201 1264 1534 1336; baseline -0.002 -14"><span class='ocrx_word' id='word_1_48' title='bbox 201 1264 310 1322; x_wconf 74' lang='lat'><strong>555</strong></span> <span class='ocrx_word' id='word_1_49' title='bbox 388 1267 454 1322; x_wconf 87' lang='lat' dir='ltr'><strong>Et</strong></span> <span class='ocrx_word' id='word_1_50' title='bbox 476 1267 776 1336; x_wconf 77' lang='lat' dir='ltr'><strong>ferrugineo</strong></span> <span class='ocrx_word' id='word_1_51' title='bbox 805 1275 1089 1321; x_wconf 83' lang='lat' dir='ltr'><strong>vernantes</strong></span> <span class='ocrx_word' id='word_1_52' title='bbox 1119 1267 1252 1320; x_wconf 88' lang='lat' dir='ltr'><strong>llore</strong></span> <span class='ocrx_word' id='word_1_53' title='bbox 1272 1268 1534 1320; x_wconf 87' lang='lat' dir='ltr'><strong>coronas?</strong></span> 
     </span>
    </p>
   </div>
   <div class='ocr_carea' id='block_1_12' title="bbox 388 1359 1707 1428">
    <p class='ocr_par' dir='ltr' id='par_1_12' title="bbox 388 1359 1707 1428">
     <span class='ocr_line' id='line_1_12' title="bbox 388 1359 1707 1428; baseline -0.002 -13"><span class='ocrx_word' id='word_1_54' title='bbox 388 1360 482 1415; x_wconf 84' lang='lat' dir='ltr'><strong>His</strong></span> <span class='ocrx_word' id='word_1_55' title='bbox 509 1360 682 1428; x_wconf 84' lang='lat' dir='ltr'><strong>placet</strong></span> <span class='ocrx_word' id='word_1_56' title='bbox 707 1368 949 1414; x_wconf 89' lang='lat' dir='ltr'><strong>assuetas</strong></span> <span class='ocrx_word' id='word_1_57' title='bbox 966 1359 1104 1413; x_wconf 90' lang='lat' dir='ltr'><strong>bello</strong></span> <span class='ocrx_word' id='word_1_58' title='bbox 1126 1359 1234 1426; x_wconf 89' lang='lat' dir='ltr'><strong>jam</strong></span> <span class='ocrx_word' id='word_1_59' title='bbox 1268 1359 1476 1413; x_wconf 87' lang='lat' dir='ltr'><strong>tradere</strong></span> <span class='ocrx_word' id='word_1_60' title='bbox 1508 1362 1707 1427; x_wconf 81' lang='lat' dir='ltr'><strong>palmas</strong></span> 
     </span>
    </p>
   </div>
   <div class='ocr_carea' id='block_1_13' title="bbox 383 1447 1676 1518">
    <p class='ocr_par' dir='ltr' id='par_1_13' title="bbox 383 1447 1676 1518">
     <span class='ocr_line' id='line_1_13' title="bbox 383 1447 1676 1518; baseline -0.002 -14"><span class='ocrx_word' id='word_1_61' title='bbox 383 1449 651 1504; x_wconf 74' lang='lat' dir='ltr'><strong>Nesibus?</strong></span> <span class='ocrx_word' id='word_1_62' title='bbox 679 1449 763 1503; x_wconf 92' lang='lat' dir='ltr'><strong>his</strong></span> <span class='ocrx_word' id='word_1_63' title='bbox 785 1449 983 1518; x_wconf 84' lang='lat' dir='ltr'><strong>rigidas</strong></span> <span class='ocrx_word' id='word_1_64' title='bbox 1006 1447 1160 1502; x_wconf 88' lang='lat' dir='ltr'><strong>nodis</strong></span> <span class='ocrx_word' id='word_1_65' title='bbox 1190 1449 1450 1504; x_wconf 87' lang='lat' dir='ltr'><strong>innectier</strong></span> <span class='ocrx_word' id='word_1_66' title='bbox 1478 1449 1676 1502; x_wconf 80' lang='lat' dir='ltr'><strong>ulnas?</strong></span> 
     </span>
    </p>
   </div>
   <div class='ocr_carea' id='block_1_14' title="bbox 391 1538 1673 1594">
    <p class='ocr_par' dir='ltr' id='par_1_14' title="bbox 391 1538 1673 1594">
     <span class='ocr_line' id='line_1_14' title="bbox 391 1538 1673 1594; baseline -0.002 0"><span class='ocrx_word' id='word_1_67' title='bbox 391 1539 461 1594; x_wconf 88' lang='lat' dir='ltr'><strong>Ut</strong></span> <span class='ocrx_word' id='word_1_68' title='bbox 481 1539 634 1592; x_wconf 89' lang='lat' dir='ltr'><strong>mitra</strong></span> <span class='ocrx_word' id='word_1_69' title='bbox 664 1539 938 1593; x_wconf 74' lang='lat' dir='ltr'><strong>caesariem</strong></span> <span class='ocrx_word' id='word_1_70' title='bbox 966 1538 1221 1593; x_wconf 88' lang='lat' dir='ltr'><strong>cohibens</strong></span> <span class='ocrx_word' id='word_1_71' title='bbox 1249 1547 1432 1592; x_wconf 80' lang='lat' dir='ltr'><strong>aurata</strong></span> <span class='ocrx_word' id='word_1_72' title='bbox 1465 1539 1673 1592; x_wconf 82' lang='lat' dir='ltr'><strong>virilem</strong></span> 
     </span>
    </p>
   </div>
   <div class='ocr_carea' id='block_1_15' title="bbox 385 1625 1776 1699">
    <p class='ocr_par' dir='ltr' id='par_1_15' title="bbox 385 1625 1776 1699">
     <span class='ocr_line' id='line_1_15' title="bbox 385 1625 1776 1699; baseline 0 -15"><span class='ocrx_word' id='word_1_73' title='bbox 385 1628 666 1685; x_wconf 89' lang='lat' dir='ltr'><strong>Combibat</strong></span> <span class='ocrx_word' id='word_1_74' title='bbox 693 1628 923 1683; x_wconf 77' lang='lat' dir='ltr'><strong>infusum</strong></span> <span class='ocrx_word' id='word_1_75' title='bbox 949 1643 1141 1685; x_wconf 88' lang='lat' dir='ltr'><strong>croceo</strong></span> <span class='ocrx_word' id='word_1_76' title='bbox 1192 1629 1504 1699; x_wconf 78' lang='lat' dir='ltr'><strong>religamine</strong></span> <span class='ocrx_word' id='word_1_77' title='bbox 1533 1625 1776 1696; x_wconf 77' lang='lat' dir='ltr'><strong>nardum,</strong></span> 
     </span>
    </p>
   </div>
   <div class='ocr_carea' id='block_1_16' title="bbox 1795 447 3414 522">
    <p class='ocr_par' dir='ltr' id='par_1_16' title="bbox 1795 447 3414 522">
     <span class='ocr_line' id='line_1_16' title="bbox 1795 447 3414 522; baseline -0.006 -10"><span class='ocrx_word' id='word_1_78' title='bbox 1795 451 1851 512; x_wconf 84' lang='lat' dir='ltr'><strong>A</strong></span> <span class='ocrx_word' id='word_1_79' title='bbox 1874 451 1977 508; x_wconf 80' lang='lat'><strong>560</strong></span> <span class='ocrx_word' id='word_1_80' title='bbox 2048 454 2175 508; x_wconf 86' lang='lat' dir='ltr'><strong>Post</strong></span> <span class='ocrx_word' id='word_1_81' title='bbox 2204 455 2456 522; x_wconf 83' lang='lat' dir='ltr'><strong>inscripta</strong></span> <span class='ocrx_word' id='word_1_82' title='bbox 2480 453 2600 510; x_wconf 90' lang='lat' dir='ltr'><strong>oleo</strong></span> <span class='ocrx_word' id='word_1_83' title='bbox 2630 452 2820 506; x_wconf 82' lang='lat' dir='ltr'><strong>frontis</strong></span> <span class='ocrx_word' id='word_1_84' title='bbox 2851 447 3140 521; x_wconf 83' lang='lat' dir='ltr'><strong>signacula,</strong></span> <span class='ocrx_word' id='word_1_85' title='bbox 3167 463 3266 519; x_wconf 88' lang='lat' dir='ltr'><strong>per</strong></span> <span class='ocrx_word' id='word_1_86' title='bbox 3295 468 3414 521; x_wconf 64' lang='lat' dir='ltr'><strong>qum</strong></span> 
     </span>
    </p>
   </div>
   <div class='ocr_carea' id='block_1_17' title="bbox 2054 539 3454 614">
    <p class='ocr_par' dir='ltr' id='par_1_17' title="bbox 2054 539 3454 614">
     <span class='ocr_line' id='line_1_17' title="bbox 2054 539 3454 614; baseline -0.004 -16"><span class='ocrx_word' id='word_1_87' title='bbox 2054 542 2352 614; x_wconf 88' lang='lat' dir='ltr'><strong>Ungentum</strong></span> <span class='ocrx_word' id='word_1_88' title='bbox 2409 543 2588 613; x_wconf 83' lang='lat' dir='ltr'><strong>regale</strong></span> <span class='ocrx_word' id='word_1_89' title='bbox 2637 542 2817 596; x_wconf 89' lang='lat' dir='ltr'><strong>datum</strong></span> <span class='ocrx_word' id='word_1_90' title='bbox 2867 549 2969 605; x_wconf 91' lang='lat' dir='ltr'><strong>est,</strong></span> <span class='ocrx_word' id='word_1_91' title='bbox 3021 549 3076 595; x_wconf 93' lang='lat' dir='ltr'><strong>et</strong></span> <span class='ocrx_word' id='word_1_92' title='bbox 3102 539 3333 596; x_wconf 85' lang='lat' dir='ltr'><strong>chrisma</strong></span> <span class='ocrx_word' id='word_1_93' title='bbox 3362 555 3454 610; x_wconf 87' lang='lat' dir='ltr'><strong>pe-</strong></span> 
     </span>
    </p>
   </div>
   <div class='ocr_carea' id='block_1_18' title="bbox 3157 631 3381 702">
    <p class='ocr_par' dir='ltr' id='par_1_18' title="bbox 3157 631 3381 702">
     <span class='ocr_line' id='line_1_18' title="bbox 3157 631 3381 702; baseline 0 -19"><span class='ocrx_word' id='word_1_94' title='bbox 3157 631 3346 702; x_wconf 88' lang='lat' dir='ltr'><strong>[renne</strong></span> <span class='ocrx_word' id='word_1_95' title='bbox 3367 647 3381 683; x_wconf 90' lang='lat'><strong>:</strong></span> 
     </span>
    </p>
   </div>
   <div class='ocr_carea' id='block_1_19' title="bbox 2056 725 3290 796">
    <p class='ocr_par' dir='ltr' id='par_1_19' title="bbox 2056 725 3290 796">
     <span class='ocr_line' id='line_1_19' title="bbox 2056 725 3290 796; baseline -0.004 -13"><span class='ocrx_word' id='word_1_96' title='bbox 2056 726 2126 783; x_wconf 84' lang='lat' dir='ltr'><strong>Ut</strong></span> <span class='ocrx_word' id='word_1_97' title='bbox 2150 734 2299 782; x_wconf 90' lang='lat' dir='ltr'><strong>tener</strong></span> <span class='ocrx_word' id='word_1_98' title='bbox 2329 727 2568 782; x_wconf 90' lang='lat' dir='ltr'><strong>incessus</strong></span> <span class='ocrx_word' id='word_1_99' title='bbox 2595 725 2813 794; x_wconf 83' lang='lat' dir='ltr'><strong>vestigia</strong></span> <span class='ocrx_word' id='word_1_100' title='bbox 2836 734 3071 796; x_wconf 84' lang='lat' dir='ltr'><strong>syrmate</strong></span> <span class='ocrx_word' id='word_1_101' title='bbox 3093 733 3290 790; x_wconf 85' lang='lat' dir='ltr'><strong>verrat,</strong></span> 
     </span>
    </p>
   </div>
   <div class='ocr_carea' id='block_1_20' title="bbox 2059 814 3457 889">
    <p class='ocr_par' dir='ltr' id='par_1_20' title="bbox 2059 814 3457 889">
     <span class='ocr_line' id='line_1_20' title="bbox 2059 814 3457 889; baseline -0.002 -16"><span class='ocrx_word' id='word_1_102' title='bbox 2059 818 2221 889; x_wconf 72' lang='lat'><strong>620</strong></span> <span class='ocrx_word' id='word_1_103' title='bbox 2272 816 2558 887; x_wconf 86' lang='lat' dir='ltr'><strong>Sericaque</strong></span> <span class='ocrx_word' id='word_1_104' title='bbox 2605 816 2659 870; x_wconf 91' lang='lat' dir='ltr'><strong>in</strong></span> <span class='ocrx_word' id='word_1_105' title='bbox 2709 814 2891 870; x_wconf 79' lang='lat' dir='ltr'><strong>fractis</strong></span> <span class='ocrx_word' id='word_1_106' title='bbox 2936 815 3144 870; x_wconf 75' lang='lat' dir='ltr'><strong>fluitent</strong></span> <span class='ocrx_word' id='word_1_107' title='bbox 3193 824 3249 869; x_wconf 90' lang='lat' dir='ltr'><strong>ut</strong></span> <span class='ocrx_word' id='word_1_108' title='bbox 3298 816 3457 883; x_wconf 88' lang='lat' dir='ltr'><strong>pallia</strong></span> 
     </span>
    </p>
   </div>
   <div class='ocr_carea' id='block_1_21' title="bbox 2019 897 3384 976">
    <p class='ocr_par' dir='ltr' id='par_1_21' title="bbox 2019 897 3384 976">
     <span class='ocr_line' id='line_1_21' title="bbox 2019 897 3384 976; baseline 0.001 -17"><span class='ocrx_word' id='word_1_109' title='bbox 2019 918 2022 921; x_wconf 84' lang='lat'>‘</span> <span class='ocrx_word' id='word_1_110' title='bbox 2291 897 2310 914; x_wconf 76' lang='lat'><strong><em>°</em></strong></span> <span class='ocrx_word' id='word_1_111' title='bbox 3085 905 3384 976; x_wconf 89' lang='lat' dir='ltr'><strong>[membris,</strong></span> 
     </span>
    </p>
   </div>
   <div class='ocr_carea' id='block_1_22' title="bbox 2061 998 3456 1069">
    <p class='ocr_par' dir='ltr' id='par_1_22' title="bbox 2061 998 3456 1069">
     <span class='ocr_line' id='line_1_22' title="bbox 2061 998 3456 1069; baseline 0 -15"><span class='ocrx_word' id='word_1_112' title='bbox 2061 999 2191 1054; x_wconf 85' lang='lat' dir='ltr'><strong>Post</strong></span> <span class='ocrx_word' id='word_1_113' title='bbox 2217 1000 2573 1054; x_wconf 88' lang='lat' dir='ltr'><strong>immortalem</strong></span> <span class='ocrx_word' id='word_1_114' title='bbox 2597 1001 2850 1062; x_wconf 88' lang='lat' dir='ltr'><strong>tunicam,</strong></span> <span class='ocrx_word' id='word_1_115' title='bbox 2881 1014 3037 1069; x_wconf 90' lang='lat' dir='ltr'><strong>quam</strong></span> <span class='ocrx_word' id='word_1_116' title='bbox 3070 999 3264 1068; x_wconf 88' lang='lat' dir='ltr'><strong>pollice</strong></span> <span class='ocrx_word' id='word_1_117' title='bbox 3295 998 3456 1054; x_wconf 89' lang='lat' dir='ltr'><strong>docto</strong></span> 
     </span>
    </p>
   </div>
   <div class='ocr_carea' id='block_1_23' title="bbox 2062 1088 3456 1159">
    <p class='ocr_par' dir='ltr' id='par_1_23' title="bbox 2062 1088 3456 1159">
     <span class='ocr_line' id='line_1_23' title="bbox 2062 1088 3456 1159; baseline 0.001 -17"><span class='ocrx_word' id='word_1_118' title='bbox 2062 1088 2409 1144; x_wconf 81' lang='lat' dir='ltr'><strong>Texuitalma</strong></span> <span class='ocrx_word' id='word_1_119' title='bbox 2441 1090 2619 1154; x_wconf 88' lang='lat' dir='ltr'><strong>Fides,</strong></span> <span class='ocrx_word' id='word_1_120' title='bbox 2653 1091 2784 1144; x_wconf 86' lang='lat' dir='ltr'><strong>dans</strong></span> <span class='ocrx_word' id='word_1_121' title='bbox 2814 1089 3219 1159; x_wconf 90' lang='lat' dir='ltr'><strong>impenetrabile</strong></span> <span class='ocrx_word' id='word_1_122' title='bbox 3246 1098 3456 1159; x_wconf 81' lang='lat' dir='ltr'><strong>tegmen</strong></span> 
     </span>
    </p>
   </div>
   <div class='ocr_carea' id='block_1_24' title="bbox 2061 1183 3386 1254">
    <p class='ocr_par' dir='ltr' id='par_1_24' title="bbox 2061 1183 3386 1254">
     <span class='ocr_line' id='line_1_24' title="bbox 2061 1183 3386 1254; baseline -0.002 -18"><span class='ocrx_word' id='word_1_123' title='bbox 2061 1183 2371 1238; x_wconf 85' lang='lat' dir='ltr'><strong>Pectoribus</strong></span> <span class='ocrx_word' id='word_1_124' title='bbox 2393 1183 2531 1248; x_wconf 89' lang='lat' dir='ltr'><strong>lotis,</strong></span> <span class='ocrx_word' id='word_1_125' title='bbox 2563 1183 2782 1239; x_wconf 89' lang='lat' dir='ltr'><strong>de&#39;derat</strong></span> <span class='ocrx_word' id='word_1_126' title='bbox 2809 1183 3000 1254; x_wconf 85' lang='lat' dir='ltr'><strong>quibus</strong></span> <span class='ocrx_word' id='word_1_127' title='bbox 3026 1184 3134 1251; x_wconf 89' lang='lat' dir='ltr'><strong>ipsa</strong></span> <span class='ocrx_word' id='word_1_128' title='bbox 3158 1183 3386 1236; x_wconf 88' lang='lat' dir='ltr'><strong>renasci.</strong></span> 
     </span>
    </p>
   </div>
   <div class='ocr_carea' id='block_1_25' title="bbox 2063 1274 3459 1345">
    <p class='ocr_par' dir='ltr' id='par_1_25' title="bbox 2063 1274 3459 1345">
     <span class='ocr_line' id='line_1_25' title="bbox 2063 1274 3459 1345; baseline 0.001 -18"><span class='ocrx_word' id='word_1_129' title='bbox 2063 1274 2188 1328; x_wconf 91' lang='lat' dir='ltr'><strong>lude</strong></span> <span class='ocrx_word' id='word_1_130' title='bbox 2217 1275 2282 1328; x_wconf 91' lang='lat' dir='ltr'><strong>ad</strong></span> <span class='ocrx_word' id='word_1_131' title='bbox 2313 1286 2596 1331; x_wconf 88' lang='lat' dir='ltr'><strong>nocturnas</strong></span> <span class='ocrx_word' id='word_1_132' title='bbox 2623 1277 2926 1344; x_wconf 86' lang='lat' dir='ltr'><strong>epulas,uhi</strong></span> <span class='ocrx_word' id='word_1_133' title='bbox 2959 1277 3242 1330; x_wconf 89' lang='lat' dir='ltr'><strong>cantharus</strong></span> <span class='ocrx_word' id='word_1_134' title='bbox 3274 1275 3459 1345; x_wconf 82' lang='lat' dir='ltr'><strong>ingens</strong></span> 
     </span>
    </p>
   </div>
   <div class='ocr_carea' id='block_1_26' title="bbox 2068 1365 3281 1437">
    <p class='ocr_par' dir='ltr' id='par_1_26' title="bbox 2068 1365 3281 1437">
     <span class='ocr_line' id='line_1_26' title="bbox 2068 1365 3281 1437; baseline 0.001 -19"><span class='ocrx_word' id='word_1_135' title='bbox 2068 1365 2285 1434; x_wconf 88' lang='lat' dir='ltr'><strong>Despuit</strong></span> <span class='ocrx_word' id='word_1_136' title='bbox 2314 1367 2463 1421; x_wconf 75' lang='lat' dir='ltr'><strong>ell‘usi</strong></span> <span class='ocrx_word' id='word_1_137' title='bbox 2496 1369 2794 1437; x_wconf 85' lang='lat' dir='ltr'><strong>spumantia</strong></span> <span class='ocrx_word' id='word_1_138' title='bbox 2824 1367 3014 1422; x_wconf 90' lang='lat' dir='ltr'><strong>damna</strong></span> <span class='ocrx_word' id='word_1_139' title='bbox 3045 1366 3281 1429; x_wconf 81' lang='lat' dir='ltr'><strong>Falerni,</strong></span> 
     </span>
    </p>
   </div>
   <div class='ocr_carea' id='block_1_27' title="bbox 2061 1454 3458 1528">
    <p class='ocr_par' dir='ltr' id='par_1_27' title="bbox 2061 1454 3458 1528">
     <span class='ocr_line' id='line_1_27' title="bbox 2061 1454 3458 1528; baseline 0.003 -21"><span class='ocrx_word' id='word_1_140' title='bbox 2061 1454 2118 1509; x_wconf 92' lang='lat' dir='ltr'><strong>ln</strong></span> <span class='ocrx_word' id='word_1_141' title='bbox 2147 1471 2382 1511; x_wconf 77' lang='lat' dir='ltr'><strong>mensam</strong></span> <span class='ocrx_word' id='word_1_142' title='bbox 2413 1459 2621 1528; x_wconf 83' lang='lat' dir='ltr'><strong>cyathis</strong></span> <span class='ocrx_word' id='word_1_143' title='bbox 2648 1459 2992 1526; x_wconf 87' lang='lat' dir='ltr'><strong>stillantibus,</strong></span> <span class='ocrx_word' id='word_1_144' title='bbox 3032 1458 3132 1512; x_wconf 92' lang='lat' dir='ltr'><strong>uda</strong></span> <span class='ocrx_word' id='word_1_145' title='bbox 3162 1457 3250 1511; x_wconf 91' lang='lat' dir='ltr'><strong>ubi</strong></span> <span class='ocrx_word' id='word_1_146' title='bbox 3289 1456 3458 1512; x_wconf 92' lang='lat' dir='ltr'><strong>multo</strong></span> 
     </span>
    </p>
   </div>
   <div class='ocr_carea' id='block_1_28' title="bbox 1885 1541 3458 1618">
    <p class='ocr_par' dir='ltr' id='par_1_28' title="bbox 1885 1541 3458 1618">
     <span class='ocr_line' id='line_1_28' title="bbox 1885 1541 3458 1618; baseline 0.004 -22"><span class='ocrx_word' id='word_1_147' title='bbox 1885 1541 1987 1597; x_wconf 83' lang='lat'><strong>370</strong></span> <span class='ocrx_word' id='word_1_148' title='bbox 2060 1544 2248 1599; x_wconf 87' lang='lat' dir='ltr'><strong>Fulcra</strong></span> <span class='ocrx_word' id='word_1_149' title='bbox 2273 1561 2446 1613; x_wconf 82' lang='lat' dir='ltr'><strong>mero,</strong></span> <span class='ocrx_word' id='word_1_150' title='bbox 2478 1549 2748 1618; x_wconf 83' lang='lat' dir='ltr'><strong>veterique</strong></span> <span class='ocrx_word' id='word_1_151' title='bbox 2792 1557 3082 1606; x_wconf 87' lang='lat' dir='ltr'><strong>toreumata</strong></span> <span class='ocrx_word' id='word_1_152' title='bbox 3122 1563 3244 1603; x_wconf 90' lang='lat' dir='ltr'><strong>rore</strong></span> <span class='ocrx_word' id='word_1_153' title='bbox 3280 1548 3458 1616; x_wconf 84' lang='lat' dir='ltr'><strong>rigan-</strong></span> 
     </span>
    </p>
   </div>
   <div class='ocr_carea' id='block_1_29' title="bbox 3242 1639 3389 1711">
    <p class='ocr_par' dir='ltr' id='par_1_29' title="bbox 3242 1639 3389 1711">
     <span class='ocr_line' id='line_1_29' title="bbox 3242 1639 3389 1711; baseline -0.007 -18"><span class='ocrx_word' id='word_1_154' title='bbox 3242 1639 3351 1711; x_wconf 88' lang='lat' dir='ltr'><strong>[tur</strong></span> <span class='ocrx_word' id='word_1_155' title='bbox 3365 1639 3389 1692; x_wconf 75' lang='grc' dir='ltr'><strong><em>τ</em></strong></span> 
     </span>
    </p>
   </div>
   <div class='ocr_carea' id='block_1_30' title="bbox 1883 1088 1987 1144">
    <p class='ocr_par' dir='ltr' id='par_1_30' title="bbox 1883 1088 1987 1144">
     <span class='ocr_line' id='line_1_30' title="bbox 1883 1088 1987 1144; baseline 0 0"><span class='ocrx_word' id='word_1_156' title='bbox 1883 1088 1987 1144; x_wconf 77' lang='lat'><strong>365</strong></span> 
     </span>
    </p>
   </div>
   <div class='ocr_carea' id='block_1_31' title="bbox 1480 1741 2158 1807">
    <p class='ocr_par' dir='ltr' id='par_1_31' title="bbox 1480 1741 2158 1807">
     <span class='ocr_line' id='line_1_31' title="bbox 1480 1741 2158 1807; baseline 0.006 -11"><span class='ocrx_word' id='word_1_157' title='bbox 1480 1741 1784 1807; x_wconf 27' lang='lat' dir='ltr'><strong>,GLOSSAS</strong></span> <span class='ocrx_word' id='word_1_158' title='bbox 1827 1745 2158 1804; x_wconf 83' lang='lat' dir='ltr'><strong>VETERES.</strong></span> 
     </span>
    </p>
   </div>
   <div class='ocr_carea' id='block_1_32' title="bbox 279 1830 1602 1898">
    <p class='ocr_par' dir='ltr' id='par_1_32' title="bbox 279 1830 1602 1898">
     <span class='ocr_line' id='line_1_32' title="bbox 279 1830 1602 1898; baseline -0.001 -12"><span class='ocrx_word' id='word_1_159' title='bbox 279 1832 406 1886; x_wconf 67' lang='grc'><strong>549.</strong></span> <span class='ocrx_word' id='word_1_160' title='bbox 440 1833 725 1895; x_wconf 84' lang='lat' dir='ltr'><strong>lnstaurat,</strong></span> <span class='ocrx_word' id='word_1_161' title='bbox 756 1840 938 1888; x_wconf 86' lang='lat' dir='ltr'><strong>armat.</strong></span> <span class='ocrx_word' id='word_1_162' title='bbox 973 1859 1042 1871; x_wconf 84' lang='lat'><strong>—-</strong></span> <span class='ocrx_word' id='word_1_163' title='bbox 1063 1830 1276 1893; x_wconf 86' lang='lat' dir='ltr'><strong>Levem,</strong></span> <span class='ocrx_word' id='word_1_164' title='bbox 1301 1832 1534 1898; x_wconf 81' lang='lat' dir='ltr'><strong>velocem,</strong></span> <span class='ocrx_word' id='word_1_165' title='bbox 1561 1832 1602 1885; x_wconf 91' lang='lat' dir='ltr'><strong>l.</strong></span> 
     </span>
    </p>
   </div>
   <div class='ocr_carea' id='block_1_33' title="bbox 276 1900 1776 1969">
    <p class='ocr_par' dir='ltr' id='par_1_33' title="bbox 276 1900 1776 1969">
     <span class='ocr_line' id='line_1_33' title="bbox 276 1900 1776 1969; baseline -0.001 -12"><span class='ocrx_word' id='word_1_166' title='bbox 276 1905 404 1958; x_wconf 83' lang='lat'><strong>350.</strong></span> <span class='ocrx_word' id='word_1_167' title='bbox 448 1904 832 1965; x_wconf 77' lang='lat' dir='ltr'><strong>Exstitnulans,</strong></span> <span class='ocrx_word' id='word_1_168' title='bbox 867 1902 1096 1955; x_wconf 85' lang='lat' dir='ltr'><strong>hortans.</strong></span> <span class='ocrx_word' id='word_1_169' title='bbox 1131 1931 1202 1940; x_wconf 90' lang='lat'><strong>--</strong></span> <span class='ocrx_word' id='word_1_170' title='bbox 1225 1900 1394 1968; x_wconf 79' lang='lat' dir='ltr'><strong>Nunc,</strong></span> <span class='ocrx_word' id='word_1_171' title='bbox 1426 1901 1702 1969; x_wconf 84' lang='lat' dir='ltr'><strong>interdum,</strong></span> <span class='ocrx_word' id='word_1_172' title='bbox 1736 1901 1776 1956; x_wconf 94' lang='lat' dir='ltr'><strong>l.</strong></span> 
     </span>
    </p>
   </div>
   <div class='ocr_carea' id='block_1_34' title="bbox 278 1971 990 2037">
    <p class='ocr_par' dir='ltr' id='par_1_34' title="bbox 278 1971 990 2037">
     <span class='ocr_line' id='line_1_34' title="bbox 278 1971 990 2037; baseline -0.01 -6"><span class='ocrx_word' id='word_1_173' title='bbox 278 1974 406 2031; x_wconf 73' lang='grc'>552.</span> <span class='ocrx_word' id='word_1_174' title='bbox 442 1975 632 2037; x_wconf 76' lang='lat' dir='ltr'><strong>Huitis,</strong></span> <span class='ocrx_word' id='word_1_175' title='bbox 659 1971 942 2036; x_wconf 79' lang='lat' dir='ltr'><strong>tenditis,l.</strong></span> <span class='ocrx_word' id='word_1_176' title='bbox 981 2001 990 2008; x_wconf 89' lang='lat'><strong>-</strong></span> 
     </span>
    </p>
   </div>
   <div class='ocr_carea' id='block_1_35' title="bbox 278 2042 1357 2114">
    <p class='ocr_par' dir='ltr' id='par_1_35' title="bbox 278 2042 1357 2114">
     <span class='ocr_line' id='line_1_35' title="bbox 278 2042 1357 2114; baseline -0.003 -17"><span class='ocrx_word' id='word_1_177' title='bbox 278 2042 408 2114; x_wconf 76' lang='grc'>555.</span> <span class='ocrx_word' id='word_1_178' title='bbox 443 2044 600 2103; x_wconf 85' lang='lat' dir='ltr'><strong>Proh,</strong></span> <span class='ocrx_word' id='word_1_179' title='bbox 629 2045 909 2114; x_wconf 71' lang='lat' dir='ltr'><strong>interfectio</strong></span> <span class='ocrx_word' id='word_1_180' title='bbox 931 2042 1302 2114; x_wconf 65' lang='lat' dir='ltr'><strong>egcprobrantis,</strong></span> <span class='ocrx_word' id='word_1_181' title='bbox 1320 2042 1357 2095; x_wconf 93' lang='lat' dir='ltr'><strong>l.</strong></span> 
     </span>
    </p>
   </div>
   <div class='ocr_carea' id='block_1_36' title="bbox 281 2112 1788 2179">
    <p class='ocr_par' dir='ltr' id='par_1_36' title="bbox 281 2112 1788 2179">
     <span class='ocr_line' id='line_1_36' title="bbox 281 2112 1788 2179; baseline -0.002 -13"><span class='ocrx_word' id='word_1_182' title='bbox 281 2113 407 2169; x_wconf 71' lang='grc'>554.</span> <span class='ocrx_word' id='word_1_183' title='bbox 450 2114 704 2177; x_wconf 83' lang='lat' dir='ltr'><strong>Lttteolis,</strong></span> <span class='ocrx_word' id='word_1_184' title='bbox 737 2112 922 2179; x_wconf 76' lang='lat' dir='ltr'><strong>rubris,</strong></span> <span class='ocrx_word' id='word_1_185' title='bbox 956 2112 994 2165; x_wconf 92' lang='grc' dir='ltr'><strong>Ι.</strong></span> <span class='ocrx_word' id='word_1_186' title='bbox 1784 2171 1788 2175; x_wconf 44' lang='grc'>,</span> 
     </span>
    </p>
   </div>
   <div class='ocr_carea' id='block_1_37' title="bbox 279 2182 1785 2306">
    <p class='ocr_par' dir='ltr' id='par_1_37' title="bbox 279 2182 1785 2306">
     <span class='ocr_line' id='line_1_37' title="bbox 279 2182 1785 2306; baseline -0.003 -68"><span class='ocrx_word' id='word_1_187' title='bbox 279 2183 410 2306; x_wconf 70' lang='lat'><strong>35&#39;5.</strong></span> <span class='ocrx_word' id='word_1_188' title='bbox 440 2184 788 2252; x_wconf 79' lang='lat' dir='ltr'><strong>Ferrugineo,</strong></span> <span class='ocrx_word' id='word_1_189' title='bbox 821 2198 1094 2252; x_wconf 79' lang='lat' dir='ltr'><strong>purpureo.</strong></span> <span class='ocrx_word' id='word_1_190' title='bbox 1143 2211 1212 2224; x_wconf 92' lang='lat'><strong>—-</strong></span> <span class='ocrx_word' id='word_1_191' title='bbox 1242 2182 1563 2248; x_wconf 85' lang='lat' dir='ltr'><strong>Vernantes,</strong></span> <span class='ocrx_word' id='word_1_192' title='bbox 1595 2185 1785 2253; x_wconf 83' lang='lat' dir='ltr'><strong>ﬂoren-</strong></span> 
     </span>
    </p>
   </div>
   <div class='ocr_carea' id='block_1_38' title="bbox 208 2264 379 2316">
    <p class='ocr_par' dir='ltr' id='par_1_38' title="bbox 208 2264 379 2316">
     <span class='ocr_line' id='line_1_38' title="bbox 208 2264 379 2316; baseline -0.018 -8"><span class='ocrx_word' id='word_1_193' title='bbox 208 2264 304 2316; x_wconf 84' lang='lat' dir='ltr'><strong>tes,</strong></span> <span class='ocrx_word' id='word_1_194' title='bbox 339 2264 379 2306; x_wconf 92' lang='grc' dir='ltr'><strong>Ι.</strong></span> 
     </span>
    </p>
   </div>
   <div class='ocr_carea' id='block_1_39' title="bbox 278 2321 1251 2389">
    <p class='ocr_par' dir='ltr' id='par_1_39' title="bbox 278 2321 1251 2389">
     <span class='ocr_line' id='line_1_39' title="bbox 278 2321 1251 2389; baseline -0.005 -10"><span class='ocrx_word' id='word_1_195' title='bbox 278 2323 404 2379; x_wconf 84' lang='grc'>556.</span> <span class='ocrx_word' id='word_1_196' title='bbox 433 2322 661 2387; x_wconf 86' lang='lat' dir='ltr'><strong>Palmas,</strong></span> <span class='ocrx_word' id='word_1_197' title='bbox 689 2321 879 2377; x_wconf 79' lang='lat' dir='ltr'><strong>scilicet</strong></span> <span class='ocrx_word' id='word_1_198' title='bbox 902 2333 1111 2389; x_wconf 86' lang='lat' dir='ltr'><strong>vestras,</strong></span> <span class='ocrx_word' id='word_1_199' title='bbox 1143 2325 1183 2379; x_wconf 85' lang='grc' dir='ltr'><strong>Ι.</strong></span> <span class='ocrx_word' id='word_1_200' title='bbox 1235 2362 1251 2374; x_wconf 92' lang='grc'>.</span> 
     </span>
    </p>
   </div>
   <div class='ocr_carea' id='block_1_40' title="bbox 279 2392 1063 2457">
    <p class='ocr_par' dir='ltr' id='par_1_40' title="bbox 279 2392 1063 2457">
     <span class='ocr_line' id='line_1_40' title="bbox 279 2392 1063 2457; baseline 0.003 -10"><span class='ocrx_word' id='word_1_201' title='bbox 279 2395 408 2448; x_wconf 78' lang='grc'>557.</span> <span class='ocrx_word' id='word_1_202' title='bbox 430 2392 689 2457; x_wconf 77' lang='lat' dir='ltr'><strong>Nexibus,</strong></span> <span class='ocrx_word' id='word_1_203' title='bbox 729 2392 993 2457; x_wconf 80' lang='lat' dir='ltr'><strong>doctrinis,</strong></span> <span class='ocrx_word' id='word_1_204' title='bbox 1024 2393 1063 2449; x_wconf 84' lang='grc'><strong>1.</strong></span> 
     </span>
    </p>
   </div>
   <div class='ocr_carea' id='block_1_41' title="bbox 277 2461 1184 2534">
    <p class='ocr_par' dir='ltr' id='par_1_41' title="bbox 277 2461 1184 2534">
     <span class='ocr_line' id='line_1_41' title="bbox 277 2461 1184 2534; baseline 0 -16"><span class='ocrx_word' id='word_1_205' title='bbox 277 2464 406 2518; x_wconf 82' lang='lat'><strong>358.</strong></span> <span class='ocrx_word' id='word_1_206' title='bbox 435 2461 721 2527; x_wconf 87' lang='lat' dir='ltr'><strong>Coltibeus,</strong></span> <span class='ocrx_word' id='word_1_207' title='bbox 749 2465 1114 2534; x_wconf 78' lang='lat' dir='ltr'><strong>constringens,</strong></span> <span class='ocrx_word' id='word_1_208' title='bbox 1146 2465 1184 2518; x_wconf 91' lang='grc' dir='ltr'>Ι.</span> 
     </span>
    </p>
   </div>
   <div class='ocr_carea' id='block_1_42' title="bbox 1807 1836 2360 1901">
    <p class='ocr_par' dir='ltr' id='par_1_42' title="bbox 1807 1836 2360 1901">
     <span class='ocr_line' id='line_1_42' title="bbox 1807 1836 2360 1901; baseline 0.004 -11"><span class='ocrx_word' id='word_1_209' title='bbox 1807 1836 1854 1898; x_wconf 82' lang='grc' dir='ltr'><strong>Β</strong></span> <span class='ocrx_word' id='word_1_210' title='bbox 1951 1837 2077 1893; x_wconf 84' lang='lat'><strong>359.</strong></span> <span class='ocrx_word' id='word_1_211' title='bbox 2109 1838 2360 1901; x_wconf 89' lang='lat' dir='ltr'><strong>Nardum,</strong></span> 
     </span>
    </p>
   </div>
   <div class='ocr_carea' id='block_1_43' title="bbox 2389 1841 2655 1908">
    <p class='ocr_par' dir='ltr' id='par_1_43' title="bbox 2389 1841 2655 1908">
     <span class='ocr_line' id='line_1_43' title="bbox 2389 1841 2655 1908; baseline 0 -16"><span class='ocrx_word' id='word_1_212' title='bbox 2389 1842 2587 1908; x_wconf 81' lang='lat' dir='ltr'><strong>ﬂorem,</strong></span> <span class='ocrx_word' id='word_1_213' title='bbox 2619 1841 2655 1892; x_wconf 95' lang='grc'>1.</span> 
     </span>
    </p>
   </div>
   <div class='ocr_carea' id='block_1_44' title="bbox 1961 1908 2821 1978">
    <p class='ocr_par' dir='ltr' id='par_1_44' title="bbox 1961 1908 2821 1978">
     <span class='ocr_line' id='line_1_44' title="bbox 1961 1908 2821 1978; baseline 0.005 -17"><span class='ocrx_word' id='word_1_214' title='bbox 1961 1909 2084 1978; x_wconf 75' lang='grc'>562.</span> <span class='ocrx_word' id='word_1_215' title='bbox 2111 1908 2376 1976; x_wconf 75' lang='lat' dir='ltr'><strong>Syrmate.</strong></span> <span class='ocrx_word' id='word_1_216' title='bbox 2411 1910 2562 1978; x_wconf 85' lang='lat' dir='ltr'><strong>longa</strong></span> <span class='ocrx_word' id='word_1_217' title='bbox 2589 1912 2756 1976; x_wconf 87' lang='lat' dir='ltr'><strong>vestis,</strong></span> <span class='ocrx_word' id='word_1_218' title='bbox 2781 1912 2821 1965; x_wconf 90' lang='grc' dir='ltr'><strong>Ι.</strong></span> 
     </span>
    </p>
   </div>
   <div class='ocr_carea' id='block_1_45' title="bbox 1963 1977 2823 2047">
    <p class='ocr_par' dir='ltr' id='par_1_45' title="bbox 1963 1977 2823 2047">
     <span class='ocr_line' id='line_1_45' title="bbox 1963 1977 2823 2047; baseline 0.005 -16"><span class='ocrx_word' id='word_1_219' title='bbox 1963 1977 2084 2032; x_wconf 89' lang='grc'>565.</span> <span class='ocrx_word' id='word_1_220' title='bbox 2120 1979 2391 2044; x_wconf 74' lang='lat' dir='ltr'><strong>Membris,</strong></span> <span class='ocrx_word' id='word_1_221' title='bbox 2414 1977 2604 2034; x_wconf 80' lang='lat' dir='ltr'><strong>scilicet</strong></span> <span class='ocrx_word' id='word_1_222' title='bbox 2633 1983 2751 2047; x_wconf 84' lang='lat' dir='ltr'><strong>tuis,</strong></span> <span class='ocrx_word' id='word_1_223' title='bbox 2783 1982 2823 2035; x_wconf 92' lang='grc'>1.</span> 
     </span>
    </p>
   </div>
   <div class='ocr_carea' id='block_1_46' title="bbox 1962 2049 2875 2117">
    <p class='ocr_par' dir='ltr' id='par_1_46' title="bbox 1962 2049 2875 2117">
     <span class='ocr_line' id='line_1_46' title="bbox 1962 2049 2875 2117; baseline 0.003 -17"><span class='ocrx_word' id='word_1_224' title='bbox 1962 2049 2086 2117; x_wconf 74' lang='lat'><strong>365.</strong></span> <span class='ocrx_word' id='word_1_225' title='bbox 2121 2049 2377 2116; x_wconf 86' lang='lat' dir='ltr'><strong>Tegmen,</strong></span> <span class='ocrx_word' id='word_1_226' title='bbox 2410 2051 2578 2103; x_wconf 81' lang='lat' dir='ltr'><strong>albam</strong></span> <span class='ocrx_word' id='word_1_227' title='bbox 2600 2061 2802 2117; x_wconf 86' lang='lat' dir='ltr'><strong>vestem,</strong></span> <span class='ocrx_word' id='word_1_228' title='bbox 2837 2051 2875 2105; x_wconf 90' lang='lat' dir='ltr'><strong>l.</strong></span> 
     </span>
    </p>
   </div>
   <div class='ocr_carea' id='block_1_47' title="bbox 1887 2116 2682 2184">
    <p class='ocr_par' dir='ltr' id='par_1_47' title="bbox 1887 2116 2682 2184">
     <span class='ocr_line' id='line_1_47' title="bbox 1887 2116 2682 2184; baseline 0.005 -14"><span class='ocrx_word' id='word_1_229' title='bbox 1887 2158 1891 2162; x_wconf 88' lang='lat'><strong>.</strong></span> <span class='ocrx_word' id='word_1_230' title='bbox 1961 2116 2083 2171; x_wconf 88' lang='grc'>567.</span> <span class='ocrx_word' id='word_1_231' title='bbox 2116 2118 2265 2184; x_wconf 87' lang='lat' dir='ltr'><strong>lude,</strong></span> <span class='ocrx_word' id='word_1_232' title='bbox 2294 2121 2615 2184; x_wconf 84' lang='lat' dir='ltr'><strong>descendisti,</strong></span> <span class='ocrx_word' id='word_1_233' title='bbox 2645 2121 2682 2174; x_wconf 92' lang='grc' dir='ltr'><strong>Ι.</strong></span> 
     </span>
    </p>
   </div>
   <div class='ocr_carea' id='block_1_48' title="bbox 1960 2188 3458 2260">
    <p class='ocr_par' dir='ltr' id='par_1_48' title="bbox 1960 2188 3458 2260">
     <span class='ocr_line' id='line_1_48' title="bbox 1960 2188 3458 2260; baseline 0.006 -21"><span class='ocrx_word' id='word_1_234' title='bbox 2113 2188 2351 2260; x_wconf 65' lang='grc' dir='ltr'><strong>ρσιερυὶι,</strong></span> <span class='ocrx_word' id='word_1_235' title='bbox 2382 2191 2580 2257; x_wconf 64' lang='lat' dir='ltr'><strong>effudit,</strong></span> <span class='ocrx_word' id='word_1_236' title='bbox 2617 2192 2694 2244; x_wconf 87' lang='lat' dir='ltr'><strong>vel</strong></span> <span class='ocrx_word' id='word_1_237' title='bbox 2716 2191 3232 2260; x_wconf 52' lang='lat' dir='ltr'><strong>efflavit—Falerni,</strong></span> <span class='ocrx_word' id='word_1_238' title='bbox 3266 2195 3388 2257; x_wconf 78' lang='lat' dir='ltr'><strong>vini,</strong></span> <span class='ocrx_word' id='word_1_239' title='bbox 3421 2195 3458 2248; x_wconf 93' lang='grc' dir='ltr'><strong>Ι.</strong></span> 
     </span>
    </p>
   </div>
   <div class='ocr_carea' id='block_1_49' title="bbox 1958 2255 3459 2331">
    <p class='ocr_par' dir='ltr' id='par_1_49' title="bbox 1958 2255 3459 2331">
     <span class='ocr_line' id='line_1_49' title="bbox 1958 2255 3459 2331; baseline 0.007 -23"><span class='ocrx_word' id='word_1_240' title='bbox 1958 2255 2082 2312; x_wconf 83' lang='grc'>570.</span> <span class='ocrx_word' id='word_1_241' title='bbox 2117 2255 2327 2322; x_wconf 71' lang='lat' dir='ltr'><strong>Pulcra,</strong></span> <span class='ocrx_word' id='word_1_242' title='bbox 2361 2255 2764 2331; x_wconf 72' lang='lat' dir='ltr'><strong>tripodes,lecti.</strong></span> <span class='ocrx_word' id='word_1_243' title='bbox 2789 2291 2852 2300; x_wconf 98' lang='lat'><strong>—</strong></span> <span class='ocrx_word' id='word_1_244' title='bbox 2888 2262 3052 2326; x_wconf 85' lang='lat' dir='ltr'><strong>Mero,</strong></span> <span class='ocrx_word' id='word_1_245' title='bbox 3090 2255 3225 2316; x_wconf 77' lang='lat' dir='ltr'><strong>vino.</strong></span> <span class='ocrx_word' id='word_1_246' title='bbox 3257 2295 3325 2304; x_wconf 93' lang='lat'><strong>—</strong></span> <span class='ocrx_word' id='word_1_247' title='bbox 3353 2255 3459 2319; x_wconf 83' lang='lat' dir='ltr'><strong>To-</strong></span> 
     </span>
    </p>
   </div>
   <div class='ocr_carea' id='block_1_50' title="bbox 1886 2331 3461 2399">
    <p class='ocr_par' dir='ltr' id='par_1_50' title="bbox 1886 2331 3461 2399">
     <span class='ocr_line' id='line_1_50' title="bbox 1886 2331 3461 2399; baseline 0.005 -20"><span class='ocrx_word' id='word_1_248' title='bbox 1886 2336 2148 2399; x_wconf 77' lang='lat' dir='ltr'><strong>reumata,</strong></span> <span class='ocrx_word' id='word_1_249' title='bbox 2180 2332 2445 2399; x_wconf 68' lang='lat' dir='ltr'><strong>caelatura,</strong></span> <span class='ocrx_word' id='word_1_250' title='bbox 2475 2332 2551 2382; x_wconf 87' lang='lat' dir='ltr'><strong>vel</strong></span> <span class='ocrx_word' id='word_1_251' title='bbox 2573 2331 2867 2399; x_wconf 87' lang='lat' dir='ltr'><strong>tornatilia;</strong></span> <span class='ocrx_word' id='word_1_252' title='bbox 2892 2344 3140 2396; x_wconf 85' lang='lat' dir='ltr'><strong>toreuma,</strong></span> <span class='ocrx_word' id='word_1_253' title='bbox 3172 2333 3224 2385; x_wconf 82' lang='lat' dir='ltr'><strong>id</strong></span> <span class='ocrx_word' id='word_1_254' title='bbox 3250 2342 3343 2399; x_wconf 88' lang='lat' dir='ltr'><strong>est,</strong></span> <span class='ocrx_word' id='word_1_255' title='bbox 3366 2350 3461 2387; x_wconf 70' lang='grc' dir='ltr'><strong>εως</strong></span> 
     </span>
    </p>
   </div>
   <div class='ocr_carea' id='block_1_51' title="bbox 1887 2397 3463 2522">
    <p class='ocr_par' dir='ltr' id='par_1_51' title="bbox 1887 2397 3463 2522">
     <span class='ocr_line' id='line_1_51' title="bbox 1887 2397 3463 2522; baseline 0.006 -74"><span class='ocrx_word' id='word_1_256' title='bbox 1887 2397 2076 2520; x_wconf 56' lang='lat' dir='ltr'><strong>lafural,</strong></span> <span class='ocrx_word' id='word_1_257' title='bbox 2113 2398 2411 2522; x_wconf 67' lang='lat' dir='ltr'><strong>LITornala</strong></span> <span class='ocrx_word' id='word_1_258' title='bbox 2459 2416 2599 2465; x_wconf 82' lang='lat' dir='ltr'><strong>vasa,</strong></span> <span class='ocrx_word' id='word_1_259' title='bbox 2655 2398 2785 2454; x_wconf 85' lang='lat' dir='ltr'><strong>Mar.</strong></span> <span class='ocrx_word' id='word_1_260' title='bbox 2807 2429 2881 2463; x_wconf 42' lang='grc' dir='ltr'><strong>,ν-</strong></span> <span class='ocrx_word' id='word_1_261' title='bbox 2923 2401 3083 2470; x_wconf 73' lang='lat' dir='ltr'><strong>ﬂore,</strong></span> <span class='ocrx_word' id='word_1_262' title='bbox 3117 2397 3379 2467; x_wconf 83' lang='lat' dir='ltr'><strong>lectorum,</strong></span> <span class='ocrx_word' id='word_1_263' title='bbox 3411 2404 3463 2457; x_wconf 82' lang='lat' dir='ltr'><strong>id</strong></span> 
     </span>
     <span class='ocr_line' id='line_1_52' title="bbox 1887 2481 2205 2522; baseline 0.009 -3"><span class='ocrx_word' id='word_1_264' title='bbox 1887 2481 1934 2520; x_wconf 81' lang='lat' dir='ltr'><strong>es</strong></span> <span class='ocrx_word' id='word_1_265' title='bbox 1985 2484 2048 2522; x_wconf 78' lang='lat' dir='ltr'><strong>no</strong></span> <span class='ocrx_word' id='word_1_266' title='bbox 2072 2485 2126 2522; x_wconf 88' lang='lat' dir='ltr'><strong>u.</strong></span> <span class='ocrx_word' id='word_1_267' title='bbox 2191 2510 2205 2522; x_wconf 96' lang='lat'><strong>.</strong></span> 
     </span>
    </p>
   </div>
   <div class='ocr_carea' id='block_1_52' title="bbox 1882 2481 2205 2533">
    <p class='ocr_par' dir='ltr' id='par_1_52' title="bbox 1882 2481 2205 2533">
     <span class='ocr_line' id='line_1_53' title="bbox 1882 2481 2205 2533; baseline 0.012 -14"><span class='ocrx_word' id='word_1_268' title='bbox 1882 2481 1955 2520; x_wconf 86' lang='lat' dir='ltr'><strong>est</strong></span> <span class='ocrx_word' id='word_1_269' title='bbox 1985 2481 2126 2533; x_wconf 88' lang='lat' dir='ltr'><strong>potu,</strong></span> <span class='ocrx_word' id='word_1_270' title='bbox 2168 2481 2205 2524; x_wconf 94' lang='lat' dir='ltr'><strong>I.</strong></span> 
     </span>
    </p>
   </div>
   <div class='ocr_carea' id='block_1_53' title="bbox 1589 2576 2141 2636">
    <p class='ocr_par' dir='ltr' id='par_1_53' title="bbox 1589 2576 2141 2636">
     <span class='ocr_line' id='line_1_54' title="bbox 1589 2576 2141 2636; baseline -0.004 -2"><span class='ocrx_word' id='word_1_271' title='bbox 1589 2576 2141 2636; x_wconf 79' lang='lat' dir='ltr'><strong>COMMENTARIUS.</strong></span> 
     </span>
    </p>
   </div>
   <div class='ocr_carea' id='block_1_54' title="bbox 279 2667 1782 2739">
    <p class='ocr_par' dir='ltr' id='par_1_54' title="bbox 279 2667 1782 2739">
     <span class='ocr_line' id='line_1_55' title="bbox 279 2667 1782 2739; baseline -0.002 -15"><span class='ocrx_word' id='word_1_272' title='bbox 279 2669 406 2726; x_wconf 79' lang='lat'><strong>350.</strong></span> <span class='ocrx_word' id='word_1_273' title='bbox 435 2670 694 2739; x_wconf 81' lang='lat' dir='ltr'><strong>Praecipui</strong></span> <span class='ocrx_word' id='word_1_274' title='bbox 721 2669 992 2724; x_wconf 85' lang='lat' dir='ltr'><strong>Hcinsiani</strong></span> <span class='ocrx_word' id='word_1_275' title='bbox 1011 2683 1130 2724; x_wconf 92' lang='lat' dir='ltr'><strong>cum</strong></span> <span class='ocrx_word' id='word_1_276' title='bbox 1149 2668 1287 2723; x_wconf 84' lang='lat' dir='ltr'><strong>Aldo</strong></span> <span class='ocrx_word' id='word_1_277' title='bbox 1311 2676 1364 2723; x_wconf 90' lang='lat' dir='ltr'><strong>et</strong></span> <span class='ocrx_word' id='word_1_278' title='bbox 1389 2667 1525 2732; x_wconf 83' lang='lat' dir='ltr'><strong>aliis,</strong></span> <span class='ocrx_word' id='word_1_279' title='bbox 1548 2669 1782 2721; x_wconf 83' lang='lat' dir='ltr'><strong>instimu-</strong></span> 
     </span>
    </p>
   </div>
   <div class='ocr_carea' id='block_1_55' title="bbox 212 2739 1778 2808">
    <p class='ocr_par' dir='ltr' id='par_1_55' title="bbox 212 2739 1778 2808">
     <span class='ocr_line' id='line_1_56' title="bbox 212 2739 1778 2808; baseline -0.002 -14"><span class='ocrx_word' id='word_1_280' title='bbox 212 2740 350 2795; x_wconf 83' lang='lat' dir='ltr'><strong>lans.</strong></span> <span class='ocrx_word' id='word_1_281' title='bbox 374 2740 546 2794; x_wconf 65' lang='lat' dir='ltr'><strong>Nostri</strong></span> <span class='ocrx_word' id='word_1_282' title='bbox 590 2743 1006 2808; x_wconf 73' lang='lat' dir='ltr'><strong>przestantiorec,</strong></span> <span class='ocrx_word' id='word_1_283' title='bbox 1051 2739 1203 2806; x_wconf 68' lang='lat' dir='ltr'><strong>Man,</strong></span> <span class='ocrx_word' id='word_1_284' title='bbox 1235 2739 1355 2794; x_wconf 84' lang='lat' dir='ltr'><strong>Rat.</strong></span> <span class='ocrx_word' id='word_1_285' title='bbox 1377 2781 1391 2806; x_wconf 96' lang='lat'><strong>,</strong></span> <span class='ocrx_word' id='word_1_286' title='bbox 1426 2739 1602 2802; x_wconf 81' lang='lat' dir='ltr'><strong>Alex.,</strong></span> <span class='ocrx_word' id='word_1_287' title='bbox 1644 2739 1778 2804; x_wconf 87' lang='lat' dir='ltr'><strong>Gis.,</strong></span> 
     </span>
    </p>
   </div>
   <div class='ocr_carea' id='block_1_56' title="bbox 213 2809 1054 2875">
    <p class='ocr_par' dir='ltr' id='par_1_56' title="bbox 213 2809 1054 2875">
     <span class='ocr_line' id='line_1_57' title="bbox 213 2809 1054 2875; baseline 0.001 -12"><span class='ocrx_word' id='word_1_288' title='bbox 213 2809 471 2864; x_wconf 84' lang='lat' dir='ltr'><strong>Weitzius</strong></span> <span class='ocrx_word' id='word_1_289' title='bbox 498 2820 551 2864; x_wconf 91' lang='lat' dir='ltr'><strong>et</strong></span> <span class='ocrx_word' id='word_1_290' title='bbox 570 2809 680 2875; x_wconf 86' lang='lat' dir='ltr'><strong>alii,</strong></span> <span class='ocrx_word' id='word_1_291' title='bbox 704 2811 1054 2864; x_wconf 69' lang='lat' dir='ltr'><strong>exstimulans.</strong></span> 
     </span>
    </p>
   </div>
   <div class='ocr_carea' id='block_1_57' title="bbox 285 2879 1784 2948">
    <p class='ocr_par' dir='ltr' id='par_1_57' title="bbox 285 2879 1784 2948">
     <span class='ocr_line' id='line_1_58' title="bbox 285 2879 1784 2948; baseline 0.001 -17"><span class='ocrx_word' id='word_1_292' title='bbox 285 2879 411 2935; x_wconf 81' lang='lat' dir='ltr'><strong>35L</strong></span> <span class='ocrx_word' id='word_1_293' title='bbox 434 2881 676 2934; x_wconf 81' lang='lat' dir='ltr'><strong>Barthius</strong></span> <span class='ocrx_word' id='word_1_294' title='bbox 703 2881 967 2948; x_wconf 86' lang='lat' dir='ltr'><strong>improbat</strong></span> <span class='ocrx_word' id='word_1_295' title='bbox 990 2883 1198 2934; x_wconf 86' lang='lat' dir='ltr'><strong>insanus</strong></span> <span class='ocrx_word' id='word_1_296' title='bbox 1223 2893 1319 2948; x_wconf 90' lang='lat' dir='ltr'><strong>pro</strong></span> <span class='ocrx_word' id='word_1_297' title='bbox 1347 2880 1572 2944; x_wconf 77' lang='lat' dir='ltr'><strong>insanas,</strong></span> <span class='ocrx_word' id='word_1_298' title='bbox 1599 2894 1784 2947; x_wconf 88' lang='lat' dir='ltr'><strong>quam-</strong></span> 
     </span>
    </p>
   </div>
   <div class='ocr_carea' id='block_1_58' title="bbox 213 2950 1780 3020">
    <p class='ocr_par' dir='ltr' id='par_1_58' title="bbox 213 2950 1780 3020">
     <span class='ocr_line' id='line_1_59' title="bbox 213 2950 1780 3020; baseline -0.002 -16"><span class='ocrx_word' id='word_1_299' title='bbox 213 2951 296 3004; x_wconf 93' lang='lat' dir='ltr'><strong>vis</strong></span> <span class='ocrx_word' id='word_1_300' title='bbox 315 2950 443 3020; x_wconf 89' lang='lat' dir='ltr'><strong>illud</strong></span> <span class='ocrx_word' id='word_1_301' title='bbox 468 2951 519 3020; x_wconf 83' lang='lat' dir='ltr'><strong>in</strong></span> <span class='ocrx_word' id='word_1_302' title='bbox 547 2966 644 3003; x_wconf 90' lang='lat' dir='ltr'><strong>suo</strong></span> <span class='ocrx_word' id='word_1_303' title='bbox 669 2965 770 3020; x_wconf 88' lang='lat' dir='ltr'><strong>ms.</strong></span> <span class='ocrx_word' id='word_1_304' title='bbox 797 2951 1078 3004; x_wconf 82' lang='lat' dir='ltr'><strong>invenerit.</strong></span> <span class='ocrx_word' id='word_1_305' title='bbox 1112 2951 1260 3020; x_wconf 87' lang='lat' dir='ltr'><strong>Egm.</strong></span> <span class='ocrx_word' id='word_1_306' title='bbox 1287 2966 1517 3017; x_wconf 86' lang='lat' dir='ltr'><strong>quoque,</strong></span> <span class='ocrx_word' id='word_1_307' title='bbox 1550 2953 1780 3003; x_wconf 84' lang='lat' dir='ltr'><strong>insanus.</strong></span> 
     </span>
    </p>
   </div>
   <div class='ocr_carea' id='block_1_59' title="bbox 286 3019 1786 3089">
    <p class='ocr_par' dir='ltr' id='par_1_59' title="bbox 286 3019 1786 3089">
     <span class='ocr_line' id='line_1_60' title="bbox 286 3019 1786 3089; baseline -0.001 -16"><span class='ocrx_word' id='word_1_308' title='bbox 286 3019 409 3073; x_wconf 80' lang='grc'>555.</span> <span class='ocrx_word' id='word_1_309' title='bbox 441 3019 654 3080; x_wconf 85' lang='lat' dir='ltr'><strong>Vienn.,</strong></span> <span class='ocrx_word' id='word_1_310' title='bbox 705 3019 768 3073; x_wconf 83' lang='lat' dir='ltr'><strong>alt</strong></span> <span class='ocrx_word' id='word_1_311' title='bbox 819 3022 1015 3088; x_wconf 85' lang='lat' dir='ltr'><strong>pudor!</strong></span> <span class='ocrx_word' id='word_1_312' title='bbox 1043 3021 1132 3074; x_wconf 87' lang='lat' dir='ltr'><strong>alii</strong></span> <span class='ocrx_word' id='word_1_313' title='bbox 1165 3019 1272 3089; x_wconf 68' lang='lat' dir='ltr'><strong>pro</strong></span> <span class='ocrx_word' id='word_1_314' title='bbox 1317 3030 1407 3074; x_wconf 91' lang='lat' dir='ltr'><strong>aut</strong></span> <span class='ocrx_word' id='word_1_315' title='bbox 1435 3021 1563 3089; x_wconf 82' lang='lat' dir='ltr'><strong>proh</strong></span> <span class='ocrx_word' id='word_1_316' title='bbox 1585 3021 1786 3089; x_wconf 81' lang='lat' dir='ltr'><strong>pudor!</strong></span> 
     </span>
    </p>
   </div>
   <div class='ocr_carea' id='block_1_60' title="bbox 214 3089 1775 3159">
    <p class='ocr_par' dir='ltr' id='par_1_60' title="bbox 214 3089 1775 3159">
     <span class='ocr_line' id='line_1_61' title="bbox 214 3089 1775 3159; baseline -0.001 -17"><span class='ocrx_word' id='word_1_317' title='bbox 214 3090 434 3155; x_wconf 84' lang='lat' dir='ltr'><strong>Vienn.,</strong></span> <span class='ocrx_word' id='word_1_318' title='bbox 471 3090 698 3159; x_wconf 80' lang='lat' dir='ltr'><strong>proferre</strong></span> <span class='ocrx_word' id='word_1_319' title='bbox 739 3089 961 3143; x_wconf 80' lang='lat' dir='ltr'><strong>lacertis.</strong></span> <span class='ocrx_word' id='word_1_320' title='bbox 993 3090 1318 3152; x_wconf 82' lang='lat' dir='ltr'><strong>Pascltalius,</strong></span> <span class='ocrx_word' id='word_1_321' title='bbox 1344 3089 1410 3144; x_wconf 87' lang='lat' dir='ltr'><strong>de</strong></span> <span class='ocrx_word' id='word_1_322' title='bbox 1440 3092 1661 3145; x_wconf 72' lang='lat' dir='ltr'><strong>Coronis</strong></span> <span class='ocrx_word' id='word_1_323' title='bbox 1688 3089 1775 3144; x_wconf 91' lang='lat' dir='ltr'><strong>lib.</strong></span> 
     </span>
    </p>
   </div>
   <div class='ocr_carea' id='block_1_61' title="bbox 214 3160 1784 3228">
    <p class='ocr_par' dir='ltr' id='par_1_61' title="bbox 214 3160 1784 3228">
     <span class='ocr_line' id='line_1_62' title="bbox 214 3160 1784 3228; baseline -0.001 -13"><span class='ocrx_word' id='word_1_324' title='bbox 214 3172 276 3222; x_wconf 87' lang='lat' dir='ltr'><strong>tt,</strong></span> <span class='ocrx_word' id='word_1_325' title='bbox 308 3163 425 3228; x_wconf 76' lang='lat' dir='ltr'><strong>cap.</strong></span> <span class='ocrx_word' id='word_1_326' title='bbox 461 3163 547 3227; x_wconf 84' lang='lat' dir='ltr'><strong>l5,</strong></span> <span class='ocrx_word' id='word_1_327' title='bbox 583 3175 699 3228; x_wconf 81' lang='lat' dir='ltr'><strong>pag.</strong></span> <span class='ocrx_word' id='word_1_328' title='bbox 733 3161 854 3223; x_wconf 74' lang='grc'><strong>124,</strong></span> <span class='ocrx_word' id='word_1_329' title='bbox 884 3171 1029 3214; x_wconf 88' lang='lat' dir='ltr'><strong>notat</strong></span> <span class='ocrx_word' id='word_1_330' title='bbox 1054 3176 1121 3214; x_wconf 77' lang='lat' dir='ltr'><strong>ex</strong></span> <span class='ocrx_word' id='word_1_331' title='bbox 1147 3161 1247 3213; x_wconf 90' lang='lat' dir='ltr'><strong>hoc</strong></span> <span class='ocrx_word' id='word_1_332' title='bbox 1279 3160 1396 3214; x_wconf 90' lang='lat' dir='ltr'><strong>loco</strong></span> <span class='ocrx_word' id='word_1_333' title='bbox 1425 3161 1614 3214; x_wconf 85' lang='lat' dir='ltr'><strong>ﬂorum</strong></span> <span class='ocrx_word' id='word_1_334' title='bbox 1642 3161 1784 3213; x_wconf 86' lang='lat' dir='ltr'><strong>mix-</strong></span> 
     </span>
    </p>
   </div>
   <div class='ocr_carea' id='block_1_62' title="bbox 214 3229 1782 3285">
    <p class='ocr_par' dir='ltr' id='par_1_62' title="bbox 214 3229 1782 3285">
     <span class='ocr_line' id='line_1_63' title="bbox 214 3229 1782 3285; baseline -0.002 0"><span class='ocrx_word' id='word_1_335' title='bbox 214 3241 391 3285; x_wconf 87' lang='lat' dir='ltr'><strong>turam</strong></span> <span class='ocrx_word' id='word_1_336' title='bbox 424 3231 476 3283; x_wconf 90' lang='lat' dir='ltr'><strong>in</strong></span> <span class='ocrx_word' id='word_1_337' title='bbox 498 3232 709 3284; x_wconf 88' lang='lat' dir='ltr'><strong>coronis</strong></span> <span class='ocrx_word' id='word_1_338' title='bbox 742 3230 1034 3284; x_wconf 79' lang='lat' dir='ltr'><strong>irrtitatiOne</strong></span> <span class='ocrx_word' id='word_1_339' title='bbox 1059 3239 1277 3284; x_wconf 61' lang='lat' dir='ltr'><strong>naturae.</strong></span> <span class='ocrx_word' id='word_1_340' title='bbox 1333 3229 1461 3284; x_wconf 88' lang='lat' dir='ltr'><strong>Vide</strong></span> <span class='ocrx_word' id='word_1_341' title='bbox 1491 3231 1782 3284; x_wconf 81' lang='lat' dir='ltr'><strong>Tertullia-</strong></span> 
     </span>
    </p>
   </div>
   <div class='ocr_carea' id='block_1_63' title="bbox 214 3298 1784 3368">
    <p class='ocr_par' dir='ltr' id='par_1_63' title="bbox 214 3298 1784 3368">
     <span class='ocr_line' id='line_1_64' title="bbox 214 3298 1784 3368; baseline -0.001 -14"><span class='ocrx_word' id='word_1_342' title='bbox 214 3315 344 3354; x_wconf 88' lang='lat' dir='ltr'><strong>num</strong></span> <span class='ocrx_word' id='word_1_343' title='bbox 373 3299 440 3354; x_wconf 88' lang='lat' dir='ltr'><strong>de</strong></span> <span class='ocrx_word' id='word_1_344' title='bbox 463 3298 660 3354; x_wconf 88' lang='lat' dir='ltr'><strong>Coron.</strong></span> <span class='ocrx_word' id='word_1_345' title='bbox 687 3299 860 3363; x_wconf 91' lang='lat' dir='ltr'><strong>milit.,</strong></span> <span class='ocrx_word' id='word_1_346' title='bbox 887 3300 975 3368; x_wconf 91' lang='lat' dir='ltr'><strong>qui</strong></span> <span class='ocrx_word' id='word_1_347' title='bbox 1000 3301 1242 3353; x_wconf 87' lang='lat' dir='ltr'><strong>inventos</strong></span> <span class='ocrx_word' id='word_1_348' title='bbox 1278 3301 1352 3353; x_wconf 90' lang='lat' dir='ltr'><strong>ait</strong></span> <span class='ocrx_word' id='word_1_349' title='bbox 1379 3301 1535 3354; x_wconf 86' lang='lat' dir='ltr'><strong>llores</strong></span> <span class='ocrx_word' id='word_1_350' title='bbox 1567 3315 1672 3355; x_wconf 89' lang='lat' dir='ltr'><strong>non</strong></span> <span class='ocrx_word' id='word_1_351' title='bbox 1696 3313 1784 3354; x_wconf 87' lang='lat' dir='ltr'><strong>ca-</strong></span> 
     </span>
    </p>
   </div>
   <div class='ocr_carea' id='block_1_64' title="bbox 216 3369 1353 3441">
    <p class='ocr_par' dir='ltr' id='par_1_64' title="bbox 216 3369 1353 3441">
     <span class='ocr_line' id='line_1_65' title="bbox 216 3369 1353 3441; baseline -0.002 -17"><span class='ocrx_word' id='word_1_352' title='bbox 216 3372 312 3441; x_wconf 91' lang='lat' dir='ltr'><strong>piti</strong></span> <span class='ocrx_word' id='word_1_353' title='bbox 344 3370 606 3441; x_wconf 77' lang='lat' dir='ltr'><strong>ornando,</strong></span> <span class='ocrx_word' id='word_1_354' title='bbox 633 3369 726 3424; x_wconf 88' lang='lat' dir='ltr'><strong>sed</strong></span> <span class='ocrx_word' id='word_1_355' title='bbox 759 3369 977 3423; x_wconf 90' lang='lat' dir='ltr'><strong>naribus</strong></span> <span class='ocrx_word' id='word_1_356' title='bbox 1004 3369 1353 3423; x_wconf 88' lang='lat' dir='ltr'><strong>oblcctandis.</strong></span> 
     </span>
    </p>
   </div>
   <div class='ocr_carea' id='block_1_65' title="bbox 291 3440 1784 3510">
    <p class='ocr_par' dir='ltr' id='par_1_65' title="bbox 291 3440 1784 3510">
     <span class='ocr_line' id='line_1_66' title="bbox 291 3440 1784 3510; baseline -0.001 -17"><span class='ocrx_word' id='word_1_357' title='bbox 291 3440 417 3494; x_wconf 82' lang='lat'><strong>355.</strong></span> <span class='ocrx_word' id='word_1_358' title='bbox 462 3441 545 3495; x_wconf 91' lang='lat' dir='ltr'><strong>lso</strong></span> <span class='ocrx_word' id='word_1_359' title='bbox 571 3448 623 3493; x_wconf 87' lang='lat' dir='ltr'><strong>et</strong></span> <span class='ocrx_word' id='word_1_360' title='bbox 663 3441 752 3492; x_wconf 89' lang='lat' dir='ltr'><strong>alii</strong></span> <span class='ocrx_word' id='word_1_361' title='bbox 785 3451 992 3510; x_wconf 76' lang='lat' dir='ltr'><strong>veteres</strong></span> <span class='ocrx_word' id='word_1_362' title='bbox 1036 3441 1452 3507; x_wconf 89' lang='lat' dir='ltr'><strong>interpretantur</strong></span> <span class='ocrx_word' id='word_1_363' title='bbox 1480 3441 1784 3510; x_wconf 78' lang='lat' dir='ltr'><strong>ferrugineo,</strong></span> 
     </span>
    </p>
   </div>
   <div class='ocr_carea' id='block_1_66' title="bbox 216 3509 1790 3581">
    <p class='ocr_par' dir='ltr' id='par_1_66' title="bbox 216 3509 1790 3581">
     <span class='ocr_line' id='line_1_67' title="bbox 216 3509 1790 3581; baseline -0.001 -17"><span class='ocrx_word' id='word_1_364' title='bbox 216 3510 322 3566; x_wconf 89' lang='lat' dir='ltr'><strong>hoc</strong></span> <span class='ocrx_word' id='word_1_365' title='bbox 350 3519 431 3562; x_wconf 81' lang='lat' dir='ltr'><strong>est</strong></span> <span class='ocrx_word' id='word_1_366' title='bbox 475 3525 750 3581; x_wconf 87' lang='lat' dir='ltr'><strong>purpureo.</strong></span> <span class='ocrx_word' id='word_1_367' title='bbox 799 3509 1072 3581; x_wconf 81' lang='lat' dir='ltr'><strong>Marieltus</strong></span> <span class='ocrx_word' id='word_1_368' title='bbox 1104 3525 1222 3562; x_wconf 88' lang='lat' dir='ltr'><strong>cum</strong></span> <span class='ocrx_word' id='word_1_369' title='bbox 1254 3511 1519 3581; x_wconf 6' lang='lat' dir='ltr'><strong>exgglossa</strong></span> <span class='ocrx_word' id='word_1_370' title='bbox 1553 3520 1790 3564; x_wconf 82' lang='lat' dir='ltr'><strong>notasset</strong></span> 
     </span>
    </p>
   </div>
   <div class='ocr_carea' id='block_1_67' title="bbox 216 3579 1786 3651">
    <p class='ocr_par' dir='ltr' id='par_1_67' title="bbox 216 3579 1786 3651">
     <span class='ocr_line' id='line_1_68' title="bbox 216 3579 1786 3651; baseline -0.001 -18"><span class='ocrx_word' id='word_1_371' title='bbox 216 3579 482 3651; x_wconf 73' lang='lat' dir='ltr'><strong>purpureo</strong></span> <span class='ocrx_word' id='word_1_372' title='bbox 506 3595 601 3646; x_wconf 88' lang='lat' dir='ltr'><strong>pro</strong></span> <span class='ocrx_word' id='word_1_373' title='bbox 639 3580 944 3649; x_wconf 78' lang='lat' dir='ltr'><strong>ferrugineo,</strong></span> <span class='ocrx_word' id='word_1_374' title='bbox 971 3579 1263 3646; x_wconf 70' lang='lat' dir='ltr'><strong>subiunxit,</strong></span> <span class='ocrx_word' id='word_1_375' title='bbox 1298 3579 1604 3642; x_wconf 84' lang='lat' dir='ltr'><strong>videndum,</strong></span> <span class='ocrx_word' id='word_1_376' title='bbox 1648 3596 1786 3633; x_wconf 87' lang='lat' dir='ltr'><strong>nun-</strong></span> 
     </span>
    </p>
   </div>
   <div class='ocr_carea' id='block_1_68' title="bbox 216 3651 1790 3719">
    <p class='ocr_par' dir='ltr' id='par_1_68' title="bbox 216 3651 1790 3719">
     <span class='ocr_line' id='line_1_69' title="bbox 216 3651 1790 3719; baseline 0 -17"><span class='ocrx_word' id='word_1_377' title='bbox 216 3652 345 3718; x_wconf 84' lang='lat' dir='ltr'><strong>quid</strong></span> <span class='ocrx_word' id='word_1_378' title='bbox 386 3664 614 3717; x_wconf 73' lang='lat' dir='ltr'><strong>purpui-a</strong></span> <span class='ocrx_word' id='word_1_379' title='bbox 647 3664 766 3702; x_wconf 87' lang='lat' dir='ltr'><strong>cum</strong></span> <span class='ocrx_word' id='word_1_380' title='bbox 799 3651 1081 3717; x_wconf 76' lang='lat' dir='ltr'><strong>ferrugine.</strong></span> <span class='ocrx_word' id='word_1_381' title='bbox 1118 3653 1205 3701; x_wconf 68' lang='lat' dir='ltr'><strong>bist</strong></span> <span class='ocrx_word' id='word_1_382' title='bbox 1246 3655 1624 3719; x_wconf 78' lang='lat' dir='ltr'><strong>certeferrugo</strong></span> <span class='ocrx_word' id='word_1_383' title='bbox 1668 3666 1790 3713; x_wconf 86' lang='lat' dir='ltr'><strong>pur-</strong></span> 
     </span>
    </p>
   </div>
   <div class='ocr_carea' id='block_1_69' title="bbox 216 3717 1792 3788">
    <p class='ocr_par' dir='ltr' id='par_1_69' title="bbox 216 3717 1792 3788">
     <span class='ocr_line' id='line_1_70' title="bbox 216 3717 1792 3788; baseline 0.001 -16"><span class='ocrx_word' id='word_1_384' title='bbox 216 3717 350 3787; x_wconf 83' lang='lat' dir='ltr'><strong>pura</strong></span> <span class='ocrx_word' id='word_1_385' title='bbox 380 3720 578 3788; x_wconf 83' lang='lat' dir='ltr'><strong>nigrior</strong></span> <span class='ocrx_word' id='word_1_386' title='bbox 603 3720 740 3785; x_wconf 91' lang='lat' dir='ltr'><strong>apud</strong></span> <span class='ocrx_word' id='word_1_387' title='bbox 767 3719 1041 3781; x_wconf 58' lang='lat' dir='ltr'><strong>Virgi&#39;ium</strong></span> <span class='ocrx_word' id='word_1_388' title='bbox 1074 3736 1087 3773; x_wconf 91' lang='grc' dir='ltr'>ι</span> <span class='ocrx_word' id='word_1_389' title='bbox 1115 3719 1308 3781; x_wconf 77' lang='lat' dir='ltr'><strong>Georg.</strong></span> <span class='ocrx_word' id='word_1_390' title='bbox 1331 3736 1344 3771; x_wconf 94' lang='lat'><strong>:</strong></span> <span class='ocrx_word' id='word_1_391' title='bbox 1375 3717 1502 3788; x_wconf 68' lang='lat' dir='ltr'><strong>Cum</strong></span> <span class='ocrx_word' id='word_1_392' title='bbox 1527 3717 1674 3783; x_wconf 74' lang='lat' dir='ltr'><strong>caput</strong></span> <span class='ocrx_word' id='word_1_393' title='bbox 1703 3720 1792 3773; x_wconf 88' lang='lat' dir='ltr'><strong>ob-</strong></span> 
     </span>
    </p>
   </div>
   <div class='ocr_carea' id='block_1_70' title="bbox 217 3778 1790 3862">
    <p class='ocr_par' dir='ltr' id='par_1_70' title="bbox 217 3778 1790 3862">
     <span class='ocr_line' id='line_1_71' title="bbox 217 3778 1790 3862; baseline -0.001 -18"><span class='ocrx_word' id='word_1_394' title='bbox 217 3778 370 3844; x_wconf 74' lang='lat' dir='ltr'><strong>scura</strong></span> <span class='ocrx_word' id='word_1_395' title='bbox 399 3778 613 3862; x_wconf 63' lang='lat' dir='ltr'><strong>nitidum</strong></span> <span class='ocrx_word' id='word_1_396' title='bbox 640 3778 899 3862; x_wconf 54' lang='lat' dir='ltr'><strong>ferrugine</strong></span> <span class='ocrx_word' id='word_1_397' title='bbox 929 3791 1068 3852; x_wconf 74' lang='lat' dir='ltr'><strong>texit,</strong></span> <span class='ocrx_word' id='word_1_398' title='bbox 1102 3800 1161 3862; x_wconf 64' lang='lat' dir='ltr'><strong>et</strong></span> <span class='ocrx_word' id='word_1_399' title='bbox 1183 3805 1232 3842; x_wconf 70' lang='grc' dir='ltr'><strong>ιχ</strong></span> <span class='ocrx_word' id='word_1_400' title='bbox 1261 3778 1474 3862; x_wconf 21' lang='grc' dir='ltr'><strong>ᾍΕιιθίδᾼ.</strong></span> <span class='ocrx_word' id='word_1_401' title='bbox 1505 3807 1516 3841; x_wconf 89' lang='lat'>:</span> <span class='ocrx_word' id='word_1_402' title='bbox 1545 3778 1790 3860; x_wconf 76' lang='lat' dir='ltr'><strong>Ferrugi-</strong></span> 
     </span>
    </p>
   </div>
   <div class='ocr_carea' id='block_1_71' title="bbox 215 3859 1786 3929">
    <p class='ocr_par' dir='ltr' id='par_1_71' title="bbox 215 3859 1786 3929">
     <span class='ocr_line' id='line_1_72' title="bbox 215 3859 1786 3929; baseline 0.001 -17"><span class='ocrx_word' id='word_1_403' title='bbox 215 3877 287 3912; x_wconf 83' lang='lat' dir='ltr'><strong>ne</strong></span> <span class='ocrx_word' id='word_1_404' title='bbox 314 3862 484 3912; x_wconf 82' lang='lat' dir='ltr'><strong>clarus</strong></span> <span class='ocrx_word' id='word_1_405' title='bbox 526 3859 700 3921; x_wconf 76' lang='lat' dir='ltr'><strong>lbera,</strong></span> <span class='ocrx_word' id='word_1_406' title='bbox 748 3859 835 3913; x_wconf 80' lang='lat' dir='ltr'><strong>tibi</strong></span> <span class='ocrx_word' id='word_1_407' title='bbox 869 3861 1085 3914; x_wconf 75' lang='lat' dir='ltr'><strong>Servius</strong></span> <span class='ocrx_word' id='word_1_408' title='bbox 1134 3859 1406 3913; x_wconf 83' lang='lat' dir='ltr'><strong>Ponticam</strong></span> <span class='ocrx_word' id='word_1_409' title='bbox 1445 3859 1786 3929; x_wconf 78' lang='lat' dir='ltr'><strong>ferruginein,</strong></span> 
     </span>
    </p>
   </div>
   <div class='ocr_carea' id='block_1_72' title="bbox 215 3929 1413 3996">
    <p class='ocr_par' dir='ltr' id='par_1_72' title="bbox 215 3929 1413 3996">
     <span class='ocr_line' id='line_1_73' title="bbox 215 3929 1413 3996; baseline -0.003 -13"><span class='ocrx_word' id='word_1_410' title='bbox 215 3945 327 3984; x_wconf 91' lang='lat' dir='ltr'><strong>non</strong></span> <span class='ocrx_word' id='word_1_411' title='bbox 369 3929 729 3996; x_wconf 84' lang='lat' dir='ltr'><strong>Hispanicam,</strong></span> <span class='ocrx_word' id='word_1_412' title='bbox 760 3930 1006 3996; x_wconf 77' lang='lat' dir='ltr'><strong>intelligit</strong></span> <span class='ocrx_word' id='word_1_413' title='bbox 1035 3948 1046 3980; x_wconf 90' lang='lat'><strong>:</strong></span> <span class='ocrx_word' id='word_1_414' title='bbox 1089 3929 1179 3982; x_wconf 73' lang='lat' dir='ltr'><strong>alii</strong></span> <span class='ocrx_word' id='word_1_415' title='bbox 1209 3939 1413 3982; x_wconf 83' lang='lat' dir='ltr'><strong>contra.</strong></span> 
     </span>
    </p>
   </div>
   <div class='ocr_carea' id='block_1_73' title="bbox 289 3997 1240 4064">
    <p class='ocr_par' dir='ltr' id='par_1_73' title="bbox 289 3997 1240 4064">
     <span class='ocr_line' id='line_1_74' title="bbox 289 3997 1240 4064; baseline -0.002 -11"><span class='ocrx_word' id='word_1_416' title='bbox 289 4000 414 4053; x_wconf 82' lang='lat'><strong>357.</strong></span> <span class='ocrx_word' id='word_1_417' title='bbox 451 3997 663 4062; x_wconf 49' lang='lat' dir='ltr'><strong>Waltz&quot;</strong></span> <span class='ocrx_word' id='word_1_418' title='bbox 698 3999 920 4064; x_wconf 80' lang='lat' dir='ltr'><strong>Erl&#39;urt.,</strong></span> <span class='ocrx_word' id='word_1_419' title='bbox 952 4015 1011 4051; x_wconf 90' lang='lat' dir='ltr'><strong>ac</strong></span> <span class='ocrx_word' id='word_1_420' title='bbox 1028 3999 1240 4062; x_wconf 79' lang='lat' dir='ltr'><strong>rigidus.</strong></span> 
     </span>
    </p>
   </div>
   <div class='ocr_carea' id='block_1_74' title="bbox 292 4069 1792 4136">
    <p class='ocr_par' dir='ltr' id='par_1_74' title="bbox 292 4069 1792 4136">
     <span class='ocr_line' id='line_1_75' title="bbox 292 4069 1792 4136; baseline -0.001 -13"><span class='ocrx_word' id='word_1_421' title='bbox 292 4070 416 4123; x_wconf 77' lang='lat'><strong>359.</strong></span> <span class='ocrx_word' id='word_1_422' title='bbox 447 4069 608 4134; x_wconf 78' lang='lat' dir='ltr'><strong>Ang.,</strong></span> <span class='ocrx_word' id='word_1_423' title='bbox 629 4084 925 4134; x_wconf 75' lang='lat' dir='ltr'><strong>perperam,</strong></span> <span class='ocrx_word' id='word_1_424' title='bbox 946 4086 1057 4122; x_wconf 85' lang='lat' dir='ltr'><strong>cum</strong></span> <span class='ocrx_word' id='word_1_425' title='bbox 1083 4069 1215 4121; x_wconf 85' lang='lat' dir='ltr'><strong>bibat</strong></span> <span class='ocrx_word' id='word_1_426' title='bbox 1234 4083 1329 4136; x_wconf 90' lang='lat' dir='ltr'><strong>pro</strong></span> <span class='ocrx_word' id='word_1_427' title='bbox 1345 4069 1613 4123; x_wconf 87' lang='lat' dir='ltr'><strong>combibat.</strong></span> <span class='ocrx_word' id='word_1_428' title='bbox 1631 4071 1792 4124; x_wconf 88' lang='lat' dir='ltr'><strong>lleiu-</strong></span> 
     </span>
    </p>
   </div>
   <div class='ocr_carea' id='block_1_75' title="bbox 218 4138 1788 4204">
    <p class='ocr_par' dir='ltr' id='par_1_75' title="bbox 218 4138 1788 4204">
     <span class='ocr_line' id='line_1_76' title="bbox 218 4138 1788 4204; baseline -0.001 -9"><span class='ocrx_word' id='word_1_429' title='bbox 218 4140 360 4195; x_wconf 80' lang='lat' dir='ltr'><strong>siani</strong></span> <span class='ocrx_word' id='word_1_430' title='bbox 389 4147 444 4192; x_wconf 89' lang='lat' dir='ltr'><strong>et</strong></span> <span class='ocrx_word' id='word_1_431' title='bbox 498 4140 661 4191; x_wconf 87' lang='lat' dir='ltr'><strong>nostri</strong></span> <span class='ocrx_word' id='word_1_432' title='bbox 711 4139 976 4202; x_wconf 83' lang='lat' dir='ltr'><strong>meliores,</strong></span> <span class='ocrx_word' id='word_1_433' title='bbox 1009 4141 1256 4204; x_wconf 76' lang='lat' dir='ltr'><strong>infusum.</strong></span> <span class='ocrx_word' id='word_1_434' title='bbox 1291 4138 1432 4192; x_wconf 87' lang='lat' dir='ltr'><strong>Vatt.</strong></span> <span class='ocrx_word' id='word_1_435' title='bbox 1465 4140 1546 4191; x_wconf 81' lang='lat' dir='ltr'><strong>BB</strong></span> <span class='ocrx_word' id='word_1_436' title='bbox 1575 4151 1628 4194; x_wconf 86' lang='lat' dir='ltr'><strong>ct</strong></span> <span class='ocrx_word' id='word_1_437' title='bbox 1654 4142 1788 4193; x_wconf 89' lang='lat' dir='ltr'><strong>alius</strong></span> 
     </span>
    </p>
   </div>
   <div class='ocr_carea' id='block_1_76' title="bbox 217 4205 1786 4278">
    <p class='ocr_par' dir='ltr' id='par_1_76' title="bbox 217 4205 1786 4278">
     <span class='ocr_line' id='line_1_77' title="bbox 217 4205 1786 4278; baseline 0.001 -15"><span class='ocrx_word' id='word_1_438' title='bbox 217 4209 356 4277; x_wconf 79' lang='lat' dir='ltr'><strong>apud</strong></span> <span class='ocrx_word' id='word_1_439' title='bbox 381 4209 556 4268; x_wconf 85' lang='lat' dir='ltr'><strong>Teol..</strong></span> <span class='ocrx_word' id='word_1_440' title='bbox 575 4205 908 4278; x_wconf 79' lang='lat' dir='ltr'><strong>Cauchiauus</strong></span> <span class='ocrx_word' id='word_1_441' title='bbox 924 4209 1112 4272; x_wconf 80' lang='lat' dir='ltr'><strong>codex,</strong></span> <span class='ocrx_word' id='word_1_442' title='bbox 1134 4208 1348 4271; x_wconf 85' lang='lat' dir='ltr'><strong>Weilz.,</strong></span> <span class='ocrx_word' id='word_1_443' title='bbox 1367 4210 1610 4276; x_wconf 79' lang='lat' dir='ltr'><strong>infusam.</strong></span> <span class='ocrx_word' id='word_1_444' title='bbox 1638 4211 1786 4278; x_wconf 78' lang='lat' dir='ltr'><strong>Egm.</strong></span> 
     </span>
    </p>
   </div>
   <div class='ocr_carea' id='block_1_77' title="bbox 219 4277 1791 4348">
    <p class='ocr_par' dir='ltr' id='par_1_77' title="bbox 219 4277 1791 4348">
     <span class='ocr_line' id='line_1_78' title="bbox 219 4277 1791 4348; baseline 0.001 -16"><span class='ocrx_word' id='word_1_445' title='bbox 219 4295 322 4348; x_wconf 89' lang='lat' dir='ltr'><strong>pro</strong></span> <span class='ocrx_word' id='word_1_446' title='bbox 364 4278 660 4347; x_wconf 83' lang='lat' dir='ltr'><strong>religamine</strong></span> <span class='ocrx_word' id='word_1_447' title='bbox 691 4277 850 4332; x_wconf 85' lang='lat' dir='ltr'><strong>habet</strong></span> <span class='ocrx_word' id='word_1_448' title='bbox 875 4280 1197 4348; x_wconf 67' lang='lat' dir='ltr'><strong>relegauzine,</strong></span> <span class='ocrx_word' id='word_1_449' title='bbox 1253 4293 1355 4330; x_wconf 89' lang='lat' dir='ltr'><strong>non</strong></span> <span class='ocrx_word' id='word_1_450' title='bbox 1390 4288 1552 4331; x_wconf 80' lang='lat' dir='ltr'><strong>recte.</strong></span> <span class='ocrx_word' id='word_1_451' title='bbox 1601 4277 1791 4334; x_wconf 82' lang='lat' dir='ltr'><strong>Sacra-</strong></span> 
     </span>
    </p>
   </div>
   <div class='ocr_carea' id='block_1_78' title="bbox 217 4347 1790 4415">
    <p class='ocr_par' dir='ltr' id='par_1_78' title="bbox 217 4347 1790 4415">
     <span class='ocr_line' id='line_1_79' title="bbox 217 4347 1790 4415; baseline 0.001 -13"><span class='ocrx_word' id='word_1_452' title='bbox 217 4347 458 4402; x_wconf 86' lang='lat' dir='ltr'><strong>ineutum</strong></span> <span class='ocrx_word' id='word_1_453' title='bbox 513 4350 929 4401; x_wconf 80' lang='lat' dir='ltr'><strong>conﬁrmationis</strong></span> <span class='ocrx_word' id='word_1_454' title='bbox 958 4347 1316 4409; x_wconf 74' lang='lat' dir='ltr'><strong>describitur,</strong></span> <span class='ocrx_word' id='word_1_455' title='bbox 1361 4348 1428 4402; x_wconf 89' lang='lat' dir='ltr'><strong>de</strong></span> <span class='ocrx_word' id='word_1_456' title='bbox 1477 4364 1582 4415; x_wconf 91' lang='lat' dir='ltr'><strong>quo</strong></span> <span class='ocrx_word' id='word_1_457' title='bbox 1633 4365 1790 4413; x_wconf 86' lang='lat' dir='ltr'><strong>supra</strong></span> 
     </span>
    </p>
   </div>
   <div class='ocr_carea' id='block_1_79' title="bbox 218 4415 1791 4486">
    <p class='ocr_par' dir='ltr' id='par_1_79' title="bbox 218 4415 1791 4486">
     <span class='ocr_line' id='line_1_80' title="bbox 218 4415 1791 4486; baseline 0 -16"><span class='ocrx_word' id='word_1_458' title='bbox 218 4418 404 4486; x_wconf 88' lang='lat' dir='ltr'><strong>hymn.</strong></span> <span class='ocrx_word' id='word_1_459' title='bbox 428 4417 581 4471; x_wconf 73' lang='lat' dir='ltr'><strong>Call).</strong></span> <span class='ocrx_word' id='word_1_460' title='bbox 607 4419 662 4479; x_wconf 87' lang='grc'>6,</span> <span class='ocrx_word' id='word_1_461' title='bbox 693 4433 830 4471; x_wconf 88' lang='lat' dir='ltr'><strong>vers.</strong></span> <span class='ocrx_word' id='word_1_462' title='bbox 861 4418 978 4472; x_wconf 74' lang='lat'><strong>128.</strong></span> <span class='ocrx_word' id='word_1_463' title='bbox 1011 4416 1142 4470; x_wconf 88' lang='lat' dir='ltr'><strong>Vide</strong></span> <span class='ocrx_word' id='word_1_464' title='bbox 1173 4415 1455 4470; x_wconf 87' lang='lat' dir='ltr'><strong>Baronium</strong></span> <span class='ocrx_word' id='word_1_465' title='bbox 1482 4428 1608 4472; x_wconf 86' lang='lat' dir='ltr'><strong>tom.</strong></span> <span class='ocrx_word' id='word_1_466' title='bbox 1637 4419 1656 4472; x_wconf 86' lang='grc' dir='ltr'>Ι</span> <span class='ocrx_word' id='word_1_467' title='bbox 1687 4423 1791 4471; x_wconf 83' lang='lat' dir='ltr'><strong>An-</strong></span> 
     </span>
    </p>
   </div>
   <div class='ocr_carea' id='block_1_80' title="bbox 219 4486 1787 4556">
    <p class='ocr_par' dir='ltr' id='par_1_80' title="bbox 219 4486 1787 4556">
     <span class='ocr_line' id='line_1_81' title="bbox 219 4486 1787 4556; baseline 0 -14"><span class='ocrx_word' id='word_1_468' title='bbox 219 4489 329 4543; x_wconf 80' lang='lat' dir='ltr'><strong>nal.</strong></span> <span class='ocrx_word' id='word_1_469' title='bbox 383 4501 505 4556; x_wconf 81' lang='lat' dir='ltr'><strong>pag.</strong></span> <span class='ocrx_word' id='word_1_470' title='bbox 554 4486 680 4556; x_wconf 56' lang='grc' dir='ltr'><strong>ξω,</strong></span> <span class='ocrx_word' id='word_1_471' title='bbox 721 4497 774 4539; x_wconf 89' lang='lat' dir='ltr'><strong>et</strong></span> <span class='ocrx_word' id='word_1_472' title='bbox 797 4489 987 4543; x_wconf 87' lang='lat' dir='ltr'><strong>.loaun.</strong></span> <span class='ocrx_word' id='word_1_473' title='bbox 1042 4486 1383 4540; x_wconf 86' lang='lat' dir='ltr'><strong>Laurentium</strong></span> <span class='ocrx_word' id='word_1_474' title='bbox 1433 4487 1663 4542; x_wconf 85' lang='lat' dir='ltr'><strong>Bertium</strong></span> <span class='ocrx_word' id='word_1_475' title='bbox 1698 4490 1787 4542; x_wconf 88' lang='lat' dir='ltr'><strong>lib.</strong></span> 
     </span>
    </p>
   </div>
   <div class='ocr_carea' id='block_1_81' title="bbox 217 4555 1788 4624">
    <p class='ocr_par' dir='ltr' id='par_1_81' title="bbox 217 4555 1788 4624">
     <span class='ocr_line' id='line_1_82' title="bbox 217 4555 1788 4624; baseline -0.001 -12"><span class='ocrx_word' id='word_1_476' title='bbox 217 4555 483 4612; x_wconf 22' lang='lat' dir='ltr'><strong>xxxtt’dé</strong></span> <span class='ocrx_word' id='word_1_477' title='bbox 535 4555 726 4610; x_wconf 80' lang='lat' dir='ltr'><strong>Tlteol.</strong></span> <span class='ocrx_word' id='word_1_478' title='bbox 783 4557 924 4610; x_wconf 89' lang='lat' dir='ltr'><strong>Disc.</strong></span> <span class='ocrx_word' id='word_1_479' title='bbox 958 4572 1076 4624; x_wconf 86' lang='lat' dir='ltr'><strong>cap.</strong></span> <span class='ocrx_word' id='word_1_480' title='bbox 1107 4558 1172 4610; x_wconf 82' lang='grc'>10</span> <span class='ocrx_word' id='word_1_481' title='bbox 1201 4557 1264 4608; x_wconf 90' lang='lat' dir='ltr'><strong>de</strong></span> <span class='ocrx_word' id='word_1_482' title='bbox 1293 4558 1538 4612; x_wconf 43' lang='lat' dir='ltr'><strong>unctioixis</strong></span> <span class='ocrx_word' id='word_1_483' title='bbox 1577 4557 1788 4620; x_wconf 78' lang='lat' dir='ltr'><strong>Forma,</strong></span> 
     </span>
    </p>
   </div>
   <div class='ocr_carea' id='block_1_82' title="bbox 220 4626 1786 4696">
    <p class='ocr_par' dir='ltr' id='par_1_82' title="bbox 220 4626 1786 4696">
     <span class='ocr_line' id='line_1_83' title="bbox 220 4626 1786 4696; baseline 0.001 -17"><span class='ocrx_word' id='word_1_484' title='bbox 220 4636 422 4696; x_wconf 60' lang='lat' dir='ltr'><strong>pater</strong></span> <span class='ocrx_word' id='word_1_485' title='bbox 446 4626 581 4680; x_wconf 89' lang='lat' dir='ltr'><strong>alios</strong></span> <span class='ocrx_word' id='word_1_486' title='bbox 611 4628 697 4694; x_wconf 90' lang='lat' dir='ltr'><strong>qui</strong></span> <span class='ocrx_word' id='word_1_487' title='bbox 724 4627 804 4679; x_wconf 90' lang='lat' dir='ltr'><strong>ltis</strong></span> <span class='ocrx_word' id='word_1_488' title='bbox 832 4627 1099 4681; x_wconf 88' lang='lat' dir='ltr'><strong>Prudentii</strong></span> <span class='ocrx_word' id='word_1_489' title='bbox 1128 4627 1786 4696; x_wconf 74' lang='lat' dir='ltr'><strong>versibussacramentum</strong></span> 
     </span>
    </p>
   </div>
   <div class='ocr_carea' id='block_1_83' title="bbox 220 4695 1787 4764">
    <p class='ocr_par' dir='ltr' id='par_1_83' title="bbox 220 4695 1787 4764">
     <span class='ocr_line' id='line_1_84' title="bbox 220 4695 1787 4764; baseline -0.001 -13"><span class='ocrx_word' id='word_1_490' title='bbox 220 4695 646 4751; x_wconf 73' lang='lat' dir='ltr'><strong>conﬁrmationis</strong></span> <span class='ocrx_word' id='word_1_491' title='bbox 673 4697 960 4764; x_wconf 83' lang='lat' dir='ltr'><strong>explicant.</strong></span> <span class='ocrx_word' id='word_1_492' title='bbox 993 4697 1159 4750; x_wconf 86' lang='lat' dir='ltr'><strong>Simul</strong></span> <span class='ocrx_word' id='word_1_493' title='bbox 1191 4706 1339 4748; x_wconf 80' lang='lat' dir='ltr'><strong>nutat</strong></span> <span class='ocrx_word' id='word_1_494' title='bbox 1364 4695 1682 4751; x_wconf 88' lang='lat' dir='ltr'><strong>Prudentius</strong></span> <span class='ocrx_word' id='word_1_495' title='bbox 1710 4697 1787 4750; x_wconf 80' lang='lat' dir='ltr'><strong>ef-</strong></span> 
     </span>
    </p>
   </div>
   <div class='ocr_carea' id='block_1_84' title="bbox 221 4765 1788 4834">
    <p class='ocr_par' dir='ltr' id='par_1_84' title="bbox 221 4765 1788 4834">
     <span class='ocr_line' id='line_1_85' title="bbox 221 4765 1788 4834; baseline 0.001 -15"><span class='ocrx_word' id='word_1_496' title='bbox 221 4765 510 4821; x_wconf 80' lang='lat' dir='ltr'><strong>feminatos</strong></span> <span class='ocrx_word' id='word_1_497' title='bbox 563 4765 794 4819; x_wconf 88' lang='lat' dir='ltr'><strong>virorum</strong></span> <span class='ocrx_word' id='word_1_498' title='bbox 842 4781 1036 4824; x_wconf 87' lang='lat' dir='ltr'><strong>mores.</strong></span> <span class='ocrx_word' id='word_1_499' title='bbox 1071 4769 1167 4834; x_wconf 80' lang='lat' dir='ltr'><strong>qui</strong></span> <span class='ocrx_word' id='word_1_500' title='bbox 1185 4766 1468 4819; x_wconf 89' lang='lat' dir='ltr'><strong>utebantur</strong></span> <span class='ocrx_word' id='word_1_501' title='bbox 1493 4769 1668 4832; x_wconf 88' lang='lat' dir='ltr'><strong>mitra,</strong></span> <span class='ocrx_word' id='word_1_502' title='bbox 1703 4783 1788 4820; x_wconf 88' lang='lat' dir='ltr'><strong>or-</strong></span> 
     </span>
    </p>
   </div>
   <div class='ocr_carea' id='block_1_85' title="bbox 223 4837 1791 4897">
    <p class='ocr_par' dir='ltr' id='par_1_85' title="bbox 223 4837 1791 4897">
     <span class='ocr_line' id='line_1_86' title="bbox 223 4837 1791 4897; baseline 0 -8"><span class='ocrx_word' id='word_1_503' title='bbox 223 4850 476 4890; x_wconf 84' lang='lat' dir='ltr'><strong>namento</strong></span> <span class='ocrx_word' id='word_1_504' title='bbox 499 4837 859 4897; x_wconf 91' lang='lat' dir='ltr'><strong>meretricum,</strong></span> <span class='ocrx_word' id='word_1_505' title='bbox 883 4845 936 4889; x_wconf 89' lang='lat' dir='ltr'><strong>et</strong></span> <span class='ocrx_word' id='word_1_506' title='bbox 962 4837 1183 4889; x_wconf 89' lang='lat' dir='ltr'><strong>reticulo</strong></span> <span class='ocrx_word' id='word_1_507' title='bbox 1205 4850 1396 4888; x_wconf 83' lang='lat' dir='ltr'><strong>croceo</strong></span> <span class='ocrx_word' id='word_1_508' title='bbox 1416 4850 1596 4888; x_wconf 81' lang='lat' dir='ltr'><strong>comas</strong></span> <span class='ocrx_word' id='word_1_509' title='bbox 1621 4837 1791 4889; x_wconf 86' lang='lat' dir='ltr'><strong>invol-</strong></span> 
     </span>
    </p>
   </div>
   <div class='ocr_carea' id='block_1_86' title="bbox 223 4904 1791 4975">
    <p class='ocr_par' dir='ltr' id='par_1_86' title="bbox 223 4904 1791 4975">
     <span class='ocr_line' id='line_1_87' title="bbox 223 4904 1791 4975; baseline 0 -17"><span class='ocrx_word' id='word_1_510' title='bbox 223 4907 439 4959; x_wconf 83' lang='lat' dir='ltr'><strong>vebant.</strong></span> <span class='ocrx_word' id='word_1_511' title='bbox 473 4905 746 4958; x_wconf 83' lang='lat' dir='ltr'><strong>Juvenalis</strong></span> <span class='ocrx_word' id='word_1_512' title='bbox 791 4915 889 4959; x_wconf 83' lang='lat' dir='ltr'><strong>sat.</strong></span> <span class='ocrx_word' id='word_1_513' title='bbox 925 4905 958 4957; x_wconf 87' lang='grc'><strong>5</strong></span> <span class='ocrx_word' id='word_1_514' title='bbox 988 4924 999 4959; x_wconf 89' lang='lat'><strong>:</strong></span> <span class='ocrx_word' id='word_1_515' title='bbox 1031 4904 1129 4967; x_wconf 87' lang='lat' dir='ltr'><strong>Ite,</strong></span> <span class='ocrx_word' id='word_1_516' title='bbox 1175 4905 1357 4972; x_wconf 81' lang='lat' dir='ltr'><strong>quibus</strong></span> <span class='ocrx_word' id='word_1_517' title='bbox 1383 4915 1528 4973; x_wconf 89' lang='lat' dir='ltr'><strong>grata</strong></span> <span class='ocrx_word' id='word_1_518' title='bbox 1555 4916 1626 4957; x_wconf 83' lang='lat' dir='ltr'><strong>cst</strong></span> <span class='ocrx_word' id='word_1_519' title='bbox 1655 4907 1791 4975; x_wconf 86' lang='lat' dir='ltr'><strong>picta</strong></span> 
     </span>
    </p>
   </div>
   <div class='ocr_carea' id='block_1_87' title="bbox 225 4975 1794 5044">
    <p class='ocr_par' dir='ltr' id='par_1_87' title="bbox 225 4975 1794 5044">
     <span class='ocr_line' id='line_1_88' title="bbox 225 4975 1794 5044; baseline 0 -16"><span class='ocrx_word' id='word_1_520' title='bbox 225 4977 348 5043; x_wconf 68' lang='lat' dir='ltr'><strong>lupa</strong></span> <span class='ocrx_word' id='word_1_521' title='bbox 388 4975 606 5028; x_wconf 87' lang='lat' dir='ltr'><strong>barbara</strong></span> <span class='ocrx_word' id='word_1_522' title='bbox 632 4975 802 5027; x_wconf 89' lang='lat' dir='ltr'><strong>mitra.</strong></span> <span class='ocrx_word' id='word_1_523' title='bbox 836 4976 946 5030; x_wconf 86' lang='lat' dir='ltr'><strong>Sat.</strong></span> <span class='ocrx_word' id='word_1_524' title='bbox 981 4975 1050 5028; x_wconf 88' lang='lat'><strong>6:</strong></span> <span class='ocrx_word' id='word_1_525' title='bbox 1087 4975 1193 5028; x_wconf 82' lang='lat' dir='ltr'><strong>Sed</strong></span> <span class='ocrx_word' id='word_1_526' title='bbox 1225 4975 1423 5044; x_wconf 87' lang='lat' dir='ltr'><strong>nigrum</strong></span> <span class='ocrx_word' id='word_1_527' title='bbox 1444 4978 1576 5044; x_wconf 84' lang='lat' dir='ltr'><strong>ﬂavo</strong></span> <span class='ocrx_word' id='word_1_528' title='bbox 1605 4977 1794 5028; x_wconf 86' lang='lat' dir='ltr'><strong>crinem</strong></span> 
     </span>
    </p>
   </div>
   <div class='ocr_carea' id='block_1_88' title="bbox 223 5043 1796 5115">
    <p class='ocr_par' dir='ltr' id='par_1_88' title="bbox 223 5043 1796 5115">
     <span class='ocr_line' id='line_1_89' title="bbox 223 5043 1796 5115; baseline -0.001 -18"><span class='ocrx_word' id='word_1_529' title='bbox 223 5046 574 5115; x_wconf 79' lang='lat' dir='ltr'><strong>abscondente</strong></span> <span class='ocrx_word' id='word_1_530' title='bbox 599 5045 789 5115; x_wconf 81' lang='lat' dir='ltr'><strong>galero.</strong></span> <span class='ocrx_word' id='word_1_531' title='bbox 821 5045 931 5098; x_wconf 88' lang='lat' dir='ltr'><strong>Sat.</strong></span> <span class='ocrx_word' id='word_1_532' title='bbox 961 5046 995 5097; x_wconf 77' lang='grc'><strong>2</strong></span> <span class='ocrx_word' id='word_1_533' title='bbox 1024 5063 1037 5097; x_wconf 90' lang='lat'><strong>:</strong></span> <span class='ocrx_word' id='word_1_534' title='bbox 1063 5043 1450 5111; x_wconf 82' lang='lat' dir='ltr'><strong>Reticulumque</strong></span> <span class='ocrx_word' id='word_1_535' title='bbox 1465 5045 1618 5098; x_wconf 88' lang='lat' dir='ltr'><strong>comis</strong></span> <span class='ocrx_word' id='word_1_536' title='bbox 1642 5061 1796 5097; x_wconf 87' lang='lat' dir='ltr'><strong>aura-</strong></span> 
     </span>
    </p>
   </div>
   <div class='ocr_carea' id='block_1_89' title="bbox 223 5114 902 5188">
    <p class='ocr_par' dir='ltr' id='par_1_89' title="bbox 223 5114 902 5188">
     <span class='ocr_line' id='line_1_90' title="bbox 223 5114 902 5188; baseline -0.001 -21"><span class='ocrx_word' id='word_1_537' title='bbox 223 5125 334 5188; x_wconf 67' lang='lat' dir='ltr'><strong>tum</strong></span> <span class='ocrx_word' id='word_1_538' title='bbox 360 5114 648 5188; x_wconf 55' lang='lat' dir='ltr'><strong>ingentibus</strong></span> <span class='ocrx_word' id='word_1_539' title='bbox 673 5115 902 5188; x_wconf 55' lang='lat' dir='ltr'><strong>implent.</strong></span> 
     </span>
    </p>
   </div>
   <div class='ocr_carea' id='block_1_90' title="bbox 299 5182 1795 5253">
    <p class='ocr_par' dir='ltr' id='par_1_90' title="bbox 299 5182 1795 5253">
     <span class='ocr_line' id='line_1_91' title="bbox 299 5182 1795 5253; baseline 0 -15"><span class='ocrx_word' id='word_1_540' title='bbox 299 5182 678 5246; x_wconf 54' lang='lat' dir='ltr'><strong>360.&#39;Weitz.,</strong></span> <span class='ocrx_word' id='word_1_541' title='bbox 714 5184 938 5249; x_wconf 82' lang='lat' dir='ltr'><strong>Erfurt.,</strong></span> <span class='ocrx_word' id='word_1_542' title='bbox 972 5193 1255 5253; x_wconf 83' lang='lat' dir='ltr'><strong>postquam.</strong></span> <span class='ocrx_word' id='word_1_543' title='bbox 1304 5184 1376 5238; x_wconf 89' lang='lat' dir='ltr'><strong>Ita</strong></span> <span class='ocrx_word' id='word_1_544' title='bbox 1418 5183 1618 5237; x_wconf 88' lang='lat' dir='ltr'><strong>Widut.</strong></span> <span class='ocrx_word' id='word_1_545' title='bbox 1649 5199 1678 5236; x_wconf 89' lang='lat' dir='ltr'><strong>a</strong></span> <span class='ocrx_word' id='word_1_546' title='bbox 1707 5199 1795 5238; x_wconf 84' lang='lat' dir='ltr'><strong>se-</strong></span> 
     </span>
    </p>
   </div>
   <div class='ocr_carea' id='block_1_91' title="bbox 222 5254 1791 5323">
    <p class='ocr_par' dir='ltr' id='par_1_91' title="bbox 222 5254 1791 5323">
     <span class='ocr_line' id='line_1_92' title="bbox 222 5254 1791 5323; baseline -0.002 -14"><span class='ocrx_word' id='word_1_547' title='bbox 222 5257 396 5309; x_wconf 87' lang='lat' dir='ltr'><strong>cunda</strong></span> <span class='ocrx_word' id='word_1_548' title='bbox 410 5270 592 5319; x_wconf 83' lang='lat' dir='ltr'><strong>manu,</strong></span> <span class='ocrx_word' id='word_1_549' title='bbox 623 5254 714 5308; x_wconf 89' lang='lat' dir='ltr'><strong>sed</strong></span> <span class='ocrx_word' id='word_1_550' title='bbox 735 5272 761 5304; x_wconf 73' lang='grc' dir='ltr'><strong>ει</strong></span> <span class='ocrx_word' id='word_1_551' title='bbox 783 5255 948 5322; x_wconf 85' lang='lat' dir='ltr'><strong>prima</strong></span> <span class='ocrx_word' id='word_1_552' title='bbox 965 5270 1119 5307; x_wconf 91' lang='lat' dir='ltr'><strong>manu</strong></span> <span class='ocrx_word' id='word_1_553' title='bbox 1139 5264 1251 5322; x_wconf 86' lang='lat' dir='ltr'><strong>post</strong></span> <span class='ocrx_word' id='word_1_554' title='bbox 1276 5270 1408 5322; x_wconf 67' lang='lat' dir='ltr'><strong>quis.</strong></span> <span class='ocrx_word' id='word_1_555' title='bbox 1424 5255 1523 5308; x_wconf 85' lang='lat' dir='ltr'><strong>Alii</strong></span> <span class='ocrx_word' id='word_1_556' title='bbox 1545 5271 1635 5323; x_wconf 88' lang='lat' dir='ltr'><strong>per</strong></span> <span class='ocrx_word' id='word_1_557' title='bbox 1662 5269 1791 5322; x_wconf 71' lang='lat' dir='ltr'><strong>quia.</strong></span> 
     </span>
    </p>
   </div>
   <div class='ocr_carea' id='block_1_92' title="bbox 298 5323 1791 5388">
    <p class='ocr_par' dir='ltr' id='par_1_92' title="bbox 298 5323 1791 5388">
     <span class='ocr_line' id='line_1_93' title="bbox 298 5323 1791 5388; baseline -0.002 -10"><span class='ocrx_word' id='word_1_558' title='bbox 298 5323 418 5378; x_wconf 74' lang='grc'>562.</span> <span class='ocrx_word' id='word_1_559' title='bbox 457 5323 673 5388; x_wconf 86' lang='lat' dir='ltr'><strong>Vieon.,</strong></span> <span class='ocrx_word' id='word_1_560' title='bbox 705 5334 750 5378; x_wconf 90' lang='lat' dir='ltr'><strong>et</strong></span> <span class='ocrx_word' id='word_1_561' title='bbox 777 5333 949 5386; x_wconf 67' lang='lat' dir='ltr'><strong>terer;</strong></span> <span class='ocrx_word' id='word_1_562' title='bbox 989 5324 1177 5377; x_wconf 89' lang='lat' dir='ltr'><strong>melius</strong></span> <span class='ocrx_word' id='word_1_563' title='bbox 1199 5325 1467 5377; x_wconf 78' lang='lat' dir='ltr'><strong>ut.l.uxus</strong></span> <span class='ocrx_word' id='word_1_564' title='bbox 1487 5324 1791 5386; x_wconf 78' lang='lat' dir='ltr'><strong>denotatur,</strong></span> 
     </span>
    </p>
   </div>
   <div class='ocr_carea' id='block_1_93' title="bbox 221 5393 1793 5463">
    <p class='ocr_par' dir='ltr' id='par_1_93' title="bbox 221 5393 1793 5463">
     <span class='ocr_line' id='line_1_94' title="bbox 221 5393 1793 5463; baseline -0.001 -16"><span class='ocrx_word' id='word_1_565' title='bbox 221 5393 365 5463; x_wconf 86' lang='lat' dir='ltr'><strong>quod</strong></span> <span class='ocrx_word' id='word_1_566' title='bbox 386 5393 549 5448; x_wconf 79' lang='lat' dir='ltr'><strong>ve3tis</strong></span> <span class='ocrx_word' id='word_1_567' title='bbox 570 5393 635 5463; x_wconf 87' lang='lat' dir='ltr'><strong>ad</strong></span> <span class='ocrx_word' id='word_1_568' title='bbox 668 5402 860 5448; x_wconf 75' lang='lat' dir='ltr'><strong>terrent</strong></span> <span class='ocrx_word' id='word_1_569' title='bbox 889 5408 1054 5460; x_wconf 65' lang='lat' dir='ltr'><strong>umiue</strong></span> <span class='ocrx_word' id='word_1_570' title='bbox 1080 5393 1339 5448; x_wconf 78' lang='lat' dir='ltr'><strong>efﬂueret.</strong></span> <span class='ocrx_word' id='word_1_571' title='bbox 1368 5395 1660 5463; x_wconf 82' lang='lat' dir='ltr'><strong>Cyprianus</strong></span> <span class='ocrx_word' id='word_1_572' title='bbox 1681 5394 1793 5446; x_wconf 87' lang='lat' dir='ltr'><strong>sive</strong></span> 
     </span>
    </p>
   </div>
   <div class='ocr_carea' id='block_1_94' title="bbox 221 5462 1793 5533">
    <p class='ocr_par' dir='ltr' id='par_1_94' title="bbox 221 5462 1793 5533">
     <span class='ocr_line' id='line_1_95' title="bbox 221 5462 1793 5533; baseline -0.002 -15"><span class='ocrx_word' id='word_1_573' title='bbox 221 5462 380 5528; x_wconf 80' lang='lat' dir='ltr'><strong>alius,</strong></span> <span class='ocrx_word' id='word_1_574' title='bbox 404 5464 474 5519; x_wconf 86' lang='lat' dir='ltr'><strong>de</strong></span> <span class='ocrx_word' id='word_1_575' title='bbox 502 5462 679 5530; x_wconf 84' lang='lat' dir='ltr'><strong>Jejun.</strong></span> <span class='ocrx_word' id='word_1_576' title='bbox 709 5463 910 5518; x_wconf 81' lang='lat' dir='ltr'><strong>Christ.</strong></span> <span class='ocrx_word' id='word_1_577' title='bbox 941 5482 953 5515; x_wconf 88' lang='lat'>:</span> <span class='ocrx_word' id='word_1_578' title='bbox 982 5463 1366 5517; x_wconf 84' lang='lat' dir='ltr'><strong>Paludamentis</strong></span> <span class='ocrx_word' id='word_1_579' title='bbox 1383 5462 1626 5517; x_wconf 88' lang='lat' dir='ltr'><strong>talaribus</strong></span> <span class='ocrx_word' id='word_1_580' title='bbox 1650 5463 1793 5533; x_wconf 84' lang='lat' dir='ltr'><strong>pavi-</strong></span> 
     </span>
    </p>
   </div>
   <div class='ocr_carea' id='block_1_95' title="bbox 218 5542 690 5588">
    <p class='ocr_par' dir='ltr' id='par_1_95' title="bbox 218 5542 690 5588">
     <span class='ocr_line' id='line_1_96' title="bbox 218 5542 690 5588; baseline 0 0"><span class='ocrx_word' id='word_1_581' title='bbox 218 5544 391 5588; x_wconf 72' lang='lat' dir='ltr'><strong>menta</strong></span> <span class='ocrx_word' id='word_1_582' title='bbox 421 5542 690 5588; x_wconf 76' lang='lat' dir='ltr'><strong>verrentes.</strong></span> 
     </span>
    </p>
   </div>
   <div class='ocr_carea' id='block_1_96' title="bbox 296 5603 1791 5674">
    <p class='ocr_par' dir='ltr' id='par_1_96' title="bbox 296 5603 1791 5674">
     <span class='ocr_line' id='line_1_97' title="bbox 296 5603 1791 5674; baseline 0.001 -16"><span class='ocrx_word' id='word_1_583' title='bbox 296 5603 418 5659; x_wconf 80' lang='grc'>565.</span> <span class='ocrx_word' id='word_1_584' title='bbox 452 5604 717 5674; x_wconf 82' lang='lat' dir='ltr'><strong>Giseliuus</strong></span> <span class='ocrx_word' id='word_1_585' title='bbox 742 5603 972 5673; x_wconf 83' lang='lat' dir='ltr'><strong>explicat</strong></span> <span class='ocrx_word' id='word_1_586' title='bbox 1001 5604 1054 5657; x_wconf 89' lang='lat' dir='ltr'><strong>in</strong></span> <span class='ocrx_word' id='word_1_587' title='bbox 1086 5605 1282 5674; x_wconf 81' lang='lat' dir='ltr'><strong>fractis,</strong></span> <span class='ocrx_word' id='word_1_588' title='bbox 1313 5605 1561 5658; x_wconf 84' lang='lat' dir='ltr'><strong>mollibus</strong></span> <span class='ocrx_word' id='word_1_589' title='bbox 1582 5614 1634 5658; x_wconf 92' lang='lat' dir='ltr'><strong>ct</strong></span> <span class='ocrx_word' id='word_1_590' title='bbox 1660 5605 1791 5660; x_wconf 80' lang='lat' dir='ltr'><strong>eli‘e-</strong></span> 
     </span>
    </p>
   </div>
   <div class='ocr_carea' id='block_1_97' title="bbox 218 5671 1792 5743">
    <p class='ocr_par' dir='ltr' id='par_1_97' title="bbox 218 5671 1792 5743">
     <span class='ocr_line' id='line_1_98' title="bbox 218 5671 1792 5743; baseline -0.003 -11"><span class='ocrx_word' id='word_1_591' title='bbox 218 5676 460 5738; x_wconf 82' lang='lat' dir='ltr'><strong>minatis.</strong></span> <span class='ocrx_word' id='word_1_592' title='bbox 484 5681 544 5726; x_wconf 88' lang='lat' dir='ltr'><strong>ut</strong></span> <span class='ocrx_word' id='word_1_593' title='bbox 561 5671 701 5738; x_wconf 68' lang='lat' dir='ltr'><strong>duae,</strong></span> <span class='ocrx_word' id='word_1_594' title='bbox 725 5671 917 5742; x_wconf 78' lang='lat' dir='ltr'><strong>inquit,</strong></span> <span class='ocrx_word' id='word_1_595' title='bbox 938 5675 1045 5729; x_wconf 87' lang='lat' dir='ltr'><strong>sint</strong></span> <span class='ocrx_word' id='word_1_596' title='bbox 1064 5671 1342 5730; x_wconf 86' lang='lat' dir='ltr'><strong>dictiones.</strong></span> <span class='ocrx_word' id='word_1_597' title='bbox 1364 5675 1610 5743; x_wconf 87' lang='lat' dir='ltr'><strong>Sijubeat</strong></span> <span class='ocrx_word' id='word_1_598' title='bbox 1632 5674 1792 5729; x_wconf 89' lang='lat' dir='ltr'><strong>scribi</strong></span> 
     </span>
    </p>
   </div>
   <div class='ocr_carea' id='block_1_98' title="bbox 215 5744 1791 5813">
    <p class='ocr_par' dir='ltr' id='par_1_98' title="bbox 215 5744 1791 5813">
     <span class='ocr_line' id='line_1_99' title="bbox 215 5744 1791 5813; baseline -0.004 -12"><span class='ocrx_word' id='word_1_599' title='bbox 215 5764 273 5801; x_wconf 73' lang='lat' dir='ltr'><strong>in</strong></span> <span class='ocrx_word' id='word_1_600' title='bbox 295 5745 500 5812; x_wconf 77' lang='lat' dir='ltr'><strong>fractis,</strong></span> <span class='ocrx_word' id='word_1_601' title='bbox 524 5744 885 5801; x_wconf 79' lang='lat' dir='ltr'><strong>necessarium</strong></span> <span class='ocrx_word' id='word_1_602' title='bbox 913 5745 1128 5813; x_wconf 87' lang='lat' dir='ltr'><strong>quidem</strong></span> <span class='ocrx_word' id='word_1_603' title='bbox 1174 5746 1224 5798; x_wconf 90' lang='lat' dir='ltr'><strong>id</strong></span> <span class='ocrx_word' id='word_1_604' title='bbox 1273 5760 1376 5800; x_wconf 90' lang='lat' dir='ltr'><strong>non</strong></span> <span class='ocrx_word' id='word_1_605' title='bbox 1407 5753 1490 5799; x_wconf 84' lang='lat' dir='ltr'><strong>est</strong></span> <span class='ocrx_word' id='word_1_606' title='bbox 1516 5760 1529 5800; x_wconf 88' lang='lat'><strong>:</strong></span> <span class='ocrx_word' id='word_1_607' title='bbox 1566 5758 1682 5797; x_wconf 82' lang='lat' dir='ltr'><strong>nam</strong></span> <span class='ocrx_word' id='word_1_608' title='bbox 1713 5744 1791 5796; x_wconf 68' lang='lat' dir='ltr'><strong>ii:-</strong></span> 
     </span>
    </p>
   </div>
   <div class='ocr_carea' id='block_1_99' title="bbox 1817 4663 1869 4722">
    <p class='ocr_par' dir='ltr' id='par_1_99' title="bbox 1817 4663 1869 4722">
     <span class='ocr_line' id='line_1_100' title="bbox 1817 4663 1869 4722; baseline 0 0"><span class='ocrx_word' id='word_1_609' title='bbox 1817 4663 1869 4722; x_wconf 89' lang='lat' dir='ltr'><strong>D</strong></span> 
     </span>
    </p>
   </div>
   <div class='ocr_carea' id='block_1_100' title="bbox 1887 2653 3462 2744">
    <p class='ocr_par' dir='ltr' id='par_1_100' title="bbox 1887 2653 3462 2744">
     <span class='ocr_line' id='line_1_101' title="bbox 1887 2653 3462 2744; baseline 0.01 -24"><span class='ocrx_word' id='word_1_610' title='bbox 1887 2673 2079 2744; x_wconf 69' lang='lat' dir='ltr'><strong>fractus</strong></span> <span class='ocrx_word' id='word_1_611' title='bbox 2109 2671 2263 2744; x_wconf 86' lang='lat' dir='ltr'><strong>unica</strong></span> <span class='ocrx_word' id='word_1_612' title='bbox 2294 2671 2456 2726; x_wconf 89' lang='lat' dir='ltr'><strong>dictio</strong></span> <span class='ocrx_word' id='word_1_613' title='bbox 2501 2683 2653 2744; x_wconf 88' lang='lat' dir='ltr'><strong>sonat</strong></span> <span class='ocrx_word' id='word_1_614' title='bbox 2685 2675 2841 2728; x_wconf 87' lang='lat' dir='ltr'><strong>etiam</strong></span> <span class='ocrx_word' id='word_1_615' title='bbox 2869 2679 3084 2744; x_wconf 79' lang='lat' dir='ltr'><strong>fractus.</strong></span> <span class='ocrx_word' id='word_1_616' title='bbox 3120 2653 3351 2732; x_wconf 86' lang='lat' dir='ltr'><strong>Verbum</strong></span> <span class='ocrx_word' id='word_1_617' title='bbox 3384 2685 3462 2734; x_wconf 87' lang='lat' dir='ltr'><strong>ta-</strong></span> 
     </span>
    </p>
   </div>
   <div class='ocr_carea' id='block_1_101' title="bbox 1888 2740 3461 2812">
    <p class='ocr_par' dir='ltr' id='par_1_101' title="bbox 1888 2740 3461 2812">
     <span class='ocr_line' id='line_1_102' title="bbox 1888 2740 3461 2812; baseline 0.006 -21"><span class='ocrx_word' id='word_1_618' title='bbox 1888 2754 2010 2812; x_wconf 86' lang='lat' dir='ltr'><strong>men</strong></span> <span class='ocrx_word' id='word_1_619' title='bbox 2043 2740 2252 2812; x_wconf 83' lang='lat' dir='ltr'><strong>lluitarc</strong></span> <span class='ocrx_word' id='word_1_620' title='bbox 2284 2757 2502 2808; x_wconf 90' lang='lat' dir='ltr'><strong>poscere</strong></span> <span class='ocrx_word' id='word_1_621' title='bbox 2533 2743 2742 2798; x_wconf 87' lang='lat' dir='ltr'><strong>videtur</strong></span> <span class='ocrx_word' id='word_1_622' title='bbox 2769 2746 2821 2796; x_wconf 90' lang='lat' dir='ltr'><strong>in</strong></span> <span class='ocrx_word' id='word_1_623' title='bbox 2851 2740 3086 2800; x_wconf 62' lang='lat' dir='ltr'><strong>membris</strong></span> <span class='ocrx_word' id='word_1_624' title='bbox 3116 2747 3312 2812; x_wconf 78' lang='lat' dir='ltr'><strong>fractis.</strong></span> <span class='ocrx_word' id='word_1_625' title='bbox 3343 2749 3461 2800; x_wconf 82' lang='lat' dir='ltr'><strong>Plu-</strong></span> 
     </span>
    </p>
   </div>
   <div class='ocr_carea' id='block_1_102' title="bbox 1887 2810 3461 2884">
    <p class='ocr_par' dir='ltr' id='par_1_102' title="bbox 1887 2810 3461 2884">
     <span class='ocr_line' id='line_1_103' title="bbox 1887 2810 3461 2884; baseline 0.008 -23"><span class='ocrx_word' id='word_1_626' title='bbox 1887 2810 2007 2863; x_wconf 90' lang='lat' dir='ltr'><strong>rimi</strong></span> <span class='ocrx_word' id='word_1_627' title='bbox 2061 2811 2393 2884; x_wconf 68' lang='lat' dir='ltr'><strong>eoniungunt</strong></span> <span class='ocrx_word' id='word_1_628' title='bbox 2440 2814 2694 2880; x_wconf 79' lang='lat' dir='ltr'><strong>infractis.</strong></span> <span class='ocrx_word' id='word_1_629' title='bbox 2737 2814 2812 2868; x_wconf 91' lang='lat' dir='ltr'><strong>De</strong></span> <span class='ocrx_word' id='word_1_630' title='bbox 2856 2816 3018 2871; x_wconf 89' lang='lat' dir='ltr'><strong>verbo</strong></span> <span class='ocrx_word' id='word_1_631' title='bbox 3069 2810 3315 2884; x_wconf 77' lang='lat' dir='ltr'><strong>frangere</strong></span> <span class='ocrx_word' id='word_1_632' title='bbox 3341 2818 3461 2874; x_wconf 86' lang='lat' dir='ltr'><strong>vide</strong></span> 
     </span>
    </p>
   </div>
   <div class='ocr_carea' id='block_1_103' title="bbox 1886 2881 2658 2934">
    <p class='ocr_par' dir='ltr' id='par_1_103' title="bbox 1886 2881 2658 2934">
     <span class='ocr_line' id='line_1_104' title="bbox 1886 2881 2658 2934; baseline 0.01 -3"><span class='ocrx_word' id='word_1_633' title='bbox 1886 2895 2028 2932; x_wconf 83' lang='lat' dir='ltr'><strong>vers.</strong></span> <span class='ocrx_word' id='word_1_634' title='bbox 2059 2881 2184 2934; x_wconf 86' lang='lat' dir='ltr'><strong>3l5.</strong></span> <span class='ocrx_word' id='word_1_635' title='bbox 2654 2887 2658 2891; x_wconf 83' lang='grc'><em>’</em></span> 
     </span>
    </p>
   </div>
   <div class='ocr_carea' id='block_1_104' title="bbox 1958 2948 3461 3020">
    <p class='ocr_par' dir='ltr' id='par_1_104' title="bbox 1958 2948 3461 3020">
     <span class='ocr_line' id='line_1_105' title="bbox 1958 2948 3461 3020; baseline 0.008 -20"><span class='ocrx_word' id='word_1_636' title='bbox 1958 2948 2079 3002; x_wconf 77' lang='grc'>561.</span> <span class='ocrx_word' id='word_1_637' title='bbox 2112 2950 2337 3010; x_wconf 85' lang='lat' dir='ltr'><strong>Weitzio</strong></span> <span class='ocrx_word' id='word_1_638' title='bbox 2383 2953 2581 3020; x_wconf 89' lang='lat' dir='ltr'><strong>placuit</strong></span> <span class='ocrx_word' id='word_1_639' title='bbox 2622 2968 2740 3006; x_wconf 92' lang='lat' dir='ltr'><strong>cum</strong></span> <span class='ocrx_word' id='word_1_640' title='bbox 2771 2954 2886 3007; x_wconf 90' lang='lat' dir='ltr'><strong>solo</strong></span> <span class='ocrx_word' id='word_1_641' title='bbox 2914 2953 3116 3010; x_wconf 86' lang='lat' dir='ltr'><strong>Widm.</strong></span> <span class='ocrx_word' id='word_1_642' title='bbox 3143 2957 3302 3011; x_wconf 90' lang='lat' dir='ltr'><strong>edere</strong></span> <span class='ocrx_word' id='word_1_643' title='bbox 3335 2961 3461 3012; x_wconf 85' lang='lat' dir='ltr'><strong>toni-</strong></span> 
     </span>
    </p>
   </div>
   <div class='ocr_carea' id='block_1_105' title="bbox 1888 3023 3460 3093">
    <p class='ocr_par' dir='ltr' id='par_1_105' title="bbox 1888 3023 3460 3093">
     <span class='ocr_line' id='line_1_106' title="bbox 1888 3023 3460 3093; baseline 0.007 -22"><span class='ocrx_word' id='word_1_644' title='bbox 1888 3028 2116 3093; x_wconf 88' lang='lat' dir='ltr'><strong>cam,__et</strong></span> <span class='ocrx_word' id='word_1_645' title='bbox 2158 3023 2567 3093; x_wconf 75' lang='lat' dir='ltr'><strong>praeteritiittere</strong></span> <span class='ocrx_word' id='word_1_646' title='bbox 2599 3023 2839 3084; x_wconf 85' lang='lat' dir='ltr'><strong>tunicam,</strong></span> <span class='ocrx_word' id='word_1_647' title='bbox 2894 3026 3031 3093; x_wconf 88' lang='lat' dir='ltr'><strong>quod</strong></span> <span class='ocrx_word' id='word_1_648' title='bbox 3057 3036 3228 3080; x_wconf 75' lang='lat' dir='ltr'><strong>exstat</strong></span> <span class='ocrx_word' id='word_1_649' title='bbox 3257 3028 3306 3080; x_wconf 90' lang='lat' dir='ltr'><strong>in</strong></span> <span class='ocrx_word' id='word_1_650' title='bbox 3339 3028 3460 3082; x_wconf 86' lang='lat' dir='ltr'><strong>aliis</strong></span> 
     </span>
    </p>
   </div>
   <div class='ocr_carea' id='block_1_106' title="bbox 1890 3089 3460 3161">
    <p class='ocr_par' dir='ltr' id='par_1_106' title="bbox 1890 3089 3460 3161">
     <span class='ocr_line' id='line_1_107' title="bbox 1890 3089 3460 3161; baseline 0.008 -21"><span class='ocrx_word' id='word_1_651' title='bbox 1890 3089 2138 3161; x_wconf 78' lang='lat' dir='ltr'><strong>omnibus</strong></span> <span class='ocrx_word' id='word_1_652' title='bbox 2170 3109 2182 3143; x_wconf 87' lang='lat'><strong>:</strong></span> <span class='ocrx_word' id='word_1_653' title='bbox 2213 3091 2452 3146; x_wconf 87' lang='lat' dir='ltr'><strong>ridicule.</strong></span> <span class='ocrx_word' id='word_1_654' title='bbox 2509 3096 2669 3160; x_wconf 84' lang='lat' dir='ltr'><strong>Ang.,</strong></span> <span class='ocrx_word' id='word_1_655' title='bbox 2703 3094 2881 3146; x_wconf 67' lang='lat' dir='ltr'><strong>dextro</strong></span> <span class='ocrx_word' id='word_1_656' title='bbox 2911 3089 3026 3161; x_wconf 58' lang='lat' dir='ltr'><strong>&#39;pro</strong></span> <span class='ocrx_word' id='word_1_657' title='bbox 3055 3095 3220 3159; x_wconf 87' lang='lat' dir='ltr'><strong>docto,</strong></span> <span class='ocrx_word' id='word_1_658' title='bbox 3252 3113 3356 3150; x_wconf 93' lang='lat' dir='ltr'><strong>non</strong></span> <span class='ocrx_word' id='word_1_659' title='bbox 3388 3098 3460 3153; x_wconf 83' lang='lat' dir='ltr'><strong>ita</strong></span> 
     </span>
    </p>
   </div>
   <div class='ocr_carea' id='block_1_107' title="bbox 1889 3158 3459 3235">
    <p class='ocr_par' dir='ltr' id='par_1_107' title="bbox 1889 3158 3459 3235">
     <span class='ocr_line' id='line_1_108' title="bbox 1889 3158 3459 3235; baseline 0.006 -24"><span class='ocrx_word' id='word_1_660' title='bbox 1889 3158 2047 3214; x_wconf 85' lang='lat' dir='ltr'><strong>bene.</strong></span> <span class='ocrx_word' id='word_1_661' title='bbox 2074 3161 2263 3235; x_wconf 79' lang='lat' dir='ltr'><strong>sermo</strong></span> <span class='ocrx_word' id='word_1_662' title='bbox 2292 3170 2373 3235; x_wconf 40' lang='lat' dir='ltr'><strong>est</strong></span> <span class='ocrx_word' id='word_1_663' title='bbox 2393 3163 2466 3235; x_wconf 82' lang='lat' dir='ltr'><strong>de</strong></span> <span class='ocrx_word' id='word_1_664' title='bbox 2503 3158 2671 3235; x_wconf 70' lang='lat' dir='ltr'><strong>gratia</strong></span> <span class='ocrx_word' id='word_1_665' title='bbox 2697 3158 3045 3230; x_wconf 86' lang='lat' dir='ltr'><strong>baptismatis,</strong></span> <span class='ocrx_word' id='word_1_666' title='bbox 3071 3158 3227 3224; x_wconf 77' lang='lat' dir='ltr'><strong>quam</strong></span> <span class='ocrx_word' id='word_1_667' title='bbox 3259 3167 3459 3235; x_wconf 80' lang='lat' dir='ltr'><strong>signiﬁ-</strong></span> 
     </span>
    </p>
   </div>
   <div class='ocr_carea' id='block_1_108' title="bbox 1887 3232 3457 3303">
    <p class='ocr_par' dir='ltr' id='par_1_108' title="bbox 1887 3232 3457 3303">
     <span class='ocr_line' id='line_1_109' title="bbox 1887 3232 3457 3303; baseline 0.007 -21"><span class='ocrx_word' id='word_1_668' title='bbox 1887 3239 2009 3282; x_wconf 87' lang='lat' dir='ltr'><strong>cant</strong></span> <span class='ocrx_word' id='word_1_669' title='bbox 2036 3232 2187 3285; x_wconf 84' lang='lat' dir='ltr'><strong>stolae</strong></span> <span class='ocrx_word' id='word_1_670' title='bbox 2215 3232 2453 3287; x_wconf 70' lang='lat' dir='ltr'><strong>candida:</strong></span> <span class='ocrx_word' id='word_1_671' title='bbox 2497 3233 2688 3302; x_wconf 92' lang='lat' dir='ltr'><strong>quibus</strong></span> <span class='ocrx_word' id='word_1_672' title='bbox 2727 3248 2912 3288; x_wconf 83' lang='lat' dir='ltr'><strong>recens</strong></span> <span class='ocrx_word' id='word_1_673' title='bbox 2941 3235 3187 3303; x_wconf 83' lang='lat' dir='ltr'><strong>baptizati</strong></span> <span class='ocrx_word' id='word_1_674' title='bbox 3226 3232 3457 3294; x_wconf 72' lang='lat' dir='ltr'><strong>induun-</strong></span> 
     </span>
    </p>
   </div>
   <div class='ocr_carea' id='block_1_109' title="bbox 1812 3305 1994 3370">
    <p class='ocr_par' dir='ltr' id='par_1_109' title="bbox 1812 3305 1994 3370">
     <span class='ocr_line' id='line_1_110' title="bbox 1812 3305 1994 3370; baseline 0.005 -17"><span class='ocrx_word' id='word_1_675' title='bbox 1812 3305 1858 3370; x_wconf 72' lang='grc' dir='ltr'>ο</span> <span class='ocrx_word' id='word_1_676' title='bbox 1890 3309 1994 3354; x_wconf 90' lang='lat' dir='ltr'><strong>tur.</strong></span> 
     </span>
    </p>
   </div>
   <div class='ocr_carea' id='block_1_110' title="bbox 1965 3370 3458 3442">
    <p class='ocr_par' dir='ltr' id='par_1_110' title="bbox 1965 3370 3458 3442">
     <span class='ocr_line' id='line_1_111' title="bbox 1965 3370 3458 3442; baseline 0.003 -17"><span class='ocrx_word' id='word_1_677' title='bbox 1965 3370 2089 3425; x_wconf 87' lang='lat'><strong>367.</strong></span> <span class='ocrx_word' id='word_1_678' title='bbox 2117 3371 2409 3435; x_wconf 88' lang='lat' dir='ltr'><strong>lleinsiani,</strong></span> <span class='ocrx_word' id='word_1_679' title='bbox 2434 3382 2658 3442; x_wconf 82' lang='lat' dir='ltr'><strong>excepto</strong></span> <span class='ocrx_word' id='word_1_680' title='bbox 2688 3375 2881 3434; x_wconf 80' lang='lat' dir='ltr'><strong>Oxon..</strong></span> <span class='ocrx_word' id='word_1_681' title='bbox 2924 3383 2978 3428; x_wconf 90' lang='lat' dir='ltr'><strong>et</strong></span> <span class='ocrx_word' id='word_1_682' title='bbox 3000 3378 3165 3430; x_wconf 89' lang='lat' dir='ltr'><strong>nostri</strong></span> <span class='ocrx_word' id='word_1_683' title='bbox 3198 3379 3458 3442; x_wconf 83' lang='lat' dir='ltr'><strong>potiores,</strong></span> 
     </span>
    </p>
   </div>
   <div class='ocr_carea' id='block_1_111' title="bbox 1892 3442 3460 3511">
    <p class='ocr_par' dir='ltr' id='par_1_111' title="bbox 1892 3442 3460 3511">
     <span class='ocr_line' id='line_1_112' title="bbox 1892 3442 3460 3511; baseline 0.005 -18"><span class='ocrx_word' id='word_1_684' title='bbox 1892 3443 2054 3509; x_wconf 83' lang='lat' dir='ltr'><strong>Ang.,</strong></span> <span class='ocrx_word' id='word_1_685' title='bbox 2105 3442 2259 3505; x_wconf 56' lang='lat' dir='ltr'><strong>illam,</strong></span> <span class='ocrx_word' id='word_1_686' title='bbox 2310 3444 2456 3504; x_wconf 62' lang='lat' dir='ltr'><strong>Rat,</strong></span> <span class='ocrx_word' id='word_1_687' title='bbox 2488 3445 2606 3496; x_wconf 80' lang='lat' dir='ltr'><strong>Vat.</strong></span> <span class='ocrx_word' id='word_1_688' title='bbox 2642 3444 2682 3496; x_wconf 83' lang='lat' dir='ltr'><strong>ll</strong></span> <span class='ocrx_word' id='word_1_689' title='bbox 2711 3460 2828 3497; x_wconf 83' lang='lat' dir='ltr'><strong>cum</strong></span> <span class='ocrx_word' id='word_1_690' title='bbox 2861 3443 3074 3511; x_wconf 83' lang='lat' dir='ltr'><strong>Weitz.,</strong></span> <span class='ocrx_word' id='word_1_691' title='bbox 3136 3448 3272 3500; x_wconf 87' lang='lat' dir='ltr'><strong>inde.</strong></span> <span class='ocrx_word' id='word_1_692' title='bbox 3310 3449 3460 3502; x_wconf 80' lang='lat' dir='ltr'><strong>Multi</strong></span> 
     </span>
    </p>
   </div>
   <div class='ocr_carea' id='block_1_112' title="bbox 1891 3511 3462 3581">
    <p class='ocr_par' dir='ltr' id='par_1_112' title="bbox 1891 3511 3462 3581">
     <span class='ocr_line' id='line_1_113' title="bbox 1891 3511 3462 3581; baseline 0.006 -19"><span class='ocrx_word' id='word_1_693' title='bbox 1891 3511 1979 3581; x_wconf 80' lang='lat' dir='ltr'><strong>alii</strong></span> <span class='ocrx_word' id='word_1_694' title='bbox 2011 3512 2147 3564; x_wconf 88' lang='lat' dir='ltr'><strong>Valt.</strong></span> <span class='ocrx_word' id='word_1_695' title='bbox 2172 3511 2232 3578; x_wconf 89' lang='lat' dir='ltr'><strong>C,</strong></span> <span class='ocrx_word' id='word_1_696' title='bbox 2261 3512 2321 3578; x_wconf 83' lang='lat' dir='ltr'><strong>F,</strong></span> <span class='ocrx_word' id='word_1_697' title='bbox 2357 3511 2422 3577; x_wconf 89' lang='lat' dir='ltr'><strong>G,</strong></span> <span class='ocrx_word' id='word_1_698' title='bbox 2451 3514 2510 3576; x_wconf 71' lang='grc' dir='ltr'><strong>ι,</strong></span> <span class='ocrx_word' id='word_1_699' title='bbox 2541 3518 2602 3577; x_wconf 82' lang='lat' dir='ltr'><strong>t),</strong></span> <span class='ocrx_word' id='word_1_700' title='bbox 2630 3513 2711 3565; x_wconf 82' lang='lat' dir='ltr'>BB</span> <span class='ocrx_word' id='word_1_701' title='bbox 2740 3529 2857 3566; x_wconf 87' lang='lat' dir='ltr'><strong>cum</strong></span> <span class='ocrx_word' id='word_1_702' title='bbox 2876 3519 3071 3581; x_wconf 70' lang='lat' dir='ltr'><strong>Oxum,</strong></span> <span class='ocrx_word' id='word_1_703' title='bbox 3092 3517 3213 3570; x_wconf 83' lang='lat' dir='ltr'><strong>Ald.</strong></span> <span class='ocrx_word' id='word_1_704' title='bbox 3237 3529 3288 3572; x_wconf 88' lang='lat' dir='ltr'><strong>et</strong></span> <span class='ocrx_word' id='word_1_705' title='bbox 3311 3518 3462 3571; x_wconf 79' lang='lat' dir='ltr'><strong>Gise-</strong></span> 
     </span>
    </p>
   </div>
   <div class='ocr_carea' id='block_1_113' title="bbox 1894 3579 3454 3648">
    <p class='ocr_par' dir='ltr' id='par_1_113' title="bbox 1894 3579 3454 3648">
     <span class='ocr_line' id='line_1_114' title="bbox 1894 3579 3454 3648; baseline 0.006 -17"><span class='ocrx_word' id='word_1_706' title='bbox 1894 3579 2022 3644; x_wconf 90' lang='lat' dir='ltr'><strong>Iino,</strong></span> <span class='ocrx_word' id='word_1_707' title='bbox 2074 3583 2159 3648; x_wconf 76' lang='lat' dir='ltr'><strong>ite,</strong></span> <span class='ocrx_word' id='word_1_708' title='bbox 2215 3583 2351 3648; x_wconf 86' lang='lat' dir='ltr'><strong>quod</strong></span> <span class='ocrx_word' id='word_1_709' title='bbox 2401 3584 2563 3635; x_wconf 87' lang='lat' dir='ltr'><strong>tenuit.</strong></span> <span class='ocrx_word' id='word_1_710' title='bbox 2621 3583 2857 3637; x_wconf 72' lang='lat' dir='ltr'><strong>Gilanius</strong></span> <span class='ocrx_word' id='word_1_711' title='bbox 2897 3601 2961 3638; x_wconf 80' lang='lat' dir='ltr'><strong>ex</strong></span> <span class='ocrx_word' id='word_1_712' title='bbox 2991 3579 3096 3640; x_wconf 84' lang='lat' dir='ltr'><strong>vct.</strong></span> <span class='ocrx_word' id='word_1_713' title='bbox 3131 3587 3223 3640; x_wconf 85' lang='lat' dir='ltr'><strong>lib.</strong></span> <span class='ocrx_word' id='word_1_714' title='bbox 3255 3587 3306 3640; x_wconf 87' lang='lat' dir='ltr'><strong>in</strong></span> <span class='ocrx_word' id='word_1_715' title='bbox 3339 3586 3454 3641; x_wconf 83' lang='lat' dir='ltr'><strong>Iud.</strong></span> 
     </span>
    </p>
   </div>
   <div class='ocr_carea' id='block_1_114' title="bbox 1895 3650 3456 3713">
    <p class='ocr_par' dir='ltr' id='par_1_114' title="bbox 1895 3650 3456 3713">
     <span class='ocr_line' id='line_1_115' title="bbox 1895 3650 3456 3713; baseline 0.004 -10"><span class='ocrx_word' id='word_1_716' title='bbox 1895 3650 2144 3705; x_wconf 80' lang='lat' dir='ltr'><strong>Lucretii.</strong></span> <span class='ocrx_word' id='word_1_717' title='bbox 2208 3655 2262 3705; x_wconf 92' lang='lat' dir='ltr'><strong>In</strong></span> <span class='ocrx_word' id='word_1_718' title='bbox 2313 3653 2496 3707; x_wconf 76' lang='lat' dir='ltr'><strong>codice</strong></span> <span class='ocrx_word' id='word_1_719' title='bbox 2540 3652 2760 3713; x_wconf 78' lang='lat' dir='ltr'><strong>Bartliii,</strong></span> <span class='ocrx_word' id='word_1_720' title='bbox 2809 3654 2925 3706; x_wconf 88' lang='lat' dir='ltr'><strong>inde</strong></span> <span class='ocrx_word' id='word_1_721' title='bbox 2955 3672 2970 3706; x_wconf 90' lang='lat'><strong><em>:</em></strong></span> <span class='ocrx_word' id='word_1_722' title='bbox 2998 3655 3085 3706; x_wconf 84' lang='lat' dir='ltr'><strong>ubi</strong></span> <span class='ocrx_word' id='word_1_723' title='bbox 3123 3661 3278 3710; x_wconf 73' lang='lat' dir='ltr'><strong>etiam</strong></span> <span class='ocrx_word' id='word_1_724' title='bbox 3316 3671 3456 3710; x_wconf 90' lang='lat' dir='ltr'><strong>vers.</strong></span> 
     </span>
    </p>
   </div>
   <div class='ocr_carea' id='block_1_115' title="bbox 1891 3721 3461 3791">
    <p class='ocr_par' dir='ltr' id='par_1_115' title="bbox 1891 3721 3461 3791">
     <span class='ocr_line' id='line_1_116' title="bbox 1891 3721 3461 3791; baseline 0.004 -19"><span class='ocrx_word' id='word_1_725' title='bbox 1891 3735 2029 3783; x_wconf 83' lang='lat' dir='ltr'><strong>seq.,</strong></span> <span class='ocrx_word' id='word_1_726' title='bbox 2060 3722 2251 3790; x_wconf 85' lang='lat' dir='ltr'><strong>dispuit</strong></span> <span class='ocrx_word' id='word_1_727' title='bbox 2283 3738 2379 3790; x_wconf 87' lang='lat' dir='ltr'><strong>pro</strong></span> <span class='ocrx_word' id='word_1_728' title='bbox 2402 3723 2616 3790; x_wconf 85' lang='lat' dir='ltr'><strong>despuit.</strong></span> <span class='ocrx_word' id='word_1_729' title='bbox 2646 3721 2775 3775; x_wconf 86' lang='lat' dir='ltr'><strong>Inde</strong></span> <span class='ocrx_word' id='word_1_730' title='bbox 2799 3726 2964 3790; x_wconf 77' lang='lat' dir='ltr'><strong>magis</strong></span> <span class='ocrx_word' id='word_1_731' title='bbox 2993 3725 3180 3791; x_wconf 85' lang='lat' dir='ltr'><strong>placet,</strong></span> <span class='ocrx_word' id='word_1_732' title='bbox 3212 3737 3260 3778; x_wconf 89' lang='lat' dir='ltr'><strong>et</strong></span> <span class='ocrx_word' id='word_1_733' title='bbox 3296 3728 3461 3779; x_wconf 81' lang='lat' dir='ltr'><strong>inter-</strong></span> 
     </span>
    </p>
   </div>
   <div class='ocr_carea' id='block_1_116' title="bbox 1892 3793 3458 3864">
    <p class='ocr_par' dir='ltr' id='par_1_116' title="bbox 1892 3793 3458 3864">
     <span class='ocr_line' id='line_1_117' title="bbox 1892 3793 3458 3864; baseline 0.004 -22"><span class='ocrx_word' id='word_1_734' title='bbox 1892 3793 2097 3864; x_wconf 63' lang='lat' dir='ltr'><strong>rogatio</strong></span> <span class='ocrx_word' id='word_1_735' title='bbox 2144 3803 2266 3846; x_wconf 87' lang='lat' dir='ltr'><strong>tunc.</strong></span> <span class='ocrx_word' id='word_1_736' title='bbox 2321 3793 2751 3864; x_wconf 10' lang='lat' dir='ltr'><strong>protrahituriad</strong></span> <span class='ocrx_word' id='word_1_737' title='bbox 2795 3807 3002 3864; x_wconf 86' lang='lat' dir='ltr'><strong>versum</strong></span> <span class='ocrx_word' id='word_1_738' title='bbox 3035 3795 3156 3856; x_wconf 83' lang='lat'><strong>370,</strong></span> <span class='ocrx_word' id='word_1_739' title='bbox 3190 3796 3458 3864; x_wconf 84' lang='lat' dir='ltr'><strong>rigantur?</strong></span> 
     </span>
    </p>
   </div>
   <div class='ocr_carea' id='block_1_117' title="bbox 1891 3859 3458 3931">
    <p class='ocr_par' dir='ltr' id='par_1_117' title="bbox 1891 3859 3458 3931">
     <span class='ocr_line' id='line_1_118' title="bbox 1891 3859 3458 3931; baseline 0.003 -17"><span class='ocrx_word' id='word_1_740' title='bbox 1891 3859 2178 3931; x_wconf 61' lang='lat' dir='ltr'><strong>Reveratus</strong></span> <span class='ocrx_word' id='word_1_741' title='bbox 2235 3871 2380 3930; x_wconf 79' lang='lat' dir='ltr'><strong>putat</strong></span> <span class='ocrx_word' id='word_1_742' title='bbox 2451 3862 2591 3916; x_wconf 85' lang='lat' dir='ltr'><strong>ltunc</strong></span> <span class='ocrx_word' id='word_1_743' title='bbox 2655 3863 2824 3916; x_wconf 85' lang='lat' dir='ltr'><strong>locum</strong></span> <span class='ocrx_word' id='word_1_744' title='bbox 2880 3859 3327 3931; x_wconf 64' lang='lat' dir='ltr'><strong>desumptum&#39;ex</strong></span> <span class='ocrx_word' id='word_1_745' title='bbox 3383 3881 3458 3919; x_wconf 89' lang='lat' dir='ltr'><strong>vtt</strong></span> 
     </span>
    </p>
   </div>
   <div class='ocr_carea' id='block_1_118' title="bbox 1891 3929 2888 4000">
    <p class='ocr_par' dir='ltr' id='par_1_118' title="bbox 1891 3929 2888 4000">
     <span class='ocr_line' id='line_1_119' title="bbox 1891 3929 2888 4000; baseline 0.004 -18"><span class='ocrx_word' id='word_1_746' title='bbox 1891 3929 2133 3995; x_wconf 68' lang='lat' dir='ltr'><strong>lEncitl.;</strong></span> <span class='ocrx_word' id='word_1_747' title='bbox 2162 3929 2381 4000; x_wconf 79' lang='lat' dir='ltr'><strong>fortasse</strong></span> <span class='ocrx_word' id='word_1_748' title='bbox 2406 3947 2544 3985; x_wconf 86' lang='lat' dir='ltr'><strong>vers.</strong></span> <span class='ocrx_word' id='word_1_749' title='bbox 2580 3931 2682 3986; x_wconf 67' lang='grc'>146</span> <span class='ocrx_word' id='word_1_750' title='bbox 2704 3944 2755 3984; x_wconf 91' lang='lat' dir='ltr'><strong>et</strong></span> <span class='ocrx_word' id='word_1_751' title='bbox 2776 3949 2888 4000; x_wconf 85' lang='lat' dir='ltr'><strong>seq.</strong></span> 
     </span>
    </p>
   </div>
   <div class='ocr_carea' id='block_1_119' title="bbox 1962 3999 3454 4071">
    <p class='ocr_par' dir='ltr' id='par_1_119' title="bbox 1962 3999 3454 4071">
     <span class='ocr_line' id='line_1_120' title="bbox 1962 3999 3454 4071; baseline 0.003 -19"><span class='ocrx_word' id='word_1_752' title='bbox 1962 4000 2083 4057; x_wconf 80' lang='grc'>569.</span> <span class='ocrx_word' id='word_1_753' title='bbox 2132 4002 2283 4071; x_wconf 67' lang='grc' dir='ltr'><strong>ΛΜ..</strong></span> <span class='ocrx_word' id='word_1_754' title='bbox 2318 3999 2624 4054; x_wconf 85' lang='lat' dir='ltr'><strong>Immensum</strong></span> <span class='ocrx_word' id='word_1_755' title='bbox 2671 3999 2864 4071; x_wconf 83' lang='lat' dir='ltr'><strong>cyathis</strong></span> <span class='ocrx_word' id='word_1_756' title='bbox 2918 4003 3223 4058; x_wconf 76' lang='lat' dir='ltr'><strong>stillantibus</strong></span> <span class='ocrx_word' id='word_1_757' title='bbox 3262 4005 3454 4057; x_wconf 84' lang='lat' dir='ltr'><strong>undam</strong></span> 
     </span>
    </p>
   </div>
   <div class='ocr_carea' id='block_1_120' title="bbox 1892 4070 3458 4142">
    <p class='ocr_par' dir='ltr' id='par_1_120' title="bbox 1892 4070 3458 4142">
     <span class='ocr_line' id='line_1_121' title="bbox 1892 4070 3458 4142; baseline 0.005 -21"><span class='ocrx_word' id='word_1_758' title='bbox 1892 4070 1981 4142; x_wconf 72' lang='lat' dir='ltr'><strong>ubi</strong></span> <span class='ocrx_word' id='word_1_759' title='bbox 2026 4071 2184 4124; x_wconf 86' lang='lat' dir='ltr'><strong>multo</strong></span> <span class='ocrx_word' id='word_1_760' title='bbox 2215 4070 2406 4123; x_wconf 81' lang='lat' dir='ltr'><strong>Fulcra</strong></span> <span class='ocrx_word' id='word_1_761' title='bbox 2452 4089 2608 4134; x_wconf 75' lang='lat' dir='ltr'><strong>mero,</strong></span> <span class='ocrx_word' id='word_1_762' title='bbox 2658 4070 2795 4140; x_wconf 90' lang='lat' dir='ltr'><strong>quod</strong></span> <span class='ocrx_word' id='word_1_763' title='bbox 2826 4089 2890 4126; x_wconf 86' lang='lat' dir='ltr'><strong>ex</strong></span> <span class='ocrx_word' id='word_1_764' title='bbox 2935 4082 3037 4127; x_wconf 89' lang='lat' dir='ltr'><strong>vet.</strong></span> <span class='ocrx_word' id='word_1_765' title='bbox 3075 4075 3165 4126; x_wconf 93' lang='lat' dir='ltr'><strong>lib.</strong></span> <span class='ocrx_word' id='word_1_766' title='bbox 3200 4075 3458 4142; x_wconf 83' lang='lat' dir='ltr'><strong>approbat</strong></span> 
     </span>
    </p>
   </div>
   <div class='ocr_carea' id='block_1_121' title="bbox 1893 4139 3458 4206">
    <p class='ocr_par' dir='ltr' id='par_1_121' title="bbox 1893 4139 3458 4206">
     <span class='ocr_line' id='line_1_122' title="bbox 1893 4139 3458 4206; baseline 0.002 -12"><span class='ocrx_word' id='word_1_767' title='bbox 1893 4139 2129 4194; x_wconf 69' lang='lat' dir='ltr'><strong>Gil‘anius</strong></span> <span class='ocrx_word' id='word_1_768' title='bbox 2159 4141 2259 4194; x_wconf 93' lang='lat' dir='ltr'><strong>loc.</strong></span> <span class='ocrx_word' id='word_1_769' title='bbox 2283 4142 2397 4206; x_wconf 89' lang='lat' dir='ltr'><strong>cit.,</strong></span> <span class='ocrx_word' id='word_1_770' title='bbox 2429 4152 2481 4195; x_wconf 87' lang='lat' dir='ltr'><strong>ct</strong></span> <span class='ocrx_word' id='word_1_771' title='bbox 2509 4157 2613 4194; x_wconf 90' lang='lat' dir='ltr'><strong>non</strong></span> <span class='ocrx_word' id='word_1_772' title='bbox 2634 4139 2907 4196; x_wconf 85' lang='lat' dir='ltr'><strong>invenuste</strong></span> <span class='ocrx_word' id='word_1_773' title='bbox 2939 4143 2986 4194; x_wconf 91' lang='lat' dir='ltr'><strong>id</strong></span> <span class='ocrx_word' id='word_1_774' title='bbox 3019 4143 3214 4196; x_wconf 90' lang='lat' dir='ltr'><strong>dictum</strong></span> <span class='ocrx_word' id='word_1_775' title='bbox 3238 4139 3458 4199; x_wconf 27' lang='lat' dir='ltr'><strong>a‘docto</strong></span> 
     </span>
    </p>
   </div>
   <div class='ocr_carea' id='block_1_122' title="bbox 1894 4213 3456 4276">
    <p class='ocr_par' dir='ltr' id='par_1_122' title="bbox 1894 4213 3456 4276">
     <span class='ocr_line' id='line_1_123' title="bbox 1894 4213 3456 4276; baseline 0.004 -16"><span class='ocrx_word' id='word_1_776' title='bbox 1894 4219 2047 4272; x_wconf 86' lang='lat' dir='ltr'><strong>poeta</strong></span> <span class='ocrx_word' id='word_1_777' title='bbox 2072 4220 2282 4272; x_wconf 74' lang='lat' dir='ltr'><strong>assert,</strong></span> <span class='ocrx_word' id='word_1_778' title='bbox 2311 4213 2446 4264; x_wconf 81' lang='lat' dir='ltr'><strong>sicut</strong></span> <span class='ocrx_word' id='word_1_779' title='bbox 2485 4226 2658 4264; x_wconf 84' lang='lat' dir='ltr'><strong>rorem</strong></span> <span class='ocrx_word' id='word_1_780' title='bbox 2686 4215 2841 4264; x_wconf 62' lang='lat' dir='ltr'><strong>ctiam</strong></span> <span class='ocrx_word' id='word_1_781' title='bbox 2875 4221 3027 4264; x_wconf 88' lang='lat' dir='ltr'><strong>vocat</strong></span> <span class='ocrx_word' id='word_1_782' title='bbox 3065 4213 3268 4276; x_wconf 88' lang='lat' dir='ltr'><strong>vinum,</strong></span> <span class='ocrx_word' id='word_1_783' title='bbox 3307 4225 3360 4268; x_wconf 87' lang='lat' dir='ltr'><strong>et</strong></span> <span class='ocrx_word' id='word_1_784' title='bbox 3403 4215 3456 4267; x_wconf 92' lang='lat' dir='ltr'><strong>in</strong></span> 
     </span>
    </p>
   </div>
   <div class='ocr_carea' id='block_1_123' title="bbox 1896 4279 3453 4348">
    <p class='ocr_par' dir='ltr' id='par_1_123' title="bbox 1896 4279 3453 4348">
     <span class='ocr_line' id='line_1_124' title="bbox 1896 4279 3453 4348; baseline 0.004 -17"><span class='ocrx_word' id='word_1_785' title='bbox 1896 4279 2205 4340; x_wconf 73' lang='lat' dir='ltr'><strong>Diltocltteo,</strong></span> <span class='ocrx_word' id='word_1_786' title='bbox 2235 4280 2380 4334; x_wconf 86' lang='lat' dir='ltr'><strong>Unde</strong></span> <span class='ocrx_word' id='word_1_787' title='bbox 2404 4281 2708 4333; x_wconf 84' lang='lat' dir='ltr'><strong>meriveteris</strong></span> <span class='ocrx_word' id='word_1_788' title='bbox 2727 4281 3198 4348; x_wconf 79' lang='lat' dir='ltr'><strong>defunditurunda,</strong></span> <span class='ocrx_word' id='word_1_789' title='bbox 3232 4285 3453 4337; x_wconf 81' lang='lat' dir='ltr'><strong>tetrach.</strong></span> 
     </span>
    </p>
   </div>
   <div class='ocr_carea' id='block_1_124' title="bbox 1892 4349 3456 4421">
    <p class='ocr_par' dir='ltr' id='par_1_124' title="bbox 1892 4349 3456 4421">
     <span class='ocr_line' id='line_1_125' title="bbox 1892 4349 3456 4421; baseline 0.001 -19"><span class='ocrx_word' id='word_1_790' title='bbox 1892 4349 2128 4421; x_wconf 68' lang='lat' dir='ltr'><strong>3‘2__vers.</strong></span> <span class='ocrx_word' id='word_1_791' title='bbox 2166 4351 2284 4404; x_wconf 68' lang='lat' dir='ltr'><strong>l28.</strong></span> <span class='ocrx_word' id='word_1_792' title='bbox 2321 4350 2846 4421; x_wconf 40' lang='lat' dir='ltr'><strong>Gisclinusrcstituit</strong></span> <span class='ocrx_word' id='word_1_793' title='bbox 2894 4349 2958 4402; x_wconf 86' lang='lat' dir='ltr'><strong>In</strong></span> <span class='ocrx_word' id='word_1_794' title='bbox 2989 4369 3212 4404; x_wconf 88' lang='lat' dir='ltr'><strong>mensant</strong></span> <span class='ocrx_word' id='word_1_795' title='bbox 3260 4354 3456 4421; x_wconf 84' lang='lat' dir='ltr'><strong>cyathis</strong></span> 
     </span>
    </p>
   </div>
   <div class='ocr_carea' id='block_1_125' title="bbox 1891 4419 3459 4485">
    <p class='ocr_par' dir='ltr' id='par_1_125' title="bbox 1891 4419 3459 4485">
     <span class='ocr_line' id='line_1_126' title="bbox 1891 4419 3459 4485; baseline 0.003 -15"><span class='ocrx_word' id='word_1_796' title='bbox 1891 4419 2220 4485; x_wconf 85' lang='lat' dir='ltr'><strong>stillantibus,</strong></span> <span class='ocrx_word' id='word_1_797' title='bbox 2247 4421 2350 4473; x_wconf 86' lang='lat' dir='ltr'><strong>uda</strong></span> <span class='ocrx_word' id='word_1_798' title='bbox 2382 4421 2466 4473; x_wconf 84' lang='lat' dir='ltr'><strong>ubi</strong></span> <span class='ocrx_word' id='word_1_799' title='bbox 2496 4420 2656 4474; x_wconf 88' lang='lat' dir='ltr'><strong>multo</strong></span> <span class='ocrx_word' id='word_1_800' title='bbox 2701 4419 2889 4473; x_wconf 80' lang='lat' dir='ltr'><strong>Fulcra</strong></span> <span class='ocrx_word' id='word_1_801' title='bbox 2921 4437 3055 4474; x_wconf 85' lang='lat' dir='ltr'><strong>mero</strong></span> <span class='ocrx_word' id='word_1_802' title='bbox 3077 4463 3090 4484; x_wconf 93' lang='lat'><strong>,</strong></span> <span class='ocrx_word' id='word_1_803' title='bbox 3125 4432 3178 4475; x_wconf 91' lang='lat' dir='ltr'><strong>et</strong></span> <span class='ocrx_word' id='word_1_804' title='bbox 3208 4419 3459 4476; x_wconf 72' lang='lat' dir='ltr'><strong>obéervat</strong></span> 
     </span>
    </p>
   </div>
   <div class='ocr_carea' id='block_1_126' title="bbox 1891 4487 3453 4558">
    <p class='ocr_par' dir='ltr' id='par_1_126' title="bbox 1891 4487 3453 4558">
     <span class='ocr_line' id='line_1_127' title="bbox 1891 4487 3453 4558; baseline 0.003 -19"><span class='ocrx_word' id='word_1_805' title='bbox 1891 4487 1942 4539; x_wconf 88' lang='lat' dir='ltr'><strong>iu</strong></span> <span class='ocrx_word' id='word_1_806' title='bbox 1975 4489 2072 4542; x_wconf 85' lang='lat' dir='ltr'><strong>hoc</strong></span> <span class='ocrx_word' id='word_1_807' title='bbox 2093 4501 2244 4556; x_wconf 84' lang='lat' dir='ltr'><strong>poeta</strong></span> <span class='ocrx_word' id='word_1_808' title='bbox 2286 4507 2347 4544; x_wconf 85' lang='lat' dir='ltr'><strong>ex</strong></span> <span class='ocrx_word' id='word_1_809' title='bbox 2383 4493 2660 4544; x_wconf 86' lang='lat' dir='ltr'><strong>temeraria</strong></span> <span class='ocrx_word' id='word_1_810' title='bbox 2686 4499 2737 4543; x_wconf 89' lang='lat' dir='ltr'><strong>et</strong></span> <span class='ocrx_word' id='word_1_811' title='bbox 2768 4489 2896 4542; x_wconf 87' lang='lat' dir='ltr'><strong>falsa</strong></span> <span class='ocrx_word' id='word_1_812' title='bbox 2922 4493 3310 4558; x_wconf 73' lang='lat' dir='ltr'><strong>praepositionis</strong></span> <span class='ocrx_word' id='word_1_813' title='bbox 3335 4506 3453 4546; x_wconf 90' lang='lat' dir='ltr'><strong>cum</strong></span> 
     </span>
    </p>
   </div>
   <div class='ocr_carea' id='block_1_127' title="bbox 1893 4560 3454 4625">
    <p class='ocr_par' dir='ltr' id='par_1_127' title="bbox 1893 4560 3454 4625">
     <span class='ocr_line' id='line_1_128' title="bbox 1893 4560 3454 4625; baseline 0.001 -15"><span class='ocrx_word' id='word_1_814' title='bbox 1893 4571 1990 4610; x_wconf 89' lang='lat' dir='ltr'><strong>suo</strong></span> <span class='ocrx_word' id='word_1_815' title='bbox 2021 4574 2147 4612; x_wconf 77' lang='lat' dir='ltr'><strong>casu</strong></span> <span class='ocrx_word' id='word_1_816' title='bbox 2176 4561 2505 4613; x_wconf 81' lang='lat' dir='ltr'><strong>counexione</strong></span> <span class='ocrx_word' id='word_1_817' title='bbox 2539 4562 2696 4625; x_wconf 81' lang='lat' dir='ltr'><strong>plura</strong></span> <span class='ocrx_word' id='word_1_818' title='bbox 2730 4560 2890 4612; x_wconf 79' lang='lat' dir='ltr'><strong>fuisse</strong></span> <span class='ocrx_word' id='word_1_819' title='bbox 2915 4569 3182 4625; x_wconf 84' lang='lat' dir='ltr'><strong>corrupta.</strong></span> <span class='ocrx_word' id='word_1_820' title='bbox 3214 4560 3354 4613; x_wconf 88' lang='lat' dir='ltr'><strong>Sane</strong></span> <span class='ocrx_word' id='word_1_821' title='bbox 3403 4561 3454 4611; x_wconf 74' lang='lat' dir='ltr'><strong>ie</strong></span> 
     </span>
    </p>
   </div>
   <div class='ocr_carea' id='block_1_128' title="bbox 1899 4628 3452 4701">
    <p class='ocr_par' dir='ltr' id='par_1_128' title="bbox 1899 4628 3452 4701">
     <span class='ocr_line' id='line_1_129' title="bbox 1899 4628 3452 4701; baseline -0.001 -21"><span class='ocrx_word' id='word_1_822' title='bbox 1899 4629 2162 4697; x_wconf 85' lang='lat' dir='ltr'><strong>plerisque</strong></span> <span class='ocrx_word' id='word_1_823' title='bbox 2185 4629 2343 4701; x_wconf 83' lang='lat' dir='ltr'><strong>codd.</strong></span> <span class='ocrx_word' id='word_1_824' title='bbox 2371 4630 2600 4701; x_wconf 84' lang='lat' dir='ltr'><strong>antiquis</strong></span> <span class='ocrx_word' id='word_1_825' title='bbox 2633 4633 2698 4701; x_wconf 75' lang='lat' dir='ltr'><strong>ita</strong></span> <span class='ocrx_word' id='word_1_826' title='bbox 2723 4630 2860 4701; x_wconf 74' lang='lat' dir='ltr'><strong>inter</strong></span> <span class='ocrx_word' id='word_1_827' title='bbox 2887 4643 3005 4701; x_wconf 81' lang='lat' dir='ltr'><strong>sese</strong></span> <span class='ocrx_word' id='word_1_828' title='bbox 3032 4632 3190 4701; x_wconf 74' lang='lat' dir='ltr'><strong>verba</strong></span> <span class='ocrx_word' id='word_1_829' title='bbox 3221 4628 3452 4701; x_wconf 81' lang='lat' dir='ltr'><strong>quando-</strong></span> 
     </span>
    </p>
   </div>
   <div class='ocr_carea' id='block_1_129' title="bbox 1889 4698 3453 4765">
    <p class='ocr_par' dir='ltr' id='par_1_129' title="bbox 1889 4698 3453 4765">
     <span class='ocr_line' id='line_1_130' title="bbox 1889 4698 3453 4765; baseline 0.001 -18"><span class='ocrx_word' id='word_1_830' title='bbox 1889 4713 1996 4761; x_wconf 80' lang='lat' dir='ltr'><strong>que</strong></span> <span class='ocrx_word' id='word_1_831' title='bbox 2026 4707 2148 4751; x_wconf 59' lang='lat' dir='ltr'><strong>sunt</strong></span> <span class='ocrx_word' id='word_1_832' title='bbox 2173 4699 2473 4765; x_wconf 87' lang='lat' dir='ltr'><strong>conjuncta,</strong></span> <span class='ocrx_word' id='word_1_833' title='bbox 2503 4709 2556 4749; x_wconf 88' lang='lat' dir='ltr'><strong>ut</strong></span> <span class='ocrx_word' id='word_1_834' title='bbox 2582 4699 2782 4764; x_wconf 87' lang='lat' dir='ltr'><strong>judicio</strong></span> <span class='ocrx_word' id='word_1_835' title='bbox 2807 4698 2910 4749; x_wconf 77' lang='lat' dir='ltr'><strong>aeri</strong></span> <span class='ocrx_word' id='word_1_836' title='bbox 2932 4713 3064 4763; x_wconf 86' lang='lat' dir='ltr'><strong>opus</strong></span> <span class='ocrx_word' id='word_1_837' title='bbox 3084 4698 3152 4749; x_wconf 90' lang='lat' dir='ltr'><strong>sit</strong></span> <span class='ocrx_word' id='word_1_838' title='bbox 3182 4699 3243 4748; x_wconf 89' lang='lat' dir='ltr'><strong>ad</strong></span> <span class='ocrx_word' id='word_1_839' title='bbox 3277 4701 3453 4761; x_wconf 72' lang='lat' dir='ltr'><strong>singu-</strong></span> 
     </span>
    </p>
   </div>
   <div class='ocr_carea' id='block_1_130' title="bbox 1893 4766 3454 4835">
    <p class='ocr_par' dir='ltr' id='par_1_130' title="bbox 1893 4766 3454 4835">
     <span class='ocr_line' id='line_1_131' title="bbox 1893 4766 3454 4835; baseline 0 -17"><span class='ocrx_word' id='word_1_840' title='bbox 1893 4766 1970 4819; x_wconf 81' lang='lat' dir='ltr'><strong>las</strong></span> <span class='ocrx_word' id='word_1_841' title='bbox 2018 4782 2172 4820; x_wconf 80' lang='lat' dir='ltr'><strong>voces</strong></span> <span class='ocrx_word' id='word_1_842' title='bbox 2216 4767 2559 4832; x_wconf 87' lang='lat' dir='ltr'><strong>separandas.</strong></span> <span class='ocrx_word' id='word_1_843' title='bbox 2608 4767 2719 4819; x_wconf 80' lang='lat' dir='ltr'><strong>Non</strong></span> <span class='ocrx_word' id='word_1_844' title='bbox 2767 4775 2938 4818; x_wconf 89' lang='lat' dir='ltr'><strong>tamen</strong></span> <span class='ocrx_word' id='word_1_845' title='bbox 2961 4767 3260 4835; x_wconf 67' lang='lat' dir='ltr'><strong>negaverim</strong></span> <span class='ocrx_word' id='word_1_846' title='bbox 3312 4767 3454 4826; x_wconf 87' lang='lat' dir='ltr'><strong>Aldi.</strong></span> 
     </span>
    </p>
   </div>
   <div class='ocr_carea' id='block_1_131' title="bbox 1895 4836 3458 4890">
    <p class='ocr_par' dir='ltr' id='par_1_131' title="bbox 1895 4836 3458 4890">
     <span class='ocr_line' id='line_1_132' title="bbox 1895 4836 3458 4890; baseline 0 -1"><span class='ocrx_word' id='word_1_847' title='bbox 1895 4836 2088 4890; x_wconf 83' lang='lat' dir='ltr'><strong>Gil‘anii</strong></span> <span class='ocrx_word' id='word_1_848' title='bbox 2118 4846 2172 4889; x_wconf 89' lang='lat' dir='ltr'><strong>et</strong></span> <span class='ocrx_word' id='word_1_849' title='bbox 2200 4836 2422 4890; x_wconf 76' lang='lat' dir='ltr'><strong>Fabricii</strong></span> <span class='ocrx_word' id='word_1_850' title='bbox 2454 4837 2734 4889; x_wconf 81' lang='lat' dir='ltr'><strong>lectionem</strong></span> <span class='ocrx_word' id='word_1_851' title='bbox 2762 4838 2811 4887; x_wconf 91' lang='lat' dir='ltr'><strong>in</strong></span> <span class='ocrx_word' id='word_1_852' title='bbox 2839 4836 3107 4888; x_wconf 83' lang='lat' dir='ltr'><strong>veteribus</strong></span> <span class='ocrx_word' id='word_1_853' title='bbox 3135 4836 3458 4889; x_wconf 87' lang='lat' dir='ltr'><strong>membranis</strong></span> 
     </span>
    </p>
   </div>
   <div class='ocr_carea' id='block_1_132' title="bbox 1897 4902 3459 4973">
    <p class='ocr_par' dir='ltr' id='par_1_132' title="bbox 1897 4902 3459 4973">
     <span class='ocr_line' id='line_1_133' title="bbox 1897 4902 3459 4973; baseline 0 -15"><span class='ocrx_word' id='word_1_854' title='bbox 1897 4906 2316 4973; x_wconf 83' lang='lat' dir='ltr'><strong>reperiri,quam</strong></span> <span class='ocrx_word' id='word_1_855' title='bbox 2348 4906 2597 4958; x_wconf 74' lang='lat' dir='ltr'><strong>exhibent</strong></span> <span class='ocrx_word' id='word_1_856' title='bbox 2628 4905 2766 4958; x_wconf 80' lang='lat' dir='ltr'><strong>Vati.</strong></span> <span class='ocrx_word' id='word_1_857' title='bbox 2799 4904 2858 4966; x_wconf 68' lang='grc' dir='ltr'><strong>(ἶ,</strong></span> <span class='ocrx_word' id='word_1_858' title='bbox 2895 4902 2958 4966; x_wconf 87' lang='lat' dir='ltr'><strong>G,</strong></span> <span class='ocrx_word' id='word_1_859' title='bbox 2995 4905 3053 4968; x_wconf 89' lang='lat' dir='ltr'><strong>L,</strong></span> <span class='ocrx_word' id='word_1_860' title='bbox 3087 4905 3188 4965; x_wconf 83' lang='lat' dir='ltr'><strong>BB.</strong></span> <span class='ocrx_word' id='word_1_861' title='bbox 3219 4907 3316 4957; x_wconf 91' lang='lat' dir='ltr'><strong>nisi</strong></span> <span class='ocrx_word' id='word_1_862' title='bbox 3348 4921 3459 4958; x_wconf 87' lang='lat' dir='ltr'><strong>ma-</strong></span> 
     </span>
    </p>
   </div>
   <div class='ocr_carea' id='block_1_133' title="bbox 1896 4974 3460 5044">
    <p class='ocr_par' dir='ltr' id='par_1_133' title="bbox 1896 4974 3460 5044">
     <span class='ocr_line' id='line_1_134' title="bbox 1896 4974 3460 5044; baseline -0.001 -16"><span class='ocrx_word' id='word_1_863' title='bbox 1896 4975 1961 5028; x_wconf 88' lang='lat' dir='ltr'><strong>lis</strong></span> <span class='ocrx_word' id='word_1_864' title='bbox 1988 4978 2182 5044; x_wconf 61' lang='lat' dir='ltr'><strong>legcre,</strong></span> <span class='ocrx_word' id='word_1_865' title='bbox 2215 4974 2278 5027; x_wconf 83' lang='lat' dir='ltr'><strong>In</strong></span> <span class='ocrx_word' id='word_1_866' title='bbox 2303 4990 2525 5027; x_wconf 82' lang='lat' dir='ltr'><strong>mensam</strong></span> <span class='ocrx_word' id='word_1_867' title='bbox 2548 4974 2741 5042; x_wconf 81' lang='lat' dir='ltr'><strong>cyathis</strong></span> <span class='ocrx_word' id='word_1_868' title='bbox 2781 4975 3092 5027; x_wconf 84' lang='lat' dir='ltr'><strong>stillantibus</strong></span> <span class='ocrx_word' id='word_1_869' title='bbox 3122 4975 3332 5036; x_wconf 85' lang='lat' dir='ltr'><strong>undam,</strong></span> <span class='ocrx_word' id='word_1_870' title='bbox 3374 4975 3460 5027; x_wconf 86' lang='lat' dir='ltr'><strong>ubi</strong></span> 
     </span>
    </p>
   </div>
   <div class='ocr_carea' id='block_1_134' title="bbox 1898 5043 3457 5111">
    <p class='ocr_par' dir='ltr' id='par_1_134' title="bbox 1898 5043 3457 5111">
     <span class='ocr_line' id='line_1_135' title="bbox 1898 5043 3457 5111; baseline 0.002 -15"><span class='ocrx_word' id='word_1_871' title='bbox 1898 5043 2057 5097; x_wconf 87' lang='lat' dir='ltr'><strong>multo</strong></span> <span class='ocrx_word' id='word_1_872' title='bbox 2088 5043 2281 5097; x_wconf 84' lang='lat' dir='ltr'><strong>Fulcra</strong></span> <span class='ocrx_word' id='word_1_873' title='bbox 2305 5060 2460 5096; x_wconf 88' lang='lat' dir='ltr'><strong>mero.</strong></span> <span class='ocrx_word' id='word_1_874' title='bbox 2483 5046 2536 5096; x_wconf 87' lang='lat' dir='ltr'><strong>lo</strong></span> <span class='ocrx_word' id='word_1_875' title='bbox 2572 5052 2727 5111; x_wconf 83' lang='lat' dir='ltr'><strong>Ang.,</strong></span> <span class='ocrx_word' id='word_1_876' title='bbox 2763 5044 3038 5109; x_wconf 84' lang='lat' dir='ltr'><strong>mendose,</strong></span> <span class='ocrx_word' id='word_1_877' title='bbox 3069 5045 3227 5098; x_wconf 86' lang='lat' dir='ltr'><strong>unda.</strong></span> <span class='ocrx_word' id='word_1_878' title='bbox 3252 5045 3307 5098; x_wconf 92' lang='lat' dir='ltr'><strong>ln</strong></span> <span class='ocrx_word' id='word_1_879' title='bbox 3338 5045 3457 5099; x_wconf 90' lang='lat' dir='ltr'><strong>Vat.</strong></span> 
     </span>
    </p>
   </div>
   <div class='ocr_carea' id='block_1_135' title="bbox 1902 5113 3462 5181">
    <p class='ocr_par' dir='ltr' id='par_1_135' title="bbox 1902 5113 3462 5181">
     <span class='ocr_line' id='line_1_136' title="bbox 1902 5113 3462 5181; baseline -0.001 -14"><span class='ocrx_word' id='word_1_880' title='bbox 1902 5114 1944 5167; x_wconf 91' lang='lat' dir='ltr'><strong>H</strong></span> <span class='ocrx_word' id='word_1_881' title='bbox 1976 5115 2127 5181; x_wconf 87' lang='lat' dir='ltr'><strong>plane</strong></span> <span class='ocrx_word' id='word_1_882' title='bbox 2153 5123 2477 5181; x_wconf 84' lang='lat' dir='ltr'><strong>corruptum,</strong></span> <span class='ocrx_word' id='word_1_883' title='bbox 2525 5113 2832 5166; x_wconf 81' lang='lat' dir='ltr'><strong>stillantibus</strong></span> <span class='ocrx_word' id='word_1_884' title='bbox 2861 5113 3035 5167; x_wconf 85' lang='lat' dir='ltr'><strong>daubis</strong></span> <span class='ocrx_word' id='word_1_885' title='bbox 3066 5114 3223 5168; x_wconf 88' lang='lat' dir='ltr'><strong>multo</strong></span> <span class='ocrx_word' id='word_1_886' title='bbox 3267 5114 3462 5167; x_wconf 86' lang='lat' dir='ltr'><strong>Fulcra</strong></span> 
     </span>
    </p>
   </div>
   <div class='ocr_carea' id='block_1_136' title="bbox 1899 5183 3462 5252">
    <p class='ocr_par' dir='ltr' id='par_1_136' title="bbox 1899 5183 3462 5252">
     <span class='ocr_line' id='line_1_137' title="bbox 1899 5183 3462 5252; baseline 0.002 -17"><span class='ocrx_word' id='word_1_887' title='bbox 1899 5199 2055 5236; x_wconf 89' lang='lat' dir='ltr'><strong>mero.</strong></span> <span class='ocrx_word' id='word_1_888' title='bbox 2090 5183 2302 5246; x_wconf 62' lang='lat' dir='ltr'><strong>Virmn,</strong></span> <span class='ocrx_word' id='word_1_889' title='bbox 2355 5183 2548 5252; x_wconf 79' lang='lat' dir='ltr'><strong>cyathis</strong></span> <span class='ocrx_word' id='word_1_890' title='bbox 2585 5185 2968 5250; x_wconf 85' lang='lat' dir='ltr'><strong>stipulantibus,</strong></span> <span class='ocrx_word' id='word_1_891' title='bbox 3009 5184 3148 5252; x_wconf 84' lang='lat' dir='ltr'><strong>quod</strong></span> <span class='ocrx_word' id='word_1_892' title='bbox 3201 5185 3325 5238; x_wconf 86' lang='lat' dir='ltr'><strong>ttttlli</strong></span> <span class='ocrx_word' id='word_1_893' title='bbox 3379 5191 3462 5238; x_wconf 90' lang='lat' dir='ltr'><strong>est</strong></span> 
     </span>
    </p>
   </div>
   <div class='ocr_carea' id='block_1_137' title="bbox 1901 5254 3462 5322">
    <p class='ocr_par' dir='ltr' id='par_1_137' title="bbox 1901 5254 3462 5322">
     <span class='ocr_line' id='line_1_138' title="bbox 1901 5254 3462 5322; baseline 0.001 -17"><span class='ocrx_word' id='word_1_894' title='bbox 1901 5255 2037 5305; x_wconf 60' lang='lat' dir='ltr'><strong>usui.</strong></span> <span class='ocrx_word' id='word_1_895' title='bbox 2093 5255 2170 5306; x_wconf 85' lang='lat' dir='ltr'><strong>Ad</strong></span> <span class='ocrx_word' id='word_1_896' title='bbox 2223 5254 2361 5306; x_wconf 88' lang='lat' dir='ltr'><strong>hunc</strong></span> <span class='ocrx_word' id='word_1_897' title='bbox 2406 5254 2669 5306; x_wconf 65' lang='lat' dir='ltr'><strong>Prudentii</strong></span> <span class='ocrx_word' id='word_1_898' title='bbox 2704 5254 2876 5307; x_wconf 64' lang='lat' dir='ltr'><strong>lscum</strong></span> <span class='ocrx_word' id='word_1_899' title='bbox 2917 5254 3126 5308; x_wconf 89' lang='lat' dir='ltr'><strong>videtur</strong></span> <span class='ocrx_word' id='word_1_900' title='bbox 3160 5254 3462 5322; x_wconf 78' lang='lat' dir='ltr'><strong>respexisse</strong></span> 
     </span>
    </p>
   </div>
   <div class='ocr_carea' id='block_1_138' title="bbox 1901 5323 3461 5378">
    <p class='ocr_par' dir='ltr' id='par_1_138' title="bbox 1901 5323 3461 5378">
     <span class='ocr_line' id='line_1_139' title="bbox 1901 5323 3461 5378; baseline 0 -1"><span class='ocrx_word' id='word_1_901' title='bbox 1901 5323 2178 5377; x_wconf 87' lang='lat' dir='ltr'><strong>Salvianus</strong></span> <span class='ocrx_word' id='word_1_902' title='bbox 2195 5323 2286 5376; x_wconf 87' lang='lat' dir='ltr'><strong>lib.</strong></span> <span class='ocrx_word' id='word_1_903' title='bbox 2306 5339 2352 5376; x_wconf 87' lang='lat' dir='ltr'><strong>tv</strong></span> <span class='ocrx_word' id='word_1_904' title='bbox 2377 5323 2628 5378; x_wconf 69' lang='lat' dir='ltr'><strong>adversus</strong></span> <span class='ocrx_word' id='word_1_905' title='bbox 2659 5324 2975 5377; x_wconf 78' lang='lat' dir='ltr'><strong>Avaritiam:</strong></span> <span class='ocrx_word' id='word_1_906' title='bbox 2996 5323 3189 5376; x_wconf 78' lang='lat' dir='ltr'><strong>Natant</strong></span> <span class='ocrx_word' id='word_1_907' title='bbox 3214 5324 3461 5377; x_wconf 81' lang='lat' dir='ltr'><strong>triclinio-</strong></span> 
     </span>
    </p>
   </div>
   <div class='ocr_carea' id='block_1_139' title="bbox 1899 5390 3459 5463">
    <p class='ocr_par' dir='ltr' id='par_1_139' title="bbox 1899 5390 3459 5463">
     <span class='ocr_line' id='line_1_140' title="bbox 1899 5390 3459 5463; baseline 0 -19"><span class='ocrx_word' id='word_1_908' title='bbox 1899 5408 2010 5445; x_wconf 84' lang='lat' dir='ltr'><strong>rum</strong></span> <span class='ocrx_word' id='word_1_909' title='bbox 2060 5395 2342 5463; x_wconf 78' lang='lat' dir='ltr'><strong>pavimenta</strong></span> <span class='ocrx_word' id='word_1_910' title='bbox 2388 5394 2536 5458; x_wconf 86' lang='lat' dir='ltr'><strong>vino;</strong></span> <span class='ocrx_word' id='word_1_911' title='bbox 2586 5390 2812 5446; x_wconf 86' lang='lat' dir='ltr'><strong>Falerno</strong></span> <span class='ocrx_word' id='word_1_912' title='bbox 2858 5393 3013 5445; x_wconf 90' lang='lat' dir='ltr'><strong>nobili</strong></span> <span class='ocrx_word' id='word_1_913' title='bbox 3058 5394 3220 5446; x_wconf 89' lang='lat' dir='ltr'><strong>lutum</strong></span> <span class='ocrx_word' id='word_1_914' title='bbox 3245 5396 3459 5462; x_wconf 77' lang='lat' dir='ltr'><strong>faciunt,</strong></span> 
     </span>
    </p>
   </div>
   <div class='ocr_carea' id='block_1_140' title="bbox 1899 5464 3464 5534">
    <p class='ocr_par' dir='ltr' id='par_1_140' title="bbox 1899 5464 3464 5534">
     <span class='ocr_line' id='line_1_141' title="bbox 1899 5464 3464 5534; baseline -0.001 -18"><span class='ocrx_word' id='word_1_915' title='bbox 1899 5479 2083 5516; x_wconf 72' lang='lat' dir='ltr'><strong>mensa:</strong></span> <span class='ocrx_word' id='word_1_916' title='bbox 2111 5478 2300 5530; x_wconf 87' lang='lat' dir='ltr'><strong>eorum,</strong></span> <span class='ocrx_word' id='word_1_917' title='bbox 2317 5478 2395 5534; x_wconf 78' lang='lat' dir='ltr'><strong>ac</strong></span> <span class='ocrx_word' id='word_1_918' title='bbox 2423 5473 2699 5534; x_wconf 84' lang='lat' dir='ltr'><strong>toreumata</strong></span> <span class='ocrx_word' id='word_1_919' title='bbox 2717 5479 2851 5534; x_wconf 80' lang='lat' dir='ltr'><strong>mero</strong></span> <span class='ocrx_word' id='word_1_920' title='bbox 2872 5464 3068 5534; x_wconf 67' lang='lat' dir='ltr'><strong>iugiter</strong></span> <span class='ocrx_word' id='word_1_921' title='bbox 3092 5464 3464 5528; x_wconf 83' lang='lat' dir='ltr'><strong>madent,sem-</strong></span> 
     </span>
    </p>
   </div>
   <div class='ocr_carea' id='block_1_141' title="bbox 1897 5532 3318 5603">
    <p class='ocr_par' dir='ltr' id='par_1_141' title="bbox 1897 5532 3318 5603">
     <span class='ocr_line' id='line_1_142' title="bbox 1897 5532 3318 5603; baseline 0.001 -16"><span class='ocrx_word' id='word_1_922' title='bbox 1897 5550 1986 5603; x_wconf 84' lang='lat' dir='ltr'><strong>per</strong></span> <span class='ocrx_word' id='word_1_923' title='bbox 2011 5535 2113 5586; x_wconf 86' lang='lat' dir='ltr'><strong>uda</strong></span> <span class='ocrx_word' id='word_1_924' title='bbox 2138 5543 2284 5603; x_wconf 56' lang='lat' dir='ltr'><strong>sunt;</strong></span> <span class='ocrx_word' id='word_1_925' title='bbox 2314 5533 2392 5586; x_wconf 81' lang='lat' dir='ltr'><strong>Ex</strong></span> <span class='ocrx_word' id='word_1_926' title='bbox 2421 5532 2613 5600; x_wconf 90' lang='lat' dir='ltr'><strong>quibus</strong></span> <span class='ocrx_word' id='word_1_927' title='bbox 2644 5532 2799 5586; x_wconf 86' lang='lat' dir='ltr'><strong>lectio</strong></span> <span class='ocrx_word' id='word_1_928' title='bbox 2829 5532 3318 5603; x_wconf 75' lang='lat' dir='ltr'><strong>udaconlirmatur.</strong></span> 
     </span>
    </p>
   </div>
   <div class='ocr_carea' id='block_1_142' title="bbox 1969 5602 3464 5671">
    <p class='ocr_par' dir='ltr' id='par_1_142' title="bbox 1969 5602 3464 5671">
     <span class='ocr_line' id='line_1_143' title="bbox 1969 5602 3464 5671; baseline -0.001 -14"><span class='ocrx_word' id='word_1_929' title='bbox 1969 5604 2094 5658; x_wconf 87' lang='lat'><strong>370.</strong></span> <span class='ocrx_word' id='word_1_930' title='bbox 2151 5602 2449 5656; x_wconf 83' lang='lat' dir='ltr'><strong>Toreumata</strong></span> <span class='ocrx_word' id='word_1_931' title='bbox 2488 5617 2583 5668; x_wconf 92' lang='lat' dir='ltr'><strong>pro</strong></span> <span class='ocrx_word' id='word_1_932' title='bbox 2630 5603 2876 5655; x_wconf 86' lang='lat' dir='ltr'><strong>toralibus</strong></span> <span class='ocrx_word' id='word_1_933' title='bbox 2926 5602 3231 5671; x_wconf 76' lang='lat' dir='ltr'><strong>accipienda</strong></span> <span class='ocrx_word' id='word_1_934' title='bbox 3278 5609 3464 5658; x_wconf 81' lang='lat' dir='ltr'><strong>monet</strong></span> 
     </span>
    </p>
   </div>
   <div class='ocr_carea' id='block_1_143' title="bbox 1897 5671 3463 5740">
    <p class='ocr_par' dir='ltr' id='par_1_143' title="bbox 1897 5671 3463 5740">
     <span class='ocr_line' id='line_1_144' title="bbox 1897 5671 3463 5740; baseline -0.004 -11"><span class='ocrx_word' id='word_1_935' title='bbox 1897 5671 2209 5729; x_wconf 88' lang='lat' dir='ltr'><strong>Sirmondus</strong></span> <span class='ocrx_word' id='word_1_936' title='bbox 2237 5674 2303 5726; x_wconf 91' lang='lat' dir='ltr'><strong>ad</strong></span> <span class='ocrx_word' id='word_1_937' title='bbox 2323 5673 2620 5739; x_wconf 91' lang='lat' dir='ltr'><strong>Sidonium,</strong></span> <span class='ocrx_word' id='word_1_938' title='bbox 2653 5671 2750 5726; x_wconf 88' lang='lat' dir='ltr'><strong>hos</strong></span> <span class='ocrx_word' id='word_1_939' title='bbox 2779 5687 2965 5725; x_wconf 82' lang='lat' dir='ltr'><strong>versus</strong></span> <span class='ocrx_word' id='word_1_940' title='bbox 2985 5673 3201 5726; x_wconf 84' lang='lat' dir='ltr'><strong>laudans</strong></span> <span class='ocrx_word' id='word_1_941' title='bbox 3224 5671 3288 5726; x_wconf 85' lang='lat' dir='ltr'><strong>ad</strong></span> <span class='ocrx_word' id='word_1_942' title='bbox 3307 5674 3463 5740; x_wconf 83' lang='lat' dir='ltr'><strong>epist.</strong></span> 
     </span>
    </p>
   </div>
   <div class='ocr_carea' id='block_1_144' title="bbox 1894 5741 3462 5814">
    <p class='ocr_par' dir='ltr' id='par_1_144' title="bbox 1894 5741 3462 5814">
     <span class='ocr_line' id='line_1_145' title="bbox 1894 5741 3462 5814; baseline -0.004 -15"><span class='ocrx_word' id='word_1_943' title='bbox 1894 5745 1929 5799; x_wconf 68' lang='grc'><strong>8</strong></span> <span class='ocrx_word' id='word_1_944' title='bbox 1957 5743 2045 5797; x_wconf 92' lang='lat' dir='ltr'><strong>lib.</strong></span> <span class='ocrx_word' id='word_1_945' title='bbox 2077 5756 2151 5795; x_wconf 70' lang='grc' dir='ltr'><strong>ιι.</strong></span> <span class='ocrx_word' id='word_1_946' title='bbox 2186 5741 2460 5798; x_wconf 75' lang='lat' dir='ltr'><strong>Fabricius</strong></span> <span class='ocrx_word' id='word_1_947' title='bbox 2487 5750 2654 5809; x_wconf 88' lang='lat' dir='ltr'><strong>tenet,</strong></span> <span class='ocrx_word' id='word_1_948' title='bbox 2685 5741 2787 5799; x_wconf 89' lang='lat' dir='ltr'><strong>hoo</strong></span> <span class='ocrx_word' id='word_1_949' title='bbox 2828 5747 2988 5799; x_wconf 82' lang='lat' dir='ltr'><strong>etiam</strong></span> <span class='ocrx_word' id='word_1_950' title='bbox 3015 5745 3133 5802; x_wconf 90' lang='lat' dir='ltr'><strong>loco</strong></span> <span class='ocrx_word' id='word_1_951' title='bbox 3163 5749 3462 5814; x_wconf 76' lang='lat' dir='ltr'><strong>toreumata</strong></span> 
     </span>
    </p>
   </div>
  </div>
