3960 6312
442 350 507 408 st
1509 353 1779 410 AUBELII
1819 351 2181 409 pnuosmu
2219 352 2543 407 CARMINA.
2893 323 2909 334 “
3619 346 3694 406 se

617 471 776 543 621
807 469 1019 526 Excidit
1045 483 1172 540 ergo
1199 469 1391 524 animis
1420 470 1585 522 eremi
1618 469 1734 523 sitis
1765 482 1779 518 :
1805 467 2012 523 excidit
2037 469 2091 528 Α

1839 558 1948 631 [ille

621 651 763 706 Fons
811 650 1049 719 patribus
1099 651 1167 705 de
1212 664 1343 719 rupe
1381 648 1559 714 datus,
1613 664 1768 720 quem
1801 650 2017 719 mystica

1785 740 1950 814 [virga

629 835 841 902 Elicuit,
883 835 1034 890 scissi
1062 835 1338 890 salientem
1364 835 1563 890 vertice
1592 833 1739 889 saxi?

628 925 982 993 Angelicusne
1008 924 1158 978 cibus
1190 926 1361 993 prima
1385 925 1436 977 in
1468 924 1692 978 tentoria
1724 921 1917 976 vestris

543 1018 556 1069 ἰ
628 1017 805 1070 Fluxit
827 1017 939 1069 avis
971 1034 984 1070 :
1016 1031 1172 1085 quem
1200 1030 1339 1068 nunc
1365 1030 1485 1067 sero
1512 1014 1717 1067 felicior
1743 1027 1857 1066 aevo

628 1107 974 1177 Vespertinus
1005 1106 1115 1160 edit
1141 1106 1365 1175 populus
1394 1105 1461 1159 de
1485 1119 1710 1174 corpore
1740 1101 1987 1157 Christi?

631 1199 722 1254 His
745 1215 836 1251 vos
862 1198 1088 1252 imbutos
1119 1197 1338 1264 dapibus
1363 1197 1469 1266 jam
1502 1198 1715 1264 crapula
1755 1197 1920 1265 turpis

631 1289 874 1343 Luxuria:
896 1289 960 1342 ad
987 1288 1253 1342 madidum
1284 1289 1419 1356 rapit
1439 1288 1738 1357 importuna
1771 1287 2022 1356 lupanar:

627 1382 874 1450 Quosque
905 1381 1048 1435 viros
1081 1397 1181 1434 non
1208 1379 1282 1434 ira
1317 1381 1569 1447 fremens,
1595 1396 1699 1434 non
1724 1381 1861 1435 idola
1891 1379 2028 1436 bello

457 1472 562 1529 580
633 1475 793 1545 622
848 1471 1051 1528 Cedere
1113 1474 1502 1543 compulerant,
1573 1473 1812 1526 saltatrix
1884 1470 2028 1526 ebria

1768 1559 1954 1633 [ﬂexit.

634 1654 802 1719 State,
856 1667 1068 1722 precor,
1097 1653 1260 1709 vestri
1283 1667 1570 1719 memores,
1603 1667 1868 1707 memores
1899 1666 2029 1720 quo-

1587 1743 1710 1816 [que
1738 1740 1954 1797 Christi.

452 1017 486 1069 5

490 1018 556 1070 75

637 1833 768 1901 Quae
809 1833 879 1889 sit
905 1843 1088 1890 vestra
1119 1835 1309 1902 tribus,
1339 1849 1455 1905 quae
1481 1832 1666 1905 gloria,
1711 1835 1828 1903 quis
1877 1834 2034 1899 Deus,
2065 1839 2114 1902 Β

1743 1923 1819 1995 [et
1847 1939 1962 1988 rex,

634 2017 769 2084 Quis
815 2017 1082 2090 dominus,
1136 2017 1445 2074 meminisse
1498 2017 1813 2075 decetzvos
1858 2017 2035 2074 nobile

1769 2109 1959 2183 {luds}.

2128 1109 2230 1165 590

2132 1561 2236 1619 595

2289 470 2518 525 Germen
2577 469 2643 524 ad
2691 483 2861 538 usque
2891 467 2985 523 Dei
3038 467 3378 537 genitricem,
3409 482 3511 536 qua
3539 467 3689 530 Deus

3458 561 3591 631 [ipse

2122 652 2226 708 585
2302 651 2458 706 Esset
2479 650 2660 717 homo,
2680 664 2964 720 procerum
2989 651 3209 706 venistis
3229 651 3488 721 sanguine
3511 653 3687 723 longo.

2301 744 2511 799 Excitet
2545 744 2786 813 egregias
2812 751 3018 799 mentes
3046 743 3393 799 celeberrima
3424 745 3587 800 David

2301 835 2500 899 Gloria,
2529 835 2792 890 continuis
2818 835 3081 889 bellorum
3102 835 3335 889 exercita
3362 836 3526 890 curis.

2302 927 2511 981 Excitet
2531 936 2584 982 et
2610 927 2846 993 Samuel,
2867 927 3093 995 spolium
3122 928 3210 995 qui
3259 925 3426 982 divite
3453 927 3521 982 ab
3547 927 3697 982 hoste

2304 1019 2602 1072 Attrectare
2628 1025 2790 1082 vetat,
2824 1032 2923 1072 nec
2951 1017 3146 1082 victum
3173 1017 3352 1070 vivere
3375 1031 3557 1086 regem

2305 1109 2736 1164 lncircumcisum
2781 1108 2980 1176 patitur
3008 1125 3021 1160 :
3051 1121 3118 1161 ne
3146 1107 3324 1177 praeda
3355 1117 3631 1175 superstes

2304 1199 2576 1254 Victorem
2608 1198 2877 1268 placidum
2903 1197 3138 1253 recidiva
3161 1197 3214 1252 in
3240 1198 3423 1275 praelia
3456 1205 3666 1268 poscat,

2307 1289 2534 1344 Parcere
2560 1289 2670 1358 jam
2699 1297 2856 1358 capto
2903 1289 3108 1344 crimen
3138 1297 3290 1358 putat
3309 1288 3400 1344 ille
3431 1298 3658 1368 tyranno
3687 1307 3702 1342 :

2308 1380 2374 1434 At
2395 1379 2548 1434 vobis
2559 1388 2746 1435 contra
2766 1380 2926 1445 vinci,
2951 1388 3005 1436 et
3027 1379 3375 1436 succumbere
3398 1388 3578 1434 votum
3601 1389 3704 1436 est.

2308 1470 2590 1537 Poeniteat,
2616 1485 2713 1541 per
2733 1472 2882 1540 siqua
2910 1479 3091 1528 movet
3113 1471 3414 1527 reverentia
3437 1472 3636 1526 summi

2291 1561 2571 1633 Numinis,
2617 1563 2722 1621 hoc
2761 1575 2869 1620 tam
2921 1565 3078 1620 dulce
3103 1565 3300 1620 malum
3348 1564 3584 1620 voluisse
3612 1579 3711 1619 ne-

3454 1657 3636 1730 [fanda

2307 1745 2614 1802 Proditione
2628 1745 2779 1817 sequi
2804 1761 2816 1798 :
2843 1746 2886 1801 si
2912 1746 3156 1815 poenitet,
3184 1746 3326 1801 haud
3354 1757 3513 1803 nocet
3533 1762 3709 1804 error.

2316 1835 2569 1892 Pmnituit
2590 1836 2854 1893 Jonathan
2876 1837 3075 1908 ieiunia
3108 1839 3287 1894 sobria
3315 1839 3456 1894 dulci

2313 1929 2472 2000 623
2487 1928 2830 1983 Conviolasse
2846 1927 2970 2000 favo
2986 1929 3199 1999 sceptri,
3221 1929 3499 2000 mellisque
3519 1945 3716 2000 sapore

2320 2020 2462 2075 Heu!
2498 2018 2634 2076 male
2655 2027 2884 2091 gustato,
2909 2020 3059 2090 regni
3086 2019 3212 2076 dum
3242 2021 3433 2077 blanda
3464 2023 3718 2093 voluptas

2139 2111 2245 2168 400
2317 2112 2566 2168 Oblectat
2593 2111 2881 2182 juvenem,
2909 2111 3191 2182 iurataque
3217 2127 3369 2169 sacra
3400 2113 3642 2169 resolvit.

1749 2201 2028 2258 GLOSSA'I
2065 2203 2398 2259 VETERES.

535 2293 632 2346 57l
646 2330 658 2343 .
692 2290 924 2355 Animis,
953 2293 1152 2356 vestris,
1175 2291 1217 2348 l.

533 2361 655 2415 572.
689 2361 950 2424 Patribus,
983 2363 1180 2423 vestris.
1214 2362 1254 2415 Ι.

535 2432 659 2485 575.
689 2429 903 2494 Elicuit,
933 2433 1131 2492 extulit.
1165 2431 1205 2484 l.

533 2503 658 2557 577.
687 2499 941 2564 lmbutos,
990 2501 1191 2564 ductos,
1217 2501 1255 2554 Ι.
1438 2548 1445 2554 .

535 2571 657 2624 578.
689 2570 956 2638 Lupanar,
988 2573 1344 2640 prostibulum,
1377 2572 1416 2625 Ι.

533 2641 657 2695 586.
694 2639 918 2704 Excitet,
942 2640 1098 2700 vobis.
1124 2641 1162 2694 l.

463 2781 508 2835 Δ
533 2709 1012 2834 589.'Attrectare,
1043 2727 1199 2764 manu
1219 2719 1422 2780 tangere
1444 2711 1693 2783 prohibet.
1723 2743 1789 2755 -—
1812 2712 2031 2785 Regem,

509 2797 628 2835 aaa.
685 2818 700 2834 ο

507 2797 628 2854 gag,
661 2797 700 2834 ι.

2219 2296 2337 2352 590.
2373 2296 2828 2361 lncircumcisum,
2860 2309 3107 2362 crassum,
3137 2295 3175 2350 l.

2216 2368 2340 2422 591.
2370 2368 2654 2432 Victorem,
2691 2366 2927 2434 Saulem,
2962 2365 3001 2420 Ι.

2215 2439 2338 2492 595.
2364 2437 2575 2500 Votum,
2604 2439 2854 2501 voluntas,
2883 2436 2920 2490 l.
3030 2447 3036 2454 ‘

2213 2509 2337 2564 594.
2367 2508 2466 2562 Per
2485 2509 2662 2578 siqua,
2689 2524 2776 2572 per
2801 2507 3292 2578 reverentiam_juro,
3320 2510 3398 2564 vel
3423 2523 3532 2575 aro,
3562 2508 3606 2564 1.

2212 2578 2337 2633 596.
2363 2577 2687 2648 Proditione,
2715 2579 3003 2632 traditione.
3031 2608 3102 2648 έ-
3120 2576 3370 2648 Ρωηὶιει,
3423 2592 3528 2644 vos,
3560 2579 3604 2635 l.

2213 2649 2330 2704 599.
2379 2647 2565 2716 Regni,
2598 2645 3015 2713 Philistinorum,
3045 2647 3085 2702 ι.

2213 2720 2339 2773 400.
2381 2717 2639 2781 Resolvit,
2670 2719 2892 2788 rumpit;
2917 2718 3038 2789 quia
3067 2736 3166 2773 non
3193 2731 3262 2774 est
3287 2721 3501 2786 occisus,
3529 2719 3569 2776 1.

1795 2872 2343 2932 COMMENTARIUS.

466 2977 592 3021 esse
615 2977 776 3033 opera
798 2969 962 3035 torno
991 2963 1146 3028 facta,
1172 2965 1463 3035 politaque,
1491 2966 1632 3033 quod
1656 2968 1814 3022 etiam
1846 2969 2043 3022 docent

467 3032 664 3106 glossae
681 3050 695 3098 ;
721 3032 815 3088 sed
838 3034 889 3088 id
918 3035 1090 3088 minus
1129 3035 1324 3103 placet.
1356 3032 1568 3106 'Relege
1617 3038 1850 3092 Salviani
1879 3039 2041 3094 verba

467 3119 610 3160 VCI'S.
641 3119 762 3160 SllD.

543 3175 668 3249 57L
702 3173 901 3249 inﬂat.
932 3173 1166 3249 insulsus
1195 3186 1465 3249 corrector
1485 3180 1660 3245 posuit
1693 3179 1894 3232 Excidit
1921 3194 2041 3249 ergo

471 3245 655 3299 animis
680 3244 966 3316 sitientibus
985 3244 1070 3297 ille
1097 3247 1149 3296 in
1177 3263 1340 3298 eremo
1370 3244 1506 3300 Fons
1535 3251 1777 3316 patribus,
1806 3265 1870 3303 ne
1898 3244 2044 3302 scili-

471 3322 560 3368 cet
582 3313 814 3367 secunda
837 3314 888 3366 in
913 3330 1078 3366 eremo
1109 3317 1492 3382 corriperetur.
1523 3313 1804 3372 Historiam
1838 3334 2044 3373 sacram

471 3383 648 3452 legere
673 3384 870 3452 poteris
897 3383 1063 3438 Exodi
1087 3399 1143 3438 ca
1191 3427 1202 3438 .
1237 3401 1323 3439 xvr
1354 3397 1409 3442 et
1438 3403 1565 3441 xvii.

543 3455 667 3507 575.
696 3453 839 3508 Διά..
871 3471 897 3506 e
923 3455 1121 3508 vertice.
1150 3402 1202 3508 ii.
1235 3458 1350 3508 aliis
1375 3459 1526 3508 aliest
1555 3479 1565 3508 t

543 3455 667 3507 575.
696 3453 839 3517 Ald.,
871 3471 897 3506 e
923 3455 1121 3509 vertice.
1150 3453 1202 3508 ln
1235 3458 1350 3508 aliis
1375 3459 1526 3510 aliest
1555 3474 1598 3510 θ.
1633 3455 1687 3510 In
1717 3457 1836 3514 Vat.
1873 3457 1937 3522 Ρ,
1966 3475 2050 3512 sa-

475 3522 645 3593 liente,
678 3533 730 3593 et
761 3523 813 3576 in
841 3525 1105 3577 neunullis
1137 3527 1279 3593 vulg.
1310 3527 1480 3580 scissis
1503 3525 1751 3581 mendum
1778 3538 1880 3582 est.

543 3592 666 3646 574.
713 3592 1112 3668 ln_quibusdatn
1153 3592 1322 3668 vulg”
1353 3599 1687 3668 angelicusve.
1720 3598 1933 3652 Cauchii
1964 3613 2053 3652 co-

477 3662 606 3734 dex,
652 3664 823 3734 patria
846 3665 1165 3734 itttentoria.
1203 3662 1494 3728 Heinsiuiti,
1529 3669 1682 3733 Man,
1718 3669 1862 3734 Rat.,
1896 3670 2049 3724 Alex.

475 3741 537 3807 et
559 3733 786 3807 VattLC,
806 3733 952 3807 D_._G,
985 3735 1048 3807 ῃ,
1074 3735 1223 3800 L,'0,
1251 3737 1352 3802 BB,
1379 3737 1598 3803 Weilz.,
1617 3740 1831 3807 aliique,
1854 3741 2050 3794 vestris.

474 3803 622 3866 Ald.,
671 3802 806 3868 Gis.,
841 3803 960 3857 Vat.
992 3804 1051 3869 F,
1088 3809 1230 3873 Ang.
1257 3823 1287 3860 a
1322 3810 1488 3875 prima
1531 3802 1947 3874 tuatim-nostris.
1977 3809 2051 3862 Ita

470 3876 633 3927 etiam
658 3875 867 3927 videtur
898 3875 1061 3928 fuiSse
1083 3877 1134 3928 in
1162 3877 1472 3932 Viennensi.

543 3941 670 3996 575.
703 3943 849 4007 Rat.,
882 3943 1114 4011 feliciter,
1140 3945 1315 3999 minus
1344 3948 1496 4002 bene.
1811 3995 1818 4002 .

544 4012 671 4082 576.
715 4013 940 4082 Erl’urt.,
987 4014 1049 4064 de
1093 4018 1338 4082 sanguine
1386 4017 1591 4071 Christi.
1641 4017 1796 4071 Vides
1849 4019 2049 4071 clarum

476 4081 841 4156 testimonium
889 4081 1449 4156 catholicaa'lideide
1487 4087 1768 4154 prtesentia
1814 4089 2050 4156 corporis

473 4147 672 4204 Christi
719 4151 1131 4226 itLeucliaris_tia,
1163 4168 1283 4206 cum
1312 4147 1664 4226 similiiudine
1692 4157 1792 4209 cibi
1828 4147 2049 4226 angelici

477 4234 664 4296 manna
696 4235 726 4271 a
756 4218 864 4292 SS.‘
885 4219 1129 4296 Patribus
1157 4223 1567 4296 smpe‘indicata.
1597 4225 1740 4278 Inter
1769 4218 1926 4294 opera
1950 4228 2051 4296 Cy-

479 4288 645 4367 priani
673 4288 923 4342 sermo-ne
952 4289 1200 4367 tle-Cinna
1222 4288 1248 4367 _i
1283 4291 1442 4354 Pani;
1469 4288 1883 4367 isteangelort'tm
1905 4288 2051 4350 omne

477 4359 1371 4436 delectamentumnhabens_virtute
1421 4359 1781 4429 miri/icui”...
1829 4368 2050 4436 amplius

475 4442 627 4502 quam
649 4442 837 4480 manna
861 4430 1170 4502 illudAeremi
1189 4431 1397 4500 implet;
1423 4443 1470 4485 et
1489 4435 1642 4487 satiat
1672 4430 1926 4491 edentiuni
1952 4454 2047 4502 ap-

475 4497 679 4567 petitus,
726 4509 830 4551 etc.
861 4499 1134 4552 Fabricius
1160 4503 1233 4553 ait
1260 4497 1400 4556 'mire
1443 4504 1642 4558 dictum
1673 4522 1702 4559 a
1760 4497 2050 4561 Prudentio

477 4568 819 4646 vespertinum
843 4569 1082 4640 populum
1113 4586 1208 4637 pro
1234 4587 1298 4626 eo
1321 4573 1425 4646 qui,
1453 4583 1534 4646 est
1562 4579 1815 4646 extremis
1848 4586 2050 4644 tempo-

475 4636 627 4706 ribus
655 4636 919 4701 victurus,
943 4636 1153 4706 Sumpta
1194 4636 1457 4696 sermonis
1499 4645 1668 4697 forma
1697 4646 1765 4699 ab
1794 4645 1898 4698 illis
1930 4636 2048 4700 ver-

2145 2963 2633 3032 diligentissimum,
2689 2963 2914 3016 mediam
2962 2962 3119 3032 hujus
3171 2962 3339 3018 Graeci
3367 2964 3605 3020 vocabuli
3640 2967 3721 3022 di-

2146 3035 2407 3090 etionibus
2451 3032 2789 3101 transpositis
2837 3032 3149 3101 produxisse
3184 3035 3360 3102 :quod
3412 3045 3585 3090 tamen
3646 3037 3720 3090 ab

2146 3115 2360 3160 auctore
2390 3121 2494 3157 non
2531 3103 2820 3169 profectum
2866 3117 2982 3157 esse
3012 3111 3161 3157 certo
3191 3115 3414 3158 constat.
3440 3102 3567 3158 Illud
3591 3117 3726 3161 vero

2148 3191 2252 3229 non
2279 3175 2448 3243 probo
2498 3177 2550 3228 in
2582 3173 2842 3235 Giselino,
2870 3173 3009 3236 quod
3067 3175 3360 3228 litterarum
3407 3175 3724 3232 Crescat-um

2148 3247 2503 3314 cognitionem
2547 3245 2600 3296 in
2649 3243 2938 3297 Prudentia
2980 3243 3288 3314 desiderare
3336 3246 3563 3311 videtur,
3595 3260 3726 3302 cum

2149 3313 2302 3372 simul
2332 3317 2578 3375 fateatur,
2607 3329 2730 3370 eum
2755 3314 2833 3366 sui
2857 3313 3037 3367 saeculi
3059 3317 3424 3368 auctoritatem
3453 3326 3725 3383 secutum,

2152 3396 2402 3442 arcemus
2421 3385 2591 3438 Latini
2622 3385 2949 3452 aliarumque
2968 3384 3271 3452 regularum
3294 3385 3498 3440 ratione
3521 3386 3724 3452 habita,

2152 3457 2497 3525 quantitatem
2524 3456 2804 3522 genuinam
2839 3453 3163 3525 neglexisse.
3187 3452 3293 3507 Cur
3313 3455 3454 3508 enim
3490 3472 3591 3509 non
3624 3470 3726 3523 po—

2154 3523 2287 3582 terat
2321 3525 2639 3579 Prudentius
2665 3525 2943 3579 scientiam
2973 3523 3072 3576 sibi
3106 3537 3400 3592 reservare,
3430 3540 3580 3579 usum
3626 3541 3727 3594 po-

2152 3600 2275 3667 pulo
2296 3596 2628 3667 concedere?

2222 3667 2345 3722 585.
2377 3666 2496 3718 Ald.
2529 3674 2581 3718 et
2597 3673 2726 3718 vett.
2755 3662 2902 3725 edd.,
2926 3671 3073 3714 natus
3096 3664 3242 3715 homo
3269 3678 3362 3730 pro
3388 3673 3518 3718 esset
3544 3664 3727 3718 homo.

2151 3737 2418 3792 Giselinus
2448 3730 2655 3802 qdoque
2679 3735 2728 3786 in
2752 3743 3000 3787 contextu
3031 3743 3182 3786 natus
3221 3733 3390 3798 homo,
3433 3734 3573 3802 quod
3611 3749 3732 3788 ma.

2151 3810 2233 3878 gis
2257 3807 2528 3878 arridebat
2557 3803 2854 3878 Gallandio,
2887 3803 3125 3870 quamvis
3154 3802 3383 3856 ediderit
3411 3813 3536 3858 esset
3551 3805 3728 3860 homo.

2220 3879 2340 3932 588.
2373 3875 2546 3928 Adisis
2575 3874 2666 3927 lib.
2703 3875 2716 3924 l
2752 3875 2949 3939 llegum
2980 3888 3098 3939 cap.
3132 3889 3219 3924 xv.

2221 3947 2342 4001 590.
2381 3946 2592 4004 Vienn.,
2625 3944 2836 4010 pariter,
2861 3956 2964 3994 non
2992 3951 3156 4008 recte,
3183 3956 3276 4008 pro
3302 3943 3509 4010 patitur.
3537 3943 3727 4008 Fabr.,

2152 4033 2250 4071 neu
2277 4016 2486 4087 praeda;
2519 4015 2707 4067 melius
2743 4028 2805 4065 ne
2833 4013 3031 4080 prazda.
3063 4012 3116 4065 In
3148 4012 3320 4079 glossa
3346 4028 3544 4066 crassus
3583 4013 3729 4069 idem

2155 4096 2237 4142 est
2267 4101 2326 4139 ac
2355 4101 2580 4155 grossus.

2222 4147 2516 4219 59l.'Rat.,
2571 4153 2726 4215 Man,
2761 4147 3029 4206 Heid‘siani
3061 4149 3311 4222 (except'o
3335 4152 3497 4219 priori
3553 4151 3730 4222 Rott.)

2158 4227 2293 4290 Gis.,
2314 4225 2532 4288 Weitz.,
2555 4223 2794 4277 recidiva.
2820 4221 3078 4276 Ald.cum'
3098 4223 3215 4275 aliis
3230 4221 3459 4290 vulgatis
3485 4223 3732 4276 rediviva.

2225 4298 2344 4351 595.
2379 4295 2525 4360 Ald.,
2547 4293 2689 4347 nobis
2712 4307 2806 4360 pro
2834 4292 3006 4357 vobis;
3028 4291 3166 4362 quod
3192 4301 3520 4360 postremum
3545 4307 3732 4346 verum

2154 4377 2255 4422 est.
2291 4369 2422 4432 Ang.
2456 4378 2482 4415 a
2517 4366 2682 4427 prima
2715 4376 2872 4417 manu
2903 4372 3076 4416 notum
3113 4372 3208 4426 est,
3250 4370 3396 4415 recte
3424 4371 3734 4417 correctum

2152 4452 2246 4505 per
2270 4447 2438 4505 votum
2466 4443 2558 4505 est.

2222 4505 2343 4559 594.
2379 4503 2566 4565 Fuld.,
2598 4512 2781 4556 contra
2812 4503 2980 4569 legem
3010 4502 3188 4565 matri,
3230 4515 3320 4570 per
3339 4503 3484 4570 siqua
3510 4512 3732 4558 moveat.

2222 4575 2344 4629 596.
2394 4575 2446 4626 In
2501 4574 2781 4638 Margarita
2807 4571 3012 4640 poetica
3063 4571 3265 4625 Alberti
3317 4571 3451 4642 Eyb.
3484 4573 3738 4642 canonici

2157 4645 2583 4709 Bambergensis,
2617 4643 2659 4694 si
2695 4644 2919 4704 poenitet,
2954 4649 3044 4694 aut
3095 4651 3238 4694 nocet
3264 4641 3429 4708 error,
3464 4656 3529 4695 ex
3557 4641 3736 4697 veteri

474 4705 577 4789 bis,
604 4705 756 4789 illane
788 4705 1367 4789 ttobiscum,’quo_niam“
1388 4714 1779 4789 advesperascit.
1807 4715 2048 4789 “Nullum
2076 4728 2133 4789 Β
2156 4705 2504 4789 quorumdam
2529 4705 2802 4789 scribendi
2835 4713 3040 4764 ratione
3070 4725 3166 4778 pro
3196 4710 3334 4763 haud
3359 4705 3442 4767 vel
3473 4713 3618 4764 haut.

473 4784 566 4852 est.
600 4777 818 4852 dubium
875 4780 998 4852 quin
1045 4782 1270 4848 potiulus
1310 4777 1644 4836 Christianus
1693 4785 2046 4852 intelligatur;

473 4845 570 4926 sed
600 4847 697 4900 hac
723 4849 822 4926 alia
851 4845 1078 4926 ratione,
1110 4845 1361 4926 quodper
1385 4869 1638 4926 vesperam
1664 4855 1713 4906 in
1742 4845 1909 4909 sacris
1940 4845 2051 4910 Lit;

473 4921 608 4992 teris
632 4933 774 4986 saepe
804 4921 1113 4992 intelligitur
1140 4921 1402 4992 Christus,
1428 4921 1516 4976 aut
1543 4924 1658 4991 ejus
1683 4925 1961 4992 adventus,
1997 4936 2051 4980 et

477 4989 700 5052 septima
755 5001 884 5063 telas
907 4991 1116 5063 mundi.
1152 4991 1358 5063 Patres,
1401 4994 1488 5062 qui
1520 4989 1612 5046 has
1638 4995 1922 5063 allegorias
1950 4989 2040 5050 ex-

515 5067 704 5120 onunt,
757 5059 879 5134 vide
906 5058 1168 5114 indicatos
1198 5077 1234 5134 a_
1277 5058 1504 5134 Laureto
1536 5065 1586 5115 in
1628 5058 1771 5118 Silva
1807 5066 2047 5134 Allegor.

499 5129 766 5206 feveratus
791 5129 1039 5206 opinatur
1080 5130 1329 5206 populum
1359 5132 1720 5186 Christianum
1749 5153 1775 5184 ει
1813 5129 2050 5189 Pruden-

472 5199 550 5248 tio
590 5199 928 5266 vespertinum
968 5200 1167 5270 vocari,
1223 5204 1340 5266 quia
1392 5213 1510 5270 post
1542 5206 1725 5257 horam
1775 5219 1965 5258 nonani
1999 5214 2054 5260 et

476 5269 1051 5340 temporejeSpertino
1078 5271 1128 5322 in
1146 5269 1477 5340 stationibus
1508 5272 1702 5325 edebat
1731 5274 1798 5327 de
1825 5290 2050 5340 corpore

472 5334 689 5390 Christi.
725 5334 929 5390 Norica
960 5354 1108 5392 meus
1139 5339 1410 5394 Prudentii
1440 5356 1558 5395 esse
1586 5343 1713 5396 milii
1747 5334 1974 5398 videtur.

544 5403 668 5459 579.
703 5406 756 5458 ln
782 5410 1046 5479 nonnullis
1072 5409 1242 5479 vulg.,
1277 5412 1415 5475 viris,
1448 5413 1610 5466 male.
1636 5413 1689 5465 lit
1715 5411 1834 5466 tht;
1868 5429 2046 5468 torre-

469 5478 1041 5550 ctor,.cttnsuetud'tnis
1068 5478 1174 5533 navi
1200 5481 1546 5535 Prudentiani
1580 5484 1815 5550 ignarus,
1852 5484 2045 5550 priori-

467 5541 568 5596 bus
595 5547 804 5620 erasis,
836 5548 1048 5620 scripsit
1079 5549 1314 5620 idolaque
1346 5552 1493 5604 bello.
1532 5541 1651 5609 Ald.
1684 5541 1926 5607 ediderint
1965 5569 2042 5608 re-

467 5620 553 5693 cte
602 5631 704 5693 non
751 5615 890 5693 idola
923 5617 1054 5693 bello
1078 5636 1102 5693 ;_
1118 5615 1350 5693 correxit
1381 5624 1560 5689 inepte
1624 5623 1856 5693 idolaque
1886 5624 2038 5676 bello.

470 5677 737 5764 Eiselinus
767 5685 1018 5764 advertit,
1046 5677 1567 5764 AldumuManutitim,
1584 5694 1628 5746 si
1648 5677 1866 5758 usqu'atn
1890 5695 2035 5759 alibi,

468 5757 616 5806 certe
640 5754 697 5805 iu
723 5754 878 5818 huius
905 5760 1147 5811 auctoris
1175 5761 1408 5814 editione
1455 5754 1752 5828 praesertim
1779 5754 2034 5828 secunda,

2224 4786 2345 4838 597.
2381 4782 2619 4837 Videlib.
2653 4785 2666 4830 ι
2700 4781 2828 4848 Reg.
2864 4796 2981 4849 cap.
3015 4796 3121 4833 xiv.

2224 4854 2346 4908 598.
2382 4852 2649 4907 Heinsiani
2677 4865 2880 4918 omnes,
2901 4851 3038 4912 PaL,
3058 4850 3234 4914 Fuld.,
3254 4851 3731 4919 Widm.,Erfttrt.,

2155 4924 2350 4980 Weitz.
2397 4939 2514 4977 cum
2552 4922 2746 4976 nostris
2790 4921 2945 4983 Man,
2971 4919 3116 4983 Rat.,
3150 4921 3362 4984 Vienn.,
3393 4922 3572 4984 Alex.,
3607 4920 3732 4975 Vat.

2157 4995 2221 5062 Η,
2245 4996 2308 5058 0,
2333 4996 2556 5054 llonon..
2583 4993 2698 5060 favo
2719 4993 2923 5062 sceptri.
2955 4993 3008 5043 In
3033 4990 3163 5044 Mar.
3187 4996 3360 5059 glossa
3381 4991 3437 5042 id
3457 5000 3530 5043 est
3549 4993 3736 5062 cirgtr:

2156 5060 2215 5117 in
2247 5063 2466 5123 Etlurt.,
2500 5064 2668 5130 glossa
2697 5060 2843 5113 molle
2886 5070 3088 5130 accepto
3136 5077 3224 5129 per
3263 5069 3534 5128 sceptrum.
3580 5061 3733 5118 Ald..

2155 5135 2344 5195 Torn.,
2374 5134 2510 5194 Gis.,
2544 5132 2658 5199 favo
2689 5140 2906 5199 sumpto.
2943 5130 3251 5185 Gallandius
3278 5135 3380 5189 ait.
3417 5143 3603 5184 vocem
3634 5147 3734 5198 gu-

2156 5211 2286 5256 stato
2334 5216 2469 5255 vers.
2503 5217 2615 5266 seq.
2662 5200 2889 5254 fortasse
2935 5201 3148 5254 obstare
3190 5202 3311 5254 huic
3353 5200 3569 5255 lectioni
3615 5203 3738 5267 favo

2152 5282 2371 5343 sumpto.
2395 5276 2552 5343 Anan,
2576 5270 2714 5324 Vatt.
2742 5269 2802 5333 L,
2819 5271 2926 5343 BE,
2947 5285 3058 5343 non
3080 5271 3238 5334 male,
3264 5270 3574 5343 conviolasse
3593 5273 3733 5343 favo,

2152 5339 2342 5410 sumpti
2368 5341 2630 5408 mellisque
2656 5355 2858 5406 sapore.
2889 5340 3002 5393 Vat.
3036 5340 3097 5406 Ι),
3133 5340 3408 5405 mendose,
3440 5339 3554 5408 favo
3580 5339 3730 5408 cepit.

2153 5413 2208 5466 ln
2241 5413 2359 5466 Vat.
2392 5413 2450 5475 C,
2483 5412 2676 5465 desunt
2706 5410 2790 5463 hic
2820 5420 2875 5463 et
2906 5418 3191 5477 sequentes
3235 5423 3423 5464 versus
3466 5415 3634 5478 usQue
3662 5408 3739 5461 ad

2153 5497 2292 5537 vers.
2324 5482 2452 5544 4350,
2485 5481 2682 5534 scilicet
2713 5482 2916 5548 integro
2947 5479 3074 5532 folio
3104 5481 3308 5535 avulso.

2221 5553 2342 5606 599.
2372 5553 2426 5605 In
2448 5553 2564 5604 Vat.
2587 5549 2629 5601 D
2650 5564 2798 5603 error
2821 5547 2973 5604 metri
2996 5549 3134 5602 mala
3149 5553 3382 5615 voluptas
3401 5563 3498 5618 pro
3520 5547 3734 5601 blanda.

2218 5621 2343 5678 400.
2369 5622 2587 5684 Vtenn.,
2620 5623 2746 5688 jura
2775 5620 2996 5672 resolvit.
3059 5620 3330 5673 Postrema
3366 5633 3489 5686 pars
3516 5620 3734 5688 glosste,

2148 5692 2270 5761 quia
2298 5709 2400 5745 non
2431 5701 2504 5743 cst
2534 5691 2748 5761 occisus,
2781 5690 3268 5761 videtur-Lspeetare
3307 5689 3372 5742 ad
3404 5703 3622 5744 versu
3649 5701 3742 5745 so-

2147 5758 2418 5833 quentem.
2450 5776 2539 5815 nec
2567 5775 2676 5813 sors
2707 5758 3053 5826 lacryntabilis
3081 5758 3173 5811 illa
3199 5767 3292 5812 est.
