3960 6312
192 274 269 335 55
1553 271 2096 329 PSYCHUMACHIA.
3379 257 3451 317 ει

367 391 476 449 Sed
490 388 615 463 quia
632 392 902 462 paenituit,
916 408 1014 450 nec
1037 408 1157 449 sors
1176 392 1536 464 lacrymabilis
1558 391 1648 446 illa
1668 401 1772 457 est,
1800 392 1853 454 Α

372 487 481 542 Nec
506 486 659 556 tingit
688 484 884 555 patrias
912 488 1175 542 sententia
1204 502 1342 541 saeva
1371 498 1607 540 secures.

376 580 452 635 En
483 594 581 649 ego
616 577 923 645 Sobrietas,
957 581 1000 633 si
1032 579 1340 649 conspirare
1369 578 1602 648 paratis,

380 670 560 725 Pando
587 670 727 724 viam
758 670 966 724 cunctis
992 671 1298 733 virtutibus,
1330 680 1385 723 ut
1415 665 1725 723 malesuada

379 760 658 826 Luxuries,
697 761 862 814 multo
888 763 1079 830 stipata
1112 762 1365 827 satellite,
1401 761 1584 829 p'oenas

380 852 511 906 Cum
542 851 755 921 legione
785 866 875 905 sua
902 849 1118 907 Christo
1143 853 1243 906 sub
1265 850 1448 922 judice
1472 851 1689 923 pendat.

381 941 471 996 Sic
501 940 680 1005 effata,
712 956 925 996 crucem
959 942 1166 996 Domini
1197 942 1530 999 ferventibus
1555 940 1713 998 offert

203 763 311 817 405

383 1034 549 1089 Obvia
581 1033 875 1104 quadrigis.
908 1033 1107 1103 lignum
1135 1032 1438 1090 venerabile
1463 1035 1513 1089 in
1546 1036 1691 1107 ipsos

382 1124 654 1178 intentans
685 1120 863 1179 frenos
896 1138 908 1175 :
940 1122 1081 1193 quod
1111 1130 1169 1179 ut
1194 1138 1456 1193 expavere
1483 1124 1689 1182 feroces

384 1211 647 1269 Cornibus
668 1215 944 1283 oppansis,
971 1224 1024 1269 et
1051 1227 1255 1269 summa
1282 1214 1455 1270 fronte
1476 1230 1781 1287 coruscum,

389 1304 553 1378 625.
581 1304 810 1360 Vertunt
840 1306 1165 1375 praecipitem
1197 1318 1338 1359 caeca
1367 1303 1655 1362 formidine
1684 1308 1787 1365 fusi

384 1395 488 1449 Per
510 1406 775 1465 praerupta
804 1395 979 1465 fugam
1009 1412 1023 1447 :
1058 1394 1223 1450 fertur
1249 1398 1493 1463 resupina
1527 1396 1762 1452 reductis

386 1486 749 1557 Nequidquam
770 1485 903 1540 loris
922 1487 1123 1555 auriga,
1147 1499 1461 1557 comamque
1484 1486 1787 1544 madean

386 1575 611 1631 Pulvere
642 1577 980 1632 foedathumi
1018 1598 1025 1627 :
1062 1585 1188 1631 tunc
1222 1584 1279 1631 et
1307 1578 1512 1646 vertigo
1550 1584 1787 1633 rutarum

388 1660 627 1737 implicat
660 1681 937 1723 excussam
983 1668 1250 1724 dominam
1291 1687 1303 1720 :
1344 1682 1465 1723 nam
1496 1680 1657 1737 prona
1690 1671 1790 1725 sub

206 1214 314 1270 410

210 1666 313 1723 415

1539 1758 1713 1827 [axem
1815 1760 1863 1821 Β

387 1848 625 1913 Labitur,
655 1855 708 1903 et
738 1848 914 1903 lacero
943 1848 1117 1903 tardat
1144 1847 1444 1903 sufflamine
1472 1861 1709 1903 currum.

2056 386 2215 441 Addit
2245 384 2515 440 Sobrietas
2542 380 2734 434 vulnus
2758 376 2959 432 letbale
2982 374 3203 443 iacenti,

2060 475 2364 544 Couiiciens
2391 472 2592 525 silicem
2621 470 2766 537 rupis
2792 467 2859 521 de
2891 474 3040 535 parte
3068 465 3343 518 molarem.

2058 568 2211 623 Hunc
2238 564 2549 620 vexilliferze
2586 561 2836 631 quoniam
2864 559 2976 613 tore
3001 557 3192 611 obtulit
3234 558 3415 623 ictum,

2062 659 2275 730 Spicula
2312 658 2455 711 nulla
2486 668 2679 715 manu,
2710 651 2805 706 sed
2835 649 2959 705 belli
2988 648 3197 716 insigne
3223 649 3453 717 gerenti,

2058 752 2229 806 Casus
2266 749 2373 818 agit
2399 760 2609 810 saxum,
2643 743 2804 798 medii
2830 743 3097 811 spiramen
3120 748 3182 795 ut
3205 742 3315 795 oris

2059 841 2222 913 325
2251 840 2562 910 Frangeret,
2592 844 2648 892 et
2675 850 2867 891 recavo
2897 835 3147 888 misceret
3178 832 3325 887 labra
3358 846 3452 900 pa-

3229 922 3381 993 [lato.

2063 1025 2322 1081 Dentibus
2347 1024 2632 1077 introrsum
2670 1018 2919 1074 resolutis
2940 1055 2954 1083 ,
2986 1018 3162 1085 lingua
3196 1024 3453 1070 resectam

2065 1100 2325 1173 Dilaniata
2365 1115 2540 1183 gulam
2572 1112 2753 1167 frustis
2785 1124 2903 1165 cum
2947 1107 3218 1177 sanguinis
3248 1106 3452 1174 implet.

2065 1209 2298 1267 lnsolitis
2323 1206 2548 1276 dapibus
2576 1202 2844 1259 crudescit
2881 1208 3079 1270 guttur,
3114 1208 3166 1251 et
3196 1212 3315 1252 ossa

2064 1297 2443 1368 Colliquefacta
2487 1309 2681 1349 vorans
2723 1293 2971 1358 revomit,
3007 1304 3137 1359 quas
3185 1290 3454 1353 hauserat,

3212 1382 3384 1455 iollas.

2067 1483 2235 1539 Ebibe
2249 1481 2356 1552 iam
2374 1480 2646 1550 proprium
2666 1487 2784 1545 post
2800 1476 2988 1546 pocula
3006 1476 3165 1529 multa
3187 1488 3454 1536 cruorem,
3529 1483 3543 1492 ·

2066 1576 2227 1645 Virgo
2247 1575 2322 1629 ait
2346 1573 2669 1641 increpitans
2694 1588 2707 1624 :
2735 1570 2840 1625 sint
2864 1570 2979 1624 huc
3001 1568 3091 1624 tibi
3124 1567 3323 1622 fercula
3353 1577 3460 1620 tan-

3247 1658 3390 1729 [dem

1884 661 1989 715 420

1886 1213 1992 1269 425

2063 1758 2256 1812 Tristia
2284 1755 2540 1829 pmteriti
2572 1754 2752 1809 nimiis
2782 1767 2879 1821 pro
2907 1752 3151 1806 dulcibus
3180 1754 3296 1803 aevi.

1887 1851 1994 1908 450
2067 1852 2315 1908 Lascivas
2341 1850 2464 1905 vitm
2492 1847 2772 1903 illecebras
2800 1852 3041 1915 gustatus
3072 1856 3267 1897 amarae

1484 1981 1769 2039 (ἶιοεὸἆὲ
1809 1984 2144 2042 VETERES.

279 2101 407 2157 405.
448 2098 790 2167 Οοιιεμὶτςυ-ε,
820 2099 1131 2161 coadunare,
1170 2095 1210 2149 l.

276 2171 409 2226 404.
453 2171 625 2233 Viam,
654 2169 943 2238 prabendo,
974 2168 1014 2222 Ι.

275 2243 406 2297 405.
448 2236 674 2307 Stipata,
707 2239 1039 2303 circumdata,
1070 2236 1115 2290 I.

279 2312 405 2365 406.
449 2308 669 2373 Pendat,
701 2310 878 2371 soluat,
913 2307 953 2362 l.

279 2382 410 2434 407.
452 2372 699 2443 Crucem,
724 2378 964 2431 sobrietas
995 2391 1192 2431 crucem
1217 2372 1422 2427 Domini
1445 2372 1593 2440 oﬂert
1620 2373 1791 2425 currui

212 2451 453 2513 luxuria,
484 2449 522 2501 l.

279 2520 416 2574 409.
459 2520 746 2582 lntentans,
777 2518 1081 2588 impingens,
1112 2517 1147 2568 Ι.

280 2590 417 2643 410.
457 2588 735 2647 Cornibus,
762 2584 957 2655 crucis,
970 2586 1023 2639 id
1045 2595 1115 2639 est
1145 2584 1650 2647 vexilli.—Fronte,
1672 2598 1793 2636 cou-

213 2672 291 2713 tra
319 2661 511 2729 faciem
540 2658 685 2724 offert
717 2657 925 2729 lignum,
960 2656 1003 2729 l.

278 2727 415 2783 415.
457 2731 649 2792 Artem,
677 2727 963 2792 antiptosis,
990 2727 1030 2779 l.

1940 2097 2087 2180 ﬁll.
2129 2097 2289 2180 A'ddit
2307 2135 2321 2161 ,
2349 2096 2595 2150 sobrietas
2626 2094 2850 2163 lapidem
2871 2092 3031 2163 jacit,
3065 2100 3113 2145 et
3140 2091 3381 2160 percussit
3408 2107 3463 2145 os

1898 2167 2131 2232 luxui-ite,
2164 2168 2205 2221 Ι.

1965 2238 2089 2291 418.
2130 2236 2452 2304 Coniicieus,
2474 2235 2694 2306 jaciens,
2722 2233 2968 2306 retinens,
3001 2232 3040 2306 _l.

1965 2306 2104 2388 rso:
2134 2302 2341 2376 Insigne
2361 2351 2375 2374 ,
2413 2302 2672 2359 aemilium.
2699 2333 2768 2347 --
2796 2302 3049 2368 Gerenti,
3083 2302 3351 2373 magniﬁce
3382 2316 3465 2354 rs-

1899 2378 2054 2445 genti,
2088 2378 2127 2431 1.

1968 2446 2094 2499 421.
2134 2446 2317 2511 Casus,
2341 2454 2558 2509 eventus,
2595 2445 2635 2499 l.

1968 2515 2093 2570 427.
2136 2517 2329 2581 Ebibc,
2379 2516 2621 2569 sobrietas
2680 2516 2911 2581 increpat
2958 2511 3220 2566 luxuriam
3283 2511 3466 2565 exstin-

1904 2588 2345 2720 61‘1’2’9.I.Tristi.i,
2374 2655 2576 2708 acerba.
2598 2683 2670 2695 —
2696 2652 2964 2719 Dulcibus,
2996 2652 3217 2715 luxibus,
3250 2650 3288 2704 l.

1971 2724 2095 2779 450.
2138 2725 2293 2791 Vitae,
2322 2734 2440 2788 tute,
2472 2725 2511 2778 1.

1587 2830 2140 2890 COMMENTARIUS.

281 2955 416 3011 401.
463 2953 680 3017 Vienn.,
714 2950 888 3019 Fuld.,
923 2948 1122 3007 Widm.
1174 2960 1358 3018 supra,
1390 2948 1500 3003 ulla
1534 2957 1628 3013 est,
1675 2965 1798 3006 cum

211 3025 428 3083 Barthii
460 3023 661 3078 codice.

278 3096 416 3149 40⁸2.
449 3095 589 3156 Ald.,
618 3094 775 3161 Ang.,
803 3090 992 3157 Fabr.,
1027 3092 1207 3157 tinxit;
1232 3090 1339 3156 alii,
1374 3090 1541 3161 tingit,
1574 3088 1708 3155 sive,
1740 3098 1800 3144 ut

216 3163 465 3221 nonnulli
491 3164 747 3223 scribunt,
777 3161 978 3223 tinguit.

286 3235 423 3291 408.
458 3235 605 3294 Ald.,
639 3234 799 3301 Ang.,
829 3228 995 3296 Gall.,
1035 3230 1350 3296 Weitziani,
1394 3238 1620 3296 excepto
1656 3228 1795 3301 P_al.,

216 3321 279 3361 ac
305 3306 481 3359 nostri
511 3299 761 3371 pra-ciptii
792 3316 911 3356 cum
940 3302 1049 3356 Gis.
1084 3302 1328 3368 aliisque,
1359 3301 1642 3371 quadrigis.
1689 3299 1797 3371 Re-

1905 2966 2010 3035 non
2054 2951 2241 3035 .debuit
2269 2950 2536 3005 affirmare
2572 2950 2777 3005 nullum
2807 2950 2924 3016 ejus
2946 2957 3162 3004 exstare
3187 2950 3466 3019 vestigium

1904 3037 1957 3075 ιη
1986 3035 2099 3075 SUIS
2128 3035 2257 3078 mss.

1973 3093 2100 3146 415.
2129 3093 2245 3145 Ald.
2279 3106 2397 3146 cum
2427 3092 2697 3147 nonnullis
2726 3092 2884 3146 etiam
2918 3090 3138 3144 vetustis
3158 3131 3170 3153 ,
3202 3091 3293 3143 sub
3318 3107 3431 3146 axe.

1972 3164 2095 3217 416.
2130 3162 2403 3231 Suﬁlamen
2424 3171 2503 3215 est
2528 3163 2768 3216 machina
2791 3175 2906 3232 qua:
2933 3170 3062 3232 rotae
3088 3161 3253 3215 nimio
3274 3161 3471 3231 impetu

1904 3230 2570 3300 decurrentisupponitur,
2594 3243 2651 3287 ut
2672 3230 2978 3287 retineatur.
3008 3230 3083 3286 De
3104 3245 3328 3298 corpore
3358 3233 3471 3300 ipso

1905 3302 2127 3357 luxuriae
2153 3304 2286 3357 rotis
2316 3303 2572 3371 implicito
2599 3318 2703 3358 non
2733 3302 2871 3357 inale
2901 3302 3073 3357 locum
3107 3302 3245 3355 hunc
3274 3302 3471 3356 intelli-

219 3352 494 3431 egitras.
513 3352 814 3426 "missu;
830 3352 1066 3442 “visas,
1088 3352 1798 3442 mansa,"quadrans,
1828 3352 1875 3417 C
1904 3352 2240 3442 primum;

219 3445 366 3516 quod
416 3444 592 3498 minus
638 3442 810 3510 placet
845 3441 1144 3496 Gallanilio.
1190 3442 1429 3516 Observa
1452 3440 1795 3516 potentiam,

220 3509 435 3579 erucis,
472 3509 647 3583 quam
676 3527 818 3581 saepe
856 3522 1036 3565 noster
1084 3522 1268 3580 roeta,
1314 3511 1496 3565 invitis
1538 3509 1802 3563 haereticis

222 3586 483 3640 inculcat.

290 3654 424 3709 410.
459 3651 731 3707 Heinsiani
760 3665 970 3715 omnes,
998 3650 1154 3716 Mala,
1176 3650 1323 3717 Rat.,
1347 3650 1562 3711 Vicnn.,
1589 3649 1707 3704 Vat.
1737 3650 1803 3714 Ο,

222 3725 448 3792 Weitz.,
500 3723 871 3793 oppansisaut
916 3720 1175 3793 obpansis.
1228 3722 1289 3793 in
1333 3721 1509 3793 Egm.,
1560 3721 1805 3793 obpannis

222 3790 570 3849 emendatum
604 3807 697 3860 per
715 3791 970 3860 obpansis.
1004 3790 1197 3855 Vat.L,
1225 3790 1423 3843 Barthii
1455 3792 1800 3853 membranae,

222 3862 500 3920 Giselinus
539 3876 655 3913 cum
698 3861 867 3914 tribus
911 3872 1038 3913 mss.
1070 3868 1124 3912 et
1148 3860 1379 3913 editione
1418 3860 1800 3923 Daventrieusi,

220 3949 341 4004 qua:
374 3935 498 3999 jure
540 3932 612 4004 illi
656 3929 823 3983 instar
862 3929 1045 4004 optimi
1085 3931 1307 3995 antiqui,
1335 3932 1599 4004 _oppassis_.
1642 3928 1807 4004 Aldus

224 3999 342 4058 cum
378 4004 500 4057 aliis
530 4001 696 4068 vulg.,
729 4000 967 4067 expansis
1001 4008 1126 4068 aut,
1147 4000 1405 4067 expassis,
1439 4000 1584 4068 quod
1629 3999 1805 4053 minus

226 4076 509 4141 probatur,
529 4067 821 4141 praesertim
850 4083 969 4122 cum
992 4067 1311 4141 Prudentius
1337 4078 1478 4121 amet
1502 4067 1805 4141 huiusmodi

224 4136 491 4197 vocabula
534 4136 921 4208 praepositione
966 4136 1026 4190 ob
1070 4144 1361 4205 composita
1390 4178 1413 4208 ,ί
1456 4147 1512 4189 ut
1553 4137 1807 4208 oblidere,

227 4206 595 4273 obbrutescere,
634 4206 918 4277 obtrudere,
947 4208 1256 4276 oppalleseo,
1278 4207 1419 4276 quod
1457 4207 1565 4273 iam
1601 4206 1808 4275 pridem

227 4282 546 4336 observarat
574 4279 860 4333 Giselinus.
911 4277 1073 4331 Aulus
1103 4277 1305 4331 Gellius
1337 4292 1543 4343 passum
1572 4292 1599 4329 a
1641 4278 1808 4346 pando

230 4365 446 4420 semper
471 4349 573 4403 dici
601 4348 873 4420 contendit
896 4348 1257 4420 lib._xv,_cap.
1287 4347 1353 4400 15
1376 4360 1403 4399 a
1432 4360 1537 4413 quo
1566 4346 1812 4420 dissentit

230 4416 479 4474 Gifathitts
521 4420 631 4472 Ind.
681 4416 864 4481 Lucr.,
908 4417 1074 4470 verbo
1104 4416 1413 4479 DlSPANSUS,
1463 4420 1549 4484 qui
1599 4416 1813 4469 adducit

230 4491 607 4545 auctoritatem
640 4498 879 4541 veterum
911 4488 1154 4540 codicum
1208 4490 1260 4538 in
1305 4490 1406 4539 hoc
1430 4486 1651 4553 aliisque
1678 4486 1811 4538 Pru-

231 4560 396 4614 dentii
428 4567 483 4609 ct
514 4559 737 4610 aliorum
770 4554 917 4610 locis.
948 4555 1267 4610 Prudentius
1296 4572 1399 4609 non
1431 4556 1596 4609 semel
1625 4571 1812 4623 pansus

231 4629 385 4683 dixit.
418 4627 474 4680 In
514 4628 724 4691 Erfurt,
760 4628 830 4679 ina
861 4627 944 4678 hic
974 4642 1091 4678 cum
1123 4626 1380 4692 superiori
1411 4638 1564 4677 versu
1598 4624 1808 4692 legitur,

266 4701 366 4753 uad
384 4706 440 4751 ut
460 4712 701 4763 expavere
724 4710 984 4748 coruscum
1003 4694 1247 4748 Cornibus
1265 4693 1526 4763 oppansis,
1548 4704 1595 4745 et
1616 4711 1813 4747 summa

266 4716 366 4753 ttoa
384 4716 440 4751 ιιι
460 4716 701 4763 expavere
724 4716 984 4748 coruscum
1003 4716 1247 4748 uornwus
1265 4716 1526 4763 oppansa,
1548 4716 1595 4745 ει
1616 4716 1804 4747 summa

232 4716 399 4838 fronte
430 4766 680 4832 renitens;
702 4781 860 4834 supra
879 4780 1152 4838 coruscum
1180 4764 1372 4838 legitur
1396 4767 1619 4838 feroces;
1643 4779 1804 4838 supra

235 4834 479 4900 renitens,
530 4851 817 4889 coruscum.
863 4836 940 4888 Ac
987 4849 1113 4888 sane
1153 4834 1624 4890 renitens'ratione
1654 4834 1808 4889 metri

235 4905 586 4977 reiiciendum
619 4914 717 4972 est,
753 4907 795 4958 si
827 4912 1067 4977 sumatur
1099 4918 1194 4971 pro
1218 4920 1505 4977 coruscum.

237 5046 270 5097 ἁ
292 4973 435 5097 ⁷4⁸15.
466 4976 606 5040 Ald.,
631 4991 897 5044 comasque
918 4973 1181 5030 madentes
1201 4990 1219 5035 :
1239 4974 1347 5040 alii,
1379 4988 1671 5042 comamque
1698 4988 1810 5028 nta-

273 5062 331 5097 eu
359 5062 455 5097 em.

273 5056 455 5098 entem.

306 5116 435 5169 414.
460 5114 679 5185 Ovidius
708 5129 797 5167 Vill
824 5114 1194 5185 Metamorph"
1228 5114 1442 5168 Pulvere
1466 5117 1700 5168 canitiem
1729 5132 1813 5185 ge-

238 5187 391 5245 nitor,
419 5183 681 5255 vultusque
705 5182 886 5255 seniles
905 5181 1087 5255 Περω
1110 5185 1249 5255 bumi
1270 5185 1434 5254 fusus.
1458 5184 1575 5251 Quo
1604 5181 1815 5240 videtur

240 5255 560 5309 Prudentius
599 5253 919 5321 respexisse.
974 5253 1341 5319 Grmcismum,
1371 5269 1527 5324 quem
1550 5256 1812 5322 {Heinsius

237 5332 289 5375 ct
319 5326 646 5394 recentiores
666 5324 1064 5394 amplectuntur
1081 5340 1197 5378 cum
1219 5326 1361 5389 Put.,
1391 5335 1617 5394 utroque
1638 5327 1803 5391 [tott.,

237 5400 287 5443 ct
316 5407 383 5445 ex
424 5392 620 5447 nostris
664 5393 841 5459 Alex.,
878 5393 995 5447 Vat.
1033 5393 1071 5446 li
1116 5409 1143 5447 a
1182 5396 1345 5463 prima
1390 5392 1572 5461 manu,
1604 5409 1811 5451 necnon

240 5475 360 5535 cum
407 5462 653 5535 Barthio,
700 5474 1143 5535 nonuagngscunt
1184 5462 1427 5535 plerique
1473 5482 1536 5520 ex
1582 5469 1810 5535 nostris,

242 5529 396 5589 Man.
419 5532 561 5594 Bat.,
583 5533 794 5595 Vienn.,
815 5529 934 5587 Vat.
956 5533 1017 5599 F,
1037 5533 1101 5599 G,
1123 5529 1357 5599 L,’Ald.,'
1374 5536 1510 5599 Gis.,
1527 5529 1808 5592 Weitzius;

242 5599 560 5675 Scilicet_illi
590 5603 774 5675 legunt
804 5605 1005 5671 pulvere
1034 5606 1252 5673 radatur
1292 5621 1387 5674 pro
1420 5608 1623 5673 pulvere
1656 5608 1813 5675 {cedat

247 5670 406 5723 humi.
452 5671 582 5726 Eum
609 5670 956 5729 G’rtecis’mum
1006 5670 1206 5744 respuit
1252 5670 1674 5741 etiam'Teolius,
1716 5676 1809 5732 sed

1975 3443 2101 3496 418.
2135 3443 2345 3506 Vlenn.,
2375 3443 2538 3511 prima
2562 3444 2624 3497 de
2640 3453 2802 3511 parte,
2830 3457 2934 3497 non
2962 3444 3118 3497 bene.

1939 3511 2097 3634 r419.
2138 3510 2389 3579 Plerique
2429 3514 2534 3581 fors
2573 3510 2846 3579 scribunt,
2894 3513 2983 3567 alii
3014 3528 3141 3567 sors.
3204 3510 3507 3567 Utrumvis.

1956 3597 2058 3634 ree.

1905 3596 2058 3648 euge.

1982 3651 2100 3705 121.
2137 3651 2381 3705 Barthius
2407 3652 2667 3720 affirmat,
2700 3656 2755 3709 in
2781 3655 2892 3708 suis
2920 3651 3245 3707 membianis
3274 3651 3475 3707 diserte

1908 3722 2004 3790 legi
2043 3722 2195 3775 medii
2237 3725 2487 3791 spiramen
2519 3724 2707 3789 odoris,
2749 3725 2888 3789 quod
2928 3721 3136 3790 inquit,
3168 3722 3475 3791 examinare

1908 3788 2086 3856 velim,
2112 3792 2200 3859 qui
2229 3788 2435 3855 poetam
2463 3802 2699 3847 nostrum
2727 3788 2843 3857 pOst
2873 3808 2967 3847 nos
2991 3788 3309 3846 tractabunt.
3337 3788 3473 3855 Quid

1908 3862 1996 3914 alii
2032 3863 2307 3929 peritiores
2348 3861 2632 3925 iudicaturi
2678 3864 2813 3925 sint,
2862 3878 2964 3915 non
3013 3862 3184 3915 audeo
3227 3860 3472 3916 deﬁnire.

1910 3931 2034 3983 Mihi
2058 3931 2270 3998 quidem
2301 3930 2430 3983 nihil
2454 3933 2650 3985 certius
2671 3936 2921 3993 occurrit.
2946 3933 3047 3987 nisi
3079 3930 3326 3985 mendum
3358 3945 3477 3986 esse

1910 4001 2161 4070 spiramen
2214 4002 2385 4055 odoris
2433 4014 2527 4069 pro
2572 4004 2827 4068 spiramen
2856 4012 2909 4056 ut
2954 4003 3077 4065 oris,
3112 4000 3285 4066 qualia
3311 4004 3477 4055 mu‘ta

1915 4071 2104 4135 passim
2135 4071 2185 4123 in
2207 4070 2478 4124 codicibus
2508 4074 2808 4126 veterrimis
2834 4073 3193 4127 inveniuntur.
3227 4071 3338 4125 Hoc
3362 4071 3478 4138 ipso

1913 4139 2027 4192 loco
2059 4140 2233 4194 clarus
2263 4153 2415 4193 error
2445 4149 2525 4193 est
2555 4141 2606 4193 in
2642 4142 2758 4195 Vat.
2789 4143 2848 4207 D,
2868 4142 3015 4208 G,0,
3044 4143 3099 4195 in
3125 4142 3317 4207 quibus
3341 4140 3477 4195 scri-

1912 4217 2058 4277 ptum
2090 4218 2170 4263 est
2199 4210 2453 4276 spiramen
2483 4211 2585 4264 aris
2611 4212 2725 4265 sine
2752 4221 2829 4267 ut.
2879 4213 3130 4267 Fortasse
3156 4212 3271 4264 hare
3298 4211 3479 4278 conjec

1911 4287 2061 4350 ctura
2092 4280 2304 4332 Barthio
2333 4279 2597 4348 placeret,
2634 4283 2910 4347 legendum
2938 4282 3097 4336 Casus
3138 4282 3243 4350 agit
3279 4296 3476 4343 saxum,

1914 4349 2064 4423 medii
2099 4358 2153 4401 ut
2188 4354 2443 4423 spiramen
2486 4350 2657 4405 odoris
2680 4351 3003 4423 Frangeret;
3050 4360 3107 4405 ut
3151 4349 3315 4423 nasus
3352 4364 3481 4403 saxo

1914 4418 2213 4472 confractus
2234 4420 2579 4487 intelligatur.
2605 4422 2707 4476 Sed
2727 4418 2845 4489 qua?
2865 4432 3176 4491 sequuntur,
3202 4422 3481 4491 lectionem

1914 4501 2250 4542 communem
2284 4494 2451 4557 magis
2476 4492 2704 4557 probant
2744 4510 2757 4543 :
2800 4502 2854 4546 et
2881 4503 3065 4545 contra
3095 4491 3270 4556 gulam
3302 4490 3353 4541 in
3381 4492 3481 4541 hoc

1916 4561 2205 4613 Certamina
2230 4560 2418 4628 agitur.
2451 4570 2552 4613 non
2580 4572 2763 4614 contra
2788 4562 3090 4615 odoratum.

1957 4662 1966 4698 χ
1988 4628 2107 4680 482.
2146 4626 2369 4691 Erfurt”
2403 4630 2676 4698 frangeret,
2708 4640 2823 4683 atra
2855 4646 2996 4684 ravo.
3030 4627 3265 4681 Alcimus
3298 4626 3483 4680 Avitus

1919 4697 2011 4767 iii).
2040 4713 2076 4760 ι,
2111 4697 2305 4749 Recavo
2334 4700 2403 4750 sic
2424 4696 2598 4767 lingua
2620 4698 2809 4763 palato.

1989 4765 2108 4821 425.
2152 4767 2264 4820 Non
2297 4766 2425 4819 Satis
2464 4765 2774 4835 intelligitur
2814 4783 2911 4821 cur
2939 4767 3057 4835 gula
3082 4776 3304 4821 resecta.
3352 4766 3481 4820 For—

1912 4844 2055 4908 tassc
2075 4838 2248 4908 legere
2272 4836 2544 4908 pt'a'stabit
2564 4838 2737 4903 lingua
2758 4846 2990 4892 retectam
3014 4837 3261 4901 dilaniata
3287 4838 3479 4908 gulam.

2135 4905 2231 4977 (iis,
2259 4907 2301 4977 _l
2336 4905 2487 4977 e_di_t.,
2521 4906 2696 4972 frustis
2722 4915 2769 4977 et
2799 4909 3049 4976 sanguine
3075 4905 3305 4977 complet.

1989 4975 2115 5029 428.
2143 4975 2316 5037 Fuld.,
2339 4974 2558 5045 Erfurt.,
2581 4976 2763 5044 pocula
2782 4991 2878 5041 pro
2895 4974 3104 5045 facula.
3132 4974 3485 5031 Praecesserat

1924 5048 2126 5113 poeula.
2170 5046 2244 5097 De
2272 5044 2483 5095 furculis
2512 5044 2691 5113 hymn.
2722 5047 2755 5099 5
2783 5044 3047 5113 Cathem.,
3083 5062 3222 5099 vers.
3258 5047 3341 5101 16.

1989 5115 2112 5169 4ἳ9.
2140 5113 2283 5177 Ald.,
2299 5114 2577 5185 nimiissub
2600 5116 2822 5182 laribus,
2845 5117 2983 5185 quod
3008 5119 3057 5170 in
3077 5116 3273 5169 Widm.
3296 5116 3487 5183 glossae

1918 5186 2087 5240 vicem
2110 5188 2351 5238 sustinet.
2383 5181 2508 5253 Alii,
2537 5199 2629 5253 pro
2652 5181 2873 5249 lusibus;
2905 5197 2963 5241 ut
2994 5187 3212 5240 Piccarti
3246 5181 3409 5240 codex
3434 5194 3488 5238 et

1922 5255 2159 5310 Vaticani
2205 5259 2379 5323 p'ures
2427 5251 2485 5314 F,
2506 5251 2570 5315 G,
2602 5255 2661 5315 l.,
2692 5258 2772 5310 BB
2801 5274 2919 5311 cum
2946 5257 3104 5322 Ang.,
3138 5264 3189 5307 et
3222 5257 3489 5309 nonnullis

1921 5325 2237 5380 Heinsianis.
2267 5324 2512 5377 Barthius
2543 5341 2659 5377 cum
2694 5342 2790 5377 suo
2816 5342 2914 5379 ms.
2948 5328 3221 5380 veni:atem
3249 5327 3490 5381 lectionis

1923 5397 1996 5448 ait
2022 5411 2139 5449 esse
2166 5396 2334 5446 nimiis
2362 5409 2454 5459 pro
2481 5396 2712 5450 dulcibus
2728 5397 2819 5450 arri
2842 5410 2861 5448 .'
2883 5396 2966 5451 cui
2993 5395 3336 5451 consentiunt
3360 5415 3495 5466 prm-

1923 5466 2209 5518 stantiores
2253 5466 2442 5525 nostri.
2479 5466 2631 5527 Mar.,
2678 5469 2859 5529 Alex.,
2909 5467 3053 5529 Rat.,
3088 5466 3190 5519 Vat
3244 5468 3308 5533 D,
3341 5471 3406 5527 ll.
3440 5468 3501 5522 ln

1925 5535 2108 5590 Vienn.
2134 5535 2697 5606 erat_dolcibus,‘quod
2732 5552 2981 5606 Perverse
3011 5537 3204 5591 factum
3239 5550 3326 5595 est
3356 5543 3507 5600 dolo-

1917 5605 2076 5658 ribus.
2102 5606 2240 5678 Put._,
2259 5604 2489 5678 'i‘huanq
2514 5604 2740 5673 Gauch.,
2762 5607 2978 5670 Weitz.,
3005 5606 3114 5661 Gis.
3142 5609 3193 5659 in
3215 5622 3522 5678 contextu.

1917 5680 2110 5744 pariter
2138 5674 2387 5729 dulcibus.
2419 5676 2699 5733 Praecessit
2727 5678 2909 5741 tristia,
2940 5678 3039 5731 hoc
3064 5685 3146 5733 est
3170 5674 3428 5761 amara]
