3960 6312
178 293 241 349 57
1522 276 2033 338 PSYCHOMACHIA
2046 323 2057 336 .

1766 400 1820 461 Α

342 396 651 471 implevisse
673 395 1027 464 sinuszjuvat
1058 395 1306 451 infarcire
1337 397 1603 452 crumenis

178 496 277 554 460
345 493 523 562 Turpe
564 490 771 545 lucrum
798 530 812 552 ,
842 496 898 543 et
925 489 1176 558 gravidos
1225 488 1380 543 furtis
1429 489 1738 545 distendere

1440 580 1620 650 [fiscos
1650 596 1665 633 :

341 677 501 747 628
520 673 665 740 Quos
689 672 821 725 laeva
845 670 1054 726 celante
1068 672 1218 742 tegit,
1238 671 1524 739 laterisque
1538 671 1742 726 sinistri

350 766 493 821 Velait
520 763 824 834 oprimento
848 780 860 813 :
885 760 1042 815 velox
1065 775 1185 815 nam
1211 761 1397 816 dextra
1424 762 1639 830 rapinas

346 858 583 923 Abradit,
607 855 903 925 spoliisque
933 869 1136 924 ungues
1161 864 1379 910 exercet
1412 869 1595 911 aenos.

350 950 506 1014 Cura,
520 948 734 1014 Fames,
751 946 944 1011 Metus,
961 947 1238 1014 Anxietas,
1252 947 1515 1016 Periuria,
1536 948 1739 1013 Pallor,

179 1043 277 1101 465
350 1040 693 1111 Corruptela,
764 1039 966 1106 Dolus,
1033 1038 1378 1107 Commenta,
1438 1041 1737 1108 Insomnia,

1412 1129 1630 1200 [Sordes
1653 1170 1668 1195 ,

344 1221 667 1279 Eumenides
688 1219 850 1274 varias
874 1261 889 1285 ,
920 1220 1146 1274 monstri
1182 1220 1467 1274 comitatus
1495 1230 1737 1288 aguntur.

349 1316 458 1372 Nec
488 1315 664 1375 minus
694 1314 897 1369 interea
922 1313 1228 1367 rabidorum
1260 1327 1409 1367 more
1440 1313 1682 1382 luporum

342 1403 579 1461 Crimina
611 1404 908 1472 persultant
937 1411 1048 1457 toto
1069 1404 1361 1472 grassantia
1392 1419 1606 1475 campo,

344 1496 524 1551 Matris
550 1495 803 1551 Avaritiae
834 1495 987 1564 nigro
1012 1494 1079 1549 de
1110 1496 1245 1550 lacte
1272 1505 1469 1549 creata.

182 1589 274 1646 470
344 1590 397 1647 Si
420 1589 602 1644 fratris
625 1590 826 1657 galeam
856 1587 1011 1642 fulvis
1036 1588 1248 1643 radiare
1278 1589 1524 1643 ceraunis

347 1678 646 1735 Germanus
675 1679 805 1733 vidit
827 1679 1138 1743 commilito,
1170 1694 1274 1731 non
1307 1680 1457 1733 timet
1482 1694 1663 1735 ensem

348 1770 609 1833 Exerere,
640 1778 797 1836 atque
818 1776 977 1836 caput
1003 1768 1150 1835 socio
1180 1782 1434 1823 mucrone
1454 1768 1633 1834 ferire,

349 1860 425 1914 De
454 1858 852 1929 consanguineo
873 1869 1124 1926 rapturus
1150 1859 1349 1915 vertice
1377 1875 1633 1930 gemmas.

344 1951 511 2006 Filius
538 1950 864 2006 exstinctum
895 1950 1019 2005 belli
1050 1950 1149 2005 sub
1176 1961 1320 2006 sorte
1350 1952 1578 2008 cadaver

183 2046 274 2103 475
342 2044 565 2123 Aspexit
589 2045 632 2098 si
664 2043 801 2098 forte
833 2043 1022 2113 patris,
1054 2042 1309 2112 fulgentia
1339 2044 1501 2100 bullis

2020 400 2183 474 629
2238 401 2458 470 Cingula
2487 443 2500 470 ,
2561 412 2615 458 ct
2667 403 2885 459 exuvias
2933 406 3127 475 gaudet
3176 410 3419 478 rapuisse

3039 496 3309 566 [cruentas
3332 518 3346 555 :

2028 582 2318 654 Cognatam
2351 584 2520 639 civilis
2550 586 2656 654 agit
2685 585 2958 640 Discordia
2986 587 3245 656 przedam,

2026 674 2134 729 Nec
2158 676 2325 742 parcit
2352 675 2582 744 propriis
2610 677 2773 729 Amor
2811 677 3090 733 insatiatus
3123 678 3351 735 habendi

2026 768 2366 838 Pignoribus,
2392 769 2691 837 spoliatque
2703 783 2828 823 suos
2852 769 3038 825 Fames
3058 773 3217 839 impia
3243 782 3416 830 natos.

1850 856 1955 914 480
2027 858 2172 912 Talia
2202 874 2297 928 per
2326 859 2548 929 populos
2578 859 2769 915 edebat
2795 860 2985 915 funera
3016 861 3203 917 victrix

2018 950 2173 1005 Orbis
2198 950 2447 1017 Avaritia,
2468 959 2712 1007 sternens
2732 961 2952 1007 centena
2971 952 3204 1006 virorum

2021 1040 2182 1095 Millia
2209 1040 2522 1095 vulneribus
2549 1042 2744 1096 variis:
2772 1042 3130 1097 hunclumine
3146 1044 3417 1114 adempto,

2024 1131 2352 1201 Effossisque
2376 1131 2545 1186 oculis
2571 1133 2718 1187 velut
2743 1133 2794 1187 in
2826 1134 3049 1204 caligine
3080 1136 3249 1190 noctis

2024 1220 2237 1276 Caecum
2269 1236 2450 1276 errare
2477 1222 2623 1289 sinit,
2656 1238 2857 1294 perque
2902 1226 3220 1281 offensacula
3251 1228 3417 1283 multa

1844 1312 1950 1367 485
2026 1313 2129 1377 lre,
2162 1327 2259 1367 nec
2299 1315 2599 1381 oppositum
2657 1315 2845 1370 baculo
2888 1324 3092 1371 tentare
3140 1319 3413 1387 periclum.

2026 1406 2191 1459 Porro
2212 1405 2377 1458 alium
2411 1407 2551 1474 capit
2594 1406 2805 1474 intuitu,
2854 1408 3092 1479 fallitque
3118 1411 3414 1479 videntem,

2020 1496 2228 1563 Insigne
2257 1506 2537 1552 ostentans
2566 1498 2762 1568 aliquid
2791 1517 2803 1551 :
2835 1500 2974 1569 quod
3000 1501 3123 1554 dum
3148 1503 3279 1570 petit
3307 1503 3414 1569 ille,

2023 1590 2299 1657 Excipitur
2328 1590 2430 1643 telo
2456 1589 2723 1656 incautus,
2757 1592 3040 1662 cordisque
3064 1593 3163 1648 sub
3197 1596 3311 1661 ipso

2024 1681 2247 1735 Saucius
2276 1680 2484 1735 occulto
2526 1681 2722 1736 ferrum
2751 1682 2980 1752 suspirat
3008 1684 3249 1739 adactum
3272 1726 3287 1749 ,

1775 1766 1823 1827 B
1850 1772 1955 1829 490
2028 1772 2219 1827 Multos
2249 1772 2587 1840 praecipitans
2614 1773 2665 1826 in
2697 1782 2876 1842 aperta
2909 1775 3151 1830 incendia
3175 1776 3314 1847 cogit
3340 1817 3355 1842 ,

2024 1863 2187 1934 63o
2206 1862 2314 1916 Nec
2340 1864 2536 1930 patitur
2564 1864 2735 1919 vitare
2776 1863 2953 1930 focos,
2997 1865 3187 1935 quibus
3229 1875 3416 1924 aestuat

3134 1973 3344 2021 aurum.

3134 1973 3344 2021 aurum.

2022 2046 2170 2113 Quod
2201 2046 2332 2116 petit
2352 2061 2571 2102 arsurus
2596 2047 2795 2116 pariter
2817 1958 3131 2117 speculatori
3145 2064 3359 2106 avarus.

1465 2156 1752 2215 GLOSSIE
1793 2157 2124 2215 VETERES.

240 2272 357 2328 459.
388 2271 565 2335 Juvat,
595 2272 825 2325 delectat.
857 2298 926 2310 —
954 2267 1255 2341 Crumenis,
1279 2272 1550 2341 marsupiis
1567 2287 1587 2325 :
1614 2288 1731 2326 cru-

178 2344 330 2399 tttenia
353 2352 473 2395 sunt
500 2341 701 2412 praprie
739 2342 1022 2412 fragmenta
1042 2340 1177 2407 auri,
1206 2340 1246 2393 1.

243 2414 360 2467 460.
392 2410 602 2479 Fiscos,
633 2416 860 2465 sacculos
886 2451 900 2472 ,
931 2410 970 2463 I.

239 2483 359 2536 461.
391 2484 574 2544 Laeva,
600 2483 828 2541 sinistra,
864 2480 901 2533 l.

235 2551 359 2672 4641.
382 2552 551 2672 ειη-εἰ,
579 2551 850 2603 multitudo
875 2551 1112 2604 uitiorum
1134 2593 1147 2616 ,
1178 2566 1289 2619 qua:
1322 2552 1542 2605 avaritia
1588 2553 1733 2625 nigro

235 2632 303 2672 eat
350 2631 480 2672 acte.
534 2660 549 2672 .

178 2632 303 2677 creat
331 2624 480 2679 laete,
509 2624 549 2673 l.

234 2693 351 2747 468.
382 2692 644 2755 Crimina,
672 2699 899 2759 peccata.
937 2720 1006 2731 -—
1034 2691 1359 2756 Grassantia,
1392 2693 1663 2759 vastanti'a,
1693 2694 1734 2749 l.

234 2761 349 2815 469.
377 2760 593 2823 Creata,
624 2762 763 2814 idest
794 2762 931 2827 ritia,
962 2763 1038 2814 uel
1065 2764 1252 2825 culum,
1289 2761 1328 2814 1.

238 2829 358 2885 470.
384 2830 613 2889 Fratris.
638 2831 736 2884 sui.
766 2862 832 2869 —
864 2831 1043 2884 Fulvis
1072 2832 1337 2892 ceraunis,
1372 2832 1541 2885 rubris
1570 2834 1738 2887 moni-

180 2901 316 2966 libus,
347 2902 423 2973 rel
455 2899 703 2973 lapillis;
730 2917 952 2954 cerauua
981 2902 1246 2973 praprium
1279 2917 1468 2973 nomen
1508 2919 1736 2971 gemmw,

180 2973 355 3041 fulvum
378 2970 575 3024 habens
599 2970 837 3035 colorem,
866 2968 1179 3041 nam'rGrasce
1208 2970 1400 3039 fulget“,
1434 2972 1475 3026 l.

236 3042 351 3096 472.
383 3042 634 3105 Exerere,
666 3040 873 3094 educere
892 3086 905 3109 ,
932 3040 1009 3094 vel
1033 3042 1225 3107 eripere
1246 3081 1259 3106 ,
1287 3041 1322 3094 I.

1910 2274 2035 2327 475.
2060 2272 2242 2335 Bullis,
2274 2273 2500 2341 gemmis,
2535 2273 2574 2326 l.

1914 2343 2040 2398 480.
2068 2343 2235 2406 Talia,
2268 2342 2480 2396 avaritia
2526 2341 2774 2411 plurimos
2820 2341 3038 2408 sternit;
3077 2344 3209 2399 alios
3256 2361 3414 2402 caecos

1844 2430 2016 2468 errare
2038 2416 2176 2477 sinit,
2212 2414 2248 2466 1.

1914 2484 2040 2539 482.
2072 2483 2245 2547 Hunc,
2278 2484 2564 2553 quemdam.
2598 2513 2665 2522 —
2691 2482 2977 2553 Adempto,
3022 2484 3189 2539 ablato
3211 2524 3227 2550 ,
3262 2486 3305 2541 I.

1916 2556 2040 2609 485.
2070 2554 2284 2620 Baculo,
2318 2556 2550 2607 baculum
2563 2570 2671 2606 non
2695 2555 2919 2623 permisit
2950 2564 3180 2622 portare,
3210 2557 3249 2610 1.

1911 2626 2036 2680 486.
2071 2624 2258 2687 Porro,
2291 2625 2539 2688 auaritia,
2574 2625 2691 2695 duiu
2719 2625 2917 2692 aliquid
2961 2627 3205 2689 ostendit,
3234 2628 3413 2695 jacqu

1844 2705 2103 2765 percutere
2117 2694 2223 2746 vult
2238 2711 2255 2759 ;
2270 2696 2495 2765 σαρξί-ε
2515 2694 2729 2765 lntuitu,
2748 2696 2934 2764 decipit
2948 2698 3057 2748 visu
3073 2694 3356 2764 oculorum,
3375 2698 3412 2751 l.

1915 2767 2040 2831 4_89.
2072 2766 2356 2827 Adactum,
2385 2764 2622 2831 inﬁxum,
2650 2763 2687 2815 l.

1917 2821 2041 2889 ΝΟ.
2084 2835 2293 2898 Multos,
2325 2821 2540 2886 avaritia
2582 2821 2772 2887 multos
2808 2836 3095 2903 praecipitat
3136 2837 3189 2888 in
3236 2837 3409 2891 incen-

1845 2905 1985 2957 dium
2002 2946 2015 2967 ,
2041 2906 2082 2958 Ι.
3277 2954 3287 2964 .

1915 2975 2039 3029 491.
2081 2974 2272 3047 Fores,
2304 2974 2473 3047 ignes,
2503 2974 2578 3028 vel
2608 2983 2853 3028 tartareus
2901 2989 3072 3044 pinnas
3124 2975 3318 3047 Stygis.
3343 3006 3411 3019 ——

1850 3044 2087 3113 Estuat,
2113 3045 2359 3113 coquitur,
2390 3044 2427 3096 l.

1500 3155 1867 3213 COMMENTA
1879 3158 2044 3214 RIUS.

236 3276 352 3331 459.
382 3275 567 3349 Fuld_.,
589 3274 909 3349 implicuisse
936 3274 1094 3337 sinus,
1128 3272 1302 3349 minus
1331 3273 1489 3349 bene.
1524 3273 1626 3328 Pro
1652 3275 1731 3349 in:
1790 3332 1805 3349 ⁸

176 3349 344 3415 farcire
383 3346 473 3401 alii
514 3346 784 3415 infercire,
828 3358 920 3409 pro
949 3344 1202 3415 crumenis
1251 3345 1445 3397 vetusti
1485 3346 1730 3415 nonnulli

176 3413 424 3489 cruminis,
456 3413 686 3489 Etymon
712 3428 983 3489 frontem:
1022 3413 1214 3489 dicitur
1250 3426 1368 3467 esse
1416 3428 1443 3465 a
1485 3414 1690 3489 κρεμάω
1714 3456 1731 3481 ,

179 3488 285 3555 quia
315 3486 381 3540 sit
411 3482 668 3554 pendula.
704 3482 892 3555 Glossa
922 3497 1024 3555 non
1056 3482 1243 3547 placet.

239 3555 356 3611 460.
385 3552 546 3610 Fuld.
580 3569 673 3622 pro
698 3555 844 3618 ﬁscos
876 3552 1032 3605 habet
1053 3568 1249 3604 saccos:

237 3625 356 3679 461.
398 3621 627 3680 Veteres
673 3622 911 3690 plerique
966 3621 1143 3688 legunt
1194 3622 1465 3689 laterisque
1516 3624 1734 3679 sinistri.

180 3692 409 3749 Heinsius
448 3694 619 3749 edidit
647 3693 914 3756 laterisque
960 3691 1199 3751 ministri,
1230 3691 1321 3743 sed
1370 3706 1488 3744 cum
1538 3694 1736 3747 nullam

180 3766 454 3819 variantem
509 3761 792 3815 lectionem
822 3770 1047 3829 promat,
1072 3760 1289 3813 dubium
1321 3770 1403 3814 est
1432 3777 1497 3815 an
1532 3763 1581 3816 id
1612 3777 1739 3818 casu

180 3836 440 3889 exciderit.
470 3831 866 3887 Chamillardus
898 3830 1114 3883 Heinsio
1143 3830 1389 3884 adhazsit.

242 3903 358 3956 462.
386 3904 657 3961 Barthius.
693 3901 904 3961 Heins.,
935 3911 1259 3972 opermento;
1288 3902 1447 3972 Ang.,
1474 3902 1737 3972 adoperto,

180 3973 304 4039 quod
331 3982 659 4039 postremum
690 3981 873 4039 aperte
901 3968 1213 4024 mendosum
1244 3977 1345 4024 est.
1372 3968 1616 4040 Plerique
1644 3988 1741 4026 no-

182 4044 589 4125 ειτερρνίνηςειιος

242 4109 359 4163 465.
380 4112 607 4166 lnRott.
638 4110 835 4178 priore,
867 4109 1143 4175 insomnia,
1173 4117 1354 4161 sortes.
1387 4109 1509 4172 Alii,
1540 4112 1738 4166 sordes.

184 4178 489 4236 Prudentius
517 4191 677 4234 sortes
706 4180 919 4248 egregie
949 4180 1126 4233 dicere
1154 4178 1346 4247 potuit,
1378 4180 1419 4232 si
1452 4179 1611 4234 ludus
1642 4182 1741 4234 iste.

183 4263 328 4316 quem
351 4253 475 4305 lotto
503 4250 661 4317 vulgo
690 4251 977 4316 appellant,
1008 4260 1131 4301 tunc
1163 4250 1416 4314 temporis
1445 4251 1701 4316 viguisset
1727 4270 1738 4303 :

185 4320 256 4372 cui
284 4335 381 4375 non
405 4322 587 4387 inepte
604 4318 972 4372 accommodes
989 4318 1086 4371 hos
1110 4318 1243 4370 duos
1265 4319 1585 4372 versiculos:
1617 4320 1741 4372 Cor-

184 4393 396 4457 ruptela,
430 4392 583 4443 dolus
604 4430 618 4451 ,
650 4398 924 4441 commenta
947 4430 959 4448 ,
992 4389 1273 4452 insomnia,
1321 4397 1509 4453 sortes,
1550 4387 1740 4442 Eume-

185 4458 314 4511 nides
334 4463 486 4513 varia:
515 4460 729 4511 monstri
750 4458 1018 4509 comitatus
1040 4466 1277 4525 aguntuu.

245 4527 362 4582 466.
392 4530 539 4593 Ald.,
569 4525 867 4581 Eumenides
892 4528 1075 4596 furiaz;
1097 4528 1206 4593 alii,
1234 4525 1540 4580 Eumenides
1570 4529 1737 4590 uarice,

188 4603 235 4647 et
259 4598 307 4650 in
336 4600 467 4653 Mar.
494 4600 643 4667 furia:
667 4607 746 4649 est
766 4597 1047 4667 glossema.
1064 4596 1166 4650 Pro
1194 4597 1346 4667 uaria:
1368 4596 1525 4650 Falir.
1551 4608 1599 4650 et
1624 4598 1734 4651 Gis.

176 4667 330 4721 carie.
352 4666 662 4722 Gallandius
686 4666 849 4720 edidit
877 4669 1050 4733 variae,
1076 4667 1168 4719 sed
1200 4666 1252 4717 in
1280 4667 1416 4723 notis
1448 4675 1594 4730 putat
1623 4683 1740 4721 csse

190 4736 419 4791 vitiosam
445 4736 817 4805 repetitionem
837 4736 1008 4805 varice,
1032 4751 1152 4789 cum
1174 4750 1249 4789 ea?
1269 4735 1574 4805 singillatim
1592 4738 1739 4803 prius

190 4803 573 4861 recenseantur.
607 4806 799 4858 Verum
848 4804 896 4856 id
932 4806 1077 4857 nihili
1105 4816 1184 4859 est
1214 4821 1227 4856 :
1267 4821 1385 4858 nam
1419 4803 1738 4860 Eumenides

190 4871 285 4927 illae
334 4876 583 4931 dicuntur
613 4890 730 4927 esse
778 4873 937 4927 varia:
961 4914 976 4937 ,
1010 4875 1109 4928 hoc
1133 4883 1214 4927 est
1238 4875 1379 4927 inter
1404 4888 1462 4927 se
1488 4875 1736 4939 diversae.

190 4941 337 5011 Poeta
390 4947 626 4999 imitatur
676 4944 944 5011 \‘lrgilium
1005 4959 1075 4997 xu
1132 4942 1346 4996 IEneid.
1399 4959 1538 4999 vers.
1597 4946 1737 4999 536:

191 5008 403 5083 Irartiue,
438 5015 735 5081 insidia’que
764 5008 845 5065 dei
882 5014 1151 5067 comitatus
1173 5020 1415 5083 aguntur.

253 5081 369 5137 467.
396 5084 631 5147 Boetius,
657 5083 878 5136 fortasse
902 5083 1137 5136 imitatus
1176 5081 1539 5148 Prudentium,
1562 5084 1739 5138 avari-

194 5148 308 5223 tiam
331 5153 453 5223 lupo
482 5154 808 5223 comparavit
831 5152 922 5205 lib.
944 5168 1013 5213 tv,
1049 5168 1201 5219 prosa
1233 5155 1298 5205 5ο

252 5221 456 5276 468.Ἰιι
482 5222 605 5276 Ald.
629 5232 683 5275 et
709 5221 835 5275 Mar.
864 5236 892 5274 a
927 5223 1088 5288 prima
1118 5237 1285 5274 manu
1311 5236 1462 5275 error
1489 5232 1568 5277 est
1601 5240 1741 5276 cras-

194 5291 347 5360 santia
368 5332 382 5352 ,
424 5303 479 5343 ut
508 5292 558 5344 iu
586 5291 710 5344 Vat.
753 5291 813 5356 C,
843 5293 1123 5354 cessantia;
1155 5293 1269 5358 lege
1297 5296 1601 5360 grassantia.

252 5359 368 5415 479.
395 5360 521 5415 Sive
566 5362 877 5429 pigneribus,
907 5364 1018 5413 sive
1048 5359 1343 5430 pignoribus
1392 5364 1613 5424 scribas,
1644 5378 1740 5414 an-

196 5424 352 5500 l_iquos
378 5432 541 5483 duces
562 5424 816 5497 sequeris.
845 5431 991 5500 ldem
1016 5424 1081 5500 de
1103 5424 1283 5495 laruas,
1302 5441 1355 5484 et
1370 5433 1519 5500 [antis
1535 5439 1742 5486 asSero.
1796 5436 1799 5437 ⁷

195 5493 429 5573 Scr-ibunt
465 5493 795 5569 [ames'VatL
824 5499 887 5566 C,
932 5499 989 5565 Ρ,
1027 5498 1091 5563 G,
1124 5500 1186 5563 L,
1215 5493 1406 5573 lilii.
1442 5501 1746 5573 Neqtte‘oll-

190 5565 329 5640 j_icias
380 5565 592 5625 versum
622 5585 725 5640 non
756 5565 1000 5623 constare
1033 5587 1045 5621 :
1076 5584 1208 5640 nam
1225 5568 1482 5629 Gilanius,
1514 5565 1603 5640 qui
1630 5570 1742 5623 Ind.

195 5631 433 5713 ψει-.-ει
464 5639 721 5713 vet._cod.
753 5640 880 5713 legit
925 5643 1102 5713 fames,
1127 5638 1248 5713 inde
1276 5640 1479 5713 colligit
1511 5631 1747 5713 Pruden-

197 5708 313 5758 tium
342 5708 394 5762 in
423 5725 474 5762 es
496 5708 641 5763 ﬁnita
669 5723 809 5777 saepe
838 5709 1016 5764 facere
1058 5709 1256 5764 brevia.
1303 5709 1551 5764 Heinsius
1597 5712 1745 5778 famis

1837 3276 2006 3349 magis
2029 3274 2529 3349 approbat._Contra
2556 3272 2820 3349 Giselinus
2834 3274 3176 3349 reprehendit
3198 3278 3409 3349 Aldum,

1838 3346 1979 3414 quod
2011 3346 2297 3416 aliquando
2319 3345 2617 3412 hujusmodi
2651 3346 2861 3399 nomin‘a
2889 3351 2938 3398 in
2963 3348 3006 3400 is
3029 3345 3411 3416 terminaverit,

1841 3425 1896 3469 ut
1926 3419 2108 3486 hymu.
2138 3415 2195 3469 S.
2224 3415 2491 3486 Hippolytl
2518 3430 2659 3468 vers.
2690 3416 2789 3486 l90
2808 3457 2821 3477 ,
2841 3418 3000 3469 omnis
3022 3418 3201 3470 adorat
3230 3415 3412 3482 Pubis,

1763 3483 1810 3545 C
1842 3483 1982 3551 eunt,
2004 3488 2236 3539 redeunt.
2258 3483 2463 3553 Quippe
2492 3493 2646 3553 negat
2673 3485 2959 3553 Giselinus,
2987 3487 3327 3542 Prudentium
3345 3490 3410 3544 ad

1844 3557 2281 3611 consuetudinem
2326 3565 2563 3608 veterum
2617 3558 2951 3621 resrexisse,
2985 3560 3072 3625 qui
3114 3558 3412 3616 istiusmodi

1841 3626 2199 3679 n0minativus
2238 3640 2329 3690 per
2374 3641 2425 3677 es
2475 3633 2529 3677 et
2559 3625 2602 3676 is
2662 3625 2940 3689 aliquando
2971 3628 3278 3682 extulerint.
3310 3629 3413 3683 Pro

1841 3696 1998 3763 impia
2042 3696 2153 3767 Pal.
2190 3695 2439 3757 improba.
2466 3695 2712 3748 Alhertus
2741 3696 2899 3767 AEy‘h”
2928 3698 3014 3767 qui
3048 3698 3098 3749 in
3132 3698 3407 3767 Margarita

1844 3767 2047 3837 poetica
2082 3766 2251 3837 locum
2286 3773 2479 3837 poetae
2509 3775 2692 3837 nostro
2721 3764 2898 3837 dedit,
2932 3765 3057 3833 legit
3104 3764 3264 3837 fames
3292 3769 3408 3821 ino-

1841 3836 1946 3905 pia,
1980 3836 2118 3899 quod
2144 3833 2392 3887 mendum
2423 3843 2511 3905 est
2526 3834 2749 3888 carmini
2782 3850 3101 3903 repugnans.

1911 3906 2034 3959 480.
2072 3905 2285 3970 Vienn.,
2310 3903 2577 3975 generabat
2595 3919 2692 3973 pro
2716 3905 2888 3958 edebat
2914 3920 2979 3960 ex
3009 3906 3186 3976 aliquo
3207 3907 3409 3962 insulso

1840 3975 2177 4044 glossemate.

1911 4046 2038 4099 481.
2064 4046 2116 4098 In
2148 4045 2264 4097 Rat.
2296 4058 2361 4099 ex
2402 4044 2618 4097 avaritia
2643 4044 2841 4099 recenti
2875 4060 3033 4099 manu
3062 4045 3255 4100 factum
3283 4064 3407 4102 ava-

1843 4114 2004 4181 rities,
2034 4114 2222 4167 lrustra
2234 4154 2246 4166 .

1914 4186 2040 4238 484.
2069 4182 2122 4237 lu
2158 4185 2275 4237 Put.
2301 4191 2353 4238 et
2372 4185 2534 4254 Ang.,
2558 4185 2889 4252 offendicula.
2922 4186 3021 4241 Alii
3046 4186 3234 4240 melius
3256 4189 3414 4255 oﬂ‘en-

1844 4257 2066 4327 sacula:
2094 4270 2237 4327 nam,
2271 4264 2327 4306 ut
2347 4256 2605 4327 observat
2640 4255 2907 4321 lleinsius,
2944 4256 3026 4327 lex
3052 4258 3206 4327 metri
3240 4259 3413 4327 rejicit

1846 4324 2190 4390 offendicula:
2223 4323 2360 4390 quod
2388 4325 2530 4378 enim
2562 4325 2699 4379 idem
2750 4335 2916 4393 putat,
2967 4323 3312 4381 Prudentium
3344 4330 3411 4383 de

1845 4393 1927 4446 his
1952 4408 2053 4465 non
2091 4394 2249 4446 fuisse
2280 4393 2433 4446 valde
2457 4394 2774 4465 sollicitum,
2814 4397 2901 4465 qui
2928 4397 3154 4465 priorem
3186 4399 3234 4451 iu
3264 4400 3412 4451 mitra

1844 4464 2181 4535 corripuerit.
2215 4474 2265 4516 et
2288 4465 2359 4535 ‘iu
2389 4464 2619 4535 rubigine
2656 4464 2899 4535 primam,
2934 4466 2983 4517 id
3029 4478 3130 4520 non
3172 4477 3252 4520 cst
3281 4471 3410 4521 satis

1847 4533 2034 4587 idonea
2060 4548 2214 4586 causa
2239 4533 2301 4585 ad
2327 4533 2606 4587 lectionem
2641 4534 2838 4602 regulis
2867 4537 3186 4587 contrariam
3219 4538 3410 4589 admit-

1848 4603 2077 4668 tendam,
2100 4604 2283 4673 relicta
2315 4604 2560 4673 meliori:
2596 4618 2765 4670 neque
2787 4604 2953 4673 prima
2982 4604 3033 4655 in
3057 4605 3203 4655 mitra
3228 4619 3410 4659 neces~

1848 4675 2084 4726 sariat-st
2113 4672 2471 4740 producenda.
2505 4672 2838 4726 Cauchianus
2863 4672 3027 4725 codex
3063 4673 3221 4727 habet
3243 4691 3408 4727 secum

1844 4759 2015 4795 errare
2044 4744 2189 4811 facit,
2222 4758 2325 4794 nou
2351 4742 2491 4793 sinit.

1918 4811 2039 4865 487.
2067 4813 2120 4864 ln
2151 4811 2280 4863 Mar.
2312 4823 2427 4863 erat
2452 4810 2583 4877 quod
2612 4826 2722 4863 cum
2750 4812 2892 4879 petit.

1915 4881 2039 4935 491.
2070 4882 2231 4946 Ang.,
2255 4880 2413 4940 male,
2436 4896 2614 4933 auram
2643 4896 2736 4946 pro
2778 4896 2976 4932 aurum.

1917 4950 2040 5002 492.
2072 4951 2313 5003 lleinsius
2336 4953 2524 5003 iterum
2543 4965 2572 5003 e
2602 4950 2809 5003 duobus
2829 4950 3202 5005 vetustissimis
3230 4950 3410 5005 delen-

1848 5020 1977 5074 dere
1998 5028 2221 5073 conatur
2251 5019 2511 5087 peculator
2532 5029 2713 5073 contra
2737 5022 2981 5073 carminis
3010 5022 3167 5088 leges,
3194 5024 3411 5075 asserit-

1848 5106 1951 5159 que
1980 5091 2065 5143 vix
2113 5090 2285 5142 locum
2321 5090 2517 5144 habere
2548 5092 2851 5159 speculator.
2889 5089 3079 5145 Verum
3125 5108 3227 5145 non
3260 5092 3412 5147 viden

1848 5176 1942 5213 cur
1975 5160 2021 5212 ei
2053 5174 2157 5213 non
2195 5160 2405 5231 placeat
2439 5160 2723 5231 Nebrissae
2746 5160 3141 5228 interpretatio:
3172 5163 3255 5231 qui
3282 5163 3412 5215 videt

1848 5246 1926 5282 res
1956 5231 2200 5294 pretiosas
2227 5230 2458 5282 incendio
2488 5231 2669 5296 perire.
2701 5229 2814 5283 Jam
2842 5231 3041 5299 pridem
3072 5229 3337 5285 Ricéiolus
3359 5232 3409 5286 in

1818 5366 1825 5375 ι
1849 5299 2215 5375 l_t_tdic_.syl_lab.
2242 5308 2571 5375 controvers.
2597 5302 2820 5365 motmit,
2848 5316 3055 5375 exmss.
3079 5300 3412 5375 codd.,_l_este

1852 5368 2077 5441 Yossiq,
2098 5371 2372 5438 legendum
2402 5371 2714 5441 speculator,
2751 5386 2853 5424 non
2886 5370 3167 5437 peculator.
3211 5371 3409 5436 Aldus,

1850 5438 1985 5510 Gis.,
2015 5439 2231 5505 Weitz.,
2262 5438 2589 5495 recentiores
2641 5449 2896 5510 prieterea
2925 5456 3045 5495 cum
3077 5442 3273 5497 nostris
3302 5456 3411 5496 om-

1848 5509 2003 5582 nibus
2031 5510 2185 5582 codd.
2226 5510 2384 5582 Marx,
2405 5510 2572 5582 βέῃ..
2606 5509 2820 5582 Yienn.,
2870 5512 3049 5575 Alex.,
3081 5515 3243 5582 Ang.,
3271 5512 3412 5567 Vatt.

1849 5579 1909 5642 C,
1940 5579 2002 5642 ι),
2036 5578 2095 5643 F,
2132 5578 2194 5643 G,
2223 5580 2286 5642 ll,
2307 5579 2367 5648 L,
2395 5579 2460 5644 Ο,
2492 5580 2595 5647 BB,
2624 5580 2821 5637 habent
2842 5582 3147 5650 speculator.
3170 5578 3412 5649 'llononq

1804 5712 1811 5717 ί
1852 5650 2123 5715 mendose,
2148 5651 2476 5718 speculatum.
2507 5685 2509 5687 ι
