3960 6312
487 348 559 412 59
1604 346 1873 405 AURELII
1913 349 2275 407 PRUDENTII
2314 348 2636 404 CARMINA.
3676 356 3744 413 σο

588 524 591 527 Α
666 466 835 521 Omne
856 464 1125 521 hominum
1140 463 1278 533 rapit
1293 462 1381 517 illa
1406 476 1591 532 genus,
1607 462 1849 517 mortalia
1866 472 2053 517 cuncta
2080 465 2130 523 Α

669 560 904 627 Occupat
918 558 1133 613 interitu
1148 574 1162 610 :
1180 571 1351 625 neque
1361 555 1503 611 enim
1514 566 1596 610 est
1614 556 1892 611 violentius
1906 556 2067 609 ullum

496 649 603 707 495
680 648 964 703 Terrarum
995 647 1179 702 vitium
1198 688 1212 713 ,
1243 646 1387 717 quod
1420 648 1581 703 tantis
1625 647 1865 702 cladibus
1895 660 2065 701 aevum

684 739 931 794 Mundani
956 739 1190 793 involvat
1217 738 1419 808 populi,
1452 738 1770 807 damnetque
1792 738 2067 808 gehennae.

670 832 807 899 Quin
831 831 975 900 ipsos
1000 840 1205 886 tentare
1222 846 1404 898 manu,
1425 829 1467 885 si
1492 830 1712 885 credere
1732 829 1949 900 dignum
1966 837 2067 893 est,

674 924 813 976 Ausa
842 923 1146 978 sacerdotes
1176 923 1383 976 Domini
1416 940 1426 973 :
1467 922 1558 990 qui
1586 922 1762 989 praelia
1793 921 1931 975 forte

670 1015 829 1086 631
872 1014 1129 1069 Ductores
1180 1016 1401 1083 primam
1434 1021 1557 1066 ante
1582 1013 1750 1067 aciem
1781 1026 1876 1080 pro
1910 1011 2071 1065 laude

693 1169 709 1176 _
1722 1102 2002 1174 [gerebant

502 1197 606 1253 500
680 1196 973 1261 Virtutum,
1003 1209 1301 1265 magnoque
1345 1194 1634 1262 implebant
1661 1193 1884 1249 classica
1923 1192 2070 1246 flatu.

683 1284 868 1341 Etlors
895 1287 1127 1341 innocuo
1157 1284 1397 1339 tinxisset
1418 1284 1673 1351 sanguine
1699 1282 1915 1346 ferrum,

675 1375 739 1430 Ni
765 1376 920 1429 Ratio
940 1377 1288 1443 armipotens,
1311 1373 1487 1442 gentis
1514 1372 1773 1429 Levitidis
1799 1387 1902 1427 una

675 1467 900 1535 Semper
947 1467 1048 1522 lida
1085 1481 1289 1530 comes,
1334 1466 1579 1537 clypeum
1630 1466 1973 1534 objectasset,
2017 1472 2073 1518 et

1850 1556 2003 1627 [atrae

677 1652 853 1708 Hostis
877 1652 943 1707 ab
975 1653 1195 1709 incursu
1222 1651 1396 1707 claros
1418 1651 1641 1706 texisset
1669 1649 1939 1717 alumnos.

502 1743 606 1799 505
678 1742 832 1799 Stant
862 1742 958 1798 tuti
994 1741 1233 1799 Rationis
1254 1756 1376 1812 ope,
1407 1750 1554 1796 stant
1582 1740 1795 1796 turbine
1835 1742 1899 1792 ab
1926 1738 2088 1794 omni-

2340 461 2629 527 Immunes,
2662 457 2935 526 fortesque
2964 458 3129 512 animi
3155 476 3166 512 :
3199 460 3287 513 vix
3313 460 3365 513 in
3393 470 3519 517 cute
3536 477 3743 522 summa

2355 552 2739 620 Pmstringens
2764 564 2960 617 paucos
2992 552 3136 607 tenui
3165 551 3232 607 de
3254 553 3473 609 vulnere
3499 556 3643 611 Iadit

2350 641 2541 710 Cuspis
2563 640 2835 708 Avaritiae,
2862 642 3066 709 stupuit
3085 641 3201 697 lues
3224 642 3491 713 improha,
3516 647 3679 702 castis

2354 736 2584 789 Heroum
2607 731 2806 802 jugulis
2834 733 2989 802 longe
3012 747 3111 787 sua
3140 733 3243 787 tela
3267 734 3461 804 repelli
3496 754 3509 790 :

2179 830 2282 883 510
2356 828 2601 896 Ingemit,
2626 834 2681 880 et
2704 825 2863 880 dictis
2884 825 3079 880 ardens
3105 826 3384 881 furialibus
3413 827 3552 883 infit.

2354 919 2516 989 632
2543 916 2840 982 Vincimur,
2884 916 3017 970 heu!
3046 930 3265 986 segnes,
3306 932 3409 972 nec
3434 927 3617 973 nostra
3651 934 3747 987 po-

3264 1010 3456 1081 [tentia
3481 1010 3681 1079 perfert

2354 1101 2471 1156 Vim
2507 1100 2756 1165 solitam;
2792 1102 3004 1170 languet
3034 1101 3284 1156 violentia
3312 1117 3454 1157 saeva
3501 1104 3747 1170 nocendi,

2356 1194 2623 1249 Sueverat
2652 1194 2862 1249 invictis
2888 1210 3006 1263 qua:
3035 1194 3241 1249 viribus
3260 1196 3441 1250 omnia
3470 1196 3666 1266 ubique

2350 1284 2621 1354 Rumpere
2646 1285 2809 1340 corda
2844 1286 3114 1342 hominum
3150 1303 3164 1338 :
3206 1300 3306 1341 nec
3331 1287 3477 1341 enim
3508 1298 3613 1343 tam
3645 1288 3751 1343 fer-

3218 1379 3333 1451 [rea
3361 1396 3682 1452 quemquam

2183 1471 2285 1524 515
2357 1470 2625 1525 Formavit
2655 1480 2845 1526 natura
2869 1471 3063 1537 virum,
3084 1472 3236 1541 cujus
3263 1472 3410 1542 rigor
3437 1488 3546 1527 aera

2359 1560 2670 1629 Sperneret,
2684 1571 2774 1616 aut
2793 1572 2979 1618 nostro
3001 1564 3136 1618 foret
3156 1563 3578 1632 impenetrabilis
3603 1578 3754 1630 auro.

2359 1653 2634 1723 Ingenium
2663 1668 2822 1710 omne
2845 1656 2961 1711 neci
3007 1654 3272 1723 dwimus,
3295 1665 3506 1725 tenera,
3536 1672 3753 1727 aspera,

3546 1748 3724 1820 ldum.

1812 1829 2092 1885 cnossaa
2130 1830 2462 1888 VETERES.
2855 1812 2873 1837 ‘

574 1929 699 1984 495.
734 1928 1002 1993 Mortalia,
1035 1930 1293 1992 homines,
1322 1929 1357 1980 I.

576 1998 697 2054 494.
739 1998 1049 2061 Violentius,
1076 1998 1277 2067 fortius,
1310 1997 1421 2064 Iso,
1448 1997 1577 2050 Mar.

574 2071 697 2126 501.
732 2070 885 2135 Fors,
918 2069 1154 2138 forsitan,
1186 2067 1316 2120 Mar.

576 2141 698 2193 504.
730 2138 1009 2204 Alumnos,
1043 2139 1200 2205 ﬁlios,
1229 2138 1266 2190 Ι.

577 2210 698 2263 505.
730 2208 871 2273 Τιιιὶ,
901 2204 1083 2261 securi.
1118 2237 1184 2246 ——
1215 2209 1347 2272 Ope,
1380 2206 1661 2273 adjutorio,
1698 2204 1736 2256 I.

580 2279 703 2333 507.
738 2277 963 2342 Paucos,
996 2277 1059 2329 de
1086 2276 1351 2341 militibus,
1388 2274 1491 2329 lso.

2258 1928 2383 1984 509.
2415 1930 2644 1999 Jugulis,
2672 1931 2979 1999 pectoribus,
3010 1930 3050 1984 I.

2257 2000 2383 2055 510.
2416 2001 2659 2070 Ingemit,
2690 2003 2903 2070 stupuit,
2927 2002 3004 2054 vel
3031 2001 3298 2070 ingemuit,
3333 2001 3370 2055 I.

2258 2070 2383 2124 515.
2418 2070 2710 2133 Formavit,
2743 2070 2968 2126 duravit.
3000 2099 3067 2111 —
3091 2070 3276 2139 Rigor,
3310 2070 3528 2133 duritia,
3561 2072 3602 2124 l.

2253 2140 2380 2211 517.
2415 2140 2709 2211 Ingenium,
2742 2141 3321 2203 hominum—Tenere,
3345 2158 3545 2195 omnem
3567 2150 3768 2197 etatem

2184 2208 2332 2273 dicit,
2367 2211 2405 2262 Ι.

1852 2361 2411 2420 COMMENTARIUS.

586 2479 709 2535 495.
748 2477 961 2541 Vienn.,
988 2476 1149 2540 male,
1184 2490 1380 2528 onmem
1410 2475 1665 2529 hominem
1686 2475 1844 2541 rapit.

583 2550 709 2603 494.
736 2551 789 2601 1η
811 2547 983 2615 vulg.,
1023 2561 1183 2614 usque
1212 2545 1346 2599 enim
1390 2556 1483 2598 est.
1520 2544 1769 2598 Heinsius
1796 2545 2084 2615 aliquando

512 2628 791 2686 putaverat
818 2633 976 2687 neque
1005 2633 1062 2687 ea
1082 2617 1348 2671 violentius
1371 2617 1551 2669 ullum.
1577 2615 1768 2687 Postea
1790 2628 1855 2669 ex
1873 2618 2089 2687 scriptis

515 2692 730 2760 agnovit
754 2690 979 2760 hiatum.
996 2686 1296 2760 AGiselinus,
1338 2702 1496 2754 neque
1521 2686 1653 2739 enim
1679 2696 1775 2754 est,
1804 2686 1948 2754 quod
1975 2688 2088 2755 pla-

522 2757 626 2814 "et.
659 2760 779 2814 Ald.
805 2769 859 2813 et
889 2757 1081 2811 Weitz.
1112 2773 1230 2809 cum
1263 2770 1417 2815 mss..
1447 2772 1603 2819 neque
1623 2765 1715 2810 est.

604 2831 721 2884 £97.
750 2830 812 2883 Si
836 2829 1037 2881 credere
1065 2828 1276 2897 dignum
1294 2836 1367 2879 est
1408 2838 1472 2879 ex
1506 2826 1723 2895 Virgilio
1754 2841 1809 2879 ιιι
1844 2822 2091 2897 ϐᾠτςίε.

593 2901 717 2954 498.
753 2899 978 2963 Erlurt.,
1010 2898 1164 2967 fortes
1185 2941 1198 2962 ,
1232 2912 1336 2950 non
1384 2897 1541 2967 male,
1574 2911 1669 2964 pro
1715 2896 2096 2967 forterNescio

525 2978 620 3025 cur
645 2970 897 3025 Nebrissa
940 2966 1264 3022 dubitaverit
1288 2966 1354 3020 de
1394 2966 1584 3034 quibus
1610 2966 1978 3020 sacerdotibus
2005 2982 2096 3021 ve-

526 3042 653 3095 teris
696 3040 828 3107 legis
854 3046 1003 3106 poeta
1037 3037 1322 3104 loquatur:
1354 3051 1475 3089 nam
1500 3036 1850 3089 clarissimum
1891 3046 1974 3091 est
2026 3036 2094 3091 de

525 3110 891 3164 sacerdotibus
909 3122 1071 3187 novae
1095 3107 1225 3187 legis
1249 3120 1551 3187 sermonem
1576 3120 1725 3184 esse,
1752 3122 1871 3187 cum
1899 3175 1910 3187 ι
1920 3121 2093 3187 pugna

525 3184 776 3233 virtutum
802 3178 1117 3232 etvitiorum
1149 3173 1199 3229 in
1223 3178 1393 3228 anima
1416 3173 1714 3228 Christiana
1741 3173 2093 3230 describatur.

527 3252 596 3304 At
621 3248 1013 3302 Chamillardus
1042 3246 1106 3299 de
1136 3244 1499 3300 ecclesiastico
1538 3245 1724 3299 ordine
1770 3246 2093 3301 mentionem

527 3319 711 3373 haberi
758 3318 1022 3373 lubentius
1063 3323 1330 3377 autumat,
1377 3312 1518 3383 quod
1576 3313 1894 3368 Prudentius
1936 3317 1987 3368 in
2020 3316 2098 3370 ln-

528 3389 697 3443 xurite
737 3402 910 3457 pugna
943 3384 1303 3455 objurgaverit
1344 3382 1697 3457 Hispanorum
1744 3383 2097 3457 fast_tnn,_qui

528 3453 764 3514 consiliis
808 3453 1142 3511 sacerdotum
1183 3470 1287 3509 non
1319 3453 1779 3523 obtemperabant.
1834 3454 2096 3523 Equidem

530 3528 660 3583 nihil
691 3526 842 3581 video
871 3526 922 3581 in
954 3540 1017 3580 ea
1043 3540 1213 3595 pugna
1241 3540 1305 3579 ex
1348 3539 1454 3593 quo
1478 3524 1628 3593 argui
1657 3524 1851 3595 possit,
1864 3523 2099 3595 Pruden-

531 3598 662 3653 tium
694 3596 1008 3667 objurgasse
1031 3597 1405 3667 Hispanorum
1450 3595 1643 3648 fastum
1664 3636 1676 3657 ,
1702 3603 1793 3648 aut
1837 3594 2099 3667 Hispanos

529 3664 876 3723 sacerdotum
896 3665 1131 3721 consiliis
1181 3680 1285 3720 non
1336 3664 1764 3734 obtemperasse,
1809 3664 1909 3717 nisi
1963 3665 2099 3718 forte

530 3738 668 3809 quod
686 3737 1113 3809 animadversum
1144 3744 1229 3790 est
1258 3734 1321 3809 ad
1339 3750 1549 3790 versum
1581 3735 1701 3809 Sit).
1723 3735 1826 3809 Sed
1856 3734 1995 3788 aliud
2018 3743 2100 3788 est

2115 2479 2166 2537 Β
2193 2476 2409 2545 passim,
2445 2485 2498 2531 et
2526 2476 2747 2531 licenter
2777 2475 3031 2531 adversus
3071 2477 3491 2531 ecclesiasticum
3522 2478 3778 2534 ordinem

2196 2546 2633 2607 debacchentur.
2686 2545 2960 2601 Prudentii
3008 2548 3256 2615 exemplo
3313 2547 3525 2609 moniti,
3576 2548 3776 2613 mode-

2198 2619 2351 2670 stiam
2383 2616 2435 2671 in
2469 2618 2584 2686 ejus
2608 2618 2812 2671 ordinis
2843 2618 2985 2671 vitiis
3014 2617 3355 2685 objurgandis
3391 2626 3637 2681 poterant
3680 2620 3778 2675 di-

2193 2699 2363 2741 scere.
2414 2688 2704 2741 Avaritiam
2736 2701 2862 2741 vero
2907 2688 3271 2742 sacerdotibus
3301 2697 3548 2756 tanquam
3578 2690 3781 2745 vitium

2197 2772 2380 2810 eorum
2412 2759 2577 2826 magis
2606 2758 2873 2824 peculiare
2904 2758 3082 2823 plures
3108 2757 3390 2825 efﬁngunt,
3434 2768 3580 2812 certe
3605 2760 3781 2815 vehe-

2197 2838 2406 2881 menter
2445 2828 2862 2896 reprehendunt.
2897 2827 3252 2898 Hieronymus
3291 2826 3411 2895 jure
3456 2841 3554 2881 suo
3579 2831 3781 2883 acrius

2200 2898 2250 2950 in
2279 2898 2552 2950 avaritiam
2590 2899 3069 2953 ecclesiasticorum
3116 2898 3388 2951 invehitur
3404 2899 3561 2965 epist.
3601 2900 3673 2953 52
3700 2902 3782 2954 ad

2200 2966 2548 3035 Nepotianum
2610 2968 2676 3022 de
2738 2967 2844 3021 vita
2884 2967 3201 3023 clericorum
3250 2976 3303 3021 et
3360 2967 3783 3036 monachorum,

2200 3053 2353 3105 quem
2386 3039 2559 3106 legere
2578 3038 2806 3106 juvabit.
2828 3037 2954 3091 Nam
2980 3040 3120 3105 quod
3152 3036 3466 3090 Ammianus
3501 3038 3590 3093 lib.
3622 3055 3783 3094 xxm

2201 3110 2611 3161 ostentationem
2655 3109 3103 3173 cupiditatemque
3134 3107 3387 3159 Romanis
3427 3108 3784 3174 pontiﬁcibus

2198 3178 2380 3229 saeculi
2416 3192 2461 3228 tv
2492 3178 2691 3245 objicit,
2725 3177 2774 3230 id
2807 3178 2871 3229 ah
2904 3178 3119 3231 homine
3140 3178 3357 3230 ethnico
3394 3178 3677 3236 conﬁctum
3706 3178 3783 3231 li.

2199 3257 2347 3313 quet,
2397 3258 2450 3298 ut
2482 3248 2787 3301 detraheret
2832 3249 3154 3309 auctoritati,
3182 3263 3283 3315 qua
3312 3246 3572 3311 potiuntur
3608 3257 3783 3300 mter-

2201 3332 2279 3369 mc
2312 3317 2446 3368 urbis
2468 3318 2709 3386 episcOpi.
2742 3326 2796 3369 ιιι
2827 3317 3060 3385 loquitur
3090 3316 3184 3370 lib.
3219 3332 3309 3370 xv.

2272 3387 2395 3441 505.
2425 3386 2649 3445 Erfurt..
2685 3386 2979 3459 objectaret;
3001 3387 3095 3442 sed
3124 3387 3419 3459 objectasset
3449 3386 3617 3454 poscit
3647 3402 3782 3444 sen-

2200 3470 2310 3519 sus,
2345 3466 2395 3509 et
2424 3466 2601 3521 postea
2634 3458 2870 3524 sequitur
2893 3459 3112 3512 texisset.

2274 3526 2398 3581 506.
2432 3526 2612 3589 Fuld.,
2641 3530 2893 3596 fortesque
2921 3528 3115 3592 animo;
3146 3526 3441 3596 elegantius
3475 3537 3557 3582 est
3585 3529 3778 3596 animi.

2273 3597 2397 3667 507.
2438 3597 2682 3667 Meliores
2721 3596 3013 3662 Ileinsiani,
3060 3595 3327 3659 Barthius,
3365 3598 3539 3667 Egm.,
3588 3595 3779 3664 Fuld.,

2202 3665 2427 3729 Widm.,
2452 3666 2812 3736 prmatringens
2852 3681 2970 3719 cum
3006 3667 3148 3730 Rat.,
3178 3669 3329 3734 cujus
3352 3665 3525 3736 glossa
3554 3677 3637 3720 est
3681 3685 3751 3735 pa

2203 3752 2316 3788 rum
2360 3723 2651 3802 vulnerans,
2691 3723 2943 3803 Weitzio,
2990 3745 3046 3791 et
3070 3723 3209 3792 aliis.
3242 3723 3395 3802 'Aldf,
3426 3737 3564 3801 Gis.,
3606 3723 3780 3806 Atig.,

532 3804 585 3863 in
609 3809 859 3893 Hispania
885 3807 953 3893 ob
982 3806 1218 3893 regionis
1236 3805 1534 3893 ubertatem
1564 3804 1813 3893 collocari
1835 3820 2100 3893 posseor-
2127 3830 2173 3893 Ο
2206 3806 2456 3893 Mariott.,
2498 3806 2629 3893 ’νοις
2820 3806 3016 3893 aliique
3038 3847 3054 3872 ,
3095 3808 3455 3893 perstringens.
3505 3804 3784 3893 Utrolibet

531 3895 682 3949 gana,
706 3874 1003 3934 'utdicebat
1037 3874 1327 3949 Giselinus,
1360 3875 1597 3949 lusuria’,
1629 3875 1768 3928 aliud
1800 3874 1939 3949 quod
1968 3874 2098 3949 Pru-

532 3945 743 4003 dentius
767 3949 1027 4001 luxuriam
1055 3946 1299 4015 Hispanis
1320 3945 1651 4015 potissimum
1675 3946 2095 4015 exprobraverit,

532 4019 674 4085 quod
694 4033 797 4072 non
825 4016 926 4071 nisi
954 4013 1538 4085 temere'aflirmabitur.
1567 4013 1956 4085 Chamillardus
1973 4029 2097 4067 vero

534 4083 653 4140 cum
688 4087 888 4139 videret
940 4084 1095 4151 vulgo
1122 4083 1278 4151 objici
1322 4083 1571 4146 Hispanis
1612 4084 1829 4147 fastum,
1864 4083 2101 4138 Pruden-

535 4156 685 4220 tium,
721 4156 785 4208 dc
809 4155 1017 4208 luxnria
1048 4156 1373 4223 loquentem,
1408 4153 1787 4223 interpretatus
1815 4160 1899 4205 est
1927 4154 1989 4204 ad
2026 4152 2101 4204 fa-

535 4233 675 4277 stum
724 4224 1075 4291 llispanorum
1119 4220 1448 4291 respexisse.
1490 4222 1649 4290 Atqui
1679 4220 1845 4275 fastus
1877 4224 1988 4277 sive
2015 4238 2103 4275 su-

538 4293 734 4360 perbiae
755 4290 937 4347 vitium
960 4307 1064 4345 non
1088 4306 1153 4346 eo
1175 4292 1292 4345 loco
1313 4306 1341 4344 a
1370 4290 1656 4344 Prudentio
1674 4292 1989 4360 exagitator,
2008 4292 2101 4345 scd

539 4362 743 4417 luxuria
771 4372 823 4417 et
852 4378 969 4432 quae
998 4361 1441 4432 indenascuntur
1480 4362 1625 4424 vitia,
1652 4361 1828 4429 jocus,
1860 4363 2105 4426 petulan-

538 4435 630 4498 tia,
663 4430 890 4487 lascivus
917 4446 1087 4484 amor.
1103 4430 1313 4485 Nemini
1340 4440 1516 4485 autem
1540 4432 1747 4484 venerit
1770 4432 1820 4484 in
1845 4442 2101 4493 mentem,

539 4502 655 4557 lttec
684 4504 806 4556 vitia
838 4501 1193 4571 Hispanorum
1242 4500 1406 4571 fuisse
1438 4511 1525 4553 aut
1567 4514 1686 4553 esse
1716 4502 1956 4569 propria,
1983 4517 2102 4554 cum

540 4573 591 4625 in
614 4572 860 4627 omnibus
889 4569 1040 4641 aeque
1071 4569 1227 4625 terris
1246 4570 1744 4641 dominentuero
1768 4571 1857 4637 qui
1888 4586 2105 4638 geogra-

544 4642 726 4711 phiCus
755 4639 1114 4697 institutiones
1144 4639 1391 4711 tradunt,
1423 4640 1663 4709 quamvis
1695 4640 1876 4694 faciles
1917 4642 2021 4694 sint
2053 4643 2104 4694 in

540 4709 684 4767 vitiis
738 4712 1124 4780 virtutibusque
1168 4726 1261 4778 pro
1292 4709 1442 4763 libitu
1482 4711 1765 4779 unicuique
1796 4712 1937 4779 genti
1974 4714 2107 4764 assi-

540 4783 807 4852 gnandis,
868 4791 1042 4852 tamen
1097 4782 1343 4852 virtutem
1398 4780 1625 4852 luxuriae
1683 4780 1905 4852 ejusque
1963 4783 2107 4835 vitiis

541 4850 883 4915 contrariam,
916 4850 1113 4906 nullius
1139 4851 1310 4917 gentis
1339 4851 1603 4919 propriam
1631 4865 1750 4904 esse
1774 4850 1999 4919 jactant.

606 4922 738 5046 $99!.
772 4922 968 4977 Witlm.
1000 4934 1181 4991 Supra,
1208 4920 1361 4989 primi
1386 4929 1501 4973 ante
1541 4919 1721 4973 aciem.
1748 4919 1929 4989 Neque
1958 4921 2009 4976 id
2032 4921 2111 4974 di-

646 5007 705 5046 ce
733 5031 746 5045 .

540 4992 746 5046 snIicet.

773 5060 899 5115 Post
946 5061 1085 5133 hunc
1132 5074 1343 5115 versum
1391 5057 1518 5113 Mar.
1565 5067 1621 5113 et
1648 5060 1771 5114 Rat.
1812 5076 1911 5128 pro
1960 5060 2112 5115 titulo

595 5148 718 5184 aio.

595 5133 718 5186 atio.

617 5202 741 5257 502.
773 5199 1030 5255 Weitzius
1054 5214 1123 5255 ex
1159 5199 1227 5253 Μ.
1261 5197 1449 5268 Bergio
1478 5199 1746 5266 observat,
1782 5200 2005 5255 fortasse
2035 5200 2109 5251 al-
2140 5205 2189 5264 ι)

548 5270 731 5325 ludere
758 5282 965 5340 poetam
993 5270 1057 5325 ad
1097 5269 1353 5323 rationale
1380 5269 1712 5340 MosaicumL
1718 5270 1858 5339 quod
1890 5280 2005 5324 erat
2054 5273 2105 5323 in

585 5338 769 5395 ectore‘
794 5340 1080 5409 pontificis,
1114 5353 1208 5393 suo
1237 5351 1427 5409 ornatu
1457 5339 1643 5393 induti.
1678 5338 1789 5409 Ego
1812 5340 1938 5393 nihil
1967 5340 2105 5393 aliud

585 5355 763 5395 ectore
794 5355 1080 5409 ponnncns,
1114 5355 1208 5393 suo
1237 5355 1427 5393 ornatu
1457 5355 1643 5393 manu.
1678 5355 1789 5409 ego
1812 5355 1938 5393 mnu
1967 5355 2105 5393 anno

548 5355 651 5465 Eoc
684 5410 798 5465 loco
827 5413 1056 5480 reperio,
1098 5409 1198 5480 nisi
1239 5408 1580 5480 Prudentium
1625 5409 2105 5464 ecclesiasticorum

552 5479 704 5534 fama)
747 5479 1096 5542 consuluisse,
1128 5479 1286 5534 etiam
1327 5479 1452 5533 dum
1499 5479 1729 5533 avaritia:
1776 5481 1979 5533 crimen
2030 5480 2107 5533 eis

551 5550 884 5619 aliquatenus
924 5551 1122 5619 objicit.
1154 5549 1294 5605 Sane
1315 5550 1380 5603 de
1410 5550 1637 5616 ratione,
1668 5558 1724 5603 et
1760 5559 1956 5615 mente,
1990 5550 2109 5617 qni-

553 5621 651 5674 bus
681 5622 982 5675 sacerdotes
1006 5621 1085 5673 sui
1118 5622 1369 5688 temporis
1410 5622 1749 5686 prmstabant,
1793 5620 1955 5673 multa
1985 5633 2111 5674 vere

555 5697 764 5758 poterat
809 5692 1115 5757 praedicare,
1147 5705 1265 5743 cum
1299 5690 1441 5743 nullo
1474 5699 1708 5758 tempore
1752 5689 2018 5743 doctiores
2060 5691 2109 5743 in

555 5757 793 5812 Ecclesia
823 5760 922 5813 viri
960 5759 1252 5813 ﬂoruerint.
1295 5760 1393 5824 Qui
1424 5758 1523 5813 hac
1574 5757 1884 5828 tempestate
1930 5769 2111 5815 nostra

2204 3875 2364 3929 modo
2405 3884 2551 3930 recte
2576 3875 2795 3939 dixeris,
2842 3887 2896 3930 et
2923 3875 3146 3931 fortasSe
3175 3875 3493 3931 Prudentius
3520 3878 3622 3930 alio
3658 3879 3785 3932 loco

2200 3945 2531 4017 pra’stringo,
2551 3945 2656 4000 alio
2684 3946 2970 4017 perstringo
2999 3946 3229 4017 scripsit,
3261 3956 3317 4001 ut
3340 3946 3479 4017 nihil
3509 3946 3687 4000 dicam
3712 3950 3785 4002 de

2201 4014 2621 4086 exscriptoribus
2650 4014 2807 4086 etiam
2837 4014 3231 4078 veinstissimis,
3265 4016 3351 4083 qui
3386 4016 3584 4086 saepius
3635 4019 3781 4071 scri-

2206 4085 2363 4138 bendi
2396 4086 2655 4139 rationem
2682 4085 2939 4139 arbitratu
2970 4099 3066 4139 suo
3097 4086 3477 4141 reformabant.

2276 4154 2401 4224 508.
2435 4153 2654 4224 Vienn..
2705 4156 2863 4209 cassis
2900 4156 3150 4210 mendum
3193 4169 3289 4224 pro
3328 4157 3503 4210 castis.
3538 4156 3609 4209 De
3662 4156 3783 4210 luet:

2203 4223 2318 4278 sive
2344 4223 2442 4293 luis
2473 4222 2593 4279 vide
2619 4239 2760 4278 vers.
2785 4224 2889 4280 479
2920 4225 2971 4278 in
2993 4225 3168 4293 fames.

2274 4293 2397 4347 510.
2432 4292 2608 4359 Fnld.,
2642 4296 2834 4363 inquit;
2862 4292 3060 4358 cmteri,
3082 4296 3214 4363 inﬁt.

2275 4363 2399 4418 511.
2435 4362 2725 4430 Giselinus,
2754 4380 2873 4418 cum
2905 4363 3027 4417 Ald.
3051 4374 3104 4418 et
3129 4363 3216 4417 ed.
3249 4362 3617 4417 Daventriensi
3652 4380 3788 4428 prcc-

2207 4435 2305 4504 fert
2336 4434 2525 4487 melius
2555 4445 2701 4504 putat
2740 4449 2895 4502 quam
2943 4437 3152 4504 perfert.
3186 4431 3292 4487 Sed
3325 4432 3495 4487 Aldus
3526 4432 3787 4499 Wcitzio,

2210 4494 2445 4568 Heinsio,
2478 4516 2531 4557 et
2558 4494 2682 4557 inihi
2712 4494 2783 4557 ait
2815 4494 3049 4572 perfértf
3074 4503 3181 4557 Iloc
3227 4518 3437 4570 quoque
3496 4494 3790 4566 argnmcn;

2210 4584 2319 4629 tum
2368 4585 2447 4626 est
2477 4573 2704 4641 duplicis
2749 4573 3000 4627 editionis
3033 4572 3258 4627 Aldinae.
3291 4573 3485 4625 Verum
3522 4573 3793 4627 Weitzius

2212 4659 2349 4697 nunc
2380 4644 2661 4698 lectionem
2693 4644 2934 4697 eamdem
2960 4658 3021 4696 ac
3045 4658 3138 4696 nos
3168 4642 3542 4706 exhibet,aliis
3572 4643 3620 4695 in
3643 4642 3793 4707 lods

2210 4714 2495 4768 diversam.
2532 4716 2685 4780 Stepe
2711 4715 2923 4780 quidem
2950 4713 3184 4778 accidit,
3228 4713 3455 4779 aliquam
3496 4711 3791 4767 lectionem

2211 4782 2421 4839 cuidam
2450 4783 2651 4837 auctori
2684 4783 2922 4847 attribui,
2945 4782 3094 4850 cujus
3121 4797 3244 4837 vere
3265 4796 3371 4835 non
3395 4790 3477 4835 est
3506 4800 3517 4833 :
3551 4780 3649 4850 sed,
3667 4786 3795 4850 ejus

2213 4868 2404 4908 nomen
2437 4853 2652 4918 excidit,
2678 4868 2797 4907 cum
2829 4853 2966 4905 alius
3002 4848 3144 4907 esset
3197 4851 3570 4905 nominandus.
3610 4848 3795 4906 Νέης

2213 4924 2326 4978 zius
2369 4922 2527 4978 habet
2566 4926 2718 4991 refert
2739 4938 2859 4976 cum
2900 4921 3100 4975 Widm.
3150 4921 3205 4975 ln
3254 4920 3430 4991 Fuld.,
3460 4922 3691 4991 profert;
3738 4926 3794 4976 in

2215 4992 2439 5056 Cauch.,
2491 4990 2717 5061 praefert.
2770 4992 3038 5047 Heinsiani
3100 4990 3521 5061 omnesyFabr.
3579 4990 3792 5047 Widtn.

2214 5077 2399 5131 supra,
2433 5059 2607 5116 uestri
2631 5062 2886 5131 plerique,
2925 5063 3134 5131 perfert,
3163 5059 3303 5131 quod
3338 5059 3475 5115 bene
3494 5075 3614 5114 cum
3658 5077 3795 5115 seu

2218 5133 2380 5186 tentia
2414 5132 2668 5199 procedit.

2283 5196 2663 5266 SIFiJErfurt"
2700 5204 2815 5256 Vat.
2847 5200 2885 5254 C
2909 5216 2935 5253 a
2969 5198 3137 5269 prima
3163 5196 3655 5263 manu,duravit.ln
3688 5202 3797 5255 itm;

2222 5273 2334 5326 Vat.
2387 5288 2543 5337 supra
2577 5274 2832 5341 formavit.
2868 5271 3137 5325 Giselinus
3158 5271 3220 5323 ad
3250 5284 3422 5334 oram,
3469 5271 3696 5321 duravit.
3737 5274 3791 5323 In

2217 5341 2399 5406 Fuld.,
2430 5343 2572 5410 uigor
2600 5360 2725 5395 trra.
2753 5341 3017 5395 Gisclinus
3061 5357 3125 5395 ex
3170 5342 3433 5410 plerisque
3479 5355 3608 5391 mss.
3642 5354 3791 5406 pra:-

2214 5413 2313 5482 lert
2338 5409 2666 5482 rigoctnam
2685 5412 2814 5465 dura
2842 5413 3021 5482 rigere,
3054 5427 3158 5482 non
3186 5409 3636 5482 vigerejlicuntnr,

2283 5478 2410 5536 517⁷.
2450 5481 2678 5535 Imitatio
2722 5480 2951 5535 Maronis
2983 5494 3036 5534 ιιι
3080 5478 3297 5548 tleorg.,
3342 5478 3405 5531 Et
3446 5495 3601 5545 genus
3637 5492 3794 5532 omne

2218 5553 2328 5605 neci
2352 5552 2605 5620 pecudum
2638 5553 2793 5615 dedit,
2838 5567 2986 5603 omne
3015 5553 3263 5620 ferarum.
3289 5548 3617 5620 Sententiam
3638 5564 3794 5620 eam-

2215 5623 2334 5675 dem
2353 5617 2642 5690 amplexus
2672 5631 2755 5675 est
2783 5617 3029 5674 Horatius
3060 5622 3151 5673 lib.
3195 5636 3255 5685 ιι,
3285 5620 3538 5690 sermone
3566 5619 3600 5671 5
3628 5617 3793 5669 ;Οηιη

2216 5692 2293 5745 nis
2318 5688 2470 5744 enim
2491 5708 2586 5756 res,
2630 5691 2821 5755 Virtus,
2853 5692 3012 5759 fanta,
3038 5691 3208 5756 decus,
3260 5688 3430 5743 divina
3455 5690 3798 5758 humanaque

2217 5762 2439 5829 pulchris
2471 5760 2670 5814 Divitiis
2700 5772 2895 5832 parent.
