3960 6312
180 383 254 447 65,
980 438 995 451 κ
1492 386 2034 446 PSYCHOMACHIA.
2695 338 2712 357 .
2938 346 2949 353 κ
3100 396 3107 402 ’
3342 396 3411 453 66

334 490 576 546 Lubricat
608 492 842 547 incertos
867 492 1028 549 dubia
1055 495 1154 552 sub
1184 496 1416 567 imagine
1438 497 1607 554 visus.

337 580 488 651 637
515 580 647 635 Cum
679 582 857 638 subito
886 583 941 637 in
967 584 1199 641 medium
1237 585 1727 658 frendens.0pera-

1293 677 1389 751 [tio
1414 693 1659 747 campum

340 761 547 816 Prosilit
580 761 777 817 auxilio
807 763 987 833 sociis,
1019 779 1358 837 pugnamque
1387 766 1621 838 capessit

178 850 270 905 575
340 849 527 904 Militiae
553 860 821 919 postrema
850 853 1041 923 gradu,
1070 856 1162 910 sed
1202 855 1313 910 sola
1342 856 1523 911 duello

336 941 647 1012 impositura
674 959 913 1011 manum,
959 960 1027 1002 ne
1066 946 1193 1016 quid
1218 946 1327 1017 jam
1360 947 1510 1003 triste
1539 961 1729 1017 super—

1546 1038 1657 1112 [sit.

343 1126 510 1182 Omne
539 1141 674 1182 onus
700 1140 764 1182 ex
794 1126 1028 1184 humeris
1048 1128 1328 1198 rejecerat,
1354 1129 1603 1185 omnibus
1621 1129 1731 1186 ibat

337 1215 537 1272 Nudata
566 1216 814 1285 induviis,
850 1220 1016 1274 multo
1042 1228 1097 1275 et
1124 1234 1181 1275 se
1204 1218 1348 1277 fasce
1384 1222 1622 1276 levarat:

335 1305 467 1361 Olim
490 1306 687 1362 divitiis
716 1308 1067 1379 gravibusque
1088 1323 1337 1379 oppressa
1363 1309 1573 1366 talentis
1599 1350 1613 1374 ,

179 1392 270 1450 580
335 1395 522 1453 Libera
545 1411 684 1454 nunc
706 1397 1010 1453 miserando
1042 1398 1279 1469 inOpum,
1301 1414 1434 1470 quos
1460 1400 1606 1470 larga
1636 1401 1730 1457 be-

1502 1506 1658 1547 mune

1502 1508 1550 1545 111

334 1577 582 1647 Foverat,
619 1576 896 1636 effundens
924 1578 1152 1650 patrium
1189 1579 1325 1635 bene
1355 1491 1727 1650 procligflczn-

1513 1687 1649 1728 sum.

331 1759 442 1814 Jam
471 1760 673 1816 loculos
692 1760 854 1815 ditata
886 1760 990 1815 fide
1014 1763 1289 1830 spectabat
1316 1672 1521 1829 inaneE:

334 1848 609 1907 Eternam
640 1866 926 1910 numerans
957 1852 1194 1909 redituro
1218 1852 1404 1909 fenore
1434 1868 1717 1909 summam.
1750 1851 1798 1911 B

1760 500 1815 563 Δ

2020 500 2239 555 Horruit
2271 501 2481 557 invictae
2513 501 2721 557 virtutis
2743 503 2963 571 fulmen,
2995 513 3047 559 et
3076 504 3253 576 impos

1833 590 1937 646 585
2008 593 2171 663 638
2193 592 2383 647 Mentis
2397 593 2629 647 Avaritia
2645 593 2959 663 stupefactis
2976 595 3221 652 sensibus
3235 596 3410 665 haesit,

2022 682 2179 735 Certa
2195 681 2360 736 mori:
2392 696 2512 736 nam
2527 698 2645 751 qua:
2672 682 2871 738 fraudis
2895 685 2977 739 via
3008 694 3195 755 restet,
3220 696 3277 743 ut
3298 689 3412 759 ipsa

2007 771 2269 826 Calcatrix
2298 769 2504 837 mundi,
2538 771 2820 828 mundanis
2847 774 2983 830 victa
3016 773 3230 832 fatiscat

2015 860 2303 926 illecebris,
2322 872 2606 932 spretoque
2632 864 2820 919 iterum
2835 878 2955 921 sese
2973 866 3207 934 implicet
3226 882 3274 923 τ’
3299 882 3358 925 ro
3381 868 3403 923 τ

2011 950 2216 1007 Invadit
2242 952 2497 1022 trepidam
2525 953 2692 1008 virtus
2721 953 3007 1011 fortissima
3030 955 3180 1013 duris

1832 1044 1938 1101 590
2011 1043 2266 1100 Ulnarum
2298 1045 2473 1111 nodis,
2503 1044 2674 1101 obliso
2694 1054 2748 1101 et
2772 1055 2980 1116 gutture
3008 1047 3202 1116 frangit

2019 1134 2349 1206 Exsanguem
2370 1175 2385 1203 ,
2416 1134 2722 1207 siccamque
2757 1136 2932 1208 gulam
2964 1154 2977 1192 :
3010 1152 3317 1210 compressa
3349 1141 3406 1197 li-

3124 1228 3335 1303 [gantur

2009 1313 2191 1370 Vincla
2204 1312 2522 1370 lacertorum
2536 1315 2635 1371 sub
2647 1323 2909 1383 mentum,
2922 1329 2978 1374 et
2992 1316 3235 1375 faucibus
3247 1321 3407 1377 arctis

2009 1405 2339 1474 Extorquent
2369 1405 2598 1461 animam
2634 1423 2647 1461 :
2688 1406 2837 1464 nullo
2865 1423 2984 1479 qua:
3014 1408 3235 1467 vulnere
3260 1418 3407 1485 rapta

2013 1492 2270 1563 Palpitat,
2296 1504 2453 1565 atque
2479 1495 2626 1551 aditu
2647 1497 2954 1568 spiraminis
2976 1498 3272 1572 intercepto

2009 1583 2273 1639 Inclusam
2298 1584 2492 1652 patitur
2514 1600 2767 1642 venarum
2796 1602 3009 1646 carcere
3030 1599 3281 1649 mortem.

2018 1672 2109 1726 illa
2140 1670 2416 1726 reluctanti
2446 1674 2791 1745 genibusque,
2829 1688 2883 1732 et
2905 1678 3140 1734 calcibus
3168 1681 3399 1748 instans,

2016 1760 2254 1816 Perfodit
2274 1769 2326 1815 et
2345 1770 2543 1829 costas,
2568 1772 2727 1833 atque
2754 1764 2842 1820 ilia
2870 1767 3070 1837 rumpit
3091 1768 3301 1826 anhela.
3403 1798 3408 1806 -

1999 1849 2121 1903 Mox
2161 1851 2334 1920 spolia
2363 1854 2631 1909 exstincto
2672 1854 2740 1911 de
2769 1871 2996 1927 corpore
3024 1859 3241 1931 diripit,
3285 1862 3403 1923 auri

1831 1584 1937 1643 595

1461 1942 1746 2002 GLOSSIE
1788 1939 2127 2001 VETERES.

233 2032 346 2107 575.
374 2034 647 2102 Operatio,
678 2033 895 2107 largitas
922 2046 1111 2107 pugnat
1149 2044 1324 2091 contra
1353 2035 1638 2105 avaritiam,
1671 2047 1719 2091 et

176 2103 319 2171 spolia
346 2107 453 2175 ejus
476 2103 781 2171 pauperibus
807 2103 1008 2177 erogat;
1035 2107 1071 2161 Ι.

236 2171 351 2226 571.
392 2173 651 2230 Phariam.
686 2173 898 2230 bellum.
930 2177 969 2230 l.

236 2188 351 2226 an.
392 2188 651 2243 t’llgltam,
686 2188 898 2240 aeuum,
930 2188 969 2230 Ι.

206 2240 346 2296 .575.
376 2242 589 2307 Militiae,
624 2245 897 2309 exercitus,
927 2244 966 2298 l.

238 2313 353 2366 576.
377 2312 573 2376 Triste,
599 2314 859 2380 acerbum,
889 2315 925 2367 Ι.

230 2382 343 2435 578.
373 2382 626 2445 lnduviis,
664 2383 989 2450 indumentis,
1019 2384 1060 2449 l,
1092 2384 1224 2439 Mar.

232 2450 345 2522 585.
379 2452 589 2507 Fenore
608 2493 623 2518 ,
654 2454 882 2522 pignore,
913 2454 953 2506 l.

230 2520 343 2576 584.
386 2522 626 2588 Virtutis,
656 2520 983 2592 operationis,
1017 2523 1056 2576 1.
1100 2553 1171 2564 -
1200 2524 1376 2594 lmpos
1395 2567 1409 2592 ,
1436 2525 1719 2594 impotens,

1829 2036 1959 2092 Mar.

1905 2105 2027 2159 585.
2071 2102 2252 2166 llaesit,
2282 2102 2553 2166 dubitavit,
2588 2102 2627 2155 Ι.

2059 2173 2352 2251 ρθιςςειινξκ,
2384 2173 2998 2251 operatio.:__Fatiscat,
3036 2180 3260 2251 deficiat,
3290 2181 3331 2238 l.

1908 2244 2029 2315 590.
2059 2243 2238 2315 ῌοᾴἱε,
2272 2242 2509 2295 brachiis.
2530 2273 2607 2315 _—-
2636 2244 2837 2311 Obliso,
2865 2242 3160 2315 arctatofl.

1905 2313 2030 2366 591.
2065 2310 2273 2380 Gulam,
2306 2322 2501 2381 guttur,
2530 2312 2569 2365 l.

1904 2384 2029 2437 595.
2065 2383 2251 2451 liapta,
2283 2389 2456 2452 rupta,
2481 2382 2521 2437 l.

1902 2452 2050 2591 φιλ
2088 2452 2199 2575 Ψέι,
2250 2452 2457 2523 largitas
2511 2456 2779 2509 avaritiam
2827 2457 3055 2528 genibus,
3107 2469 3154 2516 et
3183 2462 3401 2521 calcibus

1902 2540 1920 2575 r
1948 2539 1976 2575 ο
2016 2541 2029 2574 ι
2066 2563 2079 2587 ,
2135 2563 2147 2575 .

1830 2534 2079 2594 perfodit,
2109 2534 2147 2575 l.

1494 2611 2057 2671 COMMENTARIUS.

229 2704 580 2777 572.__Fabr.,
633 2705 811 2777 Egm.,
843 2705 1032 2777 Bong.,
1075 2707 1328 2771 incertus;
1376 2714 1499 2777 tunc
1530 2706 1721 2777 distin-

171 2774 328 2845 ctione
358 2774 624 2829 Nebrissae
655 2775 901 2829 utendum
952 2774 1053 2841 est,
1101 2791 1401 2845 quanquam
1452 2776 1567 2844 ipse
1615 2776 1720 2832 Ne-

170 2840 323 2915 brissa
352 2844 621 2915 intelligit,
647 2848 816 2899 aciem
845 2840 1364 2901 lubrica’re'incertos
1396 2840 1560 2902 visits.
1592 2846 1720 2901 Post

170 2912 295 2969 hunc
320 2912 610 2971 versum'in
640 2917 768 2971 Mar.
802 2925 855 2970 et
881 2917 999 2970 Rat.
1035 2917 1214 2971 titulus
1240 2927 1320 2970 est
1353 2916 1614 2984 Operatio.

230 2985 345 3039 575.
377 2986 522 3049 Ald.,
554 2988 675 3038 dum
701 2986 883 3041 subito.
927 2986 1108 3053 Fttld.,
1142 2996 1245 3039 tum
1275 2987 1460 3040 subito.
1495 2988 1546 3039 In
1588 2986 1723 3040 anti-

170 3054 273 3120 quis
299 3055 469 3121 edttis,
504 3056 794 3121 miseratio;
845 3058 894 3110 in
940 3073 1092 3119 mss.,
1138 3058 1381 3124 operatio.
1433 3056 1721 3111 Sichardus

169 3134 276 3179 ante
305 3124 594 3180 Giselinum
619 3125 757 3179 hanc
786 3142 966 3182 vocem
986 3127 1239 3181 restituit.
1270 3127 1508 3181 Alcimus
1537 3126 1721 3181 Avitus

169 3192 227 3245 de
270 3195 439 3251 Laude
468 3195 784 3261 virginitatis
814 3197 997 3251 eadem
1030 3212 1161 3251 voce
1190 3198 1384 3261 utitur,
1414 3205 1467 3249 et
1511 3196 1595 3248 alii
1628 3212 1723 3249 an-

168 3264 426 3337 tiquiores,
458 3266 856 3337 Tertullianus,
898 3266 1213 3337 Cyprianus,
1263 3267 1485 3335 Optatus
1523 3266 1720 3319 Milevi-

170 3339 325 3399 tanus,
347 3334 638 3406 Paulinus;
667 3338 733 3390 de
759 3351 859 3403 qua
888 3334 1020 3392 voce
1048 3337 1233 3391 confer
1277 3334 1632 3406 Roswcydum
1666 3338 1718 3390 in

168 3412 268 3456 not.
298 3405 359 3458 ad
383 3405 440 3460 S.
472 3404 749 3459 Paulinum
780 3421 896 3476 pag.
929 3407 1033 3462 763
1075 3416 1129 3462 et
1158 3421 1307 3475 seqq.
1350 3411 1413 3459 ad
1447 3404 1601 3460 verba
1634 3405 1721 3459 Ft-

168 3487 341 3545 ill-2Lth
372 3490 654 3529 OPEBATIO.
689 3476 818 3529 Hinc
839 3492 1000 3545 opera
1037 3476 1432 3543 misericordia},
1461 3486 1513 3528 et
1537 3476 1717 3531 titulus

1832 2705 2024 2775 fulmen
2052 2712 2098 2756 et
2118 2703 2293 2775 inops,
2338 2703 2476 2775 quod
2506 2706 2709 2775 respuit
2736 2706 2874 2760 ratio
2897 2711 3168 2766 carminis.
3197 2712 3252 2768 ln
3283 2714 3402 2771 aliis

1831 2773 2015 2842 impos,
2042 2773 2193 2842 cujus
2222 2774 2396 2841 glossa
2437 2774 2487 2826 in
2517 2773 2645 2826 Mar.
2676 2776 2943 2841 impotens.
3420 2784 3421 2787 “

2061 2841 2118 2895 In
2144 2842 2264 2896 Rat.
2295 2852 2563 2922 corrector
2583 2843 2772 2922 aliquis
2794 2846 2969 2914 inepte
2989 2863 3150 2922 avara
3178 2850 3284 2922 lues
3305 2868 3400 2922 pro

1828 2914 2075 2974 auaritia;
2104 2922 2379 2980 putaverat
2399 2913 2642 2982 fortasse,
2668 2913 2906 2971 ultimum
2931 2933 2963 2969 a
2988 2919 3039 2971 in
3061 2921 3271 2975 avaritia
3286 2913 3400 2979 car-

1828 2984 1955 3037 mini
1993 2984 2223 3036 obstare.

1901 3052 2027 3130 586.
2067 3052 2291 3130 Erfu_rl.,
2334 3053 2538 3130 fraudi,
2572 3056 2713 3130 quod
2743 3071 2847 3111 non
2874 3055 3117 3130 displicet
3160 3059 3397 3130 Heinsio,

1826 3122 2359 3194 qttieanilectionent
2389 3138 2453 3176 ex
2486 3122 2825 3192 Egtnoudano
2858 3122 3010 3194 petit,
3031 3131 3128 3183 nisi
3157 3132 3292 3187 male
3313 3122 3396 3187 in;

1828 3192 2552 3270 tellexcritHWt'ilziumhqui
2602 3197 2774 3270 solum
2824 3192 3180 3270 Erfurt’cnsem
3230 3203 3398 3270 perE

1826 3263 2040 3342 allegat.
2062 3262 2179 3342 Yid.
2241 3273 2353 3342 not.
2382 3262 2634 3342 adversus
2665 3267 2767 3342 5_5_5
2787 3280 2846 3342 et
2870 3267 3004 3342 _59_3.
3034 3262 3354 3342 Aldusffiis.
3376 3316 3393 3342 ,

1824 3333 2219 3412 Britig.,_Ang.,
2250 3333 2368 3412 vat.
2397 3334 2458 3409 tl,
2488 3345 2661 3391 restat.
2704 3337 2972 3392 lleinsiani
2991 3379 3005 3404 ,
3045 3333 3211 3405 Man,
3240 3333 3387 3412 Rat.,

1825 3405 2002 3468 Alcx.,
2027 3404 2217 3458 Weitz.
2247 3404 2461 3473 aliique,
2491 3415 2658 3461 restet.

1897 3474 2018 3527 587.
2061 3473 2321 3550 Calcatrix
2350 3477 2691 3550 "tamarix,
2732 3486 2786 3550 et
2823 3478 3032 3533 similia.
3084 3479 3396 3550 Calpurnius

169 3520 355 3619 suis.
374 3520 1008 3619 ‘c;5.:i;;;.ja;'z;..;:gs
1030 3520 1717 3619 sis';.;.'.;;;ai;.i6;s.;".;a:
1742 3520 1789 3585 ο
1821 3520 2363 3619 υειῑιῖμηνηῇςαιεαιον.
2395 3544 2539 3619 ipsa
2565 3520 2922 3603 ννξίίιῖιῖηῑῖιί
2944 3520 3392 3619 grauitatis:

167 3610 329 3683 minis,
359 3625 414 3669 ut
432 3610 696 3669 'nonnulli
731 3610 934 3685 putant,
964 3631 1030 3671 ex
1076 3617 1236 3671 Marci
1267 3610 1376 3682 itv,
1408 3616 1440 3671 6
1472 3634 1483 3668 :
1518 3610 1714 3670 Bonum

167 3694 277 3748 Opus
303 3694 505 3753 operata
533 3694 625 3739 est.

227 3753 339 3828 574.
389 3755 647 3809 Weitzius
675 3769 795 3810 cum
838 3755 1002 3826 Bong.
1030 3766 1084 3812 et
1120 3756 1254 3824 Erf.,
1288 3759 1524 3828 capescit.
1572 3756 1712 3813 Scri-

166 3817 375 3878 bendum
405 3840 529 3880 cum
563 3828 769 3881 caeteris
808 3817 1042 3882 canessit.

228 3893 339 3968 575.
368 3896 421 3968 in
449 3899 744 3968 vetustiore
792 3893 945 3963 Bob.,
979 3899 1144 3967 prima
1186 3899 1376 3966 duello,
1419 3896 1562 3968 quod
1590 3897 1715 3952 Gal-

165 3957 351 4019 lsndius
381 3967 433 4022 in
460 3967 607 4021 notis
633 3967 731 4022 sibi
781 3957 990 4036 placere
1038 3970 1130 4037 ait,
1184 3970 1326 4040 quod
1364 3957 1714 4039 'pr'tecesserit

165 4044 416 4099 postrema.

224 4101 337 4160 576.
373 4108 561 4173 Fabr.,
592 4116 697 4162 tam
724 4108 884 4163 triste.
917 4109 1181 4172 Barthius,
1225 4110 1316 4164 lib.
1354 4124 1422 4163 xu
1461 4110 1707 4172 Advers.,

166 4184 265 4244 φρ.
308 4178 395 4244 41,
427 4195 491 4234 ex
525 4180 626 4232 hoc
666 4182 779 4234 loco
808 4179 1077 4242 observat,
1127 4179 1455 4233 Christianos
1507 4194 1713 4232 manum

167 4242 407 4313 imponere
449 4249 765 4315 simpliciter
799 4263 1080 4317 usurpasse
1116 4264 1211 4319 pro
1240 4249 1515 4303 absolvere
1549 4269 1560 4303 :
1605 4246 1714 4299 Επ-

166 4319 349 4370 trentam
391 4335 603 4373 manum
631 4320 884 4386 imponere
912 4328 1118 4375 veteres
1148 4320 1411 4385 dicebant,
1445 4319 1529 4372 vel
1572 4333 1712 4371 sum-

167 4397 303 4451 mam,
332 4400 420 4443 aut
448 4404 761 4456 supremam.

223 4458 338 4530 {317.
383 4460 603 4530 Viennu
629 4462 876 4530 dejecerat
896 4477 913 4524 ;
935 4460 1122 4515 melius
1148 4461 1407 4530 rejecerat.

226 4522 340 4580 578.
382 4530 531 4595 Ald.,
567 4522 741 4594 Fnltl.,
779 4522 902 4583 Vat.
924 4530 985 4591 C.
1014 4522 1213 4583 exuviis
1230 4544 1322 4596 pro
1349 4529 1591 4596 induviis,
1615 4547 1711 4586 cu-

166 4591 438 4666 iusgglossa
470 4591 527 4652 in
574 4598 702 4652 Mar.
729 4591 736 4594 ’
759 4609 840 4653 cst
892 4591 1241 4652 indumentisf
1274 4600 1463 4665 Bong.,
1489 4591 1603 4655 Vat.
1634 4601 1673 4655 C
1695 4641 1710 4666 ,

166 4664 309 4738 multo
334 4685 383 4720 se
400 4670 537 4738 fasce
560 4669 768 4721 levarat.
803 4669 923 4723 Vat.
956 4670 1019 4736 ll,
1067 4670 1226 4733 male,
1268 4664 1505 4733 induviis,
1556 4664 1713 4725 multo

167 4741 205 4784 et
225 4734 350 4802 fasce
374 4734 605 4802 levarat;
637 4753 734 4793 nec
754 4739 941 4793 melius
968 4734 1085 4793 Vat.
1121 4738 1184 4804 G,
1214 4739 1449 4801 induviis,
1481 4751 1526 4793 at
1552 4744 1711 4794 multo

165 4806 358 4882 sefasce
405 4810 639 4882 levarat._
669 4806 898 4863 lmitatio
924 4818 1031 4864 est~
1057 4810 1288 4865 Maronis
1339 4809 1439 4862 ecl.
1488 4809 1552 4874 9,
1600 4809 1711 4882 Ego

165 4870 251 4946 hoc
270 4886 311 4929 te
343 4882 479 4946 fasce
509 4879 705 4933 levabo.

225 4942 530 5020 580.'Ald.,
586 4948 787 5020 Widm.
841 4962 1020 5019 supra,
1078 4949 1266 5020 Bong.,
1320 4949 1598 5004 miserendo
1654 4949 1711 5005 In

164 5018 409 5071 nonnullis
440 5023 606 5086 vulg.,
638 5019 833 5085 inopes.

222 5086 335 5161 58f.
380 5088 594 5161 Vienn.,
625 5088 757 5142 ntate
778 5088 1011 5159 prodiga.
1045 5089 1245 5146 Sensus
1276 5093 1492 5147 omnino
1520 5100 1707 5161 postu-

162 5150 247 5229 lat__
258 5155 387 5229 bene,
415 5150 650 5229 prodiga.

220 5223 333 5278 582.
377 5223 492 5301 Put.
524 5223 587 5283 et
602 5229 835 5301 'l‘huan.,_
860 5229 1036 5301 ditata
1084 5232 1256 5297 fidem,
1285 5247 1439 5301 quem
1483 5230 1707 5287 Graecis—

162 5305 288 5347 mum
318 5300 481 5352 nostri
508 5299 777 5367 prwcipni,
810 5299 986 5361 Alex.,
1017 5300 1171 5367 Man,
1207 5299 1350 5365 Ratl,
1384 5301 1577 5370 aliique
1606 5316 1711 5357 non

160 5376 469 5439 agnoscunt:
525 5383 696 5437 neque
737 5381 1060 5438 agnoverant
1105 5370 1194 5425 alii
1250 5383 1375 5426 ante
1420 5372 1711 5439 Heinsium,

162 5434 403 5509 quiillum
444 5434 721 5506 expressit.
758 5434 811 5492 lit
846 5439 1064 5500 Erfurt..
1097 5441 1385 5509 aspectabat
1415 5442 1610 5498 inanes.

222 5503 334 5560 585.
378 5503 531 5572 Rat.,
576 5520 815 5562 (sternam
862 5503 1167 5564 memorans:
1212 5512 1402 5565 Wettz.
1432 5528 1549 5565 curn
1603 5512 1717 5565 solo

160 5568 344 5631 Erfurt.
390 5593 418 5629 a
451 5568 558 5633 vet.
593 5594 768 5641 manu,
797 5579 1078 5642 reddendo,
1111 5581 1283 5634 minus
1311 5586 1462 5637 bene.
1516 5584 1587 5634 lle
1634 5582 1713 5635 fe-

159 5653 277 5714 nore
304 5648 351 5699 in
382 5650 534 5702 caelis
563 5649 803 5702 redituro
830 5650 950 5702 vide
983 5650 1162 5702 Matth.
1195 5667 1300 5714 xix,
1334 5650 1394 5705 21
1429 5662 1483 5704 et
1518 5650 1608 5705 ‘29.

220 5710 335 5790 5384.
377 5719 500 5790 Ald.
536 5729 585 5772 et
612 5729 739 5773 vett.
771 5720 917 5783 edd.,
960 5718 1151 5788 fulmen
1192 5710 1457 5790 inopsque.
1490 5720 1630 5788 qum]
1662 5720 1714 5773 in

157 5778 343 5843 Erfurt.
370 5789 601 5858 glossam
641 5790 801 5848 refert
828 5778 922 5861 pro
948 5778 1131 5862 impos.
1169 5790 1228 5848 in
1256 5778 1369 5851 Vati
1402 5790 1443 5851 Ω
1464 5778 1520 5849 el
1542 5790 1735 5859 Sichw

1822 3614 2152 3695 ests-speratio-
2180 3630 2272 3680 pro
2303 3616 2549 3695 operatio.

1892 3684 2027 3760 599_._
2057 3684 2243 3760 Aldus,
2274 3683 2399 3737 clise
2436 3695 2653 3754 gutture.
2689 3686 2964 3760 Weitzius,
3000 3691 3156 3746 obliso
3186 3693 3386 3760 robore,

1818 3770 1938 3811 cum
1963 3754 2264 3831 W_n_dm._,_in
2295 3769 2398 3822 quo
2418 3769 2577 3825 supra
2599 3766 2679 3811 est
2700 3768 2921 3826 gutture.
2943 3759 3145 3831 Legere
3174 3754 3391 3831 praestat

1818 3841 1938 3880 cum
1966 3826 2081 3878 aliis
2111 3824 2269 3877 obliso
2288 3824 2510 3893 gutture.

1887 3895 2010 3951 59f.
2053 3893 2274 3959 Erfurt.,
2304 3910 2589 3962 compressa
2627 3897 2814 3962 ligabat
2850 3898 3034 3955 Vincla
3076 3901 3381 3959 lacertorum

1816 3968 1908 4043 sub
1935 3978 2156 4043 mentum
2185 3965 2414 4034 faucibus
2452 3968 2621 4021 arctis.
2666 3965 2855 4038 Bong.,
2886 3968 3047 4041 Ang.,
3096 3989 3385 4043 compressa

1816 4038 2060 4091 liaabunt.

1856 4056 2265 4179 gggi‘ituil'ienn"
2311 4108 2557 4177 sanguine
2585 4118 2775 4178 rupto;
2816 4109 2958 4179 Rat.,
3007 4112 3201 4169 Boher.
3242 4127 3390 4171 vetu-

1816 4181 1969 4243 stior,
2014 4177 2209 4231 Widm.
2246 4194 2290 4249 ra
2342 4178 2567 4249 secunda
2598 4177 2778 4249 manu,
2809 4177 2979 4249 rupta.
3024 4181 3215 4240 Weitz.
3265 4181 3385 4241 cum

1818 4249 2015 4325 Erfurt.
2048 4250 2177 4317 (non
2221 4247 2516 4325 I'ngoutl.,_
2537 4257 2591 4325 ut
2615 4248 2859 4325 Heinsius
2876 4247 3108 4325 putavit)
3156 4256 3390 4311 scribere

1815 4320 2235 4391 voluitruntpta,
2284 4317 2424 4386 quod
2464 4317 2742 4391 abhorret.
2793 4317 3170 4391 Egnioudanus
3218 4336 3271 4379 et
3300 4327 3391 4383 alii

1816 4388 2109 4459 Heinsiani,
2140 4397 2307 4459 rapta,
2338 4388 2475 4456 quod
2502 4389 2658 4442 habet
2684 4388 3012 4458 Mar.,'Ald.,
3047 4396 3179 4459 Gis.,
3210 4395 3327 4449 Vat.
3353 4398 3392 4449 ϐ

1816 4458 2170 4533 c_t_ali_i._Pal.,
2205 4457 2408 4533 Ba_rtlt.,
2444 4469 2663 4533 raptam,
2687 4462 2829 4514 velut
2857 4457 3005 4533 dicat
3027 4457 3220 4533 (inquit
3262 4466 3390 4521 Bar-

1816 4527 1978 4651 fhius)
2008 4528 2168 4583 instar
2196 4528 2311 4580 talis
2330 4566 2347 4593 ,
2378 4531 2640 4597 quomodo
2664 4534 2958 4599 smpissime
2986 4527 3218 4603 loqui-tur
3245 4534 3389 4605 Apu-

1840 4613 1973 4651 elus.

1840 4613 1973 4652 61118.

1888 4667 2009 4722 591.
2054 4669 2186 4724 Veu.
2232 4667 2391 4733 Beda,
2424 4668 2517 4723 lib.
2548 4669 2613 4724 de
2645 4671 2772 4725 Arte
2802 4671 3044 4737 metrica,
3076 4673 3269 4727 asserit
3298 4690 3389 4729 ve-

1818 4746 1959 4793 teres
1982 4740 2232 4812 cxlulisse
2254 4740 2572 4804 intrrecepto,
2598 4750 2650 4812 ut
2680 4742 2858 4812 quinta
2888 4742 3015 4795 sede
3039 4742 3279 4812 dactylus
3311 4746 3388 4797 lu-

1817 4819 2049 4873 caretur,
2091 4809 2228 4876 quod
2262 4823 2363 4859 non
2394 4810 2698 4874 persuadet.
2728 4808 2858 4862 Vitle
2886 4819 2994 4863 not.
3026 4812 3091 4865 ad
3120 4808 3262 4867 vers.
3294 4815 3387 4870 98.

1738 4899 1790 4958 ι)
2046 4876 2440 4958 βιεΐηᾚθιιιμ,
2466 4879 2764 4958 σςηὶῡιιεηςι
2794 4880 3034 4958 calcibus.

1888 4951 2012 5004 598.
2044 4948 2216 5001 NnSll‘i
2237 4948 2658 5014 praestantiores.
2686 4949 2836 5001 Alex.
2858 4993 2870 5015 ,
2905 4949 3055 5013 Man,
3086 4951 3229 5014 ltat.,
3258 4952 3382 5005 alii-

1813 5035 1939 5090 que,
1967 5020 2235 5090 exstincto;
2270 5018 2449 5084 prnbe.
2481 5018 2535 5070 lu
2575 5018 2715 5090 Pul.,
2753 5028 2989 5090 extincto,
3020 5021 3070 5072 in
3102 5019 3239 5090 Erf.,
3262 5038 3386 5075 exu-

1819 5087 1896 5156 t'o,
1930 5090 2070 5157 quod
2116 5089 2166 5139 in
2198 5087 2348 5154 Egm.
2395 5097 2603 5159 exstare
2637 5089 2706 5142 ait
2754 5088 3015 5154 Heinsius,
3040 5091 3126 5159 qui
3159 5087 3386 5147 fortasse

1816 5161 2068 5225 deceptus
2098 5166 2177 5210 est
2212 5158 2609 5227 Egtnondantttn
2642 5160 2909 5227 accipiens
2934 5176 3027 5227 pro
3060 5158 3378 5225 l‘Irl'urlensi,

1814 5245 1969 5298 quem
2004 5227 2258 5281 Weitzius
2295 5229 2487 5279 laudat.
2522 5226 3339 5294 Falliturotiatn’Chamiliardus
3361 5273 3377 5296 ,

1816 5297 1902 5368 Qui
1951 5307 2191 5349 exstructo
2235 5298 2334 5365 lcgi
2383 5297 2431 5349 in
2462 5312 2561 5350 nis.
2595 5298 2740 5368 regit
2766 5298 3069 5362 Parisiensi,
3119 5300 3231 5355 sive
3264 5302 3380 5355 Put.

1821 5367 2349 5438 affirtnatHHciustus
2371 5377 2516 5435 putat
2560 5367 2838 5435 legendum
2893 5381 3061 5432 exuto,
3104 5371 3224 5438 quia
3253 5370 3386 5425 Pru-

1820 5440 2028 5493 dentius
2058 5432 2122 5492 eo
2150 5436 2311 5489 Verbo
2340 5432 2390 5489 iu
2426 5455 2480 5488 re
2507 5432 2661 5489 simili
2695 5450 2817 5490 usus
2848 5447 2949 5503 est,
2993 5451 3046 5493 et
3082 5432 3217 5493 idem
3250 5441 3385 5495 Pau-

1823 5509 1981 5573 littus,
2016 5521 2065 5559 vt
2113 5505 2470 5560 Tcrtullianus
2513 5516 2852 5574 usurparunt.
2888 5507 2991 5561 Sed
3017 5525 3079 5563 ea
3122 5512 3253 5564 ratio
3277 5527 3384 5566 non

1818 5590 1899 5632 est
1926 5582 2051 5631 satis
2078 5577 2310 5646 efﬁcax;
2341 5576 2598 5643 Siquidem
2630 5577 2816 5629 similia
2846 5581 3085 5646 exempla
3120 5579 3171 5632 in
3198 5582 3386 5639 exstin-

1817 5658 1896 5702 cto
1927 5662 2139 5714 possent
2170 5645 2411 5714 proferri.
2445 5647 2689 5700 Barthius
2712 5646 2832 5713 legit
2866 5645 3098 5700 emuncto.
3129 5650 3387 5705 Collatinus

1819 5735 1881 5773 ex
1915 5719 2110 5772 lletnsii
2143 5716 2444 5783 conjectura
2476 5728 2647 5771 exuto.
2699 5717 2950 5787 SUSpicur
2972 5719 3244 5787 antiquum
3268 5734 3387 5774 esse

1820 5791 2035 5846 verbum
2088 5797 2287 5854 exucta,
2324 5788 2461 5857 quod
2493 5789 2650 5843 etiam
2686 5790 2797 5861 lego
2823 5788 2875 5843 in
2903 5785 3182 5861 Helpidio:
3224 5787 3389 5851 Curva
