3960 6312
477 276 546 338 67
1576 281 1848 338 AURELII
1887 257 2250 338 pruinst
2288 278 2610 336 cunmm.
3295 295 3302 306 ’
3641 281 3714 338 os

653 394 821 470 639'
839 392 1061 455 Sordida
1091 396 1256 453 frusta
1283 397 1448 463 rudis,
1496 413 1595 454 nec
1623 401 1798 455 adhuc
1824 400 2040 456 fornace
2068 406 2121 465 Α

1687 493 1974 564 [recoctam

480 581 582 640 600
657 579 928 638 Materiem
959 600 973 637 :
1009 582 1165 637 tineis
1191 581 1353 637 etiam
1385 583 1652 650 marsupia
1675 583 1883 638 crebris

657 676 849 740 Exesa,
872 682 925 728 et
951 673 1148 728 virides
1180 673 1408 728 obducta
1441 674 1674 742 aerugine
1702 688 1948 729 nummos

661 768 921 836 Dispergit
945 777 1152 820 servata
1183 767 1294 831 diu,
1329 765 1514 822 victrix
1546 775 1601 821 et
1631 766 1816 836 egenis

657 856 906 924 Dissipat,
939 870 1002 911 ac
1028 865 1212 912 tenues
1238 857 1447 924 captivo
1472 871 1695 912 munere
1723 857 1906 912 donat.

659 946 809 1000 Tunc
844 944 1217 1001 circumfusam
1249 946 1396 1001 vultu
1441 947 1748 1004 exsultante
1793 961 2047 1001 coronam

665 1035 998 1106 Respiciens,
1030 1035 1224 1092 alacris
1263 1035 1438 1092 media
1467 1038 1606 1093 inter
1643 1036 1805 1092 millia
1831 1036 2046 1092 clamat.

657 1124 859 1183 Solvite
881 1126 1230 1194 procinctum,
1246 1126 1396 1195 justi,
1420 1127 1752 1182 etdiscedite
1771 1126 1840 1180 ab
1851 1127 2044 1181 armis:

657 1219 829 1272 Causa
860 1217 982 1272 mali
1013 1218 1141 1271 tanti
1165 1217 1309 1285 jacet
1339 1218 1638 1281 interfecta,
1666 1217 1908 1271 lucrandi

663 1309 894 1380 lngluvie
921 1319 1198 1379 pereunte,
1223 1310 1348 1366 licet
1372 1310 1712 1379 requiescere
1731 1309 1952 1364 sanctis.

665 1405 878 1462 Summa
892 1406 1043 1473 quies
1053 1404 1128 1458 nil
1147 1405 1284 1459 velle
1303 1419 1484 1474 super,
1503 1418 1661 1473 quam
1682 1403 1910 1472 postulet
1926 1417 2051 1456 usus

663 1501 916 1556 Debitus:
943 1508 1002 1555 ut
1021 1501 1244 1570 simplex
1267 1501 1544 1565 alimonia,
1574 1501 1738 1556 vestis
1762 1509 1817 1556 et
1845 1515 1944 1555 una

664 1589 828 1662 σω
863 1591 1107 1646 lnllrmos
1149 1599 1309 1660 tegat,
1349 1605 1414 1644 ac
1459 1599 1666 1646 recreet
1714 1590 2054 1645 mediocriter

1795 1683 1982 1752 [artus,

486 1035 588 1090 605

487 1500 590 1557 610

664 1773 1052 1843 Expletumque
1073 1774 1288 1828 modum
1315 1783 1518 1828 natura:
1545 1789 1650 1827 non
1679 1773 1857 1827 trahat
1877 1781 2047 1828 extra.
2081 1771 2130 1832 Β

668 1863 1006 1933 Ingressurus
1043 1865 1143 1920 iter
1170 1879 1351 1934 peram
1383 1879 1450 1919 ne
1477 1865 1672 1929 tollito,
1707 1879 1843 1919 neve

667 1953 740 2008 De
768 1954 957 2008 tunicae
995 1956 1215 2011 alterius
1241 1957 1536 2026 gestamine
1567 1957 1815 2024 providus
1844 1957 1916 2011 ito
1943 1975 1957 2010 :

491 2045 592 2100 615
667 2044 771 2099 Nec
798 2053 850 2100 te
874 2045 1123 2101 sollicitet
1150 2062 1236 2102 res
1268 2049 1527 2113 crastina,
1560 2063 1627 2102 ne
1651 2047 1800 2102 cibus
1831 2049 1947 2102 alvo

2321 398 2556 454 Defuerit
2587 415 2602 453 :
2631 401 2856 454 redeunt
2879 411 3019 454 esca:
3038 412 3159 454 cum
3180 397 3300 454 sole
3325 396 3556 452 diurnae.

2319 489 2509 544 Nonne
2535 489 2705 556 vides,
2729 497 2786 544 ut
2803 489 2950 544 nulla
2979 490 3155 544 avium
3176 503 3297 544 cras
3317 489 3535 558 cogitet,
3567 502 3629 542 ac
3655 503 3714 544 se

2318 580 2672 646 Pascendam,
2700 589 2990 651 praestante
3025 581 3155 644 Deo,
3186 595 3291 633 non
3317 579 3474 634 anxia
3501 579 3714 635 credat?

2323 672 2608 728 Confiduut
2634 671 2877 726 volucres
2905 670 3104 725 victum
3150 685 3255 723 non
3281 669 3470 724 defore
3495 671 3645 737 viles,

2149 764 2252 821 620
2325 763 2744 834 Passeribusque
2766 763 2953 820 subest
2979 762 3190 818 modico
3216 762 3503 817 venalibus
3531 777 3647 816 asse

2327 856 2625 912 Indubitata
2666 856 2822 923 fides,
2870 856 3156 911 Dominum
3195 870 3388 911 curare
3423 863 3716 924 potentem,

2328 949 2404 1005 Ne
2429 957 2678 1018 pereant:
2697 956 2754 1002 tu
2783 962 2914 1003 cura
2944 947 3059 1016 Dei,
3085 947 3249 1003 facies
3269 962 3486 1018 quoque
3500 947 3718 1014 Christi,

2325 1040 2408 1094 Au
2437 1039 2666 1104 dubitas,
2700 1054 2766 1093 ne
2795 1049 2846 1092 te
2876 1048 2996 1093 tuus
3019 1053 3248 1108 unquam
3275 1039 3722 1095 deseratauctor?

2328 1131 2406 1186 Ne
2449 1132 2735 1201 trepidate,
2776 1131 3061 1188 homines:
3091 1134 3214 1187 vita
3251 1133 3431 1199 dator,
3477 1142 3533 1187 et
3573 1134 3723 1188 dator

3360 1227 3525 1298 [escae
3553 1236 3655 1282 est.

2154 1315 2258 1372 625
2331 1314 2563 1382 Ουωτίιθ
2592 1315 2872 1370 luciferum
2899 1315 3105 1371 cmlesti
3133 1315 3385 1385 dogmate
3422 1324 3652 1385 pastum,

2326 1409 2590 1481 641ρυὶ
2607 1424 2754 1479 spem
2774 1409 3140 1478 multiplicans
3153 1409 3584 1464 alatiuvitiabilis
3599 1424 3726 1473 aeri,

2330 1502 2584 1572 Corporis
2611 1503 2954 1558 immemores
2983 1519 2998 1558 :
3022 1517 3230 1557 memor
3255 1512 3359 1567 est,
3377 1502 3468 1572 qui
3497 1502 3728 1557 condidit

3486 1594 3660 1666 [illud,

2331 1684 2683 1753 Suppeditare
2697 1683 2864 1748 cibos,
2894 1692 3051 1754 atque
3071 1683 3246 1751 indiga
3269 1685 3508 1738 membra
3535 1685 3728 1738 fovere.

2337 1776 2426 1828 Ilis
2456 1775 2611 1830 dictis
2639 1789 2780 1829 cura:
2809 1780 3020 1838 emotae,
3054 1783 3248 1838 metus,
3297 1784 3352 1828 et
3379 1773 3549 1840 labor,
3564 1785 3617 1829 et
3633 1776 3729 1836 vis,

2157 1866 2262 1922 650
2337 1867 2399 1919 Et
2429 1865 2623 1931 scelus,
2657 1874 2708 1920 et
2741 1865 2948 1934 placita:
2976 1864 3096 1919 fidei
3124 1865 3269 1919 fraus
3298 1864 3631 1929 inficiatrix,‘

2334 1956 2577 2024 Depulsze
2625 1963 2833 2010 vertere
2883 1955 3076 2009 solum.
3107 1955 3215 2009 Pax
3241 1956 3366 2010 inde
3393 1957 3584 2025 fugatis

2335 2046 2586 2101 Hostibus
2616 2046 2755 2100 alma
2779 2046 2942 2118 abigit
2982 2047 3200 2112 b‘ellum,
3231 2046 3546 2118 discingitur
3565 2046 3734 2101 omnis

1777 2141 2062 2200 GLOSSE
2103 2139 2437 2198 VETERES.

561 2229 683 2284 601.
712 2228 988 2297 Nummos,
1011 2233 1268 2298 denarios,
1294 2234 1334 2288 I.

565 2299 688 2371 (ῥοᾷ.
716 2301 949 2371 :I‘euues.
981 2317 1246 2371 pauperes,
1283 2303 1322 2355 ι.

565 2367 685 2444 606.
713 2367 1044 2444 Erociuctum
1057 2411 1071 2436 ,
1085 2367 1406 2444 :pai'ationem
1421 2372 1563 2444 belli,
1580 2373 1656 2428 vel
1677 2382 1996 2438 conuentum,
2013 2373 2052 2427 I.

563 2438 685 2509 609.
721 2439 976 2509 Postulat,
1006 2438 1218 2509 indiget,
1255 2443 1295 2498 Ι.

565 2507 686 2562 (ill.
724 2508 963 2578 Iiecreet,
990 2507 1222 2578 sustinet,
1257 2513 1295 2566 I.

2234 2235 2357 2289 617.
2392 2231 2480 2296 Ut,
2515 2232 2783 2299 quomodo,
2809 2229 2852 2284 I.

2235 2304 2358 2360 622.
2396 2303 2600 2366 Facies,
2633 2303 2822 2370 imago,
2856 2300 2895 2356 Ι.

2234 2375 2359 2430 625.
2390 2371 2705 2434 Luciﬂuum,
2745 2370 3038 2439 luciferum,
3064 2370 3166 2424 Iso.

2232 2443 2355 2497 626.
2384 2440 2713 2507 Invitiabilis,
2744 2439 3052 2494 inviolabilis
3078 2443 3214 2508 vita,
3245 2441 3347 2496 lso.

2233 2513 2356 2569 628.
2386 2512 2754 2582 Suppeditare,
2786 2510 2930 2564 dare.
2964 2541 3032 2551 —
3056 2511 3256 2582 Indiga,
3291 2512 3510 2580 egentia.
3543 2540 3614 2554 -—
3643 2513 3739 2568 Fo«

567 2577 933 2666 6I_4..Tunica3
956 2580 1198 2666 alterius,
1228 2582 1517 2666 significant
1544 2584 1699 2666 igitur
1726 2585 1844 2637 dua:
1872 2584 2057 2666 tunica
2160 2598 2331 2666 stage,“
2360 2577 2667 2666 refecillare,
2692 2580 2731 2634 Ι.

496 2649 859 2722 dubitationem
897 2650 1049 2722 ﬁdei;
1081 2653 1250 2722 utqui
1275 2649 1531 2708 Christum
1557 2649 1744 2722 induit,
1769 2655 2059 2708 vestimenta

496 2719 741 2790 perﬁdiis
753 2735 856 2790 uon
884 2720 1118 2790 attingat,
1154 2719 1190 2774 Ι.

565 2789 691 2845 615.
723 2788 831 2844 Nec
859 2798 910 2845 te
939 2788 1211 2858 sollicitet,
1240 2794 1420 2864 su/[icit
1449 2795 1550 2848 diei
1575 2811 1670 2850 sua
1697 2795 1912 2861 malitia,
1945 2793 1987 2847 I.

2233 2653 2355 2708 650.
2389 2651 2694 2719 Inficiatrix,
2727 2653 2975 2722 negatrix,
3009 2652 3313 2722 corruptrix,
3342 2651 3382 2705 Ι.

2233 2723 2357 2778 651.
2383 2723 2648 2789 Βερυῑεω.
2679 2721 3154 2793 omnes—Solum,
3180 2722 3430 2793 pulverem
3445 2731 3617 2789 teme,
3637 2723 3740 2777 lso.

2236 2794 2361 2849 652.
2397 2794 2741 2862 Disciugitur,
2766 2793 3014 2855 discessit,
3041 2790 3079 2845 I.

1827 2921 2386 2978 COMMENTARIUS.

1827 2923 2322 2978 COMMENTABIU
2374 2964 2386 2977 .

499 3031 587 3073 nec
635 3020 811 3086 exusto
859 3010 1161 3086 sulcabitur_
1183 3028 1271 3086 ore
1300 3023 1559 3086 senectus;
1604 3025 1659 3069 et
1687 3014 1917 3070 fortasse
1943 3015 2062 3070 inde
2091 3021 2136 3082 Ο
2241 2923 2366 3071 GMS.
2395 2979 2690 3080 Heiusiaui,
2721 3022 2776 3086 et
2805 3013 2971 3086 nostri
3004 3013 3389 3086 praecipui,ito,
3412 3029 3534 3070 cum
3567 3015 3745 3086 Sich.,

499 3082 921 3156 Hispauidicupt
948 3082 1201 3156 enjutold
1250 3085 1389 3154 quod
1439 3084 1638 3139 siccum
1683 3095 1784 3152 est,
1817 3097 1870 3140 et
1914 3087 2064 3154 quasi

499 3149 614 3216 sine
640 3168 819 3209 succo.
850 3149 1283 3214 Fortasseetiani
1330 3163 1510 3208 exacto
1557 3163 1640 3211 est
1667 3149 1820 3225 quasi
1862 3149 2067 3210 exsucta

501 3231 569 3284 ab
596 3241 803 3296 exsugo.
1003 3273 1012 3284 .

576 3298 698 3352 599.
723 3293 875 3370 'Erf.,
922 3296 1122 3353 Bartbii
1161 3294 1350 3362 codex,
1397 3293 1593 3364 Palat.,
1631 3305 1851 3362 recocta,
1895 3295 2071 3351 minus

504 3370 660 3425 bene.

579 3439 700 3492 600.
729 3437 875 3504 Put.,
913 3437 1196 3493 materiam.
1250 3434 1394 3490 Idem
1434 3443 1489 3492 et
1535 3435 1711 3505 Egm.,
1742 3435 1900 3501 tiniis,
1930 3437 2070 3504 quod

508 3509 641 3563 alias
670 3509 720 3560 in
750 3511 966 3579 optimis
995 3505 1490 3579 exemplaribusita
1517 3518 1794 3561 exaratum
1825 3507 2072 3579 liciusius

506 3575 801 3635 invenerat:
830 3581 1095 3634 Puteanus
1117 3577 1276 3630 etiam
1306 3575 1488 3630 scribit
1518 3579 1831 3646 marsuppia.
1857 3577 1964 3630 Nos
1987 3593 2074 3632 or-

509 3649 874 3718 thographiam
907 3647 1325 3718 cotnmuuiorem
1357 3648 1659 3718 sequimur1
1689 3647 1878 3718 Aldus,
1924 3663 2073 3701 men-

509 3715 660 3782 dose,
700 3715 901 3786 cinctis,
936 3736 1030 3789 pro
1057 3718 1234 3789 tineis.
1260 3715 1402 3770 Idem
1442 3717 1588 3789 A|_d.,
1623 3716 1758 3779 Gis.,
1789 3715 2071 3783 Weitzius,

508 3790 680 3862 etiam,
710 3806 894 3862 ineque
928 3787 1172 3862 dissentit
1197 3787 1463 3862 Heinsius:
1498 3787 1748 3862 Fortasse
1789 3789 1963 3841 verior
1995 3796 2076 3862 est

511 3859 668 3914 lectio
709 3857 899 3915 Vieun.
946 3869 998 3914 et
1044 3859 1290 3921 aliorum,
1343 3857 1490 3929 tineis
1545 3867 1589 3910 et
1619 3860 1731 3929 jam
1766 3859 2076 3929 marsupia;

509 3944 649 3999 saepe
681 3929 731 3983 in
760 3931 1034 3985 codicibus
1061 3930 1328 3982 veteribus
1367 3927 1632 3999 dictiones
1657 3927 2073 3997 conjuuguntur,

508 3997 712 4122 gt'rlion
767 4000 919 4054 facile
970 4007 1219 4067 appareat
1273 3997 1608 4066 quandoque,
1651 4001 1789 4052 sitne
1833 4014 1953 4065 una,
2010 4013 2076 4052 an

546 4082 613 4122 un
639 4084 724 4122 ex.

546 4082 724 4122 UDICX.

580 4085 911 4201 ἔδειξἰδιιιύ..
943 4136 1143 4207 Widm.
1176 4150 1354 4202 supra,
1387 4137 1632 4189 subducta
1669 4139 1912 4207 aerugine.

579 4207 701 4276 604.
741 4206 926 4276 Bong.,
951 4206 1124 4269 Sich.,
1149 4207 1365 4256 multum
1390 4210 1692 4276 iasultanle,
1718 4206 1862 4261 nullo
1889 4222 2074 4262 sensu.

517 4275 596 4331 Ex
629 4274 808 4345 Fuld..,
835 4273 941 4328 tum
969 4290 1066 4346 pro
1088 4284 1395 4346 tuncuotat
1424 4273 1704 4330 Wcitzius.

582 4346 705 4416 606.
737 4342 882 4411 Itat.,
905 4342 1036 4416 justi
1063 4342 1443 4416 discedile_sitte
1463 4357 1531 4398 et.

2173 3087 2370 3142 Weitz.
2417 3095 2472 3138 et
2500 3085 2639 3138 aliis.
2675 3081 2976 3154 Ald.,76is.
3006 3081 3068 3137 in
3110 3081 3274 3147 textu,
3308 3094 3434 3148 esto,
3479 3087 3620 3154 quod
3665 3081 3745 3143 est

2173 3158 2436 3226 glossema
2463 3157 2513 3208 in
2550 3153 3034 3226 Erfurt.7W_eitzius
3051 3155 3267 3220 excudit
3292 3153 3508 3221 tonicaz,
3526 3157 3651 3226 quia
3677 3160 3745 3212 ita

2171 3223 2298 3295 legit
2331 3227 2382 3279 in
2412 3227 2600 3294 Bong.,
2631 3225 2771 3294 quod
2800 3223 3079 3278 ridiculum
3107 3233 3208 3280 est.

2242 3297 2364 3352 6l5.
2397 3295 2700 3351 Emulatus
2729 3303 2809 3348 est
2844 3300 3086 3348 nostrum
3121 3295 3478 3350 Columbanus
3505 3313 3517 3348 :
3553 3295 3668 3350 Nec
3701 3308 3746 3352 te

2171 3365 2406 3423 sollicitet
2432 3365 2731 3438 circumflua
2773 3365 2935 3438 copia
2963 3379 3148 3424 rerum.
3176 3365 3442 3421 Albertus.
3488 3366 3605 3438 Eyb
3639 3383 3743 3422 nou

2171 3439 2328 3502 bene,
2381 3453 2440 3490 ne
2478 3446 2524 3489 te
2560 3435 2819 3501 sollicitet,
2853 3435 3005 3504 pejus
3036 3449 3164 3496 vero
3203 3449 3344 3490 vers.
3393 3449 3508 3506 seq.
3536 3435 3742 3492 deserit

2175 3522 2273 3578 pro
2294 3506 2527 3578 defuerit.

2245 3569 2368 3631 616.
2393 3577 2570 3645 Egm.,
2591 3574 2731 3640 Erf.,
2751 3569 2947 3638 Palat,
2972 3572 3242 3645 Barthius,
3269 3591 3382 3629 cum
3403 3578 3508 3630 sole
3534 3576 3748 3632 diurno.

2245 3647 2369 3702 619.
2415 3643 2613 3711 Oxon.,
2645 3661 2744 3698 non
2785 3646 2956 3712 defore
2991 3646 3124 3698 vitaz.
3158 3643 3291 3699 Vide
3322 3645 3509 3702 Matth.
3541 3661 3618 3711 vt,
3656 3646 3747 3714 26,

2180 3725 2235 3773 et
2258 3734 2313 3780 x,
2343 3718 2434 3772 29.
2734 3731 2756 3754 ν

2247 3788 2367 3842 625.
2423 3787 2552 3840 Tres
2607 3785 2931 3839 vetustiores
2985 3783 3276 3851 Heiusiaui,
3327 3783 3465 3853 PaL,
3525 3785 3748 3853 Weitz.,

2182 3858 2453 3926 Barthius,
2486 3856 2608 3926 Vat.
2642 3854 2707 3920 lI,
2747 3855 3038 3926 addubitas.
3065 3854 3207 3920 Ald.,
3241 3855 3376 3914 Gis.,
3416 3857 3577 3926 ᾼιιεη
3606 3856 3748 3912 Vatt.

2177 3929 2240 3998 C,
2272 3928 2332 3994 F,
2369 3925 2432 3990 G,
2465 3925 2530 3991 Ο,
2553 3935 2606 3980 et
2635 3925 3143 3998 Albertqs__Eyb.,an
3166 3927 3386 3998 dubitas.
3418 3925 3751 3998 Marulla"

2179 3995 2355 4064 AIex.,
2392 3998 2562 4061 Sich.,
2608 3997 2796 4064 Bong.,
2844 3995 3068 4061 Widm.,
3110 4005 3160 4047 at
3191 3995 3411 4050 dubitas.
3457 3995 3638 4062 Fuld.,
3673 4007 3753 4052 ast

2181 4070 2400 4125 dubitas.
2429 4067 2641 4132 Vienn.,
2677 4082 2765 4118 nec
2792 4076 2857 4130 te,
2898 4064 3054 4132 male,
3098 4079 3191 4135 pro
3217 4083 3278 4122 ne
3299 4077 3363 4122 te.
3391 4067 3532 4124 Idem
3560 4069 3752 4124 deseret

2183 4155 2279 4210 pro
2304 4140 2522 4210 deserat.

2251 4209 2373 4264 624.
2416 4208 2561 4274 Ald.,
2604 4206 2794 4275 Bong.,
2835 4205 2951 4258 vita:
2979 4204 3127 4275 dator
3162 4214 3244 4275 est
3295 4206 3442 4258 dator
3483 4223 3635 4262 escit.
3681 4207 3752 4262 Ita

2182 4281 2297 4350 Eyb
2321 4283 2370 4331 in
2409 4273 2686 4346 Margarita
2722 4273 2953 4350 poetica.
2988 4273 3042 4328 Iu
3075 4273 3376 4350 Aldgmnlg
3407 4277 3743 4350 interpungi-

2186 4342 2271 4404 tur
2298 4351 2411 4401 vita:
2447 4342 2617 4409 dator,
2650 4342 2892 4398 est'dator
2917 4361 3061 4398 esca’.
3099 4345 3150 4398 In
3187 4344 3303 4399 Vat.
3336 4342 3401 4410 C,
3432 4342 3747 4412 vitte'dator,

582 4415 703 4470 607.
736 4386 1138 4470 Codc’xJBarthii
1167 4412 1450 4468 mendosus
1476 4417 1576 4468 hoc
1603 4415 1718 4470 loco
1746 4431 1900 4470 causa
1934 4416 2071 4470 mili-
2101 4386 2152 4446 Β
2179 4386 2391 4474 dator
2411 4435 2535 4472 escre
2552 4387 2701 4471 deest
2729 4416 2944 4470 verbum
2968 4415 3354 4472 substantivum
3377 4387 3467 4470 est.

516 4487 666 4542 tanti.

585 4556 704 4609 608.
741 4555 892 4620 Mar.,
923 4555 1094 4620 Sich.,
1129 4554 1319 4623 Bong.,
1351 4554 1560 4620 illuvie;
1592 4555 1806 4625 rectius,
1835 4555 2072 4625 ingluvie.

584 4628 710 4688 609.,
740 4625 953 4697 weitz.,
999 4641 1154 4697 supra
1194 4625 1554 4694 quam.~Ald..
1586 4624 1727 4692 Gis.,
1769 4624 1930 4693 Ang.,
1964 4625 2070 4697 alii,

515 4699 756 4768 postulat.
805 4696 935 4750 Vide
967 4695 1352 4751 Columbanum
1397 4698 1640 4768 carmine
1675 4705 1860 4749 contra
1889 4695 2078 4768 Avari-

503 4763 662 4831 tiam.
696 4767 966 4822 Seuteutia
997 4782 1155 4820 aurea
1187 4777 1290 4832 est,
1317 4766 1408 4818 sed
1442 4763 1766 4834 pervulgata,
1800 4767 2078 4836 magisque

517 4843 567 4892 in
595 4853 689 4891 ore
721 4838 995 4892 hominum
1016 4851 1174 4906 quam
1206 4836 1385 4906 invita
1413 4839 1722 4906 conspicua.

586 4908 708 4962 610.
739 4908 881 4968 Atd.,
913 4916 956 4960 et
982 4905 1216 4977 simplex.
1244 4905 1432 4959 Votum
1463 4905 1563 4960 hoc
1589 4916 1671 4961 est
1697 4906 1842 4960 Pauli
1874 4910 2032 4975 epist.
2058 4907 2078 4960 I

515 4979 581 5031 ad
610 4977 843 5031 Timoth.
877 4993 947 5040 v1,
980 4978 1011 5031 8
1038 4995 1049 5028 :
1083 4977 1336 5030 Habentes
1361 4985 1527 5030 autem
1555 4978 1816 5038 alimenta,
1845 4987 1948 5032 etc.
1979 4977 2079 5032 Ve-

517 5049 612 5102 stis
667 5062 767 5101 una
810 5048 965 5119 etiam
1008 5047 1327 5119 exprimitur
1375 5062 1438 5100 ex
1486 5048 1710 5101 consilio
1767 5047 2079 5119 evangelico

518 5119 747 5172 Matthxi
777 5134 829 5185 ς,
858 5117 890 5171 9
919 5125 970 5170 et
1001 5117 1085 5170 10.

591 5187 712 5241 612.
755 5187 812 5240 Iu
862 5186 1038 5252 Fuld.,
1092 5202 1191 5239 non
1242 5187 1410 5239 trahat
1453 5186 1607 5240 ultra.
1652 5188 1706 5240 In
1760 5187 1887 5242 edit.
1923 5188 2078 5243 Colo-

516 5261 684 5312 niensi
714 5259 778 5309 ad
809 5258 1096 5326 marginem
1121 5258 1237 5326 lego
1263 5255 1379 5308 Ald.
1411 5268 1669 5310 naturam.
1697 5257 1959 5326 EXplicari
1983 5275 2078 5325 po-

520 5337 648 5394 test,
672 5325 784 5380 Non
807 5330 980 5381 trahat
1006 5333 1154 5380 extra
1184 5325 1442 5382 naturam.
1485 5327 1587 5382 Sed
1621 5325 1786 5383 Aldus
1815 5342 1962 5382 meus
1985 5329 2079 5382 ha-

519 5399 608 5450 bet
660 5407 869 5452 naturw.
919 5397 1121 5452 Rursus
1174 5397 1371 5464 duplex
1419 5397 1584 5452 editio
1639 5397 1831 5453 Aldina
1886 5397 2078 5467 conjici

559 5477 719 5522 otest.

522 5483 719 5592 politiis;
751 5537 884 5603 Erf.,
917 5554 1016 5590 non
1049 5538 1230 5592 tollito.
1277 5537 1457 5600 FuId.,
1490 5553 1580 5589 nec
1632 5539 1816 5604 tollito,
1863 5553 1970 5593 non
2012 5540 2080 5594 ita

522 5607 678 5663 bene.
708 5609 973 5676 Expressa
994 5610 1251 5664 sententia
1275 5617 1440 5662 estex
1465 5607 1746 5677 Evangelio
1768 5609 1948 5662 Matth.
1977 5608 2078 5663 Ioc.

523 5680 649 5746 cit.;
677 5677 838 5736 Marc.
870 5693 944 5750 VI,
971 5678 1156 5744 8et9;
1183 5680 1307 5733 Luc.
1335 5693 1407 5742 ix,
1439 5678 1501 5741 3;
1533 5689 1585 5732 et
1613 5693 1744 5745 χχιι,
1777 5680 1869 5737 55.

2227 4489 2373 4543 -62ὕ,
2425 4487 2682 4543 Weilzius
2729 4501 2849 4539 cum
2895 4486 3010 4540 solo
3040 4483 3238 4540 Widm.
3281 4502 3309 4538 a
3357 4488 3528 4554 prima
3571 4503 3754 4548 manu,

2182 4559 2389 4630 quterite
2420 4555 2922 4630 luci/luunt._(_ilos_s_a
2954 4555 3122 4630 l_s_onis
3148 4555 3473 4630 diversuest
3503 4557 3682 4630 lectio.

2247 4628 2373 4685 626.
2405 4625 3118 4699 Erfurt.,Aldqalittutarq
3148 4625 3295 4699 Ital.)
3328 4626 3658 4699 Alex.._Vat.
3687 4626 3754 4692 II,

2178 4699 2446 4763 Barthius,
2481 4695 2906 4763 Put.,Weitzius,
2929 4694 3351 4764 Heins.,Widm.
3392 4711 3421 4750 a
3447 4694 3618 4764 prima
3644 4711 3726 4750 ma

2179 4785 2248 4824 nu
2279 4767 2594 4821 invitiabilis.
2620 4767 2762 4820 Rott.
2789 4767 2956 4830 prior.
2984 4765 3197 4829 Vienu.,
3223 4765 3397 4830 Sich.,
3428 4766 3753 4820 insatiabilis.

2181 4839 2447 4892 Heiusiaui
2465 4839 2722 4904 plerique,
2745 4833 2889 4903 ΑΜ,
2911 4833 3134 4898 Erfurt.,
3153 4835 3350 4895 Widm.
3370 4850 3554 4904 supra,
3582 4837 3720 4904 Aug.
3743 4877 3760 4902 ,

2182 4909 2303 4963 Vat.
2331 4909 2395 4971 fi,
2433 4907 2706 4978 Eyhelius,
2739 4907 2903 4978 'I‘oru.
2935 4905 3260 4978 inviolabilis.
3294 4907 3359 4978 In,
3390 4905 3510 4978 Vat.
3545 4905 3650 4971 BB,
3685 4909 3759 4958 iu-

2180 4979 2431 5032 violabilis
2463 4976 2615 5039 orbis,
2635 4991 2788 5044 supra
2821 4976 2968 5027 aliter
2993 4977 3103 5027 wvi.
3127 4977 3396 5030 Sententia
3417 4977 3610 5030 borum
3633 4991 3760 5028 ver-

2180 5064 2334 5103 suum
2360 5064 2423 5101 ex
2453 5048 2713 5110 Matthm,
2741 5047 2819 5117 53
2839 5064 2864 5117 :7
2888 5045 3117 5117 Qua’rile
3134 5062 3250 5117 ergo
3281 5046 3497 5116 primum
3546 5062 3760 5117 regnum

2184 5117 2296 5180 Dei,
2325 5127 2369 5170 et
2389 5121 2494 5170 haec
2517 5120 2682 5169 omnia
2713 5115 3018 5185 adjiciantur
3037 5114 3195 5167 vobis.

2253 5189 2374 5244 630.
2403 5187 2670 5244 Heiusiaui
2703 5183 2968 5248 meliores,
3003 5185 3180 5252 Alex.,
3203 5184 3358 5249 Man,
3391 5183 3585 5240 Weitx.
3645 5185 3761 5239 alii-

2184 5274 2307 5328 que,
2339 5259 2558 5325 placitw.
2590 5257 2775 5319 Aldus,
2807 5256 2942 5320 Gis.,
3005 5253 3121 5328 Va_t.
3171 5255 3211 5308 C
3239 5255 3458 5328 aliique,
3521 5256 3757 5328 placidis.

2252 5301 2376 5384 .
2414 5328 2588 5392 Fuld.,
2611 5301 2831 5380 evertere
2870 5301 3052 5380 solum.
3081 5301 3385 5396 Legendut‘u
3413 5301 3621 5379 vertere.
3657 5327 3762 5378 Isn-

2183 5400 2265 5453 nis
2293 5399 2464 5465 glossa
2496 5409 2574 5451 est
2606 5398 2857 5462 pulverem
2890 5411 2984 5465 pro
3037 5395 3222 5451 solum.
3257 5395 3385 5453 Vide
3433 5411 3551 5466 quae
3582 5395 3760 5450 natavi

2183 5469 2248 5524 ad
2278 5468 2519 5522 Cathem.
2557 5470 2807 5531 hymnum
2833 5468 2888 5531 5,
2916 5481 3060 5520 vers.
3090 5466 3215 5521 129.

2253 5538 2375 5596 652.
2406 5539 2550 5602 Aid.,
2577 5533 2718 5602 Vat.,
2750 5537 2810 5602 C,
2839 5536 3022 5600 Fabr.,
3056 5536 3219 5603 Bong.
3261 5549 3287 5586 τι
3309 5533 3544 5588 secunda
3602 5550 3762 5588 manu

2185 5609 2503 5664 discinditur.
2531 5609 2604 5662 Ita
2635 5610 2790 5661 etiam
2823 5609 2874 5661 in
2907 5616 3014 5661 vet.
3044 5606 3136 5660 lib.
3167 5603 3294 5674 legit
3337 5603 3580 5660 Gifanius
3613 5621 3623 5656 :
3656 5603 3760 5659 Sed

2185 5695 2252 5736 ex
2297 5694 2452 5734 versu
2493 5679 2732 5748 sequenti
2785 5686 2924 5749 patet
2994 5675 3378 5745 praeferendum
3431 5675 3762 5744 discingitur.
