3960 6312
171 346 231 403 69
1506 349 2051 408 PSYCHOMACHIA.
3341 366 3409 425 το

324 446 540 521 Terror,
569 466 625 513 et
643 455 845 512 avulsis
869 458 1121 513 exfibulat
1148 458 1240 514 ilia
1256 458 1423 526 zonis,

323 546 500 602 Vestis
526 548 593 601 ad
622 562 791 616 usque
823 548 985 617 pedes
1015 550 1343 604 descendens
1366 552 1548 607 defluit
1566 555 1721 619 imos,

166 642 256 697 655
325 642 673 710 Temperatet
694 639 932 709 rapidum
958 644 1159 709 privata
1190 644 1443 700 modestia
1459 662 1720 716 gressum.

325 731 665 787 Cornicinum
686 745 847 785 curva
876 746 981 785 tera
1004 732 1164 787 silent
1190 750 1203 786 :
1235 735 1507 803 placabilis
1540 737 1727 807 implet

326 821 579 891 Vaginam
611 821 817 890 gladius
843 838 854 872 :
887 821 1069 876 sedato
1110 833 1163 877 et
1193 826 1407 893 pulvere
1428 829 1600 897 campi

321 913 465 969 Suda
498 914 636 968 redit
665 913 829 967 facies
857 912 1070 982 liquida:
1091 915 1207 970 sine
1223 917 1361 971 nube
1384 917 1512 983 diei,

324 1006 651 1075 Purpuream
681 1005 867 1059 videas
886 1008 1009 1061 cali
1040 1007 1335 1063 clarescere
1366 1009 1559 1064 lucem.

161 1098 257 1151 orto
322 1096 483 1166 642
514 1096 737 1164 Agmina
762 1104 908 1149 casta
939 1111 1102 1165 super
1146 1099 1348 1153 vultum
1377 1114 1597 1155 sensere
1622 1100 1725 1155 To-

1478 1193 1654 1246 nanus

1478 1207 1580 1246 nan

326 1280 577 1334 Am’dere
603 1279 821 1343 hilares,
851 1278 1003 1347 pulso
1020 1280 1333 1348 certamine,
1367 1192 1581 1347 tur[mae,

323 1371 385 1423 Et
414 1370 684 1423 Christum
713 1369 948 1437 gaudere
974 1370 1084 1423 suis
1114 1371 1398 1425 victoribus
1426 1386 1547 1427 arce

332 1460 586 1524 :litheris,
611 1474 673 1513 ac
690 1461 917 1529 patrium
938 1460 1147 1515 famulis
1158 1463 1367 1530 aperire
1381 1462 1717 1529 profundum.

322 1554 418 1605 Dat
446 1553 659 1619 signum
687 1550 810 1604 felix
833 1551 1152 1615 Concordia,
1174 1552 1401 1607 reddere
1425 1554 1615 1607 castris

159 1641 253 1697 6l5
320 1644 577 1697 Victrices
605 1644 827 1711 aquilas,
858 1652 1015 1711 atque
1045 1645 1096 1696 in
1125 1644 1353 1698 tentoria
1382 1646 1522 1713 cogi.

319 1734 598 1803 Nunquam
624 1745 763 1787 tanta
790 1736 884 1787 fuit
905 1736 1132 1802 species,
1158 1750 1254 1789 nec
1287 1750 1380 1805 par
1435 1737 1597 1790 decus
1624 1738 1717 1791 ulli

322 1825 538 1886 Militiae,
570 1839 692 1878 cum
720 1824 996 1894 dispositis
1019 1824 1175 1880 bifida
1201 1827 1411 1894 agmina
1440 1828 1593 1895 longe

318 1918 547 1973 Duceret
567 1918 861 1984 ordinibus,
906 1918 1139 1986 peditum
1180 1920 1442 1987 psallente
1484 1930 1714 1987 caterva,

314 2012 413 2065 Ast
441 2013 539 2064 alia
562 2012 631 2065 de
657 2022 805 2081 parte
834 2013 1069 2085 equitum
1082 2010 1469 2067 resonantibus
1486 2013 1713 2083 hymnis.

155 2103 249 2159 650
315 2104 431 2158 Νοη
457 2105 613 2158 aliter
636 2105 827 2159 cecinit
850 2115 1155 2172 respectans
1184 2104 1354 2159 victor
1377 2106 1608 2161 hiantem

317 2196 478 2249 lsrael
512 2196 711 2249 rabiem
742 2195 886 2263 ponti
917 2204 1033 2264 post
1065 2204 1211 2265 terga
1238 2196 1479 2263 minacis,

308 2286 441 2341 Cum
466 2285 574 2355 jam
602 2285 943 2355 progrediens
973 2286 1206 2339 calcaret
1232 2286 1405 2341 littora
1431 2288 1575 2343 sicco

314 2376 576 2431 Ulteriora
606 2377 760 2444 pede,
785 2375 1123 2445 Stridensque
1162 2392 1258 2445 per
1309 2378 1515 2434 extima
1552 2379 1712 2436 calcis

1751 471 1804 528 Α

1749 1836 1801 1897 Β

2011 467 2159 520 Mons
2189 466 2660 535 rueretpeudentis
2675 482 2849 539 aquae,
2880 469 3165 543 nigrosque
3193 476 3408 545 relapso

1834 558 1957 623 655,
2015 556 2235 626 Gurgite
2248 558 2501 612 Nilicolas
2526 559 2687 613 lundo
2715 559 3075 629 deprenderet
3102 564 3231 629 imo,

2004 648 2163 719 653
2188 649 2265 705 Ac
2285 649 2541 704 reﬂuente
2570 648 2692 705 sinu
2732 651 2842 720 jam
2865 654 3114 711 redderet
3153 656 3289 711 unda
3321 672 3411 712 na-

3145 746 3333 815 [talum

2006 827 2267 893 Piscibus,
2299 840 2354 886 et
2374 832 2543 887 nudas
2567 848 2806 903 praeceps
2834 836 3070 904 operiret
3108 851 3316 893 arenas.

2003 918 2237 974 Pulsavit
2264 936 2458 979 resono
2474 924 2797 981 modulantia
2821 936 3073 997 tympana
3103 929 3304 998 plectro

2001 1013 2179 1069 Turba
2229 1016 2345 1083 Dei,
2399 1020 2677 1077 celebrans
2715 1023 2931 1089 mirum,
2962 1038 3023 1079 ac
3059 1027 3405 1085 memorabile

2052 1179 2058 1185 _
3136 1116 3334 1185 [smclis

1828 1193 1932 1247 660
2002 1194 2393 1264 Omnipotentis
2420 1214 2573 1268 opus,
2604 1200 2829 1271 liquidas
2858 1203 2998 1258 inter
3029 1205 3159 1261 freta
3191 1209 3332 1277 ripas

2005 1284 2278 1341 Fluctibus
2300 1289 2500 1355 incisis,
2531 1300 2585 1345 et
2608 1294 2932 1349 subsistente
2956 1297 3186 1364 procella

2000 1375 2275 1445 Crescere,
2300 1396 2691 1452 suspensosque
2718 1386 2905 1455 globos
2951 1390 3188 1457 potuisse
3210 1396 3397 1447 teneri.
3444 1389 3450 1397 ’

2002 1468 2109 1531 Sic,
2135 1484 2433 1540 expugnata
2450 1475 2696 1529 vitiorum
2728 1488 2902 1545 gente,
2926 1482 3185 1534 resultant

2001 1562 2218 1631 Mystica
2246 1565 2565 1620 dulcimodis
2594 1569 2843 1624 virtutum
2885 1573 3116 1626 carmina
3160 1574 3396 1643 psalmis.

1824 1654 1928 1708 665
2005 1654 2435 1713 Ventumcratad
2472 1660 2652 1717 fauces
2668 1675 2834 1731 porta:
2873 1667 3179 1731 castrensis,
3209 1669 3297 1722 ubi
3320 1685 3397 1723 ar-

3181 1770 3321 1814 ctum

2994 1778 3009 1791 -
3181 1770 3321 1814 ctum

2003 1835 2221 1890 Liminis
2245 1838 2514 1893 introitum
2544 1840 2698 1894 bifori
2728 1843 2855 1896 dant
2899 1845 3114 1901 cardine
3144 1758 3395 1905 c[laustra.

1999 1925 2241 1980 Nascitur
2265 1926 2349 1981 hic
2379 1928 2588 1998 inOpina
2618 1932 2742 1985 mali
2776 1933 3136 2001 lacrymahilis
3162 1950 3277 1995 astu

1997 2018 2325 2087 Tempestas,
2359 2022 2576 2088 placida:
2620 2024 2877 2080 turbatrix
2907 2028 3079 2082 invitia
3110 2029 3283 2098 Pacis,

1994 2111 2121 2177 Quae
2145 2120 2345 2165 tantum
2378 2113 2549 2167 subita
2603 2126 2821 2201 vexaret
2862 2118 3012 2174 clade
3044 2123 3385 2193 triumphum.

1820 2202 1923 2257 670
1996 2202 2139 2257 Inter
2159 2203 2426 2258 confertos
2450 2220 2651 2260 cuneos
2673 2208 2967 2264 Concordia
2995 2212 3153 2279 forte,

1996 2294 2131 2348 Dum
2161 2296 2351 2364 stipata
2378 2297 2562 2360 pedem
2588 2299 2695 2365 jam
2727 2302 2853 2355 tutis
2898 2305 3161 2359 mmnihus
3215 2309 3390 2374 infert,

2003 2384 2214 2454 Excipit
2243 2387 2509 2441 occultum
2530 2387 2641 2442 vitii
2667 2389 2918 2446 latitantis
2940 2393 3006 2449 ab
3034 2394 3141 2449 ictu

1410 2516 1695 2577 GLOSSIE
1735 2517 2076 2579 VETERES.

203 2627 322 2700 655.
358 2629 475 2693 Ilia,
503 2629 753 2683 intestina.
780 2656 849 2700 -—7
872 2626 1052 2700 Zonis,
1081 2628 1316 2700 cingulis,
1355 2628 1392 2683 l.

200 2698 321 2753 655.
360 2700 595 2762 Privata,
627 2698 879 2767 specialis,
914 2698 951 2751 Ι.

200 2768 320 2823 656.
349 2767 720 2834 Cornicinum,
774 2768 907 2822 tuba:
959 2770 1108 2824 silent
1133 2784 1152 2823 :
1183 2768 1342 2839 gladii
1368 2768 1712 2824 reconduntur

140 2839 744 2991 ΠΤ
772 2910 984 2991 -ε
1036 2909 1176 2991 nube
1200 2910 1327 2991 diei,
1372 2911 1709 2991 perturbatio-

137 2979 242 3041 sis,‘
267 2982 376 3034 sine
402 2982 656 3044 vindicta;
678 2979 785 3033 dies
812 2981 915 3033 disi
936 2990 1126 3033 eructat
1156 2979 1380 3047 verbum,
1428 2980 1470 3035 Ι.

189 3047 333 3127 659.-
352 3052 704 3119 Purpuream,
735 3050 975 3105 virtutum
995 3052 1123 3120 legio
1150 3052 1359 3121 gaudet,
1399 3052 1529 3105 victo
1549 3061 1708 3105 certa-

384 3189 712 3244 Prolundum
744 3235 758 3261 ,
810 3192 1131 3245 altitudinem
1154 3229 1170 3257 ,
1212 3190 1251 3245 1.
1286 3191 1663 3246 Sublimitatens
1690 3232 1704 3257 ,

208 3276 249 3310 r.

208 3276 249 3313 l'.

1885 2632 2008 2716 616.
2041 2632 2340 2716 Nunquam,
2370 2642 2548 2687 turnus
2573 2634 2898 2704 psallentium
2917 2642 3157 2707 equitum,
3190 2660 3250 2697 ac
3303 2663 3389 2716 pe-

1813 2702 2078 2765 destrium,
2106 2702 2148 2755 I.

1883 2772 2007 2826 647.
2042 2773 2229 2836 Bilida,
2261 2774 2401 2835 bina,
2431 2773 2472 2826 Ι.

1882 2841 2004 2916 651.
2036 2843 2211 2916 Ponti,
2242 2844 2507 2916 mariaA—
2534 2844 2773 2916 M_inacis,
2798 2850 3388 2916 perturbationem‘sem-

1813 2913 2253 2997 perintminentem
2272 2913 2549 2992 signiﬁcat,
2576 2914 2614 2967 Ι.

1883 2982 2007 3036 655.
2042 2981 2272 3045 Extima,
2300 2982 2573 3048 exteriora,
2614 2984 2653 3038 Ι.

1874 3046 2767 3135 .655.Nilicolas.,.1§qutiacos,-qui
2793 3056 2842 3110 Ν
2848 3057 2972 3135 ilum
2987 3062 3173 3116 colunt.
3214 3062 3382 3135 ligu-

1920 3122 2225 3195 _sign_i_ﬁcant
2247 3121 2437 3195 diaboli
2452 3121 2824 3195 instigationes,
2872 3126 2912 3180 Ι.

2037 3193 2209 3271 lpida,
2240 3193 2406 3261 gratia
2434 3192 2621 3271 dicina,
2652 3213 2739 3271 p_er
2761 3213 2912 3267 quant
2938 3213 3216 3271 asserunt,
3270 3204 3380 3261 lso.

1882 3262 2005 3315 665.
2037 3261 2330 3324 Resultant,
2380 3261 2717 3331 exsul:ant,l.

196 3331 319 3409 δή.
356 3331 491 3395 Dat,
529 3330 801 3384 concordia
820 3330 965 3401 jubet
1007 3331 1247 3385 reducere
1282 3332 1465 3384 vexilla
1519 3332 1572 3385 in
1624 3346 1709 3384 cs.
1733 3346 1781 3409 ο
2036 3333 2189 3409 Astu,
2224 3334 2377 3401 ferro,
2402 3335 2476 3387 vel
2502 3336 2712 3409 astutia,
2734 3336 2770 3409 ξ.

353 3470 600 3540 Aquilus,
630 3470 835 3527 vexilla.
860 3498 932 3515 ς·-
952 3469 1115 3540 Cogi,
1147 3472 1465 3541 congregari,
1500 3473 1540 3524 l.

1880 3401 2007 3472 668.
2039 3402 2372 3472 Tempestas,
2406 3408 2706 3472 persecutio,
2734 3406 2776 3461 l.

1873 3469 1997 3528 6'“.
2028 3469 2249 3543 Stipaia,
2275 3469 2605 3540 circumdata,
2630 3474 2669 3532 Ι.

1476 3607 2028 3669 COMMENTARIUS.

190 3730 311 3785 655.
345 3730 456 3784 Pro
480 3725 761 3799 exfibnlere
789 3726 962 3781 solum
994 3724 1340 3781 Prudentium
1367 3726 1545 3783 laudat
1573 3716 1703 3783 Fur-

128 3800 363 3854 cellinus.
400 3797 584 3853 Otium
611 3797 899 3853 iudieatur.

188 3870 308 3923 635.
335 3868 602 3923 Weilzius
624 3881 745 3921 cum
775 3866 1002 3931 Gifanio,
1027 3866 1175 3920 vestis
1201 3874 1247 3920 et
1290 3882 1445 3933 usque
1472 3881 1575 3920 non
1618 3883 1703 3920 ve-

126 3942 207 3993 stis
226 3942 293 3991 ad
324 3955 509 4007 usque.
538 3936 778 3992 Gilanius
807 3937 970 3990 verbo
994 3936 1241 3991 DISCINDO
1283 3936 1527 4007 affirmat,
1549 3954 1704 4005 usque

123 4023 213 4079 pro
243 4010 312 4062 ad
344 4006 512 4077 usque
537 4007 964 4079 eleganteridici;
1016 4016 1068 4060 et
1098 4008 1260 4079 verbo
1279 4006 1470 4079 Vneris
1488 4008 1701 4079 asserit,

124 4076 430 4135 veteresita’
447 4092 733 4147 usurpasse
749 4078 897 4147 cujus
919 4076 1180 4147 ignoratio
1209 4076 1454 4131 mendum
1486 4078 1533 4129 in
1569 4076 1703 4131 Pru-

62 4218 67 4223 _
125 4148 298 4223 denuo
328 4149 625 4223 pepererit.
654 4146 907 4217 Displicet
934 4146 984 4200 id
1012 4146 1251 4215 Heinsio,
1284 4161 1382 4202 nec
1427 4147 1555 4202 mihi
1577 4161 1704 4203 sane

176 4230 309 4274 acet.

124 4222 310 4343 “36%;:
348 4288 585 4351 Erfurt.,
616 4295 859 4355 temperat
882 4296 925 4340 et
950 4286 1201 4340 rabidum.

188 4360 311 4413 6'57.
347 4358 647 4422 Giselinus,
672 4358 848 4409 sedato
887 4357 1093 4426 pulvere
1114 4358 1228 4412 sine
1258 4365 1324 4409 et.

189 4431 313 4485 658.
349 4430 411 4485 In
442 4428 577 4490 Erl.,
611 4429 780 4495 nuda;
812 4426 875 4479 ad
902 4442 1091 4495 marg.,
1121 4429 1269 4479 suda.

185 4500 387 4571 640.1n
424 4494 694 4571 nonnullis
708 4497 851 4571 vulg:
869 4494 1074 4571 agmina
1086 4508 1223 4571 casta
1236 4498 1532 4571 sim_ui,cur_n
1546 4496 1695 4571 Egm.

188 4570 313 4627 662.
345 4567 701 4640 Apocalypsis
724 4565 883 4640 tu,’2l
905 4565 929 4619 ἒ
967 4567 1068 4633 Qui
1097 4568 1268 4640 vicerit
1295 4568 1430 4640 dabo
1462 4565 1705 4640 eisedere

124 4636 603 4697 mecnmin'throno
630 4636 927 4690 meonicut
976 4645 1022 4707 et
1073 4652 1164 4707 ego
1206 4638 1322 4701 vici,
1370 4647 1415 4690 et
1444 4636 1552 4690 sedi
1592 4652 1704 4689 cum

126 4708 275 4761 Patre
306 4725 422 4761 meo
448 4709 501 4760 in
527 4711 707 4759 throno
724 4709 851 4773 eius.
880 4707 933 4758 ln
967 4706 1175 4761 Manet
1199 4708 1381 4772 Alcm,
1422 4722 1555 4769 arce,
1582 4722 1703 4761 cum

124 4780 287 4835 tribus
316 4776 975 4847 veterrimislleinsianis,
1017 4776 1156 4845 quod
1200 4778 1415 4847 placet:
1466 4780 1565 4830 hoc
1601 4786 1701 4839 est,

120 4850 170 4902 iu
196 4866 319 4904 arce
352 4849 598 4903 (mlieris.
626 4846 868 4900 Heinsius
899 4848 1076 4900 nescio
1105 4846 1511 4914 cursttSpicalur
1539 4862 1700 4913 arces,

121 4936 234 4972 cum
268 4920 476 4972 haheat
501 4932 667 4971 arcem
697 4918 749 4970 in
783 4920 1063 4986 plerisque.
1084 4917 1351 4980 Barthius,
1374 4917 1466 4969 lib.
1502 4931 1551 4981 v,
1582 4932 1700 4985 cap.

119 4990 204 5054 l2,
239 4991 368 5059 legit
402 4996 679 5059 arcent,iet
718 4986 866 5041 affert
895 4987 1143 5059 glossam,
1174 4987 1246 5059 _id
1284 4995 1364 5040 est
1392 4987 1696 5059 imperium.

186 5056 315 5113 645:
346 5058 503 5122 Ald,
528 5056 710 5120 Fabr.,
739 5070 971 5126 portum;
993 5065 1047 5110 et
1090 5057 1337 5111 Nebrissa
1390 5057 1700 5124 interpreta-

120 5139 198 5182 tur
224 5145 322 5198 pro
345 5142 521 5198 regno
549 5127 772 5198 caelesti,
800 5127 920 5198 quia
941 5137 1118 5193 portus
1149 5142 1253 5195 quo
1285 5127 1612 5195 profundior,
1633 5143 1697 5182 eo

118 5195 544 5269 securior.VAera
576 5195 731 5269 lectio
755 5197 973 5269 patrium
989 5198 1317 5269 profundum,
1354 5200 1503 5269 cuius
1523 5198 1697 5269 glossa

117 5270 165 5321 in
187 5269 345 5332 Mala,
382 5267 439 5321 id
474 5276 555 5322 est
590 5267 966 5320 sublimitatem.
1006 5266 1132 5320 Vide
1156 5266 1421 5323 Gil‘aniutn
1449 5266 1561 5321 Ind.
1597 5269 1699 5321 Lu-

113 5349 269 5405 tret.,
302 5338 481 5405 verbo
513 5337 847 5392 Paoruxouu.
906 5337 1031 5392 Post
1060 5337 1198 5392 hunc
1228 5352 1436 5393 versum
1482 5337 1535 5392 in
1566 5338 1695 5393 Mar.

113 5404 401 5477 inscriptio
428 5404 738 5477 Concordia.

184 5476 306 5533 646’.
326 5476 831 5549 ‘Aldusexcuderat
851 5492 994 5549 spes;
1012 5478 1313 5535 emendavit
1330 5488 1473 5534 reste
1486 5480 1695 5549 species.

114 5548 278 5612 idem,
314 5546 465 5601 Deus
485 5547 783 5619 ulli.__Ang.,
834 5546 985 5603 decus
1031 5565 1273 5618 unquam.
1312 5546 1704 5605 Verior'lectio

112 5634 198 5671 nec
229 5637 326 5685 par
357 5620 522 5685 decus
552 5617 663 5671 ulli.

180 5684 309 5749 61.8.
338 5687 400 5747 In
430 5684 558 5740 Vat.
588 5686 653 5750 ll,
685 5687 939 5746 mendose
988 5687 1202 5744 Duceret
1239 5688 1533 5746 hordinibus
1561 5688 1703 5759 pedi-

113 5770 215 5813 tum
242 5770 469 5828 stupere
492 5766 735 5819 cateruas.

1879 3727 2005 3785 650.
2035 3724 2300 3780 Giselinus
2328 3734 2506 3780 monet
2559 3725 2697 3779 hunc
2726 3741 2931 3781 versum
2978 3744 3081 3783 non
3110 3745 3226 3785 esse
3252 3747 3382 3789 sen-

1807 3797 2268 3872 tentiaesuperiori
2295 3796 2701 3872 conectendum,
2738 3806 2791 3849 ut
2814 3798 2899 3872 alii
2927 3799 3099 3872 inepte
3113 3800 3374 3858 fecerant.

1810 3867 2093 3922 Historiam
2126 3882 2327 3921 sacram
2363 3867 2525 3921 habes
2554 3880 2669 3934 cap.
2702 3882 2789 3919 xrv
2836 3868 3020 3924 Exodi.

1878 3938 2002 3993 651.
2037 3938 2090 3992 ln
2123 3937 2390 3993 nonnullis
2420 3937 2583 4004 vulg.,
2616 3938 2871 3990 minantis.

1877 4006 1999 4061 655.
2036 4006 2260 4071 Erfurt.,
2285 4007 2461 4071 callis;
2493 4020 2674 4073 supra,
2706 4005 2880 4059 calcis.
2916 4064 2927 4073 ι

1878 4076 2004 4132 654.
2038 4076 2292 4151 Weitziu_s
2318 4092 2436 4151 cum
2467 4076 2602 4151 Erl._,
2652 4074 2880 4151 ⁵ὶδζὶᾳιηη
2915 4079 3156 4151 _repulso,
3216 4096 3376 4151 supra

1804 4148 2004 4221 relapso
2026 4158 2128 4221 tam
2157 4149 2208 4201 in
2242 4145 2354 4201 Erf.
2382 4161 2539 4216 quam
2571 4146 2623 4200 in
2652 4144 2851 4201 Widm.
2904 4144 3112 4214 Cte'teri,
3146 4144 3377 4221 relapso;

1804 4216 1949 4283 Pul.,
1973 4216 2165 4271 relaxa.
3256 4216 3265 4221 ’
3360 4216 3366 4218 ⁷

1812 4359 1826 4371 ⁸
1876 4288 2002 4345 655.
2038 4288 2175 4355 Erf.,
2205 4287 2471 4354 Niliacos;
2498 4286 2640 4344 idem
2670 4297 2724 4345 et
2766 4288 3033 4355 Barthius,
3082 4290 3380 4361 dependeret

1805 4374 1996 4483 ""656.
2035 4426 2256 4483 Natatus
2284 4430 2497 4484 nomine
2549 4443 2674 4485 usus
2701 4440 2783 4485 est
2840 4431 3036 4497 Apoth.
3066 4444 3204 4485 vers.
3236 4431 3367 4484 684.

1805 4498 2007 4554 Eodem
2040 4498 2253 4554 nomine
2281 4499 2610 4555 substantive
2636 4501 2798 4555 utitur
2830 4498 3032 4555 Statius
3059 4498 3189 4553 Silv.
3225 4500 3314 4553 tib.
3337 4517 3378 4564 i,

1804 4566 2219 4692 “illisieicihm
2252 4638 2352 4695 hac
2378 4639 2444 4693 de
2468 4654 2526 4693 re
2553 4638 2752 4710 hymno
2782 4640 2815 4693 5
2843 4639 3021 4703 Catb.,
3050 4652 3189 4692 vers.
3227 4638 3295 4692 65
3323 4645 3379 4692 et

2030 4776 2251 4857 Piccarti
2272 4776 2477 4857 codex,
2498 4777 2832 4831 multimodis.
2876 4847 2887 4857 ι
2968 4847 3004 4857 “
3072 4845 3121 4857 Η

1875 4848 1998 4903 665.
2025 4849 2181 4913 Ang.,
2216 4846 2283 4897 ad
2307 4846 2421 4898 belli
2451 4849 2618 4915 fauces
2644 4847 2933 4901 castrensis.
2967 4847 3039 4899 Ex
3072 4845 3153 4915 his
3182 4847 3371 4900 carmi-

1805 4917 1959 4972 nibus
1981 4916 2178 4982 colligit
2207 4914 2467 4980 Barthius,
2516 4917 2733 4970 militem
2790 4915 2949 4969 fuisse
3000 4914 3369 4970 Prudentium.

1807 4988 1891 5042 vel
1922 4996 2066 5042 certe
2091 4986 2157 5038 ab
2185 5000 2249 5039 eo
2274 4987 2404 5038 scite
2432 4986 2658 5039 describi
2692 4996 2894 5053 portam
2925 4994 3247 5040 castrensem
3278 4987 3371 5048 ait,

1805 5058 1926 5128 quia
1956 5057 2007 5110 in
2034 5056 2584 5128 castris_militaverat.
2637 5055 2831 5128 Confer
2884 5056 3045 5128 vitam
3100 5055 3367 5128 Prudentii

1806 5125 1859 5185 in
1894 5129 2185 5199 prolegom.
2220 5125 2403 5179 Plures
2425 5137 2753 5189 erantnortm
2785 5126 2836 5180 in
2888 5126 3123 5205 castris;
3160 5125 3227 5205 de
3256 5127 3371 5192 qni-

1805 5199 1901 5251 lius
1929 5196 2205 5253 Turnebus
2233 5194 2321 5249 lib.
2356 5212 2459 5249 xxx
2518 5196 2765 5261 Advers.,
2793 5212 2909 5265 cap.
2942 5196 3033 5261 26,
3070 5195 3277 5262 Lipsms
3306 5198 3378 5249 de

1805 5268 1986 5322 Militia
2020 5267 2173 5320 Rom.
2204 5265 2501 5330 lib.v,dial.
2526 5267 2577 5321 5.
2621 5267 2899 5322 l‘osthunc
2934 5280 3144 5322 versum
3163 5265 3213 5319 in
3241 5265 3369 5319 Mar.

1807 5338 1991 5409 titulus
2017 5334 2305 5409 Discordia,
2340 5345 2392 5409 et
2437 5336 2750 5409 charactere
2807 5338 3013 5391 minuto
3047 5346 3375 5409 cognomento

1804 5407 2027 5463 hwresis.
2056 5406 2129 5459 Ita
2160 5406 2319 5460 etiam
2352 5407 2403 5459 in
2436 5406 2552 5461 Ral.

1879 5478 2001 5532 667.
2028 5478 2082 5531 lu
2114 5476 2426 5545 quibusdam
2449 5477 2613 5545 vulg.,
2647 5477 2763 5529 hinc
2796 5492 2891 5546 pro
2916 5477 3015 5529 hic.

1878 5547 2002 5603 669.
2037 5546 2178 5612 Ald.,
2211 5547 2438 5612 vexat-it;
2489 5547 2598 5612 alii,
2638 5545 2857 5600 vexaret.
2893 5546 3042 5616 Apud
3093 5545 3282 5599 Aldmn
3320 5556 3376 5602 et

1807 5618 1940 5673 alios
1968 5618 2068 5672 hoc
2093 5618 2207 5671 loco
2234 5618 2414 5672 titulus
2443 5616 2737 5671 Concordia:
2764 5626 2811 5670 et
2866 5616 3132 5672 discordia:
3179 5631 3376 5687 pugna.

1878 5688 2001 5745 670.
2032 5687 2170 5756 Erf.,
2200 5702 2308 5746 non
2335 5689 2492 5754 bene,
2516 5690 2644 5743 inter
2656 5697 2909 5744 consertes
