3960 6312
495 5044 505 5077 i
573 5035 710 5091 Vati.
745 5036 809 5101 G,
842 5040 904 5101 υ,
930 5034 1071 5102 Altl.,
1108 5034 1225 5087 Rat.
1259 5049 1287 5085 a
1307 5034 1474 5100 prima
1506 5051 1663 5087 manu
1691 5047 1937 5091 structum
1962 5043 2007 5087 et
2034 5048 2141 5085 ser-

590 427 656 486 ’11
1694 434 1963 491 AURELII
2001 435 2146 492 PRUJ

2272 437 2365 495 Τιι
2401 436 2727 494 CARMINA.
3763 445 3809 499 73

746 537 1048 595 Mucronem
1076 540 1209 598 ltevo
1239 542 1293 598 in
1342 543 1529 611 latere,
1582 546 1881 615 squalentia
1929 549 2244 618 quamvisA

762 629 926 702 644
952 632 1113 688 Texta
1154 642 1401 691 catenato
1442 636 1571 693 ferri
1618 636 1919 693 subtemine
1973 654 2165 710 corpus

592 720 694 775 675
766 721 1066 791 Ambirent,
1098 726 1229 782 sutis
1257 737 1313 783 et
1341 743 1565 785 acumen
1597 729 1828 786 vulneris
1861 730 2034 787 hamis

767 808 1115 879 Respuerent,
1145 814 1332 887 rigidis
1363 832 1461 875 nec
1490 819 1578 875 fila
1605 820 1813 875 tenacia
1845 820 1999 875 nodis

778 896 1065 969 Impactum
1090 902 1325 961 sinerent
1346 917 1626 976 penetrare
1648 908 1700 964 in
1723 908 1924 964 viscera
1976 908 2158 965 telum.

760 990 896 1043 tiara
928 1000 1101 1048 tamen
1126 994 1575 1067 chalybem‘tenui
1592 999 1953 1057 transmittere
1966 1011 2160 1070 puncto

760 1081 1122 1140 Commissura
1154 1087 1320 1153 dedit,
1368 1104 1470 1158 qua
1522 1103 1643 1146 sese
1696 1101 1931 1146 extrema
1984 1089 2161 1161 polita

579 1169 685 1225 680
757 1170 987 1242 Squama
1016 1173 1145 1246 ligat
1162 1178 1375 1247 tunica,
1397 1180 1547 1235 sinus
1567 1188 1623 1236 et
1641 1180 1740 1236 sibi
1763 1176 1999 1236 conserit
2016 1195 2159 1238 oras.

756 1260 932 1318 Intulit
960 1264 1063 1321 hoc
1088 1266 1282 1323 vulnus
1311 1266 1591 1338 pugnatrix
1622 1269 1844 1338 subdola
1874 1269 2027 1324 victa:

764 1355 957 1422 Partis,
985 1366 1040 1414 et
1066 1357 1293 1415 incautis
1321 1358 1609 1417 victoribus
1629 1359 1874 1415 insidiata
1897 1370 1999 1416 est.

754 1443 905 1513 Nam,
935 1448 1088 1517 pulsa
1128 1449 1401 1518 culparum
1440 1448 1574 1514 acie,
1618 1449 1893 1505 Discordia
1945 1457 2159 1505 nostros

754 1532 981 1591 intrarat
1004 1551 1224 1605 cuneos,
1253 1539 1451 1595 sociam
1484 1540 1705 1595 mentita
1748 1540 1987 1609 ﬁguram.

577 1621 683 1678 685
757 1625 933 1681 Scissa
982 1628 1165 1695 procul
1206 1629 1361 1703 palla,
1390 1640 1652 1688 structum
1692 1641 1745 1686 et
1774 1638 2025 1699 serpente
2066 1628 2158 1683 fla-

2445 549 2597 605 Lzesa
2626 548 2782 612 cutis,
2818 555 3027 603 tenuem
3064 548 3293 618 signavit
3326 551 3584 622 sanguine
3606 553 3781 609 rivum.

2450 640 2723 695 Exclamat
2750 638 2919 693 virtus
2946 638 3123 695 subito
3152 639 3361 696 turbata
3385 660 3396 694 :
3427 642 3565 710 Quid
3595 643 3697 698 hoc
3722 646 3807 700 est?

2269 730 2371 787 695
2442 729 2570 797 Quae
2622 744 2807 787 manus
2837 730 2925 786 hic
2966 730 3177 787 inimica
3209 730 3384 789 latet?
3416 749 3534 804 quas
3582 750 3807 805 prospera

3548 821 3567 896 [
3588 834 3755 880 nostra

2447 913 2720 980 Vulnerat,
2743 922 2799 969 et
2825 913 3029 969 ferrum
3058 922 3202 969 tanta
3235 914 3378 970 inter
3402 914 3595 985 gaudia
3621 917 3803 971 vibrat?

2441 1004 2579 1072 Quid
2599 1004 2753 1074 juvat
2784 1004 3071 1060 indomitos
3093 1003 3234 1060 bello
3261 1004 3482 1062 sedasse
3511 1004 3740 1070 furores,
3796 1038 3803 1047 ς

2442 1092 2509 1149 Et
2536 1104 2778 1150 sanctum
2803 1094 2947 1149 vitiis
2970 1094 3317 1165 pereuntibus
3346 1110 3505 1151 omne
3540 1104 3804 1166 receptum,

2438 1182 2491 1239 Si
2505 1184 2672 1239 virtus
2686 1185 2785 1239 sub
2798 1182 2934 1239 Pace
2950 1185 3090 1239 cadit
3106 1183 3129 1239 τ
3153 1184 3378 1254 Trepida
3390 1182 3601 1256 agmina
3616 1195 3808 1241 mestos

2265 1273 2366 1329 700
2438 1272 2765 1331 Convertere
2786 1276 2973 1331 oculos
2998 1292 3010 1328 :
3041 1274 3275 1332 stillabat
3301 1277 3537 1334 vulneris
3565 1278 3723 1334 index

2439 1364 2657 1421 Ferrata
2686 1366 2754 1422 de
2779 1376 2927 1422 veste
2955 1380 3137 1431 cruor,
3184 1382 3308 1422 mox
3340 1376 3395 1423 et
3442 1384 3605 1438 pavor
3627 1370 3809 1424 hostem

2436 1454 2691 1511 Cominus
2716 1466 2980 1513 astantem
3023 1457 3237 1527 prodit:
3269 1472 3391 1513 nam
3431 1459 3602 1529 pallor
3633 1460 3688 1515 in
3715 1474 3806 1525 ore,

2436 1545 2695 1604 Conscius
2724 1548 2940 1603 audacis
2965 1547 3106 1615 facti,
3132 1547 3222 1603 dat
3248 1548 3398 1619 signa
3418 1561 3619 1617 reatus,

2439 1637 2504 1692 Et
2529 1637 2790 1708 deprensa
2822 1646 3054 1695 tremunt
3084 1638 3343 1710 languens
3365 1654 3579 1705 manus,
3601 1651 3655 1696 et
3685 1640 3812 1697 color

1862 1720 1987 1791 [83”
1998 1734 2085 1773 “m
3521 1730 3539 1791 Ῐ
3554 1732 3754 1786 albens.

1863 1730 2085 1791 [genum
3554 1732 3754 1786 albens.

758 1808 1245 1879 Multiplici,media
1269 1826 1576 1882 camporum
1604 1813 1657 1867 in
1688 1820 1865 1880 strage
1888 1811 2151 1881 jacebaul.
2263 1817 2367 1873 705
2441 1816 2762 1874 Circumstat
2790 1835 3015 1890 propere
3040 1820 3240 1877 strictis
3262 1730 3604 1877 mucronibus
3633 1822 3793 1877 omnis

754 1901 869 1970 Ipsa
900 1902 1173 1957 redimitos
1195 1902 1310 1959 olea
1342 1903 1621 1959 frondente
1654 1903 1871 1972 capillos
2181 1914 2230 1975 Β
2436 1908 2703 1964 Virtutum
2741 1909 2904 1980 legio,
2932 1912 3223 1980 exquirens
3252 1910 3491 1967 fervente
3516 1913 3741 1967 tumultu

748 1994 1057 2061 Ostentans,
1089 1994 1239 2051 festis
1269 1998 1557 2066 respondet
1580 1997 1697 2051 laeta
1727 1997 1972 2052 choreis:

742 2086 902 2159 655
943 2089 1046 2146 Sed
1089 2090 1252 2144 sicam
1286 2090 1385 2145 sub
1429 2099 1577 2146 veste
1608 2090 1757 2159 tegit,
1802 2099 1874 2154 te,
1908 2088 2139 2143 maxima

1340 2182 1357 2194 °
1846 2180 2066 2251 [virtus,

570 2268 673 2327 690
744 2272 821 2328 Te
864 2272 1032 2327 solam
1066 2281 1213 2328 tanto
1241 2288 1271 2328 e
1301 2289 1545 2342 numero,
1578 2274 1897 2342 Concordia,
1933 2275 2072 2329 tristi

748 2363 960 2418 Fraude
982 2371 1194 2434 petens,
1229 2364 1323 2419 sed
1354 2380 1459 2419 non
1490 2364 1670 2419 vitalia
1700 2380 1947 2434 rumpere
1975 2364 2115 2417 sacri

666 2522 673 2527 Δ
744 2452 1335 2525 Corporisestlicitum:
1368 2464 1754 2512 summotenus
1780 2457 1976 2511 extima
1998 2465 2141 2510 tactu

1885 2566 2171 2625 GLOSSE
2213 2564 2553 2624 VETERES.

2322 2700 2448 2755 691.
2484 2699 2693 2763 Vitalia,
2727 2698 2937 2763 viscera,
2969 2697 3010 2753 1.

2320 2770 2445 2825 692.
2480 2770 2707 2835 Extima,
2738 2776 2983 2838 extrema,
3014 2768 3054 2822 l.

2318 2840 2443 2894 697.
2478 2840 2647 2905 Bello,
2677 2840 2836 2907 ferro,
2863 2837 2900 2891 Ι.

2316 2910 2441 2981 702.
2462 2909 2736 2974 COuiinus,
2762 2911 2933 2981 juxta,
2963 2910 3039 2964 vel
3063 2908 3499 2980 propius.—-0re,
3526 2911 3584 2965 in
3604 2910 3813 2981 fecie,l.

2319 2980 2441 3035 706.
2478 2981 2793 3049 Exquirens,
2825 2980 3165 3049 interrogans,
3200 2981 3301 3037 Iso.

2322 3051 2446 3122 707.
2480 3051 2714 3122 Sectam,
2745 3049 3051 3122 doctrinam,
3086 3052 3291 3122 dagma,
3316 3051 3357 3106 l.

2321 3120 2697 3243 70.8.1Cujatis,
2738 3119 2802 3175 de
2841 3136 2941 3188 qua
2980 3131 3124 3192 gente
3156 3119 3318 3176 'missa
3369 3130 3533 3187 esset;
3574 3122 3655 3179 vel
3679 3124 3817 3190 cuius

2321 3208 2349 3243 η
2375 3207 2437 3243 ts.
2480 3229 2493 3243 .

2255 3200 2493 3263 gentis,‘l.

1920 3323 2478 3381 COMMENTARIUS.

645 3419 770 3473 67⁸5.
800 3418 859 3474 In
886 3417 1007 3473 Rat.
1059 3426 1334 3475 corrector
1363 3418 1598 3488 poetices
1629 3418 1841 3487 ignarus
1871 3432 1967 3488 pro
2025 3416 2148 3472 litvo
2174 3417 2223 3481 C
2253 3420 2488 3475 cunilain
2504 3418 2761 3471 redimitos
2774 3419 3100 3486 producitur,
3117 3418 3471 3485 raro,etliaud
3485 3418 3695 3485 scio,an
3714 3419 3821 3474 nni-

567 3491 620 3545 in
645 3492 798 3543 latere
827 3495 1002 3558 posuit
1029 3490 1185 3543 latere
1208 3491 1261 3543 in
1290 3491 1436 3556 Itevo,
1467 3506 1571 3543 non
1597 3491 1901 3554 advertens,
1936 3496 2141 3557 postre—
2248 3493 2428 3549 coltoc
2455 3490 2719 3557 exemplo.
2738 3488 2922 3544 Posset
2940 3491 3038 3559 legi
3066 3498 3352 3554 coronatos,
3382 3504 3502 3543 nam
3517 3506 3664 3558 saepe
3697 3489 3822 3543 alias

567 3574 713 3618 mum
733 3574 759 3613 e
790 3569 932 3614 recte
965 3560 1019 3614 in
1050 3560 1205 3614 latere
1224 3560 1439 3627 produci
1470 3574 1625 3628 p05se
1673 3562 1740 3612 ob
1766 3560 1896 3612 duas
1951 3572 2141 3612 conso-
2246 3560 2566 3620 Prudentius
2588 3558 2805 3628 corripit
2834 3560 3121 3614 secundam
3151 3561 3202 3614 in
3227 3560 3484 3613 redimire.
3542 3561 3649 3616 Sed
3694 3558 3819 3615 nihil

567 3639 757 3687 nantes
785 3630 1030 3687 dictionis
1066 3630 1357 3701 sequentis,
1412 3629 1550 3700 quod
1598 3630 1855 3684 familiare
1900 3639 1983 3683 est
2012 3628 2143 3683 Pru-
2244 3630 2575 3701 mutandum.
2644 3698 2682 3701 _
2723 3699 2733 3701 μ
2858 3696 2925 3701 ___
2965 3699 2974 3701 ξ
3506 3699 3513 3701 ἓ
3608 3668 3613 3669 κ

567 3703 766 3759 dentio.
1143 3696 1160 3701 ⁷
1343 3696 1349 3698 ⁷
1428 3696 1444 3700 ”
1940 3768 1947 3769 γ
2318 3702 2439 3755 688.
2478 3699 2619 3763 AliL,
2644 3698 2827 3762 Fabr.,
2858 3696 3080 3763 Widm.,
3107 3701 3266 3768 Ang.,
3294 3699 3572 3769 respondit.

638 3773 762 3828 674.
797 3772 923 3844 Alii,
953 3775 1296 3844 subtegmine;
1349 3771 1457 3844 alii,
1495 3769 1812 3844 subtemine.
1856 3768 1987 3825 Vide
2013 3770 2145 3825 scri-
2246 3843 2265 3844 ί
2317 3771 2439 3826 690.
2472 3770 2618 3844 Ald.,
2651 3778 2789 3821 tanto
2828 3769 2879 3821 in
2907 3770 3308 3844 numero._lliar.,
3329 3768 3470 3823 tanto
3498 3785 3561 3844 ea:
3581 3786 3817 3823 numero.

566 3854 745 3916 plores
774 3843 847 3916 rei
878 3839 1322 3916 orthographicn,
1353 3843 1467 3916 sive
1494 3839 1916 3910 lexicographos.
2244 3843 2391 3905 Rat.,
2418 3850 2462 3895 et
2486 3841 2648 3916 solani
2669 3848 2805 3891 tanto
2835 3854 3107 3916 enumera.
3139 3839 3352 3905 Vienn.,
3375 3851 3421 3893 te
3449 3841 3610 3892 solam
3633 3857 3664 3895 e
3691 3850 3825 3895 tanta

636 3913 761 3969 675.
792 3912 845 3965 In
874 3913 1006 3978 Erf.,
1037 3910 1287 3968 utendum
1334 3911 1630 3965 ambierent.
2245 3928 2475 3967 numero.
2508 3910 2773 3977 Plerique,
2806 3917 2853 3961 te
2879 3910 3041 3962 solam
3067 3919 3205 3963 tanto
3232 3926 3259 3963 e
3285 3925 3516 3963 numero.

639 3983 762 4038 679.
825 3982 877 4035 In
927 3987 1054 4036 edit.
1096 3984 1285 4037 Colon.
1316 3981 1382 4035 ad
1410 3998 1579 4047 oram,
1608 3979 1729 4036 Ald.
1784 3982 2138 4048 coniunctura.
2318 3982 2443 4037 695.
2492 3978 2757 4033 Giselinus
2804 3980 2855 4033 in
2908 3982 3129 4033 vetustis
3176 3980 3447 4044 omnibus,
3492 3994 3629 4049 quos
3674 3980 3824 4045 vidit,

568 4054 734 4122 Aldus
766 4065 935 4122 metis,
967 4056 1317 4106 co‘inmissura.
1608 4121 1611 4122 ν
1661 4090 1667 4096 ρ
1720 4120 1727 4122 Α
1934 4120 1941 4122 _
2245 4053 2447 4109 invenit
2497 4065 2745 4122 prospera,
2789 4058 2979 4102 nostra.
3033 4049 3189 4122 ldem_
3212 4050 3503 4113 lleinsiani,
3537 4062 3590 4103 et
3630 4053 3825 4122 nostri.

637 4118 761 4176 681.
795 4120 927 4174 Mar.
954 4139 983 4176 a
1012 4125 1239 4176 secunda
1273 4136 1451 4185 manu,
1483 4121 1654 4174 intulit
1710 4120 1808 4174 huc
1858 4120 2067 4187 vulnus,
2113 4133 2143 4173 a
2246 4124 2369 4179 Ald.
2420 4118 2627 4176 et'alii
2663 4119 2830 4187 vulg.,
2880 4128 3111 4190 pectora.
3157 4118 3405 4173 Barthius
3450 4134 3666 4188 quoque
3711 4120 3829 4190 legit

567 4194 737 4265 prima
767 4206 925 4265 m_auu
951 4192 1043 4265 hoc
1065 4191 1267 4245 vulnus.
1319 4261 1349 4265 η
1690 4260 1767 4265 ψ
1963 4260 2000 4265 _
2038 4258 2050 4265 _
2103 4259 2114 4265 _
2248 4208 2491 4265 prospera
2522 4198 2693 4265 nostra
2717 4190 2966 4265 vulnerat,
2994 4202 3044 4265 et
3067 4189 3342 4265 observat.
3372 4191 3725 4265 vulneraread
3745 4189 3829 4243 res

2245 4258 2405 4319 etiam
2438 4260 2696 4314 inanimes
2724 4259 2882 4322 trahi,
2911 4274 2975 4312 ex
3007 4258 3259 4326 Eutropio
3290 4260 3384 4313 lib.
3416 4275 3448 4312 ι
3480 4260 3547 4313 de
3575 4259 3829 4314 Juliano:

2248 4331 2479 4385 Fuerunt
2510 4329 2762 4396 nonnulli,
2787 4332 2871 4397 qui
2890 4329 3098 4381 vulnera
3121 4332 3230 4398 ejus
3269 4331 3444 4397 gloria:
3466 4331 3749 4398 inferrent,
3780 4342 3836 4384 et

2248 4403 2571 4473 Symmacho
2590 4398 2779 4473 illis",
2807 4398 2959 4466 epist.
2979 4399 3057 4473 _50
3085 4414 3100 4452 :
3129 4397 3702 4473 Siciliensenegotiutn
3726 4400 3838 4453 uul-

2247 4468 2503 4527 neratum.
2546 4468 2748 4525 Similia
2777 4469 3025 4533 exempla
3053 4469 3230 4535 quivis
3260 4470 3455 4537 poterit
3482 4470 3763 4525 invenire.

2319 4543 2443 4597 697.
2468 4541 2623 4605 Man,
2648 4540 2784 4607 [erro
2798 4537 2999 4591 sedasse
3020 4538 3245 4591 fortasse
3272 4538 3655 4607 melius,quam
3679 4540 3838 4595 bello.

2248 4614 2488 4679 intelligo
2519 4619 2695 4679 tamen
2728 4610 2866 4662 idem
2912 4623 3033 4679 esse
3061 4612 3195 4676 ferro
3245 4611 3449 4663 sedasse
3490 4624 3555 4663 ac
3595 4610 3736 4664 bello
3763 4627 3842 4663 se-

568 4686 773 4741 militiae
802 4700 978 4739 mores
1010 4684 1109 4737 hoc
1136 4685 1368 4737 carmine
1388 4685 1648 4751 exposuit.
1950 4677 1962 4683 ’
2082 4748 2121 4751 _
2250 4684 2397 4736 dasse
2423 4677 2445 4748 ᾖ
2469 4678 2699 4749 alioquin
2723 4680 2858 4734 bene
2885 4689 2967 4733 est
3018 4677 3176 4741 bello,
3226 4680 3521 4747 praesertim
3571 4694 3705 4734 cum
3759 4696 3845 4736 se~

640 4756 764 4812 685.
800 4754 1044 4823 Virgilius
1101 4755 1190 4806 lib.
1256 4769 1344 4806 vni
1393 4748 1629 4821 Eneid.,
1681 4770 1820 4809 vers.
1867 4755 2017 4810 702:
2074 4748 2144 4802 Et
2177 4802 2221 4823 η
2253 4763 2442 4823 quatur
2468 4748 2608 4823 pace.

569 4802 1629 4898 “illiganda;nefandae—pilai,’
1650 4802 1820 4890 ρἰἷάιῖ
2020 4836 2145 4898 .san-
2175 4802 2224 4861 Ῑ)
2256 4802 2678 4898 γῦᾗῧηλνιάηι.
2715 4834 2893 4898 supra,
2926 4827 3089 4898 castos
3130 4834 3225 4898 pro
3254 4828 3473 4898 "uestes.
3503 4821 3713 4874 Arator
3745 4822 3843 4898 lib.

568 4888 991 4966 guineovsequilur
1016 4888 2138 4966 Bellouaﬂagello.PetroniusiuSatyrico:
2252 4909 2318 4966 tt:
2354 4892 2523 4966 Sedet
2555 4890 2734 4943 acrior
2754 4890 2913 4966 Itostis
2956 4888 3106 4966 Intus
3146 4892 3263 4966 erit,
3292 4890 3594 4958 graviusque
3638 4892 3847 4944 malum

570 4958 639 5020 Et
662 4958 870 5021 maerens
894 4967 1062 5019 lacera
1088 4958 1379 5035 concordia,
1404 4963 1559 5031 palla.
1617 4966 1908 5035 Heinsiani,
1958 4958 2140 5026 'Alex.,
2253 4964 2513 5035 discordia
2534 4968 2718 5030 portat,
2754 4958 2880 5035 Quia
2909 4960 3094 5012 vulnus
3113 4958 3209 5035 sub
3240 4976 3362 5035 vace
3388 4969 3544 5035 creat.

2270 5044 2293 5063 '
2322 5034 2446 5087 704.
2474 5026 2703 5100 γιέηιι..
2734 5039 2779 5081 et
2823 5031 3070 5096 deprensa
3100 5030 3218 5095 fuit.
3251 5026 3570 5100 Αωηβίξη
3606 5028 3846 5100 ὶνείτιη

2252 5104 2412 5171 Ang.,
2448 5101 2562 5154 Vat.
2596 5099 2657 5163 C,
2692 5099 2933 5171 Rat.,”et
2977 5100 3224 5171 deprensa
3269 5098 3457 5171 tremit.
3502 5098 3666 5163 Man,
3704 5098 3848 5169 Aug.

2251 5168 2373 5226 cum
2402 5172 2567 5224 tribus
2594 5169 2967 5224 vetustioribus
2994 5168 3216 5235 lleinsii,
3241 5176 3286 5221 et
3313 5168 3560 5238 deprensa
3583 5168 3851 5225 tremunt.

2252 5242 2307 5296 ld
2336 5251 2516 5296 tenent
2552 5240 2895 5294 recentiores.

2321 5312 2445 5365 70$.
2479 5310 2624 5372 Ald.,
2656 5318 2699 5362 et
2723 5310 2895 5379 jussu.
2926 5308 2979 5362 lu
3018 5308 3134 5360 Vat.
3181 5307 3220 5360 C
3252 5320 3499 5379 abrasum
3537 5316 3624 5379 est
3674 5326 3849 5362 unum

2254 5383 2496 5447 verbum,
2531 5382 2643 5434 sive
2666 5376 2837 5448 jussu,
2862 5382 2975 5432 sive
3002 5379 3175 5445 potius
3200 5376 3379 5448 missu,
3411 5378 3552 5448 quod
3581 5391 3771 5432 exstat
3797 5383 3849 5430 iu

2258 5444 2505 5504 omnibus
2529 5444 2679 5503 aliis.
2700 5451 2861 5516 Aug.,
2894 5444 3091 5501 venerat
3123 5448 3275 5513 ipsa;
3301 5444 3456 5518 Matt,
3486 5446 3637 5516 Rat.,
3672 5464 3706 5502 a
3734 5452 3852 5518 pri-

2262 5536 2344 5574 ma
2377 5537 2554 5583 manu,
2584 5528 2784 5573 venerat
2809 5520 2918 5570 illa.
2936 5517 3152 5578 Caneri,
3181 5517 3363 5568 venerit
3390 5516 3502 5569 illa.

2328 5593 2451 5648 709.
2485 5592 2698 5656 Vicutt.,
2735 5590 2893 5651 male,
2926 5589 3180 5640 discordia
3211 5586 3428 5637 discors.

2333 5663 2453 5715 710.
2486 5662 2537 5712 lu
2576 5662 2613 5712 ll
2635 5654 2691 5713 ιι.
2724 5667 3016 5718 (ζθιγιιοιον,
3040 5658 3107 5710 de
3129 5670 3234 5723 quo
3263 5669 3422 5721 smpe,
3455 5671 3487 5706 a
3519 5654 3686 5725 Styge
3712 5657 3857 5707 dum

2259 5748 2432 5800 genus,
2469 5731 2731 5797 prioribus
2779 5730 3005 5800 abrasis,
3036 5744 3101 5779 ne
3122 5724 3348 5800 scilicet_
3370 5726 3540 5800 prima
3568 5728 3622 5780 in
3647 5725 3858 5782 heresis

2259 5794 2597 5877 corripiatur,
2622 5814 2775 5873 quam
2808 5798 2962 5857 tuties
2996 5806 3176 5877 uoster
3210 5794 3452 5867 corripit.

2433 1999 2500 2054 Et
2543 2015 2730 2070 genus,
2789 2010 2844 2056 et
2891 2015 3107 2071 nomen,
3159 2002 3413 2071 patriam,
3475 2014 3811 2074 sectamque,

3418 2093 3435 2164 ι
3464 2093 3756 2163 Deumque,

2428 2181 2591 2252 646
2615 2186 2782 2248 Quem
2813 2180 2972 2246 colat,
2992 2192 3047 2235 et
3073 2181 3239 2237 missu
3267 2182 3461 2250 cuiatis
3488 2184 3714 2238 venerit.
3736 2182 3815 2237 Illa

2431 2269 2752 2339 Exsanguis,
2788 2270 3035 2325 turbante
3066 2280 3235 2335 metu,
3269 2272 3541 2326 Discordia
3584 2274 3751 2341 dicor,

2252 2361 2355 2417 710
2428 2362 2795 2432 Cognomento
2826 2359 3037 2416 Heresis
3069 2378 3080 2411 :
3112 2360 3253 2417 Deus
3284 2370 3366 2416 est
3404 2362 3533 2418 mihi
3566 2362 3806 2427 discolor,

3536 2453 3752 2524 [inquit.

638 2700 762 2756 673.
787 2699 1113 2765 Mucronem,
1145 2700 1465 2771 sicutisicarii
1492 2700 1676 2754 habent
1728 2700 1895 2755 breves
1926 2701 2139 2771 gladios.

569 2796 639 2814 —
664 2770 990 2842 Squalentia,
1022 2771 1254 2842 nitentia,
1281 2770 1383 2842 lso.
1418 2771 1775 2841 Splendentia,
1804 2770 1935 2827 Mar.

636 2840 758 2898 675.
807 2842 1005 2904 limitis,
1036 2840 1260 2907 circulis,
1294 2840 1334 2895 Ι.

638 2912 764 2970 676.
790 2911 1041 2977 Tenacia,
1072 2911 1243 2975 ﬁrma,
1273 2911 1312 2965 l.

636 2983 761 3038 678.
795 2982 955 3053 Rara,
978 2998 1153 3053 parva,
1194 2982 1269 3035 vel
1287 2983 1470 3048 tenuis,
1500 2982 1542 3035 Ι.

635 3053 760 3108 679.
787 3050 1169 3117 Commissum,
1201 3055 1560 3123 conjunctura,
1593 3052 1670 3106 vel
1695 3053 1909 3120 ﬂexura,
1937 3050 2048 3123 Also.

634 3124 756 3177 689.
788 3124 983 3187 Sicani,
1016 3123 1215 3193 gladius
1241 3121 1334 3190 est,
1372 3126 1425 3176 in
1462 3124 1629 3177 medio
1659 3125 1899 3193 capulum
1924 3121 2136 3189 habens,

568 3201 611 3247 et
641 3194 755 3247 hinc
780 3194 898 3248 inde
926 3202 1124 3259 acutus,
1156 3192 1197 3245 ι.

639 4261 763 4316 683.
797 4259 978 4325 Fabr.,
1023 4261 1195 4324 laetos;
1231 4261 1647 4315 meliusnostros.
1679 4260 1918 4322 Gifanius
1962 4258 2145 4315 Fabri-

566 4335 652 4389 cio
680 4341 938 4389 consunat
969 4331 1133 4385 Indic.
1170 4334 1324 4385 Lucr.
1988 4354 1991 4361 -

639 4402 762 4458 684.
794 4401 966 4455 lnnuit
984 4402 1323 4474 Prudentius,
1348 4402 1573 4474 latenter
1602 4403 1837 4474 irrepere
1872 4399 2140 4474 interdum

567 4473 885 4530 discordiam
916 4472 1014 4526 sub
1042 4473 1288 4525 amicitias
1317 4472 1673 4526 simulatione.
1696 4469 1955 4531 Observat
1976 4469 2143 4524 Weit—

567 4546 701 4607 zius,
730 4554 938 4616 poetam
970 4544 1227 4611 attingere
1257 4557 1458 4596 morem
1490 4542 1715 4616 mililim,
1744 4555 1800 4599 ut
1821 4547 2027 4600 diversa
2058 4540 2141 4593 di-

567 4622 704 4670 versi
732 4614 934 4670 milites
973 4624 1121 4667 veste
1156 4622 1473 4677 uterentur;
1517 4614 1589 4666 uti
1631 4616 1764 4670 alios
1800 4632 1904 4671 non
1950 4625 2144 4683 paucos

606 5119 736 5173 ente,
788 5106 938 5175 quasi
984 5107 1299 5159 instruetum
1328 5119 1357 5156 a
1388 5116 1562 5175 rstruo.
1592 5104 1727 5159 Usus
1780 5107 1937 5159 etiam
1964 5111 2044 5157 est
2092 5103 2142 5175 in

606 5123 736 5173 ente,
788 5123 938 5175 quasn
984 5123 1299 5159 IllSll‘UClum
1328 5123 1357 5156 a
1401 5123 1562 5157 struo.
1595 5123 1727 5159 usus
1780 5123 1937 5159 etiam
1964 5123 2044 5157 est
2092 5123 2142 5153 ιιι

570 5123 770 5246 ﬁymno
790 5179 846 5230 S.
872 5175 1163 5241 Laurentii,
1186 5187 1327 5246 vers.
1350 5174 1449 5227 176
1485 5193 1495 5228 :
1529 5174 1761 5229 Structos
1774 5176 1985 5246 talentis
2014 5170 2145 5246 ordi-

572 5242 681 5302 nes.
713 5247 867 5310 Man,
899 5246 1016 5299 Rat.
1052 5261 1080 5298 a
1110 5244 1338 5313 secunda
1368 5260 1548 5308 manu,
1583 5247 1739 5313 Ang.,
1771 5245 1987 5309 Weitz.,
2020 5242 2142 5313 stri-

572 5326 706 5369 ctum
730 5327 777 5370 et
802 5327 1049 5385 serpente.
1082 5315 1194 5366 Vat.
1222 5312 1283 5378 C,
1312 5314 1450 5385 palla
1474 5311 1721 5367 structum
1741 5326 1986 5383 serpente.
2024 5311 2144 5364 Vat.

574 5385 676 5451 BB,
709 5396 755 5441 et
781 5383 1027 5441 structum
1046 5393 1289 5455 serpente.
1323 5383 1564 5439 Gifauius
1588 5387 1725 5454 apud
1771 5386 2064 5445 lleinsium,
2100 5390 2146 5433 et

573 5469 839 5510 structum.

645 5528 772 5581 686.
791 5528 1140 5593 Mar.,medi'o,
1169 5539 1465 5596 perperam.
1502 5524 1831 5579 Vetustiores
1854 5522 2144 5596 Heinsiani,

574 5596 751 5663 Δια..
814 5598 1023 5663 Vieuu.,
1065 5592 1207 5663 ιιεηῑ,
1266 5592 1420 5659 Μελίη,
1452 5596 1590 5661 Gis.,
1668 5596 1884 5659 Wettz.,
1930 5592 2145 5660 aliique,

567 5669 824 5737 jacebant.
855 5668 1039 5730 Aldus,
1072 5668 1245 5729 Fuld.,
1275 5666 1390 5720 Vat.
1417 5664 1477 5728 C,
1504 5668 1729 5737 iacebat.

649 5736 769 5805 687.
785 5736 1004 5805 Willm”
1025 5742 1167 5799 oleo;
1194 5753 1351 5803 supra
1364 5731 1880 5803 utea.'Pacisitisigne
1907 5731 2020 5790 olea
2043 5742 2144 5805 est,

575 5816 680 5876 qua
695 5803 957 5861 discordia
989 5802 1324 5880 praecingitur
1360 5807 1547 5862 sociant
1570 5802 2151 5882 mentita’ﬁguram.Se-»

3924 514 3927 623 l
