3960 6312
188 315 242 367 15
597 354 607 369 .
1493 303 2027 361 ΡΞΥΟΗΟΜΑΕΗΙΑ.
3326 299 3392 353 74

340 431 483 485 Nune
505 430 697 492 minor,
721 436 809 481 aut
836 426 1005 494 major
1029 441 1041 477 :
1071 423 1225 477 modo
1244 423 1453 492 duplex,
1480 430 1536 477 et
1562 421 1720 475 modo
1749 432 1794 486 Α

1351 512 1607 585 [simplex
1635 528 1650 565 :

2000 418 2249 486 Carpitur
2276 418 2567 471 innumeris
2595 417 2772 470 feralis
2804 416 2969 469 bestia
3001 414 3205 469 dextris
3235 433 3246 464 :
3322 440 3327 445 ε

1830 513 1932 566 79.0
1988 511 2297 566 'Frustatim
2328 510 2428 564 sibi
2470 512 2695 579 quisque
2725 510 2883 576 rapit,
2918 508 3057 577 quod
3088 520 3302 577 spargat
3342 508 3395 562 in

345 613 470 664 Cum
494 609 686 678 placet,
719 608 914 669 aerius,
948 606 1089 659 etde
1121 607 1487 673 phantasmate
1518 603 1686 667 visus,

346 702 446 751 Aut
471 700 647 751 innata
678 696 853 748 anima
878 704 979 756 est,
1006 696 1214 763 quoties
1241 693 1359 745 volo
1390 692 1597 754 ludere,
1626 706 1724 742 nu-

1469 780 1490 855 [
1511 798 1652 844 men,

345 879 643 945 Prreceptor
663 875 803 928 Belia
828 873 978 935 mihi,
996 873 1204 934 domas,
1230 882 1286 927 et
1302 872 1451 941 plaga
1476 871 1724 925 mundus.

189 968 278 1023 il5
345 969 455 1022 Non
487 968 603 1020 tulit
629 965 850 1019 ulterius
872 964 1016 1032 capti
1049 962 1372 1030 blasphemia
1400 961 1625 1015 monstri

346 1060 605 1113 Virtutum
633 1057 811 1126 regina
840 1055 1026 1109 Fides:
1057 1054 1150 1106 sed
1176 1052 1331 1107 verba
1360 1053 1625 1122 loquentis

343 1147 582 1216 Impedit.
612 1155 667 1200 et
689 1144 833 1199 vocis
858 1143 1052 1196 claudit
1078 1139 1364 1210 spiramina
1381 1140 1511 1211 pilo,

343 1236 496 1308 647
525 1236 787 1290 Pullulam
815 1232 981 1302 rigida
1016 1230 1335 1299 transﬁgens
1376 1229 1594 1296 cuspide
1623 1231 1728 1284 lin-

1438 1319 1453 1388 |'
1476 1334 1659 1387 gnam.

3118 598 3327 667 [auras.

2008 695 2157 757 Quod
2175 691 2393 745 canibus
2417 690 2599 753 donet,
2630 670 2809 742 corvis,
2826 689 2966 756 quod
2984 688 3234 741 edacibus
3261 688 3401 741 ultro

2006 783 2227 848 Oll‘erat,
2263 781 2549 835 immundis
2571 794 2726 833 cceno
2746 780 3034 833 exhalante
3063 780 3259 833 cloacis

2010 871 2159 937 Quod
2218 869 2410 933 tradat,
2458 869 2711 921 monstris
2758 868 2897 935 quod
2942 870 3156 921 mandet
3206 869 3402 924 habere

3050 962 3069 1032 [
3092 964 3330 1018 marinis.

2013 1052 2296 1105 Discissum
2330 1050 2481 1105 laedis
2504 1050 2823 1105 animalibus
2852 1065 3011 1105 omne
3034 1054 3262 1107 cadaver

1840 1142 1941 1196 725
2017 1142 2313 1195 Dividitur:
2343 1142 2515 1211 ruptis
2564 1142 2778 1195 lleresis
2816 1143 2951 1208 perit
2992 1143 3202 1197 horrida
3240 1162 3402 1200 mem-

3032 1304 3039 1307 ν
3167 1236 3183 1305 [
3203 1235 3333 1289 bris.

2008 1322 2330 1391 Compositis
2359 1321 2520 1390 igitur
2552 1336 2751 1390 rerum,
2781 1336 3095 1390 morumque
3122 1326 3371 1379 secundis

1461 1407 1747 1464 GLOSStE
1787 1410 2124 1467 VETERES.

250 1508 364 1561 711.
393 1505 561 1567 Nunc,
589 1503 863 1557 interdum.
889 1528 959 1541 —
978 1498 1150 1564 Modo,
1175 1497 1449 1560 interdum,
1475 1495 1577 1549 lso.

251 1579 367 1630 717.
398 1576 531 1638 Pilo,
556 1588 814 1634 mucrone,
843 1571 947 1623 iso.

253 1647 366 1699 7l8.
394 1644 644 1709 Cuspide,
676 1645 843 1703 hasta,
872 1641 911 1693 l.

252 1713 366 1768 722.
397 1706 584 1775 Caeno,
615 1708 1165 1771 luto.—Exhalante,
1194 1709 1469 1777 fetente.-—
1497 1706 1724 1769 Cloacis,

1841 1502 2010 1568 fossis,
2040 1499 2247 1552 lacubus
2278 1499 2350 1552 vel
2378 1499 2615 1563 latrinis;
2644 1500 2805 1565 lacus,
2828 1500 3081 1568 excipiens
3126 1501 3299 1556 sordes
3348 1504 3401 1558 in

1843 1571 2009 1622 medio
2035 1569 2265 1629 civitatis,
2300 1572 2472 1620 cloaca
2501 1568 2708 1635 dicitur,
2736 1569 2835 1623 lso.

1915 1639 2034 1693 7‘26.
2056 1639 2336 1700 Secundis,
2371 1639 2646 1705 prosperis,
2673 1637 2711 1689 1.

1502 1797 2065 1853 COMMENTARIUS.

169 1928 179 1935 '
255 1924 367 1977 712.
402 1922 516 1975 Vat.
536 1920 575 1972 L
597 1930 645 1973 et
679 1916 854 1977 Fuld.,
888 1915 1184 1980 cumplacet,
1222 1914 1391 1977 male;
1422 1927 1519 1968 nec
1547 1913 1738 1967 melius
1771 1916 1814 1975 Β
1842 1914 2096 1977 membris,
2123 1922 2283 1975 recte,
2310 1912 2406 1965 nisi
2430 1913 2566 1980 quod
2588 1913 2788 1967 [heresis
2807 1914 3379 1981 cumdipluliongoscri

198 1992 302 2046 Vat.
329 1994 385 2054 l),
414 1990 543 2043 Cum
572 1991 729 2053 placet
752 1986 915 2039 aerius
941 1994 1032 2047 est,
1058 1994 1104 2037 et
1132 1992 1193 2036 de
1208 1988 1558 2054 phantasmate
1584 1984 1739 2047 visus.

258 2053 610 2124 'it3.\’ienn.,
649 2058 827 2119 γωδ..
887 2056 1009 2107 haut
1037 2055 1257 2115 innata;
1289 2053 1398 2124 alii,
1420 2062 1507 2105 aut
1539 2054 1740 2105 innata.

196 2132 331 2197 Apud
360 2122 627 2183 lleinsium
676 2127 883 2197 Thuan.
913 2138 964 2197 _a
1013 2122 1455 2197 manusecunda,
1493 2124 1741 2197 animam,

196 2191 322 2253 nullo
344 2214 527 2261 sensu;
564 2198 730 2258 llott.,
762 2196 883 2246 haut
908 2193 1104 2245 innata.
1136 2192 1287 2255 illan,
1321 2191 1443 2244 Rat.
1495 2204 1525 2243 a
1575 2192 1741 2261 prima

196 2286 357 2333 tnauu,
384 2284 584 2327 nomen,
617 2268 797 2333 minus
819 2264 973 2316 bene.
1003 2262 1267 2321 Discordia
1299 2269 1485 2333 argute
1513 2262 1608 2326 ait,
1641 2260 1742 2333 sibi

198 2329 354 2391 Deum'
387 2352 505 2390 esse
560 2351 763 2397 numen,
790 2332 888 2385 hoc
934 2340 1037 2394 est,
1066 2346 1249 2383 verum
1294 2332 1482 2392 Deum,
1530 2329 1742 2397 quoties

197 2408 297 2460 vult
322 2408 524 2470 ludere,
562 2421 664 2458 non
695 2419 811 2458 Cum
842 2402 982 2456 serio
1010 2402 1133 2469 agit.
1162 2400 1265 2454 Alii
1295 2398 1631 2468 distinguunt
1655 2398 1742 2451 lu-

198 2480 302 2530 dere
321 2493 521 2529 numen.

258 2547 370 2599 7N.
398 2547 468 2600 Ita
510 2544 667 2607 Man,
693 2540 957 2605 Barthius,
990 2541 1134 2601 Put.,
1165 2548 1220 2593 et
1244 2538 1451 2593 Thuan.
1481 2552 1599 2591 eum
1648 2538 1744 2591 tri-

199 2617 283 2668 bus
314 2615 540 2677 Weitzii,
570 2615 741 2682 Egm.,
777 2611 976 2666 Erfurt.
997 2620 1071 2682 Wet
1092 2609 1319 2682 _Wi_dm_.,
1351 2623 1483 2675 quos
1517 2609 1628 2682 ipse
1657 2622 1745 2682 se:

198 2686 376 2753 quitur.
406 2684 594 2749 Aldus,
616 2676 787 2749 'Ang.,
817 2682 954 2753 vatt.
983 2681 1046 2742 C,
1077 2678 1233 2753 G,‘L.
1256 2676 1551 2753 ,Prwceptor
1578 2676 1745 2753 Belial

199 2746 419 2815 ritihiest,
451 2746 637 2805 domus
689 2746 759 2804 sit
812 2752 963 2821 plaga
1009 2750 1203 2821 mundi.
1253 2752 1305 2799 In
1360 2748 1536 2821 priore
1577 2746 1744 2821 [lo‘tt.,

201 2822 472 2892 Prisceptor
499 2822 668 2892 Belial
720 2816 979 2892 mihi_s'i_t,
1008 2820 1211 2892 domus,
1257 2826 1302 2892 rt
1334 2818 1491 2892 plaga.
1506 2816 1744 2869 mundus.

202 2893 250 2946 In
292 2885 476 2957 altero,
530 2890 822 2955 Prteceptor
853 2888 1017 2942 Belial
1066 2888 1185 2940 mihi
1232 2886 1419 2957 adest,
1458 2885 1659 2957 donius,
1686 2893 1746 2957 ει

200 2962 336 3031 plaga
356 2953 551 3015 mundi.
581 2961 693 3031 \lat.
713 2953 760 3012 D
789 2975 910 3031 cum
944 2959 1116 3031 priore
1148 2960 1293 3031 ltult.
1326 2956 1470 3008 facit.
1515 2954 1653 3031 vatt.
1683 2953 1742 3031 l“,

200 3023 255 3092 υ.
278 3023 569 3097 Ῥηιξεεριοτ
589 3028 754 3082 Belial
784 3030 926 3091 mihi,
952 3029 1153 3097 domus,
1178 3034 1222 3078 et
1240 3027 1400 3097 plaga
1419 3023 1659 3097 mundus.
1690 3025 1746 3076 In

202 3094 692 3177 quibusdam‘yulgq
719 3097 1005 3177 fraceptor
1033 3095 1199 3177 Belial
1228 3095 1350 3177 mihi
1366 3094 1658 3177 lignationis
1677 3102 1749 3177 est

202 3161 336 3240 plaga
359 3170 531 3222 mundi
557 3185 574 3231 ;
608 3161 658 3221 iii
681 3161 949 3240 'al_iis,_AEst
980 3166 1401 3240 mihiprceceptor
1428 3161 1615 3228 Belial,
1657 3164 1749 3215 do-

203 3233 302 3291 mu's
326 3250 392 3292 est
404 3242 560 3307 plaga
588 3238 782 3307 mundi.
804 3234 1195 3307 Chamillardus
1208 3233 1392 3307 edidit,
1418 3241 1746 3307 repugnante

205 3320 378 3373 metro,
400 3302 691 3375 Prteceptor
720 3306 880 3358 Belial
909 3306 1052 3366 mihi,
1074 3306 1254 3375 domus
1269 3312 1313 3355 et
1330 3305 1481 3371 plaga
1504 3302 1742 3375 mundus.

205 3376 331 3429 Idem
356 3372 385 3430 a
412 3372 697 3431 Gallandiu
722 3377 1064 3443 exscriptum,
1108 3374 1193 3427 cui
1218 3382 1391 3443 tamen
1438 3372 1604 3439 magis
1628 3372 1744 3443 pla-

207 3447 342 3499 cebat
367 3446 723 3499 telestiehium
753 3445 871 3497 Aldi
898 3440 956 3496 in
988 3444 1086 3496 huc
1116 3456 1297 3505 versu,
1330 3440 1623 3509 Prteceplor
1654 3440 1748 3493 Be-

208 3514 288 3564 llal
310 3516 426 3567 mihi
447 3528 515 3568 est
544 3531 561 3567 :
589 3516 772 3567 domus
815 3526 886 3566 est
909 3514 1060 3583 plaga
1084 3512 1282 3563 mundi.
1312 3513 1382 3583 At
1422 3511 1750 3583 vitiumearc

210 3586 349 3637 minis
386 3586 434 3637 in
466 3584 727 3651 principio
757 3599 963 3649 Versus,
1003 3581 1159 3649 quem
1188 3582 1419 3651 excudit,
1452 3581 1751 3651 deprehen-

209 3657 349 3706 uitttt‘.
382 3655 434 3707 lu
466 3656 587 3707 ltat.
621 3649 893 3706 corrector
938 3653 1227 3719 improbus,
1273 3649 1362 3702 Est
1394 3649 1517 3701 mihi
1556 3665 1750 3719 prlece-

211 3734 308 3791 plur
344 3722 521 3785 Belial,
574 3724 778 3775 abrasis
837 3723 1098 3791 prioribus
1131 3738 1143 3773 :
1177 3720 1515 3791 tumtprisea
1571 3735 1749 3780 tuauu,

213 3789 372 3845 tlomus
392 3804 443 3863 et
462 3792 876 3863 plagamundus.
906 3789 1225 3863 Giseliuusf'l
1252 3789 1377 3863 edit.
1408 3790 1753 3863 primumex-

211 3864 356 3926 rudit,
405 3858 493 3915 Est
539 3858 663 3914 nun
709 3870 985 3930 prteceptor
1031 3858 1216 3921 Belial,
1270 3859 1450 3911 domus
1486 3868 1556 3911 est
1601 3859 1753 3926 plaga

212 3936 406 3996 mundi,-
438 3940 617 4000 postea
654 3934 702 3984 in
728 3930 1020 3984 emendatis
1048 3945 1112 3983 ex
1135 3930 1309 4000 tinicu
1348 3944 1449 3981 ms.
1494 3932 1750 4000 optimum

214 4003 413 4067 putarit,
440 3998 730 4070 Prceceptor
750 4002 871 4052 mihi
894 4000 1076 4062 Belial,
1109 3999 1292 4070 domus
1310 4008 1357 4050 et
1380 4000 1530 4070 plaga
1553 3998 1749 4070 mundi.

276 4070 387 4122 715.
420 4068 969 4138 ΡειΙπ.,’ὺΙαδρΙιεηιὶεα
994 4068 1224 4121 monstri.
1255 4068 1411 4121 Certe
1438 4068 1749 4138 blasphemia

216 4140 261 4189 in
289 4141 463 4207 plurali
491 4156 715 4195 numero
741 4151 858 4193 est:
894 4139 1220 4207 formandum
1271 4152 1397 4205 ergo
1432 4137 1537 4190 erit
1563 4151 1753 4191 nomen

216 4206 473 4276 blasphemi
480 4228 584 4263 um.
610 4209 1024 4263 Commodianus
1043 4206 1174 4261 dixit
1191 4209 1353 4261 etiam
1366 4207 1751 4275 blasphemiam,

215 4282 549 4345 ignominiam,
576 4280 868 4346 infamiam.

276 4350 390 4402 716.
440 4350 588 4404 Fidei
645 4350 828 4401 laudes
876 4347 1116 4417 egregias
1148 4346 1329 4417 habes
1383 4355 1490 4400 toto
1531 4361 1648 4411 cap.
1684 4362 1755 4399 λιι

220 4414 345 4470 Pauli
393 4423 456 4471 ad
501 4420 775 4474 Hebrmos.
809 4414 1046 4485 Intellige
1087 4416 1449 4481 nihilcmiuus,
1501 4416 1755 4485 majorem

217 4499 321 4539 esse
342 4490 675 4542 charitatem.
1590 4534 1591 4537 η

279 4557 393 4611 719.
423 4559 682 4613 Weitzins
711 4572 829 4611 cum
866 4557 981 4608 solo
1013 4556 1188 4619 Fuld.,
1220 4556 1423 4625 furialis
1448 4556 1621 4609 bestia.
1655 4554 1759 4609 ila-

1772 3272 1819 3334 C

1848 1982 1972 2053 psit.
2000 1983 2240 2053 Correxit
2258 1984 2395 2035 male
2416 1984 2664 2037 secundis
2685 1985 2827 2037 curis
2855 1984 3018 2053 rttptis
3050 2002 3127 2053 per
3141 1988 3177 2038 it
3207 1988 3410 2039 lueresio

1846 2052 2056 2104 horrida
2085 2053 2319 2105 membris
2343 2069 2361 2105 :
2392 2067 2509 2115 qua:
2571 2054 2833 2107 correctio
2886 2052 3214 2107 Gallandium
3259 2055 3415 2110 alios-

1846 2136 1959 2192 que
1972 2121 2118 2189 l‘ugit,
2143 2122 2230 2189 qui
2262 2121 2590 2174 contendunt
2619 2123 2811 2177 Aldum
2842 2124 3030 2190 legisse
3057 2124 3243 2177 heresis
3266 2129 3414 2192 perit.

1847 2190 1902 2244 la
1933 2190 2053 2243 Bal.
2079 2193 2264 2261 eadem
2291 2192 2552 2261 correctio
2578 2193 2779 2246 recenti
2809 2205 2966 2245 manu
2998 2190 3274 2247 Giselinus
3292 2209 3416 2261 poe~

1847 2260 2219 2314 tamdelendit
2247 2267 2429 2313 coatra
2476 2259 2803 2329 Nebrissam,
2848 2262 2936 2327 qui
2968 2278 3089 2315 eum
3136 2259 3417 2318 accusave~

1847 2339 1952 2393 rat,
1983 2329 2123 2398 quod
2143 2330 2387 2399 eamdem
2409 2329 2667 2399 syllabam
2688 2347 2825 2383 nunc
2847 2331 3078 2399 longam,
3109 2349 3248 2385 nunc
3266 2333 3418 2389 faciat

1849 2397 2096 2470 brevem;
2125 2400 2321 2466 quippe
2348 2397 2594 2470 Nebrissa
2622 2416 2743 2454 cum
2773 2401 2907 2454 Aldo
2936 2397 3133 2469 legerat
3163 2404 3290 2470 perit
3319 2405 3419 2455 ha:-

1846 2470 1997 2522 resis.
2028 2467 2417 2533 PrmpOsterum
2443 2469 2724 2523 verborum
2750 2467 3006 2523 nrdinem'
3031 2467 3295 2526 ess-ecum
3322 2472 3418 2526 Gi-

1847 2538 2017 2609 selino
2064 2537 2342 2591 consentio
2370 2552 2434 2609 ex
2477 2553 2627 2609 mss.,
2662 2555 2763 2593 non
2796 2555 2857 2593 ea
2892 2541 3097 2594 ratione
3136 2557 3296 2609 quam
3328 2543 3419 2603 ad.

1847 2608 2011 2680 ducit,
2032 2622 2213 2661 casum
2246 2607 2550 2680 nominandi
2579 2624 2677 2680 suo
2700 2610 2864 2663 verbo
2885 2610 3132 2663 debuisse
3155 2607 3419 2680 prmponl.

1850 2679 1979 2731 l‘ost
2000 2680 2138 2730 hunc
2169 2692 2378 2730 versum
2412 2676 2542 2729 Mar.
2572 2688 2628 2732 et
2650 2678 2769 2732 Rat.
2802 2693 2896 2746 pro
2929 2680 3104 2743 titulo,
3140 2676 3215 2732 De
3244 2676 3351 2747 ﬁde
3369 2692 3420 2739 et

1852 2747 2147 2798 concordia.

1920 2816 2043 2887 T26.
2078 2815 2223 2870 Inter
2261 2826 2337 2871 tot
2360 2817 2535 2870 varias
2566 2818 2822 2873 lectiones
2848 2835 2966 2887 qum
3016 2820 3101 2872 hic
3131 2831 3420 2877 occurrunt

1850 2884 2068 2939 difﬁcile
2095 2894 2176 2939 est
2210 2902 2451 2954 quamam
2505 2888 2681 2942 verior
2722 2890 2792 2942 sit
2838 2884 3082 2944 delinire.
3112 2888 3419 2945 Lectionem

1849 2970 2007 3023 quam
2038 2955 2226 3007 damus
2254 2964 2435 3010 tenent
2467 2956 2673 3020 Heins.,
2701 2956 2839 3021 Gis.,
2870 2958 3281 3015 Chamillardus.
3301 2962 3420 3013 alii-

1850 3038 1955 3091 que
1984 3024 2203 3091 vulgati,
2229 3036 2282 3079 et
2304 3040 2493 3093 magna
2517 3040 2579 3078 ex
2626 3042 2775 3093 parte
2800 3028 3139 3081 consentiunt
3167 3030 3285 3081 libri
3332 3046 3420 3083 ve-

1814 3120 1819 3125 ο
1852 3103 2014 3166 teres.
2043 3094 2230 3166 A_|dus,
2256 3094 2560 3166 Compositis
2593 3096 2749 3164 igitur
2796 3113 2984 3162 rerum,
3032 3113 3320 3166 morumque
3344 3115 3420 3151 se.

1852 3162 2122 3236 cundislu
2162 3180 2428 3218 commune
2475 3162 2627 3236 bonis
2671 3168 2958 3230 tranquilla:
2987 3168 3144 3236 plebis
3166 3162 3247 3218 ad'
3266 3185 3420 3222 unum

1852 3230 2071 3302 Contigit
2098 3234 2193 3288 hac
2231 3236 2444 3288 statione
2500 3234 2624 3303 frui,
2670 3238 2897 3301 valloque
2951 3230 3104 3304 [cineri
3167 3236 3418 3304 Pariﬁcos

1851 3318 2047 3366 sensus,
2071 3316 2115 3356 et
2146 3305 2198 3356 in
2214 3306 2317 3356 otia
2332 3307 2523 3357 solvere
2550 3321 2718 3360 curas.
2748 3306 3057 3359 Exstruitur.
3089 3306 3275 3360 Vienu.
3300 3324 3420 3362 cum

1852 3373 2012 3443 Aldo,
2042 3375 2134 3425 Sed
2169 3381 2434 3442 postquam
2454 3374 2589 3426 intra
2628 3386 2735 3427 tuta
2778 3378 2961 3427 morari
3009 3392 3101 3443 pro
3131 3378 3421 3443 tranquilla!
3488 3377 3509 3394 ⁸

1853 3442 2009 3508 plebis
2039 3446 2105 3494 ad
2127 3459 2299 3495 unum.
2321 3443 2475 3503 Man,
2506 3442 3050 3512 Ang.,Cumpositis...
3080 3447 3130 3498 in
3158 3442 3421 3503 commune

1852 3512 1995 3564 bonis
2025 3512 2312 3579 tranquilla:
2342 3512 2497 3576 plebis
2523 3516 2589 3563 ad
2620 3531 2772 3566 unum
2801 3514 3045 3568 Sensibus
3074 3516 3124 3567 in
3156 3526 3263 3568 tuta
3299 3517 3418 3572 valli

1852 3581 2283 3653 statione__locatis,
2318 3582 2662 3653 Contigithac
2698 3588 2917 3639 statione
2944 3587 3067 3650 frui,
3090 3586 3321 3653 valloque
3341 3590 3419 3651 [οη

1854 3651 1985 3711 veri,
2050 3649 2361 3703 Exstruitur.
2401 3649 2801 3705 llatisboucnsis
2827 3694 2840 3714 ,
2890 3649 3175 3718 composito
3220 3649 3420 3710 tandem

1856 3729 2117 3788 postquam
2147 3722 2394 3789 requiesse
2421 3722 2657 3786 tumultu,
2702 3725 2839 3789 quod
2891 3736 2968 3777 est
3003 3726 3068 3776 ab
3095 3725 3274 3785 inepto
3298 3742 3419 3778 cur-

1856 3800 2085 3863 rectorc,
2116 3788 2386 3863 prioribus
2430 3788 2760 3863 _erasis,qita
2816 3803 3010 3855 tamen,
3065 3806 3120 3847 ut
3169 3806 3421 3863 appareat

1857 3857 2018 3932 [inisse
2051 3862 2194 3926 prius
2219 3860 2506 3932 compositis
2536 3876 2555 3921 ;
2601 3861 2825 3916 aliorum
2874 3864 3077 3918 nullum
3109 3857 3413 3932 vesiigium.

1856 3926 1922 3979 In
1950 3944 2213 4015 commune
2242 3926 2383 3983 bouis
2412 3941 2677 4015 postquam
2697 3932 2831 3984 intra
2851 3944 2963 3987 tuta
3000 3935 3187 4015 morari
3217 3926 3420 4015 (corre—

1856 4006 1975 4075 ctor
2003 4002 2141 4075 hunc
2184 4015 2392 4075 versum
2437 4001 2824 4075 irnlnxit_,_nnn
2869 4006 3051 4069 erasit)
3096 4001 3317 4075 Contigit
3362 4022 3422 4059 ac

1856 4069 2071 4141 statione
2102 4070 2223 4136 frui,
2252 4068 2480 4138 valloque
2501 4073 2654 4122 teneri
2685 4071 2847 4141 (totus
2872 4068 3059 4128 versus
3087 4084 3169 4129 est
3188 4090 3217 4127 a
3241 4068 3423 4131 uetere

1859 4139 2096 4215 librario,
2124 4149 2344 4215 escepta
2371 4154 2497 4215 voce
2525 4139 2705 4203 teneri,
2729 4158 2847 4210 qum
2869 4154 2963 4215 est
2985 4146 3422 4215 recentiﬁmanu),

1860 4206 2113 4281 Pacificas
2133 4210 2373 4281 virtutum
2396 4212 2552 4281 acies,
2597 4227 2725 4278 quas
2749 4206 2920 4279 'pestis
2950 4214 3128 4281 iniqua
3173 4206 3447 4269 Turbarut;

1860 4279 2102 4331 meditata
2129 4280 2293 4339 dolus,
2329 4292 2373 4331 et
2406 4279 2598 4332 solvere
2636 4297 2783 4334 curas
2831 4281 2897 4335 In
2939 4279 3201 4338 commune
3245 4287 3423 4340 datum

1861 4350 2148 4417 tranquilla:
2188 4349 2344 4417 plebis
2380 4348 2448 4402 ad
2473 4420 2479 4421 γ
2501 4366 2680 4409 unum,
2712 4356 2888 4406 omnia
2934 4354 3001 4407 ab
3032 4356 3207 4421 inepto
3236 4370 3422 4410 corre~

1861 4426 2027 4492 ctore,
2060 4421 2324 4492 prioribus
2346 4420 2535 4492 erasis,
2570 4430 2759 4486 praeter
2787 4431 2985 4492 partem
3019 4420 3201 4492 prima:
3232 4424 3425 4478 dictio.

1863 4490 1944 4558 nis
1980 4489 2178 4558 paciﬁc.
2210 4489 2344 4542 Nihil
2379 4490 2518 4542 aliud
2545 4500 2690 4541 notat
2720 4491 2990 4545 Maricttus
3020 4489 3081 4545 ex
3111 4496 3211 4545 hoc
3236 4496 3422 4548 codice
3442 4508 3455 4517 ’

1865 4556 2009 4620 llat.,
2034 4556 2236 4626 inquo,
2270 4568 2324 4611 ut
2357 4569 2499 4624 puto,
2525 4560 2764 4625 sequitur
2790 4563 3084 4619 exstruitur.
3130 4571 3234 4615 etc.
3270 4561 3417 4627 Pul.,

218 4620 359 4698 b_ebat
390 4628 487 4681 hoc
513 4630 734 4681 omnino
748 4626 1026 4687 Weitzius,
1060 4638 1116 4698 ut
1136 4620 1277 4698 saepe
1300 4627 1583 4679 lectionem
1611 4628 1757 4680 dete-
1786 4629 1837 4688 Ι)
1866 4627 2032 4698 Both,
2068 4620 2419 4681 lucouimuue
2457 4620 2616 4698 bo‘uis-
2647 4630 2938 4697 tranquilla:
2983 4630 3138 4698 plebis
3166 4633 3233 4681 ad
3263 4620 3419 4684 unum

221 4694 397 4765 riarem
430 4700 666 4765 eligeret,
696 4714 758 4750 ex
790 4701 945 4749 unico
976 4696 1157 4749 emtice
1181 4697 1536 4765 desumptam.

282 4764 393 4819 7il.
420 4764 605 4829 Aldus,
637 4769 894 4835 carnisque
913 4768 1170 4819 edacibus.
1206 4765 1309 4818 Alii
1358 4764 1565 4827 melius,
1594 4768 1756 4819 corvis

221 4837 336 4898 quod
361 4836 616 4890 edacibus.
647 4837 908 4898 Barthius,
938 4838 1072 4887 ultor
1101 4851 1195 4903 pro
1227 4838 1398 4897 ultro;
1429 4850 1530 4887 non
1564 4835 1752 4902 placet.

282 4903 395 4959 723.
428 4907 554 4959 Mar.
588 4916 642 4960 et
687 4904 906 4969 Widin.,
930 4910 1065 4971 quod
1098 4904 1288 4965 trudat,
1324 4905 1375 4956 in
1421 4904 1549 4955 Mar.
1599 4918 1755 4970 supra

221 4972 434 5029 charact.
460 4978 672 5039 minuu,
705 4976 891 5028 tradat.
928 4975 981 5026 In
1030 4976 1144 5027 l’ut.
1178 4981 1232 5027 et
1275 4973 1483 5026 caeteris
1517 4971 1759 5025 lleinsia-

226 5059 316 5107 IIIS,
344 5047 535 5108 trudat,
565 5054 791 5111 excepto
811 5047 1045 5107 'I‘huan.,
1081 5044 1167 5097 ubi
1195 5041 1538 5109 tradat,qnod
1570 5044 1618 5094 in
1650 5050 1760 5103 nte-

223 5115 381 5181 risque
406 5131 533 5171 mss.
588 5125 641 5169 et
691 5116 846 5169 editis
892 5115 1170 5177 retinetur,
1204 5115 1302 5166 nisi
1350 5112 1489 5181 quod
1543 5112 1755 5165 Teolius

223 5192 427 5254 quatuor
456 5185 597 5238 Vatt.
627 5200 722 5254 pro
752 5184 921 5235 trudat
952 5185 1166 5251 allegat.

285 5252 399 5305 724.
436 5250 643 5318 Vienn.,
676 5264 858 5308 contra
912 5250 1159 5316 metrum,
1206 5252 1470 5304 discissum
1515 5250 1676 5317 feris;
1706 5254 1755 5303 in

229 5323 333 5374 ttat.
353 5324 511 5390 idem,
535 5327 627 5378 sed
656 5322 1120 5378 addimuxecenti
1142 5336 1322 5384 manu,
1350 5336 1477 5389 que;
1506 5319 1758 5374 Weitzius

228 5400 409 5444 Iemere
425 5395 700 5459 amplexus
727 5402 808 5446 est
830 5392 1097 5444 discissum
1136 5392 1276 5459 feris,
1324 5402 1500 5443 nostra
1532 5392 1759 5444 lectione

228 5461 580 5525 prmterniissa,
606 5473 694 5515 aut
722 5466 819 5515 hac
841 5464 940 5514 alia
971 5477 1074 5512 nun
1100 5462 1233 5513 mala
1265 5460 1621 5526 discissumque
1642 5462 1761 5527 {eris

228 5542 332 5581 cum
356 5530 502 5594 Man,
537 5532 706 5596 Rott.,
739 5538 873 5601 Aug.
901 5532 953 5583 In
982 5530 1099 5584 Vat.
1121 5533 1161 5583 C
1206 5545 1359 5583 error
1384 5531 1557 5593 metri,
1587 5533 1761 5583 discis‘

225 5612 413 5665 suntque
444 5604 608 5667 foedis.

286 5668 396 5721 72$.
451 5672 613 5731 Aldus
648 5671 889 5723 ediderat
935 5671 1093 5736 ruptis
1132 5669 1335 5724 hiemis
1384 5671 1507 5737 perit
1555 5669 1761 5721 horrida

479 5766 745 5827 PATRUL.
799 5762 926 5825 LX.

1864 4697 2107 4749 Sensibus
2150 4700 2200 4748 in
2257 4706 2363 4748 tuta
2404 4696 2523 4749 valli
2577 4696 2795 4750 statione
2840 4696 3046 4759 locatis,
3103 4698 3419 4758 Exstruitur.

1864 4766 2240 4833 Egmondanns
2255 4780 2373 4818 cum
2390 4764 2646 4827 Giselino,
2662 4768 2753 4819 sed
2776 4785 2803 4819 a
2824 4785 2981 4819 ntanu
3005 4769 3420 4834 interpolatrice,

1865 4845 1973 4888 tum
1999 4838 2047 4886 in
2077 4834 2330 4901 margine,
2355 4835 2499 4886 Alius
2538 4835 2666 4887 liber
2687 4837 2852 4899 habet,
2881 4837 2940 4890 In
2968 4854 3226 4891 commune
3256 4840 3421 4898 bonis.

1863 4914 1965 4958 etc.
2001 4905 2082 4972 (ut
2104 4905 2153 4955 iu
2187 4905 2352 4971 l’ttt.).
2378 4905 2586 4975 'l'buan.
2614 4915 2665 4957 et
2694 4908 2865 4960 Uxori.
2898 4924 3015 4959 cuiu
3050 4906 3305 4975 Giseliuo,
3330 4911 3423 4963 sed

1868 4985 1985 5040 post
2006 4975 2191 5025 solvere
2214 4990 2362 5024 curas
2404 4974 2603 5026 addunt
2659 4976 2901 5028 Sensibus
2933 4979 2982 5027 in
3013 4986 3119 5030 tuta
3171 4974 3424 5032 ballista.

1867 5046 1999 5095 tione
2026 5042 2223 5094 loculis.
2258 5042 2507 5097 \Veitzius
2533 5044 2771 5097 Giselinu
2800 5046 3053 5108 adhaeret,
3084 5048 3175 5101 sed
3195 5049 3290 5110 ait,
3311 5051 3423 5103 vul-

1863 5113 2013 5181 loque
2040 5110 2205 5183 fovere
2236 5127 2328 5178 pro
2354 5112 2584 5181 valloque
2615 5114 2791 5181 foveri.
2842 5115 3055 5171 ileinsin
3087 5118 3256 5183 placet
3282 5119 3427 5172 Crte-

1864 5180 2061 5252 cisinus
2089 5180 2317 5252 valloque
2343 5180 2767 5252 fomripaei/icos
2794 5202 2987 5238 sensus.
3017 5180 3237 5245 Widm..
3274 5187 3445 5239 Com-.

1867 5251 2108 5323 positis...
2145 5250 2204 5303 In
2227 5268 2484 5307 commune
2514 5250 2654 5306 basis
2682 5256 2970 5323 tranquilla!
2997 5256 3153 5323 plebis
3172 5258 3237 5308 ad
3272 5274 3425 5309 unum

1865 5320 1928 5373 In
1950 5336 2213 5373 commune
2239 5323 2399 5380 bon-s,
2425 5334 2686 5389 postquam
2718 5320 2852 5377 intra
2891 5320 3005 5377 tuta
3035 5331 3221 5377 morari
3256 5327 3427 5379 Genti.

1864 5392 1957 5462 git,
1982 5404 2041 5441 ac
2079 5392 2291 5442 statione
2323 5391 2443 5459 frui,
2477 5390 2707 5459 valloque
2738 5398 2902 5461 favere
2946 5393 3194 5462 Paci/iens
3227 5412 3425 5457 scmus,

1864 5471 1910 5513 et
1938 5460 1989 5511 in
2023 5463 2124 5511 otia
2145 5462 2331 5511 solvere
2360 5477 2508 5513 curas
2541 5460 2783 5514 Sensibus
2822 5466 2872 5515 in
2919 5475 3024 5516 tuta
3064 5460 3186 5518 ualli
3211 5468 3431 5520 statione

1866 5530 2058 5591 locatis,
2091 5529 2401 5581 E.rstru?tur.
2424 5535 2614 5583 Versus
2632 5533 2760 5585 Seus
2785 5534 2874 5584 bus
2900 5535 2952 5584 in
2981 5544 3087 5586 tuta
3105 5536 3155 5586 in
3186 5534 3432 5593 Fuldensi

1866 5601 1930 5652 ad
1959 5615 2104 5652 oram
2138 5608 2346 5652 notatus
2380 5609 2479 5653 est.
2511 5604 2564 5653 In
2598 5602 2857 5661 Erl'urtb.,
2894 5602 2953 5655 In
2998 5621 3263 5656 cauimune
3289 5609 3433 5660 bonis

1868 5679 2129 5738 postquam
2178 5670 2310 5721 intra
2350 5678 2453 5723 tnta
2493 5674 2681 5722 morari
2705 5672 2943 5741 ContiJit,
2975 5692 3033 5725 ac
3060 5677 3271 5726 statione
3306 5677 3465 5744 {rui,.

3024 5764 3061 5831 3
