3960 6312
548 343 617 397 ’ῖὸ
1640 342 1917 397 AUREIJI
1962 344 2323 401 PllUDENTll
2363 345 2691 400 CARMINA.
3729 354 3791 404 76

906 459 959 513 In
982 473 1270 513 commune
1298 459 1471 523 bonis,
1505 470 1785 529 postquam
1816 461 1954 514 intra
1987 471 2098 513 tuta
2131 466 2180 523 Α

1820 549 2039 619 [morari

696 640 969 709 Contigit,
997 654 1060 693 ac
1083 639 1311 692 statione
1341 640 1470 703 frui,
1493 640 1743 704 valloque
1768 640 1935 693 foveri

719 730 974 785 Paciﬁcas
1001 743 1212 791 sensus,
1236 739 1290 783 et
1317 730 1368 783 in
1394 732 1502 784 otia
1532 729 1743 784 solvere
1770 743 1929 784 curas
1953 746 1967 783 :

539 821 641 877 750
714 818 1024 874 Exstruitur
1053 818 1225 873 media
1254 828 1553 873 castrorum
1576 818 1705 873 sede
1738 818 1967 873 tribunal

706 908 872 981 359
919 907 1157 963 Editiore
1202 908 1319 962 loco
1365 907 1643 963 :tumulus
1693 922 1852 975 quem
1902 907 2111 962 vertice

1860 994 2040 1067 [acuto

717 1090 925 1145 Excitat
952 1090 1005 1143 in
1026 1089 1319 1157 speculam,
1357 1086 1594 1156 subjecta
1620 1085 1761 1141 unde
1787 1089 1963 1140 omnia
2004 1087 2109 1141 late

715 1182 872 1237 Liber
898 1181 1159 1236 inoll'enso
1187 1181 1547 1249 circumspicit
1571 1194 1695 1234 aere
1732 1181 1892 1233 visus.

718 1274 870 1329 llunc
896 1276 1101 1327 sincera
1135 1272 1312 1337 Fides,
1338 1273 1494 1325 siuntl
1521 1280 1576 1323 et
1600 1270 1922 1334 Concordia,
1957 1283 2110 1324 sacro

536 1366 639 1420 755
716 1364 938 1419 I-‘utdere
953 1363 1147 1431 juratce
1173 1360 1371 1415 Christi
1392 1360 1492 1414 sub
1513 1374 1696 1414 amore
1724 1373 1960 1419 sorores.

711 1458 1087 1514 Conscendunt
1109 1457 1314 1525 apicem
1344 1472 1356 1508 :
1385 1470 1506 1507 mox
1536 1462 1590 1507 et
1618 1453 1845 1507 sublime
1875 1452 2107 1507 tribunal

710 1550 814 1603 Par
867 1555 1152 1612 sanctum,
1226 1558 1518 1615 carumque
1570 1542 1670 1596 sibi
1740 1543 2106 1610 supereminet

1862 1633 2037 1703 [mque

700 1730 840 1785 Jnre
870 1727 1145 1796 potestatis
1170 1744 1182 1778 :
1224 1726 1518 1781 consistunt
1544 1738 1738 1793 aggere
1767 1738 1978 1779 summo

2384 463 2529 516 Nulla
2558 464 2678 515 latet
2711 480 2832 528 pars
2858 467 3049 519 mentis
3080 468 3246 533 iners,
3268 486 3389 537 qum.
3411 478 3654 540 corporls
3679 478 3784 530 ullo

2394 554 2685 621 Intercepta
2717 554 2832 608 sinu
2866 570 2961 623 per
2981 561 3363 626 conceptacula
3388 576 3507 615 sese

2394 643 2650 711 Degeneri
2683 643 2939 712 languore
2962 653 3136 715 tegat:
3170 650 3395 703 tentoria
3423 654 3621 719 apertis

2387 731 2589 787 Cuncta
2631 740 2811 799 patent
2852 734 3023 789 velis:
3058 747 3368 793 reserantur
3404 741 3626 795 carbasa
3655 783 3670 803 ,
3712 759 3773 795 ne

3579 836 3721 905 [quis

2216 917 2320 970 745
2393 918 2623 973 Marci-at
2675 922 2905 977 obscuro
2961 930 3194 977 stertens
3257 923 3525 979 habitator
3580 938 3780 995 operto.

2391 1011 2621 1064 Auribus
2670 1012 2889 1065 intentis
2931 1020 3208 1079 exspectat
3253 1015 3441 1068 concio
3468 1056 3485 1079 ,
3533 1016 3778 1083 quidnam

2390 1098 2633 1155 Victores
2671 1109 2791 1169 post
2815 1101 2956 1155 bella
2983 1111 3139 1157 vocet
3166 1102 3465 1159 Concordia
3497 1107 3741 1176 princeps
3765 1149 3778 1171 ,

2386 1186 2550 1258 650
2603 1188 2773 1256 Quam
2808 1189 2938 1244 velit
2976 1199 3137 1255 atque
3166 1191 3326 1245 Fides
3364 1194 3654 1249 virtutibus
3692 1197 3779 1247 ad-

3339 1282 3495 1354 [dere
3524 1286 3716 1355 legem.

2389 1366 2636 1436 Erumpit
2657 1369 2825 1436 prima
2854 1369 2906 1423 in
2934 1384 3116 1424 vocem
3140 1370 3439 1425 Concordia
3470 1374 3561 1426 tali

2213 1455 2319 1511 750
2391 1456 2677 1526 Alloquio:
2710 1456 2994 1513 Cumulata
3017 1461 3228 1528 quidem
3256 1462 3365 1529 jam
3392 1463 3561 1531 gloria
3596 1464 3779 1528 vobis,

2386 1546 2431 1601 Ο
2456 1547 2633 1603 Patris
2653 1591 2667 1616 ,
2697 1565 2730 1602 ο
2762 1549 2968 1603 Domini
3009 1550 3265 1605 ﬁdissima
3298 1554 3513 1621 pignora
3546 1555 3777 1619 Christi,

2387 1636 2651 1705 Contigit,
2687 1638 2946 1692 exstincta
2993 1650 3077 1693 est
3118 1640 3287 1694 multo
3315 1645 3614 1699 certamine
3646 1662 3777 1699 szeva

2391 1727 2701 1793 Barbaries,
2738 1739 2935 1784 sanctae
2975 1746 3096 1800 quae
3143 1733 3588 1802 circumsepserat
3642 1738 3779 1791 urbis

706 1820 1028 1889 conspicua:
1052 1859 1073 1881 ,
1135 1816 1461 1886 populosque
1518 1814 1708 1884 jubent
1763 1823 1941 1869 astare
1998 1814 2107 1872 lre-
2139 1810 2187 1872 Β
2393 1818 2693 1890 Indigenas,
2731 1820 2978 1890 ferroque
3012 1824 3185 1888 viros,
3220 1824 3539 1894 ﬂammaque
3579 1843 3778 1896 preme.

1766 1906 2030 1979 [quentes.
2968 1964 2971 1967 ,
3577 1917 3710 1987 [bat.

535 2002 639 2058 7l0
711 2000 1046 2056 Concurrunt
1070 1999 1276 2053 alacres
1298 1996 1496 2053 castris
1515 2011 1579 2051 ex
1608 1996 1854 2051 omnibus
1879 2011 2068 2052 omnes
2087 2036 2105 2062 ,
2213 2000 2319 2055 755
2394 1999 2611 2056 Publica
2638 2001 2732 2056 sed
2763 2002 2977 2071 requies
3000 2003 3219 2071 privatis
3238 2019 3382 2069 rure,
3416 2006 3640 2075 foroque

1829 2106 2116 2164 GLOSSIE
2157 2110 2493 2170 VETERES.

2204 2207 2423 2279 Co‘ncio,
2447 2210 3148 2279 congregatim—Quidnam,
3172 2228 3282 2278 cur,
3311 2212 3412 2267 Iso.

2450 2276 2747 2349 Barbaries,
2771 2276 3047 2349 gentilitas,
3082 2283 3118 2335 Ι.

2275 2345 2399 2402 754.
2450 2348 2749 2413 Premebat,
2772 2345 2860 2403 ’ἱνα
2887 2354 2932 2402 et
2952 2352 3130 2414 libido,
3164 2352 3201 2405 1.

2272 2417 2395 2492 755.
2434 2417 3254 2492 Privatis,specialibus—lium,
3278 2421 3500 2492 foroque
3520 2465 3535 2489 ,
3572 2426 3623 2477 in
3648 2426 3771 2477 villis

2201 2495 2249 2539 et
2276 2488 2559 2541 civitatibus
2574 2529 2590 2554 ,
2618 2491 2656 2540 l.

596 2206 718 2259 727.
751 2203 832 2259 Ad
857 2217 1041 2266 unum,
1072 2202 1140 2256 ad
1167 2202 1425 2267 unitatem,
1453 2198 1498 2254 ι.

595 2273 719 2328 751.
755 2273 1010 2335 Editiore,
1058 2272 1353 2335 excelsiore,
1376 2270 1460 2324 vel
1480 2270 1681 2334 altiore,
1712 2270 1746 2325 I.

595 2342 721 2398 732.
748 2341 956 2396 Excitat
982 2381 997 2403 ,
1027 2341 1244 2404 extollit,
1275 2340 1315 2394 Ι.

594 2414 716 2467 7M.
745 2411 976 2465 Carbasa
998 2450 1013 2475 ,
1043 2411 1223 2477 pallia,
1256 2409 1295 2461 Ι.

586 2481 717 2536 735.
744 2480 989 2535 Sterleus
1014 2518 1031 2544 ,
1064 2480 1340 2543 dormiens,
1376 2478 1476 2532 Iso.

585 2552 716 2606 746.
742 2548 974 2605 Auribus
994 2589 1010 2615 ,
1034 2554 1216 2602 caritas
1232 2549 1470 2602 virtutum
1497 2558 1690 2602 turmas
1719 2549 2095 2620 alloquitur.—

1861 2639 2424 2700 COMMENTARIUS.

522 2736 752 2802 vatloque
780 2734 945 2804 fovere
974 2726 1226 2804 Paciﬁcas
1251 2746 1449 2794 sensus,
1491 2739 1539 2783 et
1564 2730 1617 2783 in
1642 2730 1745 2782 otia
1776 2730 1967 2804 solvere
1987 2746 2086 2804 _ctt-

521 2822 628 2868 ras,
647 2800 944 2875 Compositis
965 2802 1124 2875 igitur
1148 2816 1338 2875 rerum,
1366 2816 1663 2875 morumque
1689 2801 1943 2875 secundis,

521 2876 751 2929 struitur.
771 2868 957 2926 'Codex
984 2868 1224 2933 l'ierarti,
1250 2868 1315 2921 In
1338 2868 1599 2921 commune
1638 2870 1781 2921 bonis
1811 2870 2087 2935 tranquilla

520 2956 565 2999 et
613 2960 734 3011 pace
777 2942 956 2997 solutis
1008 2940 1247 3011 Sensibus
1290 2949 1481 3011 ntututa
1511 2938 1631 3011 valli
1669 2940 1883 3011 statione
1927 2940 2087 2993 locari

682 3000 761 3080 iit,
785 3029 846 3065 ac
884 3012 1099 3064 statione
1123 3010 1245 3079 frui,
1276 3008 1507 3077 valloque
1525 3078 1532 3080 ν
1551 3009 1729 3080 foveri,
1755 3008 2083 3080 Exstruitur.

520 3016 761 3080 Conti'it,
785 3029 846 3065 ac
884 3016 1099 3064 statione
1123 3016 1245 3079 frui,
1276 3016 1507 3077 valloque
1551 3016 1728 3074 foveri,
1772 3016 2083 3063 Exstruitur.

523 3086 641 3141 Vat.
760 3082 821 3135 In
843 3096 1103 3134 commune
1132 3081 1272 3132 bonis
1310 3078 1600 3147 tranquilla;
1632 3079 1790 3145 plebis
1835 3080 1903 3131 ad
1928 3095 2087 3132 unum

2261 2730 2381 2784 75l.
2419 2728 2474 2782 In
2502 2729 2621 2783 Pul.
2664 2741 2716 2783 et
2753 2731 2929 2799 Egm.,
2958 2732 3056 2785 huc
3082 2747 3103 2797 ;
3130 2732 3184 2785 in
3223 2732 3418 2799 0son.,
3452 2736 3574 2790 ltinc
3600 2754 3619 2790 :
3644 2755 3766 2792 neu‘

2191 2808 2329 2853 trum
2378 2799 2642 2871 arridebat
2688 2800 2925 2854 llei'nsio.
2966 2801 3216 2855 Barthius
3254 2805 3415 2856 etiam
3465 2810 3678 2871 legebat
3716 2812 3763 2862 in

2190 2885 2290 2922 suo
2316 2882 2415 2941 ms.
2442 2870 2561 2935 huc,
2592 2871 2686 2941 sed
2717 2870 2974 2924 sincerius
3000 2872 3216 2937 putabat
3243 2872 3395 2938 hunc,
3417 2870 3560 2941 quod
3590 2889 3766 2933 tenent

2200 2939 2363 2993 nostri
2392 2954 2511 2991 cum
2543 2940 2677 2992 Aldo
2703 2950 2757 2992 et
2786 2940 2922 2994 aliis.
2955 2942 3174 3004 Erlurt.,
3208 2952 3342 2995 tunc.

2265 3009 2386 3063 757.
2432 3006 2644 3070 Cham.,
2683 3010 2955 3071 mendose,
2988 3026 3076 3077 per
3100 3022 3351 3068 sanctum.

2263 3079 2384 3149 758.
2414 3077 2638 3149 Dictum
2662 3078 2728 3132 ad
2760 3087 2900 3132 Vers.
2924 3080 3025 3133 750
3054 3080 3122 3133 de
3146 3089 3340 3149 aggere
3365 3122 3379 3145 ,
3421 3092 3475 3136 et
3505 3085 3757 3140 tribunali

506 3155 761 3209 Sensibus
785 3155 837 3226 in
865 3159 973 3203 tuta
992 3148 1112 3202 valli
1134 3150 1347 3226 statione
1372 3149 1549 3226 locatis
1575 3146 1637 3200 In
1657 3164 1920 3226 commune
1942 3150 2085 3226 bonis
2111 3164 2156 3226 ρ
2189 3147 2483 3226 respiiitio.
2527 3146 3502 3226 Ilujusmodi‘iribunalium'imagines
3538 3154 3761 3226 exhibet

496 3234 788 3292 postquam
815 3222 947 3292 intra
992 3229 1101 3271 tuta
1143 3219 1356 3292 morari.
1390 3217 1635 3292 Reliqua,
1665 3228 1721 3292 ut
1748 3218 1801 3292 in
1822 3218 2079 3292 Giselino.

507 3287 690 3346 ‘Vatic.
724 3294 783 3355 Ι),
805 3290 828 3343 I
839 3309 868 3343 ιι
885 3304 1145 3342 commune
1168 3287 1307 3341 bonis
1334 3287 1627 3354 tranquilla:
1655 3288 1811 3354 plebis
1840 3290 1907 3339 ad
1928 3304 2085 3340 unum

496 3362 683 3433 «quod
696 3372 785 3416 est
813 3380 839 3433 τι
863 3362 1093 3433 secunda
1118 3372 1305 3433 manu;
1338 3358 1627 3433 sequitur}
1661 3357 1849 3433 prima)
1872 3374 1885 3408 :
1907 3356 2085 3409 Conti-

458 3428 473 3439 ’
494 3468 497 3471 -
518 3425 609 3500 frit,
641 3448 699 3486 ac
722 3432 937 3485 sta'ione
962 3430 1084 3497 frui,
1119 3428 1348 3500 valloque
1370 3426 1527 3500 foveri
1553 3425 1809 3500 Paciﬁcas
1825 3443 2020 3500 sensus,
2038 3435 2085 3478 et

492 3496 572 3555 lin
596 3496 780 3554 omnia
818 3496 1017 3552 solvere
1064 3513 1213 3550 curas
1262 3497 1503 3551 Sensibus
1544 3497 1724 3549 locatis
1751 3496 1873 3548 valli
1900 3499 2087 3547 intuta

486 3609 492 3613 ι
518 3573 743 3627 statione.
756 3569 866 3640 (qui
883 3569 1020 3640 ordo
1045 3567 1707 3640 verborunrpraeposterus
1740 3575 1849 3640 est,
1872 3575 1925 3619 et
1951 3581 2081 3640 eun-

519 3651 598 3694 tra
647 3634 898 3706 metrum)
951 3634 1266 3690 Exstruitur.
1328 3635 1446 3688 Val.
1482 3634 1541 3700 I",
1576 3634 2083 3706 Compogitis.....ln

506 3724 780 3764 commune
810 3705 1269 3775 bonistrunquillce
1295 3706 1451 3775 plebis
1471 3708 1536 3758 ad
1565 3720 1722 3757 unum
1756 3705 1998 3758 Sensibus
2030 3707 2082 3758 in

516 3788 627 3830 tuta
648 3778 770 3830 valli
793 3778 1005 3830 statione
1034 3777 1211 3828 locatis
1226 3774 1471 3844 Contigit,
1502 3792 1562 3826 ac
1588 3776 1803 3827 statione
1822 3775 1944 3842 frui,
1979 3777 2086 3828 val-

518 3849 667 3916 loque
694 3849 847 3914 foveri
864 3845 1127 3916 J’aviﬁcos
1150 3861 1346 3916 sensus,
1383 3856 1429 3897 et
1458 3846 1525 3916 in_
1556 3845 1661 3897 otia
1689 3846 1878 3897 solvere
1909 3860 2082 3916 curas,

516 3912 835 3970 Exstruitur.
860 3916 984 3969 Nat.
1006 3912 1060 3967 VAG
1082 3932 1199 3967 cum
1226 3914 1380 3977 Aldn,
1408 3914 1499 3967 sed
1517 3914 1704 3967 inserit
1725 3928 1937 3967 versum
1956 3914 2084 3967 Sen-

514 3988 650 4041 sibus
666 3988 836 4040 intuta
859 3986 979 4039 vatli
999 3986 1216 4039 statione
1240 3984 1417 4037 locatis
1446 3985 1581 4036 inter
1604 3998 1789 4037 versus
1809 3983 2080 4051 Paci/icos,

488 4068 569 4112 ~et
599 4056 913 4111 Exstruitur.
948 4054 1067 4107 Vat.
1116 4055 1241 4107 Lrut
1272 4054 1387 4105 Vat.
1422 4053 1482 4115 F,
1514 4053 1605 4105 sed
1642 4052 1738 4104 Itac
1759 4056 1996 4116 statione,
2030 4065 2083 4105 et

514 4143 690 4180 curam
721 4141 814 4194 pro
844 4140 1012 4185 curas,
1046 4133 1099 4176 et
1144 4123 1399 4176 mendose
1426 4137 1601 4194 sensus
1618 4123 1677 4194 in
1700 4123 1977 4194 otiatVat.
2002 4123 2084 4174 BB

514 4206 569 4249 nt
595 4191 732 4251 Vat.’
758 4194 817 4257 Ρ,
846 4195 1129 4246 sedcura»:
1150 4206 1424 4259 procuras.
1459 4191 1576 4244 Vat.
1608 4192 1787 4244 Ocum
1817 4192 2076 4257 Giselino,

484 4266 693 4320 vaddito
716 4279 869 4317 versu
902 4262 1170 4321 Sensibus,
1196 4273 1327 4327 etc.,
1358 4270 1480 4312 ante
1506 4260 1819 4313 Exstruitur.
1850 4261 2078 4327 Bonon.,

507 4333 993 4405 tranquillwiplebis
1038 4332 1104 4405 ad
1130 4346 1285 4381 unum
1314 4329 1568 4405 sensibus
1591 4332 1641 4381 in
1672 4341 1777 4405 tota
1968 4339 2080 4405 Asta-

512 4399 654 4459 tione
668 4399 870 4466 locatis,
897 4401 1207 4461 Exstruitur,
1236 4399 1482 4463 etc.Quis
1513 4407 1711 4452 tantam
1733 4402 1782 4453 in
1811 4400 2082 4453 codicibus

488 4476 822 4531 varietatem
853 4470 1140 4525 crederet?
1185 4469 1428 4522 Heinsius
1450 4468 1731 4535 duplicem
1789 4469 2077 4523 editionem

2190 3217 2612 3291 Montiauconius
2656 3227 2780 3270 toni.
2825 3218 2890 3291 IV
2942 3218 3148 3291 Autup,
3189 3235 3307 3287 pag.
3348 3221 3496 3291 7103,
3539 3226 3633 3291 qui
3671 3225 3760 3277 ali-

2188 3287 2402 3357 quando
2439 3288 2964 3357 progopportunitate
3011 3288 3172 3341 fuisse
3218 3290 3419 3356 lapide:
3465 3287 3757 3346 existimat.

2261 3357 2379 3411 759.
2435 3355 2486 3408 Ιιι
2523 3355 2640 3428 vat.
2684 3359 2727 3409 ί)
2764 3358 2917 3410 deest
2952 3374 3047 3424 que
3080 3359 3130 3411 in
3163 3355 3493 3428 populosque.
3543 3362 3602 3415 Ιιι
3643 3363 3756 3416 Ful-

2189 3425 2786 3546 dfnsi,lconspicquue
2814 3428 2997 3495 jubent
3049 3425 3287 3497 papulas,
3336 3425 3478 3498 quod
3532 3430 3758 3487 Weitzio

2194 3510 2228 3546 Ι)
2250 3510 2363 3546 ilClll
2394 3536 2407 3546 .

2250 3498 2407 3547 :tCtlil.

2194 3510 2407 3618 pl'iciiii'
2433 3562 2551 3618 Rat.
2575 3605 2589 3627 ,
2620 3566 2813 3617 alacres
2839 3582 2867 3618 e
2896 3567 3078 3618 castris
3116 3568 3368 3621 omnibus.

2260 3634 2383 3687 745.
2430 3634 2705 3697 Weitzius,
2742 3650 2901 3687 unum
2936 3628 3255 3691 Fuldensem
3286 3647 3521 3703 secutus,
3548 3641 3755 3709 degene-

2187 3721 2313 3758 rem.

2260 3775 2383 3828 746.
2430 3774 2674 3827 Heinsius
2695 3789 2811 3825 cum
2848 3773 2964 3827 Put.
2997 3783 3051 3828 et
3079 3775 3286 3829 Thnan.
3320 3777 3550 3843 prmtulit
3584 3794 3756 3841 exspe-

2192 3853 2353 3909 ctant,
2378 3845 2550 3913 qualia
2582 3845 2744 3896 multa
2774 3858 2831 3897 se
2860 3844 3156 3897 restituisse
3182 3846 3251 3897 ait
3274 3846 3413 3912 apud
3443 3848 3648 3913 priscos
3670 3862 3755 3898 an-

2186 3925 2367 3968 ctores
2398 3928 2499 3979 ope
2526 3912 2977 3983 membranarum.
3010 3914 3111 3967 Sed
3144 3930 3265 3967 eum
3301 3912 3591 3983 utrumque
3620 3924 3755 3969 recte

2188 3983 2425 4046 dicatur,
2447 3992 2501 4037 et
2521 3982 2688 4035 nostri
2719 3998 2904 4036 omnes
2934 3982 3062 4036 Mar.
3082 4023 3097 4046 ,
3123 3984 3242 4037 Rat.
3262 4026 3275 4047 ,
3310 3982 3534 4046 Vienn.,
3569 3989 3714 4039 Alex.
3736 4023 3750 4043 .

2188 4054 2356 4115 Ang.,
2399 4052 2536 4105 Vatt.
2570 4053 2642 4115 Ο,
2678 4053 2747 4115 F,
2780 4051 2820 4105 G
2863 4067 2981 4104 cum
3019 4054 3137 4105 aliis
3179 4070 3305 4107 mss.
3340 4065 3393 4106 et
3432 4054 3596 4107 editis
3635 4070 3750 4107 ante

2188 4123 2459 4176 Ilcinsium
2486 4122 2709 4175 habeant
2737 4131 3014 4191 exspectat,
3040 4123 3167 4175 nihil
3199 4124 3509 4176 mutandum
3540 4134 3647 4177 est.

2257 4192 2379 4244 748.
2424 4191 2634 4249 Vienn..
2664 4192 2933 4243 victoribus
2962 4192 3169 4245 addere.

2257 4262 2379 4315 749.
2428 4261 2637 4319 Vienn.,
2662 4262 2845 4327 erupit.
2869 4261 3015 4325 ΑΜ..
3037 4261 3216 4327 Fabr.,
3250 4263 3461 4319 trimam
3489 4264 3540 4314 in
3564 4278 3744 4316 vocem.

2185 4332 2345 4396 Ang.,
2372 4331 2534 4399 prima
2553 4346 2605 4384 se
2630 4346 2766 4394 voce,
2797 4339 2980 4384 contra
3009 4331 3262 4384 carminis
3284 4336 3571 4396 rationem,
3600 4345 3646 4385 et
3673 4334 3746 4385 in-

2184 4400 2336 4454 solita
2370 4400 2567 4468 phrasi.

2432 4469 2487 4541 in
2510 4471 2686 4541 priore
2707 4468 2930 4541 ρςιιιθιῃ,
2957 4478 3037 4521 sat
3061 4468 3264 4539 gloria;
3286 4470 3398 4531 alii,
3418 4472 3531 4537 jam
3558 4474 3742 4541 gloria.

484 4527 794 4615 sistrum
824 4539 1341 4615 Praetutianum“
1372 4553 1437 4591 ex
1468 4527 1712 4615 ltoo_|9co
1754 4539 2073 4606 ευςρίοειιυιο
2104 4527 2195 4615 υ,
2253 4539 2377 4592 759-
2430 4527 2678 4615 Ilc'insﬁus
2707 4527 2989 4591 ννοίικίιίπη
3015 4527 3749 4615 aemulum“l‘méb""9“

582 4615 703 4668 727.
734 4614 917 4667 Glossa
945 4611 1099 4663 aliam
1132 4608 1412 4663 lectionem
1448 4607 1685 4673 respicit.

582 4686 706 4741 750.
738 4683 917 4747 Fuld.,
950 4680 1227 4733 construito
1248 4680 1433 4743 media,
1470 4692 1767 4747 perperam.
1810 4677 1922 4731 Mos
1968 4678 2074 4732 Ru-

486 4769 787 4809 rmanorum
818 4752 1129 4819 exprimitur
1157 4748 1463 4819 exstruendi
1515 4750 1583 4819 in_
1610 4748 2075 4819 castris_.tribunal

490 4824 846 4891 imperatoris
890 4816 1252 4891 cespititium:
1293 4818 1377 4891 de,
1405 4831 1511 4891 quo
1563 4816 1773 4885 Lipsius
1804 4816 1871 4870 de
1917 4820 2068 4891 Milit.

492 4887 690 4957 'Ront.,
739 4893 950 4968 Tacitus
990 4887 1243 4968 Anna|._t
1271 4887 1487 4968 :_§itnul
1523 4897 1799 4968 congerunt
1828 4890 2071 4968 cespites,

506 4971 769 5017 exstruunt
806 4961 1046 5013 tribunal.
1073 4958 1267 5013 Confer
1297 4958 1575 5020 Vopiscum
1621 4958 1672 5011 iu
1732 4958 1926 5011 Probo.
1975 4959 2077 5011 Alii

506 5047 750 5101 aggerem
768 5039 978 5101 vocant,
1006 5040 1061 5101 et
1088 5041 1240 5098 poeta
1269 5038 1449 5081 noster
1479 5028 1611 5101 intra
1641 5041 1787 5101 vers.
1818 5027 1938 5082 758.
1960 5028 2071 5081 Pal.

492 5095 602 5172 pro
629 5111 912 5172 castrorum
935 5095 1102 5152 habet
1117 5113 1433 5172 camporum,
1462 5112 1565 5172 non
1594 5095 1663 5148 ita
1689 5096 1841 5172 bene.

577 5173 701 5227 751.
758 5170 963 5233 \‘ienu.,
1016 5169 1152 5236 quod
1173 5208 1188 5233 ,
1229 5168 1280 5220 id
1312 5176 1397 5220 εει
1421 5206 1436 5233 ,
1474 5168 1735 5228 tribunal;
1766 5165 1855 5218 alii
1885 5209 1899 5233 ,
1927 5182 2074 5234 quem

491 5241 702 5294 ducum.

568 5310 698 5364 .752.
748 5309 899 5372 Man,
932 5306 1143 5376 Angel.,
1171 5307 1225 5358 ia
1251 5305 1531 5370 speculum,
1566 5319 1671 5359 non
1699 5304 1884 5375 probo.
1920 5304 2074 5360 Uter-

494 5392 628 5449 que.
659 5380 777 5434 inde
798 5379 999 5449 omnia,
1034 5392 1142 5449 non
1168 5376 1328 5449 male.

576 5450 697 5504 755.
746 5448 987 5502 lleinsius
1031 5445 1219 5514 probat
1262 5444 1652 5511 circuminspicit
1697 5458 1762 5499 ex
1808 5444 1925 5499 Put.
1966 5443 2065 5498 Se-

501 5532 637 5582 quor
684 5519 933 5583 reliquos,
983 5518 1071 5584 qui
1114 5518 1248 5570 bene
1285 5515 1521 5585 referunt
1557 5515 1901 5585 circumspicit
1940 5529 2061 5567 cum

500 5588 679 5655 Alex.,
713 5588 830 5640 Vat.
858 5590 927 5648 tl,
959 5587 1132 5652 l’rag.,
1168 5586 1309 5645 Rat.,
1343 5584 1781 5655 Vienn.r'l‘eolius
1820 5586 1891 5638 ait
1928 5598 2058 5637 mss.

504 5658 698 5711 habere
722 5656 1134 5721 circumirtspicit,
1168 5654 1260 5707 sed
1286 5669 1397 5709 non
1429 5654 1659 5724 esplicat
1680 5658 1891 5723 quinam
1927 5655 2006 5707 sin
2027 5666 2064 5715 t,

496 5737 556 5778 et
584 5741 651 5781 an
677 5740 863 5779 omnes
890 5729 957 5777 ita
989 5724 1235 5779 lube-ant.

2182 4608 2552 4673 intempestive
2567 4610 2689 4679 _|_I_uc
2735 4608 3193 4679 revocaveritlioc
3220 4611 3388 4670 habet,
3435 4610 3502 4662 de
3538 4626 3646 4679 quo
3679 4608 3741 4663 ad

2181 4693 2325 4730 vers.
2354 4680 2439 4732 55.
2472 4681 2539 4731 At
2567 4676 2822 4731 Weitzius
2850 4688 3047 4745 praeter
3073 4676 3273 4731 Widm.
3296 4695 3325 4731 a
3351 4680 3517 4745 prima
3546 4676 3703 4733 manu
3729 4723 3743 4741 ,

2181 4764 2336 4814 quem
2366 4748 2580 4811 allegat,
2601 4764 2631 4799 e
2654 4747 2853 4800 nostris
2884 4747 3039 4799 habet
3058 4749 3157 4799 sibi
3179 4750 3577 4803 consentientes
3600 4750 3745 4809 Man,

2189 4818 2373 4871 Vienn.
2401 4857 2414 4878 ,
2450 4820 2569 4870 Ilat.
2598 4816 2838 4870 Gilanius
2867 4817 2979 4869 Ind.
3018 4818 3173 4869 Lucr.
3209 4834 3327 4883 pag.
3358 4819 3465 4871 456
3489 4857 3503 4879 ,
3543 4821 3745 4871 deinci-

2180 4889 2340 4953 sione,
2368 4890 2469 4940 sive
2492 4889 2650 4940 inciso
2682 4904 2744 4939 ex
2781 4896 2887 4940 vet.
2934 4888 3019 4939 lib.
3057 4888 3183 4950 legit
3205 4931 3218 4953 ,
3252 4886 3472 4953 Contigit
3501 4891 3745 4941 exstincta

2180 4960 2340 5010 multo
2366 4958 2637 5010 certamine
2664 4971 2815 5010 steva.
2846 4957 2974 5008 Cum
3002 4956 3209 5011 thanio
3235 4957 3355 5011 facit
3384 4956 3501 5011 Vat.
3546 4960 3609 5011 Ο.
3636 4958 3742 5012 Non

2220 5029 2374 5079 Iacet.

2182 5042 2374 5149 pla???
2422 5095 2473 5146 In
2496 5095 2727 5150 editione
2752 5093 3026 5159 Aldi,~qua
3057 5107 3198 5161 utor,
3231 5105 3353 5149 nota
3382 5105 3463 5149 est
3497 5096 3739 5151 Marietti.

2180 5177 2231 5217 ut
2279 5166 2508 5233 opinor,
2552 5164 2691 5232 quod
2736 5166 2861 5217 urbs
2907 5174 3089 5219 sancta
3138 5166 3346 5221 videtur
3392 5167 3480 5219 hic
3527 5165 3738 5231 intelligi

2179 5236 2370 5299 Roma,
2401 5250 2464 5286 ex
2492 5249 2591 5301 qua
2624 5233 2849 5300 fugatam
2880 5243 3031 5300 poeta
3064 5235 3193 5288 dicit
3220 5236 3526 5289 universam
3557 5236 3740 5289 barba-

2180 5308 2307 5358 riem
2332 5344 2347 5367 ,
2380 5320 2471 5356 seu
2497 5302 2870 5370 gentilitatem.
2906 5304 3103 5357 Confer
3133 5306 3336 5358 initimn
3371 5306 3462 5358 lib.
3493 5320 3525 5356 ιι
3556 5309 3733 5358 adver-

2173 5388 2267 5427 sus
2295 5373 2625 5443 Symtnach.,
2648 5372 2925 5426 Credebam
2954 5374 3109 5438 vitiis,
3136 5388 3264 5439 etc.,
3288 5386 3341 5428 et
3365 5375 3565 5442 proleg.
3597 5387 3735 5426 num.

2176 5446 2597 5575 ὺυἹὲἓῗϐἓὶιιίιΙη
2629 5510 2829 5584 publica
2848 5516 2972 5584 jant
2990 5513 3205 5584 requies.
3234 5511 3494 5584 Prteclara
3530 5524 3737 5569 senten-

2179 5583 2270 5645 tia,
2299 5584 2494 5651 quippe
2514 5582 2934 5649 evangelica,“
2959 5582 3143 5636 Matth.
3173 5598 3241 5636 xu
3270 5625 3284 5647 ,
3315 5582 3421 5636 25:
3469 5584 3628 5635 tlmne
3659 5599 3737 5636 re-

2168 5668 2329 5721 gnum
2357 5652 2570 5705 divisum
2606 5664 2782 5703 contra
2809 5668 2863 5704 se
2908 5652 3216 5704 desolabitur
3242 5669 3257 5705 :
3288 5663 3332 5705 ct
3370 5654 3531 5705 omnis
3568 5655 3659 5705 civi
3682 5667 3735 5702 as

2170 5721 2250 5775 vel
2272 5722 2461 5801 [domus
2492 5721 2652 5774 divisa
2674 5732 2849 5774 contra
2871 5738 2928 5774 se
2958 5738 3057 5773 non
3082 5723 3254 5775 stabit.
