3960 6312
198 326 268 382 77
1539 323 1990 382 PSYCHOMACII
2001 326 2082 382 IA.
3378 328 3452 385 78

373 439 595 493 Constat
638 439 889 493 amicitiis
930 454 945 491 :
979 438 1209 491 scissura
1252 434 1543 491 domestica
1587 436 1764 489 turbat
1794 444 1842 499 Α

377 531 506 584 Item
522 530 722 599 populi,
742 529 1036 596 titubatque
1049 526 1200 586 foris.
1213 525 1353 593 quod
1372 524 1589 579 dissidet
1604 524 1768 579 intus.

379 623 515 690 Ergo
542 632 750 682 cavete.
782 619 902 681 viri,
935 633 1002 672 ne
1030 618 1100 671 sit
1126 616 1394 670 sententia
1426 616 1638 670 discors

375 711 636 768 Sensibus
666 712 717 764 in
746 709 966 771 nostris,
997 722 1064 762 ne
1086 716 1230 761 secta
1258 706 1470 760 exotica
1494 707 1647 761 tectis

113 806 121 813 ’
196 806 303 862 760
375 803 637 859 Nascatur
658 803 887 855 conllata
916 799 1053 853 odiis
1080 817 1090 849 :
1122 798 1243 867 quia
1272 798 1394 852 fissa
1423 798 1670 851 voluntas

374 894 657 950 Confundit
683 894 840 946 variis
864 906 1057 945 arcana
1087 892 1334 946 biformia
1361 891 1530 946 ﬁbris.

371 984 531 1055 651
582 982 735 1047 Quod
763 982 1034 1051 sapimus,
1078 980 1363 1050 eonjungat
1392 995 1544 1034 amor
1574 998 1587 1032 :
1632 980 1773 1049 quod

1302 1070 1575 1141 [vivimns,
1598 1084 1705 1124 uno

296 1212 301 1216 .
374 1163 663 1232 (IonSpiret
690 1161 906 1216 studio:
952 1161 1024 1214 nil
1053 1160 1393 1216 dissociabile
1428 1161 1640 1214 firmum
1670 1169 1771 1214 est.

378 1252 551 1322 thue
605 1252 829 1315 homini,
866 1262 1026 1317 atque
1072 1249 1182 1304 Deo
1235 1249 1440 1305 medius
1481 1250 1773 1303 intervenit

1538 1340 1701 1393 Iesus.

1538 1340 1670 1393 Iesus

202 1427 309 1485 765
382 1430 482 1496 Qui
507 1430 676 1483 sociat
703 1428 930 1483 mortale
960 1427 1123 1491 Patri,
1154 1443 1221 1481 ne
1251 1442 1445 1490 carnea
1473 1339 1670 1483 distent

376 1519 599 1588 Spiritui
619 1529 842 1581 mtcruo,
863 1517 1038 1585 sitque
1051 1527 1107 1570 nt
1130 1519 1267 1571 Dens
1289 1533 1427 1571 unus
1449 1527 1729 1586 utrumque
1757 1536 1768 1568 :

377 1609 488 1673 Sic,
532 1608 790 1678 quidquid
816 1608 1054 1677 gerimus
1087 1609 1404 1677 mentisque,
1440 1619 1495 1662 et
1532 1610 1774 1676 corporis

1556 1708 1698 1763 actu,

1556 1709 1626 1753 ac!

376 1789 609 1858 Spiritus
632 1789 900 1842 unimodis
928 1800 1074 1843 texat
1100 1788 1450 1859 compagibus
1470 1698 1626 1842 un[us.

374 1877 483 1931 Pax
524 1877 738 1946 plenum
775 1880 988 1934 virtutis
1026 1893 1185 1949 opus,
1220 1893 1324 1948 pax
1371 1892 1578 1933 summa
1618 1877 1768 1933 labo-

1535 1969 1695 2041 [rum,

198 2058 299 2114 770
371 2058 479 2114 Pax
502 2059 635 2115 belli
658 2060 837 2116 exacti
864 2062 1093 2129 pretium
1118 2072 1237 2126 est,
1268 2061 1602 2130 pretiumque
1632 2060 1773 2125 peri-

1603 2152 1697 2205 cli.

1102 2162 1124 2174 "
1603 2152 1663 2205 cl!

370 2242 560 2299 Sidera
585 2258 714 2313 pace
736 2244 934 2314 vigent,
962 2246 1263 2301 consistunt
1292 2254 1465 2299 terrea
1492 2152 1623 2314 paulo
1648 2259 1663 2295 :

2048 437 2126 492 Nil
2154 437 2407 507 placitum
2424 438 2540 492 sine
2562 452 2691 506 pace
2710 436 2838 501 Deo,
2856 451 2959 491 non
2988 452 3200 502 munus,
3218 440 3284 492 ad
3303 453 3451 493 aram

2054 526 2186 583 Cum
2209 532 2393 595 cupias
2422 528 2635 591 olferre,
2667 527 2877 594 probat,
2908 528 2954 581 .«i
2987 529 3196 582 turbida
3230 528 3449 583 fratrem

2056 619 2203 671 Mens
2235 617 2479 685 impacati
2513 618 2613 669 sub
2641 617 2872 684 pectoris
2901 615 3078 671 oderit
3105 626 3260 671 antro
3289 634 3301 669 :

1879 706 1982 759 775
2056 707 2164 761 Nec
2186 709 2230 761 si
2254 708 2624 761 ﬂammicomis
2654 706 2852 760 Christi
2880 723 2974 774 pro
3006 708 3221 763 nomine
3248 720 3450 779 martyr

2063 797 2279 865 Ignibus
2306 797 2531 861 insilias,
2555 812 2776 851 servans
2807 797 3092 851 inamabile
3113 809 3292 852 votum

2056 887 2173 941 Bile
2203 889 2301 941 sub
2324 887 2557 956 obliqua,
2590 890 2875 956 pretiosam
2909 890 3146 957 proderit
3174 892 3289 944 Iesu
3484 956 3489 962 Ι

2051 977 2215 1050 652
2264 978 2591 1047 Impendisse
2618 981 2886 1033 animam:
2922 983 3097 1035 meriti
3134 984 3255 1050 quia
3304 986 3451 1038 clau-

2980 1071 3115 1142 [sula
3150 1088 3247 1141 pax
3276 1085 3379 1128 est.

2056 1161 2170 1215 Non
2204 1162 2384 1215 inﬂata
2416 1170 2621 1225 tumet,
2662 1178 2764 1215 non
2797 1163 2995 1216 invidet
3038 1165 3227 1218 :rmula
3261 1165 3447 1231 fratri,

2056 1251 2244 1305 Omnia
2272 1251 2565 1319 perpetitur
2600 1252 2835 1319 patiens,
2868 1262 3027 1319 atque
3056 1254 3231 1307 omnia
3260 1256 3447 1309 credit.

1877 1343 1982 1398 780
2053 1342 2331 1411 Nunquam
2356 1346 2479 1397 lmsa
2510 1344 2675 1407 dolet,
2707 1354 2895 1399 cuncta
2920 1344 3242 1400 ollensacula
3259 1347 3442 1402 donat.

2055 1433 2316 1487 Occasum
2340 1434 2472 1486 locis
2494 1434 2649 1488 venia
2684 1449 3013 1500 prmcurrere
3037 1437 3199 1504 gestit

2054 1523 2264 1584 Anxia,
2297 1537 2364 1577 ne
2391 1523 2635 1577 Stabilem
2671 1524 2875 1593 linquat
2903 1527 2981 1579 sol
3013 1527 3260 1581 conscius
3289 1530 3450 1581 iram.

2051 1612 2288 1681 Quisque
2323 1614 2478 1666 litare
2522 1614 2634 1667 Deo
2668 1617 2912 1668 mactatis
2950 1617 3062 1668 vult
3100 1618 3450 1682 holocaustis,

2054 1694 2255 1756 Oﬂ‘erat
2287 1702 2549 1770 imprimis
2588 1718 2771 1772 pacem
2804 1722 2818 1757 :
2850 1706 2995 1759 nulla
3030 1706 3202 1759 hostia
3237 1706 3453 1762 Christo

1802 1801 1851 1861 Β
1880 1795 1979 1849 78Ξ5
2058 1795 2267 1847 Dulcior
2294 1812 2307 1847 :
2341 1793 2440 1846 hoc
2459 1794 2575 1846 solo
2603 1806 2781 1848 saneta
2806 1796 2870 1848 ad
2899 1796 3121 1850 donaria
3144 1798 3347 1851 vulzunt

2055 1885 2273 1938 Munere
2302 1892 2626 1937 convertens
2651 1925 2665 1948 ,
2712 1885 2913 1953 liquido
2939 1886 3238 1939 oblectatur
3266 1887 3450 1942 odore.

2052 1975 2155 2029 Sed
2185 1986 2363 2028 tamen
2396 1984 2451 2029 et
2478 1975 2647 2030 niveis
2686 1977 2843 2029 tradit
2877 1978 3013 2031 Dens
3051 1979 3165 2046 ipse
3193 1979 3455 2033 columbis

2056 2065 2350 2119 Pennatum
2401 2076 2583 2120 tenera
2634 2067 2932 2135 plumarum
2973 2078 3124 2122 veste
3175 2069 3454 2123 colubrum

2056 2154 2307 2210 [limante
2346 2157 2559 2224 ingenio
2593 2155 2749 2210 docte
2797 2158 3182 2222 internoscere,
3230 2160 3455 2213 mixtum

1878 2244 1983 2298 790
2057 2245 2302 2298 lnnocuis
2350 2246 2575 2299 avibus:
2619 2247 2747 2298 latet
2797 2257 2850 2299 et
2895 2247 3049 2315 lupus
3093 2262 3188 2303 ore
3234 2256 3455 2304 cruento

1472 2354 1756 2412 GLOSS/E
1798 2356 2127 2412 VETERES.

260 2466 388 2521 756.
441 2465 761 2529 Domestica,
791 2466 973 2527 civilis,
1004 2465 1047 2519 1.

257 2537 389 2590 757.
432 2535 588 2597 Rem,
617 2542 829 2600 statum,
862 2538 901 2588 Ι.

255 2606 387 2661 759.
439 2605 680 2666 Exotica,
709 2602 1274 2671 mortifera.—Tectis,
1306 2607 1585 2674 coapertis,
1619 2606 1659 2661 Ι.

257 2675 391 2729 760.
436 2674 607 2735 Fissa,
643 2675 803 2726 divisa
824 2676 898 2727 vel
921 2685 1174 2739 separata,
1212 2674 1249 2725 l.

258 2744 386 2825 761.
436 2747 643 2826 Arcana
664 2786 678 2809 ,
699 2743 1249 2826 ⁸ςεειπιξειξρ-Βίΐοιγηὶιι
1270 2783 1283 2807 ,
1314 2744 1766 2811 divisa.—Fibris,

194 2815 351 2867 nervis
368 2854 390 2879 ,
415 2814 806 2883 cogitationibus
822 2854 838 2877 ,
878 2813 917 2867 1.

257 2883 379 2937 765.
433 2883 739 2951 Conspiret,
771 2884 1055 2951 conﬁrmet,
1085 2884 1127 2937 Ι.

257 2954 381 3008 775.
437 2952 652 3014 Probat,
686 2955 866 3021 placet,
910 2953 946 3005 Ι.

255 3022 383 3078 776.
432 3022 688 3086 Servans,
717 3022 903 3076 habens
927 3031 1103 3076 contra
1130 3023 1654 3092 fratrem—Votum,
1680 3040 1767 3077 ro-

1879 2466 2146 2532 luntatem,
2181 2468 2287 2522 lso.

1948 2538 2071 2591 777.
2126 2539 2238 2592 Bile
2266 2537 2366 2591 sub
2393 2537 2632 2604 obliqua,
2660 2540 2778 2605 felle
2801 2540 2893 2593 sub
2917 2541 3153 2601 obscuro.
3184 2543 3220 2597 Ι.

1947 2607 2072 2661 778.
2117 2607 2473 2677 Impendisse,
2504 2611 2643 2671 dare,
2683 2610 2723 2662 Ι.

1948 2676 2071 2731 78l.
2126 2678 2320 2742 Donat,
2348 2677 2576 2737 dimittit,
2611 2678 2648 2731 l.

1862 2796 1869 2801 ,
1945 2747 2069 2800 782.
2114 2746 2445 2799 Przecurrere
2467 2747 2648 2816 gestit,
2680 2749 2957 2811 praevenire
2978 2751 3206 2816 festinat,
3228 2752 3267 2807 Ι.
3388 2805 3395 2812 ,

1948 2818 2070 2886 788.
2115 2816 2320 2886 Tradit,
2351 2816 2915 2886 docnit.;-—_Columbis,
2946 2818 3269 2886 Christianis,
3301 2821 3333 2879 l,

1945 2885 2068 2938 789.
2110 2884 2420 2946 Colubrttm,
2452 2884 2731 2951 diabolum,
2771 2888 2806 2939 Ι.

1942 2954 2067 3009 790.
2123 2955 2399 3018 lnnocuis,
2424 2955 2713 3021 virtutibus,
2744 2956 2823 3011 vel
2848 2957 3093 3011 columbis
3114 2998 3127 3023 ,
3160 2957 3198 3013 1.

1535 3109 2087 3169 COMMENTARIUS.
2403 3116 2426 3134 -
2484 3174 2490 3180 η

258 3208 382 3264 759.
411 3207 562 3272 Ald.,
593 3206 730 3271 Gis.,
758 3207 810 3259 in
832 3208 1031 3262 vestris.
1061 3206 1330 3262 Heinsiaui
1355 3217 1409 3261 et
1438 3208 1608 3262 nostri
1638 3222 1763 3261 enm
1793 3207 1839 3269 C
1870 3220 2027 3261 manu
2058 3203 2382 3257 correctoris
2432 3200 2656 3267 improbi
2688 3242 2703 3265 ,
2754 3204 2910 3271 prosit
2960 3202 3099 3257 Iesu.
3132 3204 3184 3258 In
3230 3218 3342 3261 not.
3385 3208 3450 3261 ad

200 3277 511 3332 Weilzianis
535 3318 550 3341 ,
588 3278 641 3328 in
671 3278 880 3330 nostris.
922 3276 978 3330 In
1019 3280 1148 3332 Mar.
1170 3317 1185 3341 ,
1214 3294 1304 3330 nec
1333 3289 1504 3342 secta;
1543 3278 1667 3337 alii,
1704 3293 1767 3330 ne

199 3358 346 3402 secta.
390 3347 507 3399 Vox
536 3348 732 3399 exotica
771 3346 1015 3400 Plautina
1057 3358 1181 3408 est,
1233 3348 1299 3402 ab
1336 3348 1456 3401 aliis
1495 3355 1767 3401 revocata.

260 3418 383 3473 760.
432 3415 612 3477 Alex.,
642 3417 799 3479 Mar.~
828 3416 967 3469 Vatt.
1002 3417 1061 3479 F,
1089 3417 1155 3480 Ο,
1182 3416 1453 3471 Giselinus
1480 3417 1545 3469 ad
1575 3432 1771 3485 marg.,

200 3486 491 3545 lleinsiani,
537 3486 681 3553 ﬁssa.
728 3497 953 3553 excepto
988 3487 1225 3547 'l‘hnan.,
1275 3486 1327 3539 in
1370 3503 1476 3553 quo
1529 3502 1560 3539 a
1614 3502 1771 3539 manu

202 3558 381 3625 prima,
405 3557 546 3626 fusa,
566 3568 615 3608 et
635 3556 779 3626 ltott.
800 3558 994 3626 priore,
1018 3558 1104 3610 ubi
1127 3556 1252 3622 ﬁxa.
1285 3556 1535 3609 Barthius
1561 3570 1774 3623 quoque

201 3624 563 3687 elWeitzius,
612 3624 753 3694 ﬁssa.
803 3625 921 3677 Vat.
973 3626 1030 3679 Ο.
1086 3628 1237 3694 scisa.
1290 3626 1510 3687 Erfurt.,
1555 3626 1771 3694 Augel.,

203 3696 335 3759 Ald.,
362 3695 484 3750 Gis.
508 3710 534 3743 a
564 3693 733 3759 prima
762 3708 943 3757 manu,
967 3695 1144 3747 scissa.
1172 3693 1377 3747 Fissum
1401 3695 1774 3763 appellabatur

203 3765 341 3835 iecur
368 3778 527 3835 etesse
546 3764 787 3835 uictima:
804 3804 817 3825 ,
843 3779 945 3831 quo
975 3765 1200 3835 fortasse
1226 3765 1444 3831 reSpicit
1470 3781 1565 3817 vox
1606 3764 1771 3831 ﬁbris.

267 3835 386 3889 76L
434 3832 635 3885 Widtn.
665 3834 731 3886 ad
761 3833 1185 3901 oram,linfnndit
1205 3835 1379 3894 rariis,
1405 3835 1580 3887 minus
1614 3836 1773 3889 bene.

267 3905 388 3957 762.
432 3901 629 3956 Wcitz.
665 3917 785 3955 cum
816 3902 930 3955 solo
952 3902 1174 3966 Erfurt.,
1201 3906 1507 3971 conjunctet.
1533 3904 1645 3957 Cur
1666 3920 1781 3961 non.

204 3975 371 4042 potius
391 3989 529 4043 cum
545 3972 663 4025 aliis
688 3976 967 4043 conjungat
990 3973 1013 4025 ?

269 4045 387 4097 764.
433 4042 591 4111 Ald.,
639 4041 862 4094 medium
887 4041 1187 4111 intervenit.
1219 4041 1522 4111 Legendum
1572 4043 1771 4097 medius

207 4113 483 4167 intervenit.
506 4110 788 4165 Corrector
818 4111 1074 4164 ridiculus
1095 4110 1294 4165 codicis
1322 4113 1439 4165 Rat.
1464 4112 1586 4167 fecit
1612 4129 1773 4181 genus

206 4184 507 4236 intervenit:
544 4181 806 4247 siquidem
849 4181 1207 4234 arbitrabatur
1246 4196 1460 4235 carmen
1515 4198 1618 4235 non
1667 4183 1774 4236 alio

208 4256 356 4305 modo
382 4259 651 4307 constare.
692 4249 844 4304 Fnld.
868 4294 881 4316 ,
911 4260 1058 4318 atque
1086 4251 1279 4303 homini
1300 4292 1313 4307 .
1346 4262 1498 4317 atque
1539 4252 1646 4305 Deo
1670 4268 1776 4303 me-

208 4324 354 4375 dius:
385 4336 495 4375 non
535 4321 800 4389 displicet.
834 4321 907 4373 Ex
951 4321 1317 4387 hujuscemodi
1365 4321 1611 4389 loquendi
1661 4322 1772 4374 for-

211 4392 364 4452 mula,
398 4401 562 4455 atque
582 4390 844 4444 sententia
868 4398 1048 4442 natum
1074 4399 1158 4443 est
1186 4391 1501 4444 vocabulum
1524 4393 1772 4445 mediator

211 4462 270 4513 de
295 4461 532 4529 Christo.
555 4459 683 4512 Vide
713 4461 865 4513 Cath.
901 4460 1084 4529 hymn.
1118 4462 1204 4525 il,
1238 4475 1381 4514 vers.
1414 4461 1503 4515 16.

275 4530 395 4584 765.
438 4528 668 4583 Carneus
690 4531 904 4582 nomine
926 4528 1050 4582 usus
1079 4529 1235 4582 etiam
1266 4541 1346 4582 est
1378 4532 1429 4583 in
1460 4530 1657 4598 Apolb.

274 4599 396 4654 77L
446 4600 663 4653 Boetius
689 4600 926 4651 imitatus
949 4600 1154 4652 videtnr
1185 4599 1531 4653 Prudentium
1556 4601 1649 4653 lib.
1682 4616 1729 4652 tv
1751 4644 1765 4667 ,

214 4683 371 4723 metro
400 4669 433 4723 6
461 4686 475 4720 :
508 4668 569 4721 Si
592 4669 664 4720 vis
684 4667 805 4721 celsi
816 4671 943 4737 jura
970 4670 1193 4721 tonantis
1224 4667 1367 4721 Pura
1383 4668 1542 4723 solers
1570 4686 1771 4724 cernere.

213 4748 380 4803 mente,
410 4738 593 4807 Aspice
620 4738 806 4790 summi
835 4738 1058 4791 culmina
1084 4738 1215 4790 cwli.
1255 4737 1371 4792 Illic
1400 4740 1547 4808 justo
1587 4742 1772 4806 [cedere

152 4838 156 4842 -
212 4822 368 4859 rerum
398 4809 629 4860 Veterem
652 4807 1032 4877 seruantsidera
1056 4824 1323 4877 pacem...
1353 4808 1473 4862 llwc
1500 4810 1797 4862 concordiai

216 4886 444 4947 temperat
471 4878 632 4947 a’quis
674 4876 940 4947 Elementa
969 4876 1132 4929 modis
1152 4919 1166 4942 ,
1196 4888 1301 4932 etc.
1356 4900 1359 4901 ν

278 4946 393 4999 775.
447 4947 623 5001 Testis
652 4946 807 5014 hujus
838 4947 912 4999 rei
945 4947 1245 5009 blattltmus,
1269 4962 1389 5013 cap.
1418 4963 1471 5009 v,
1506 4963 1646 5001 vers.
1678 4948 1770 5002 25.

217 5012 467 5085 Plerique,
491 5017 690 5085 probat.
716 5012 966 5071 Heinsius
990 5033 1109 5070 cum
1137 5012 1343 5070 'l‘bnan.
1370 5026 1568 5071 rectius
1600 5029 1770 5086 putat,

216 5097 263 5135 et
288 5095 423 5139 tenet
445 5088 637 5153 probet.
664 5091 673 5099 ’

280 5155 396 5208 775.
449 5156 570 5208 Ald.
592 5195 606 5213 .
638 5157 1014 5224 ﬂammicomis.
1047 5155 1231 5210 Melius
1254 5158 1622 5278 ﬂammicomis
1648 5175 1768 5213 cum

280 5222 433 5278 rimis.
464 5225 554 5278 Sic
577 5225 772 5278 Marius
799 5226 975 5278 Victor
997 5226 1089 5278 lib.
1116 5240 1149 5278 tt
1174 5227 1223 5278 iu
1280 5226 1501 5278 ‘enesini
1532 5246 1543 5278 :
1574 5228 1768 5278 Crinita

218 5222 433 5289 scriptis.
464 5225 554 5279 Sic
577 5222 772 5278 Marius
799 5226 975 5280 Victor
997 5226 1089 5280 lib.
1116 5240 1149 5278 tt
1174 5227 1223 5278 iu
1254 5222 1501 5279 Genesini
1532 5246 1543 5278 :
1574 5228 1770 5280 Crinita

218 5291 440 5345 incendia
465 5296 564 5346 late
592 5294 903 5349 Extendens.
942 5296 1289 5350 EtJuvencus
1320 5296 1409 5348 lib.
1437 5312 1485 5349 tv
1517 5312 1530 5353 :
1563 5296 1766 5363 lgnico.

220 5375 397 5433 mque
428 5372 576 5416 ruent
602 5366 783 5428 stellw,
826 5376 880 5418 et
918 5367 1074 5433 paulo
1114 5375 1262 5431 post:
1300 5366 1497 5418 Ornata
1528 5370 1767 5420 accincta:

220 5431 453 5485 turdarum
518 5431 1021 5498 ﬂammicomantnm.
1081 5436 1135 5489 In
1198 5435 1429 5489 editione
1494 5437 1768 5491 Parmensi

221 5504 452 5572 tuendum
480 5513 562 5556 est
580 5505 922 5571 ﬂammicolis,
954 5505 1093 5571 quod
1126 5508 1174 5557 in
1200 5516 1320 5556 nota
1347 5509 1621 5572 repetitur.

278 5570 395 5624 777.
442 5572 565 5626 Bilis
582 5570 791 5641 obliqua
834 5586 916 5629 est
942 5570 1158 5638 perfida,
1202 5570 1419 5639 dolosa,
1455 5585 1511 5628 ut
1552 5591 1767 5629 carmen

221 5636 495 5709 obliquum.
544 5636 774 5697 Consule
833 5636 1023 5698 Iexica.
1076 5636 1407 5697 Sententiam
1463 5645 1581 5698 vide
1629 5646 1767 5709 apud

225 5705 454 5767 Paulum.
482 5712 495 5764 Ι
519 5714 584 5768 ad
604 5713 847 5769 Corinth.
883 5730 999 5768 xm.
1030 5716 1079 5767 5.
1115 5713 1168 5767 In
1201 5714 1343 5767 Ald..
1373 5712 1531 5769 Fabr.
1562 5726 1616 5769 et
1647 5705 1746 5768 liat

1873 3290 2016 3328 vers.
2051 3273 2154 3327 764
2185 3273 2464 3325 observavi
2491 3273 2811 3325 corieetoris
2845 3273 3249 3329 Ibitisbonensis
3278 3279 3448 3329 anda-

1874 3346 2046 3408 eiatn,
2075 3345 2161 3409 qui
2195 3359 2351 3413 genus
2393 3356 2488 3410 pro
2527 3341 2723 3393 medius
2764 3342 2983 3404 inveiit,
3024 3354 3080 3400 ut
3117 3343 3264 3399 Iesus
3305 3358 3449 3401 esset

1876 3414 2235 3481 trisyllabum.

1948 3484 2068 3538 779.
2118 3483 2296 3549 Pergit
2335 3488 2487 3545 poeta
2523 3481 2842 3535 sententiam
2888 3482 3123 3551 Apostoli
3163 3501 3229 3540 ex
3259 3486 3448 3541 eodem

1876 3568 1935 3608 ca
1945 3556 2050 3622 p‘te
2095 3553 2398 3619 complecti.

1947 3620 2070 3677 781.
2125 3623 2277 3690 Egm.
2319 3630 2370 3675 et
2415 3620 2553 3678 PaL.
2602 3630 2779 3673 contra
2813 3621 3143 3688 oﬁ'ensacula.
3179 3624 3446 3686 Barthius,

1875 3694 1962 3761 qni
1996 3696 2064 3746 ita
2095 3693 2146 3745 in
2177 3691 2286 3744 suis
2315 3690 2638 3762 membranis
2661 3691 2886 3759 reperit,
2919 3691 3039 3745 Non
3064 3704 3222 3761 puto,
3252 3694 3446 3762 inquit,

1876 3760 2079 3816 eomas
2111 3779 2142 3813 a
2168 3761 2391 3814 librariis
2418 3760 2780 3827 exeoﬁtatnm.

1948 3833 2072 3887 782.
2122 3831 2325 3884 Rursus
2351 3829 2591 3903 A_p_ostoli
2626 3828 3010 3896 expositionem
3038 3829 3186 3884 vides
3210 3846 3276 3886 ex
3326 3850 3446 3903 cap.

1877 3918 1928 3955 tv
1962 3904 2157 3967 Ephes.
2188 3914 2330 3953 vers.
2370 3899 2462 3953 26.

1948 3971 2070 4026 785.
2130 3970 2307 4030 Fnld.,
2338 3968 2602 4030 concitus;
2633 3967 2854 4028 rectius.
2887 3970 3140 4023 conscius.

1950 4042 2071 4095 784.
2123 4038 2526 4112 Ciselinnsltoc
2556 4039 2672 4112 loco
2703 4040 3266 4112 monet,_gpart_ienlam
3304 4044 3449 4112 quis-

1875 4112 2000 4181 qni‘,
2034 4123 2087 4165 ut
2121 4111 2234 4179 ipse
2260 4109 2468 4181 scribit,
2504 4107 2748 4181 facilioris
2776 4107 3119 4181 intelligentia?
3148 4126 3303 4181 causa
3316 4107 3393 4165 ita
3420 4129 3450 4167 ει

1879 4177 1937 4236 se
1965 4182 2128 4234 fuisse
2143 4177 2384 4247 positam
2415 4219 2429 4238 ,
2460 4177 2700 4247 quamvis
2731 4188 2875 4245 putet
2899 4218 2913 4240 ,
2943 4177 3290 4235 Prudentium
3321 4184 3451 4237 scri-

1878 4260 2023 4319 ptum
2055 4245 2336 4317 reliquisse
2357 4249 2595 4319 quisque.
2638 4245 2797 4319 Sane
2823 4250 3161 4319 praestitisset
3198 4266 3300 4304 non
3336 4268 3452 4305 mn-

1879 4332 1992 4374 tare
2015 4361 2029 4384 ,
2058 4323 2197 4387 quod
2231 4318 2576 4387 Prudentium
2616 4318 2893 4382 scripsisse
2923 4318 3115 4372 fatetur
3144 4319 3446 4376 Giselinns:

1876 4400 1932 4444 et
1956 4386 2087 4444 mihi
2122 4389 2336 4457 quidem
2368 4386 2637 4461 difficilius
2663 4388 2936 4461 intellectu
2967 4389 3178 4442 videtur
3200 4392 3446 4461 quisqui‘,

1875 4476 2032 4529 quam
2074 4463 2307 4528 quisque.
2357 4458 2534 4511 Adisis
2569 4466 2679 4510 not.
2728 4457 2791 4508 ad
2841 4458 3025 4526 hymn.
3070 4474 3138 4510 vtt
3182 4457 3448 4523 Cathem.,

1798 4553 1852 4612 Ι)
1864 4531 2102 4612 ,νειςῖηίὶι
2118 4531 2170 4612 εξ.

1947 4600 2070 4655 786.
2117 4598 2384 4652 Giseliuus
2414 4595 2540 4649 etlit.
2578 4595 2600 4647 1
2638 4594 2702 4647 ad
2733 4610 2901 4661 (iram,
2932 4600 3068 4663 facta
3096 4595 3164 4647 ad
3191 4596 3448 4657 donaria:

1876 4682 1923 4725 et
1952 4669 2177 4723 advertit
2207 4668 2256 4720 in
2284 4664 2695 4720 Commentariis
2722 4665 2850 4718 edit.
2874 4665 2938 4726 2,
2972 4665 3186 4716 donaria
3217 4682 3339 4720 esse
3368 4671 3451 4721 vel

1879 4753 2096 4793 numera
2147 4738 2253 4789 Deo
2306 4746 2640 4788 consecrata.
2702 4736 2784 4785 vel
2843 4734 2956 4786 loca
3012 4735 3091 4784 his
3138 4738 3452 4789 muneribus

1879 4809 2140 4863 destinata
2182 4822 2194 4857 :
2242 4806 2357 4858 loca
2408 4802 2511 4855 dici
2560 4816 2714 4869 posse
2750 4813 2953 4864 sancta,
3004 4804 3139 4854 doiia
3171 4819 3298 4858 vero
3345 4822 3460 4871 non

1876 4879 2024 4939 ίιρηι,
2067 4875 2207 4945 quod
2250 4872 2611 4945 commendari
2662 4873 2890 4945 debeant
2938 4872 3005 4925 ab
3046 4872 3351 4945 integritate
3398 4887 3453 4929 ct
3539 4890 3553 4900 '

1880 4941 2180 5001 innocentia
2204 4942 2496 5003 offerentis,
2528 4941 2766 5007 adeoque
2790 4944 2891 4995 hoc
2917 4956 3074 4995 sensu
3099 4942 3237 5010 facta
3270 4946 3338 4997 ad
3360 4946 3453 4997 do-

1878 5018 2028 5069 naria
2058 5017 2157 5083 legi
2188 5026 2361 5083 posse.
2396 5010 2533 5083 Nihil
2558 5025 2774 5065 moveor
2802 5028 2862 5062 ea
2885 5012 2916 5064 d
2940 5012 3261 5083 slinctione:
3291 5016 3452 5069 etiam

1877 5089 2018 5140 dona
2047 5079 2230 5138 sancta
2259 5081 2363 5135 diei
2394 5079 2573 5134 valent
2597 5095 2700 5133 non
2729 5095 2824 5149 per
2849 5096 2936 5143 se,
2969 5082 3061 5135 sed
3084 5084 3205 5150 quia
3235 5083 3343 5137 Deo
3368 5087 3453 5137 di-

1875 5169 2008 5209 cata.

1947 5226 2068 5277 787.
2120 5223 2263 5280 Put.,
2297 5236 2423 5289 puro
2467 5236 2560 5285 pro
2591 5219 2805 5286 liquido.

1947 5294 2068 5348 789.
2126 5291 2365 5345 thaiiins
2398 5291 2508 5343 lntl.
2544 5289 2723 5353 l-uer.,
2756 5291 2919 5345 verbo
2945 5289 3157 5348 Vesus.
3205 5292 3454 5347 observat

1878 5364 2179 5418 Lucretium
2209 5363 2411 5415 dixisse
2440 5360 2585 5411 vestis
2608 5375 2829 5421 omnem,
2861 5360 3008 5413 vestis
3024 5361 3225 5430 anguis,
3258 5372 3315 5415 nt
3340 5363 3455 5415 Vir-

1876 5435 2033 5503 gilius
2060 5434 2190 5485 mira
2238 5439 2511 5503 venustate
2555 5430 2744 5503 exuviis
2771 5433 2990 5503 anguis,
3020 5444 3071 5483 et
3111 5447 3212 5483 non
3246 5434 3454 5487 minore

1867 5498 2126 5572 Elegantia
2158 5498 2593 5572 Prndctttinshoa
2617 5500 2729 5551 loco
2756 5500 2902 5551 vestis
2931 5503 3222 5563 plumarum
3245 5514 3264 5556 ε
3291 5518 3450 5569 quam

1869 5569 2051 5627 tt-ibiit
2117 5570 2376 5634 draconi,
2440 5569 2553 5623 sive
2624 5571 2858 5636 serpenti
2909 5573 3106 5637 aligero
3142 5611 3156 5635 ,
3217 5573 3317 5623 hoc
3371 5582 3455 5625 est

1867 5644 2093 5697 dtetttuni
2106 5684 2117 5694 .

1939 5713 2063 5767 790.
2114 5712 2222 5767 lloe
2250 5710 2407 5764 etiam
2442 5706 2503 5764 ex
2540 5708 2720 5764 Matth.
2753 5723 2846 5775 vn,
2874 5708 2940 5761 15
2968 5727 2979 5761 :
3017 5709 3269 5762 Altemlile
3290 5726 3321 5761 a
3348 5710 3458 5779 [αξ-
