  <div class='ocr_page' id='page_1' title='image "/cluster/home/n/w/nwhite01/storage/ocr_20150623/59/hvd.32044073505257/707.png"; bbox 0 0 3960 6312; ppageno 0'>
   <div class='ocr_carea' id='block_1_1' title="bbox 508 376 3777 439">
    <p class='ocr_par' dir='ltr' id='par_1_1' title="bbox 508 376 3777 439">
     <span class='ocr_line' id='line_1_1' title="bbox 508 376 3777 439; baseline -0.002 -2"><span class='ocrx_word' id='word_1_1' title='bbox 508 384 575 439; x_wconf 88' lang='lat'><strong>79</strong></span> <span class='ocrx_word' id='word_1_2' title='bbox 1614 383 1889 438; x_wconf 77' lang='lat' dir='ltr'><strong>AURELll</strong></span> <span class='ocrx_word' id='word_1_3' title='bbox 1929 383 2295 439; x_wconf 79' lang='lat' dir='ltr'><strong>PRUDENTII</strong></span> <span class='ocrx_word' id='word_1_4' title='bbox 2335 384 2657 438; x_wconf 75' lang='lat' dir='ltr'><strong>CAltMINA.</strong></span> <span class='ocrx_word' id='word_1_5' title='bbox 3697 376 3777 434; x_wconf 77' lang='lat'><strong>89</strong></span> 
     </span>
    </p>
   </div>
   <div class='ocr_carea' id='block_1_2' title="bbox 677 492 2157 565">
    <p class='ocr_par' dir='ltr' id='par_1_2' title="bbox 677 492 2157 565">
     <span class='ocr_line' id='line_1_2' title="bbox 677 492 2157 565; baseline -0.003 -19"><span class='ocrx_word' id='word_1_6' title='bbox 677 493 840 565; x_wconf 75' lang='lat'><strong>653</strong></span> <span class='ocrx_word' id='word_1_7' title='bbox 897 492 1196 546; x_wconf 79' lang='lat' dir='ltr'><strong>Lacteolam</strong></span> <span class='ocrx_word' id='word_1_8' title='bbox 1246 492 1495 543; x_wconf 84' lang='lat' dir='ltr'><strong>mentitus</strong></span> <span class='ocrx_word' id='word_1_9' title='bbox 1546 507 1697 545; x_wconf 85' lang='lat' dir='ltr'><strong>ovem</strong></span> <span class='ocrx_word' id='word_1_10' title='bbox 1737 492 1836 544; x_wconf 79' lang='lat' dir='ltr'><strong>suli</strong></span> <span class='ocrx_word' id='word_1_11' title='bbox 1886 492 2082 545; x_wconf 75' lang='lat' dir='ltr'><strong>vellere</strong></span> <span class='ocrx_word' id='word_1_12' title='bbox 2117 494 2157 543; x_wconf 68' lang='grc' dir='ltr'><strong>Α</strong></span> 
     </span>
    </p>
   </div>
   <div class='ocr_carea' id='block_1_3' title="bbox 1798 584 2003 653">
    <p class='ocr_par' dir='ltr' id='par_1_3' title="bbox 1798 584 2003 653">
     <span class='ocr_line' id='line_1_3' title="bbox 1798 584 2003 653; baseline 0.005 -18"><span class='ocrx_word' id='word_1_13' title='bbox 1798 584 2003 653; x_wconf 69' lang='lat' dir='ltr'><strong>inutili,</strong></span> 
     </span>
    </p>
   </div>
   <div class='ocr_carea' id='block_1_4' title="bbox 678 673 1925 742">
    <p class='ocr_par' dir='ltr' id='par_1_4' title="bbox 678 673 1925 742">
     <span class='ocr_line' id='line_1_4' title="bbox 678 673 1925 742; baseline -0.002 -15"><span class='ocrx_word' id='word_1_14' title='bbox 678 674 849 727; x_wconf 84' lang='lat' dir='ltr'><strong>Cruda</strong></span> <span class='ocrx_word' id='word_1_15' title='bbox 880 688 973 741; x_wconf 92' lang='lat' dir='ltr'><strong>per</strong></span> <span class='ocrx_word' id='word_1_16' title='bbox 992 675 1216 742; x_wconf 81' lang='lat' dir='ltr'><strong>agninos</strong></span> <span class='ocrx_word' id='word_1_17' title='bbox 1243 688 1499 726; x_wconf 78' lang='lat' dir='ltr'><strong>exercens</strong></span> <span class='ocrx_word' id='word_1_18' title='bbox 1532 673 1711 725; x_wconf 78' lang='lat' dir='ltr'><strong>funera</strong></span> <span class='ocrx_word' id='word_1_19' title='bbox 1744 677 1925 727; x_wconf 85' lang='lat' dir='ltr'><strong>rictus.</strong></span> 
     </span>
    </p>
   </div>
   <div class='ocr_carea' id='block_1_5' title="bbox 678 764 1999 829">
    <p class='ocr_par' dir='ltr' id='par_1_5' title="bbox 678 764 1999 829">
     <span class='ocr_line' id='line_1_5' title="bbox 678 764 1999 829; baseline 0 -12"><span class='ocrx_word' id='word_1_20' title='bbox 678 766 787 818; x_wconf 85' lang='lat' dir='ltr'><strong>llac</strong></span> <span class='ocrx_word' id='word_1_21' title='bbox 816 779 934 817; x_wconf 90' lang='lat' dir='ltr'><strong>sese</strong></span> <span class='ocrx_word' id='word_1_22' title='bbox 959 765 1227 817; x_wconf 90' lang='lat' dir='ltr'><strong>occultant</strong></span> <span class='ocrx_word' id='word_1_23' title='bbox 1259 764 1532 828; x_wconf 87' lang='lat' dir='ltr'><strong>Photinus,</strong></span> <span class='ocrx_word' id='word_1_24' title='bbox 1563 777 1616 818; x_wconf 85' lang='lat' dir='ltr'><strong>et</strong></span> <span class='ocrx_word' id='word_1_25' title='bbox 1645 764 1831 817; x_wconf 75' lang='lat' dir='ltr'><strong>Arrius</strong></span> <span class='ocrx_word' id='word_1_26' title='bbox 1862 776 1999 829; x_wconf 87' lang='lat' dir='ltr'><strong>arte,</strong></span> 
     </span>
    </p>
   </div>
   <div class='ocr_carea' id='block_1_6' title="bbox 498 856 1933 924">
    <p class='ocr_par' dir='ltr' id='par_1_6' title="bbox 498 856 1933 924">
     <span class='ocr_line' id='line_1_6' title="bbox 498 856 1933 924; baseline 0.001 -16"><span class='ocrx_word' id='word_1_27' title='bbox 498 858 601 913; x_wconf 82' lang='lat'><strong>795</strong></span> <span class='ocrx_word' id='word_1_28' title='bbox 676 856 936 909; x_wconf 90' lang='lat' dir='ltr'><strong>lmmanes</strong></span> <span class='ocrx_word' id='word_1_29' title='bbox 966 856 1170 909; x_wconf 86' lang='lat' dir='ltr'><strong>feritate</strong></span> <span class='ocrx_word' id='word_1_30' title='bbox 1199 858 1305 924; x_wconf 86' lang='lat' dir='ltr'><strong>lupi</strong></span> <span class='ocrx_word' id='word_1_31' title='bbox 1332 874 1344 909; x_wconf 92' lang='lat'>:</span> <span class='ocrx_word' id='word_1_32' title='bbox 1370 858 1674 910; x_wconf 73' lang='lat' dir='ltr'><strong>discrimina</strong></span> <span class='ocrx_word' id='word_1_33' title='bbox 1703 859 1933 923; x_wconf 86' lang='lat' dir='ltr'><strong>produnt</strong></span> 
     </span>
    </p>
   </div>
   <div class='ocr_carea' id='block_1_7' title="bbox 674 947 2073 1016">
    <p class='ocr_par' dir='ltr' id='par_1_7' title="bbox 674 947 2073 1016">
     <span class='ocr_line' id='line_1_7' title="bbox 674 947 2073 1016; baseline 0.001 -16"><span class='ocrx_word' id='word_1_34' title='bbox 674 947 885 1011; x_wconf 83' lang='lat' dir='ltr'><strong>Nostra,</strong></span> <span class='ocrx_word' id='word_1_35' title='bbox 919 962 1209 1016; x_wconf 89' lang='lat' dir='ltr'><strong>recensque</strong></span> <span class='ocrx_word' id='word_1_36' title='bbox 1236 964 1415 1012; x_wconf 90' lang='lat' dir='ltr'><strong>cruor,</strong></span> <span class='ocrx_word' id='word_1_37' title='bbox 1447 949 1689 1015; x_wconf 85' lang='lat' dir='ltr'><strong>quamvis</strong></span> <span class='ocrx_word' id='word_1_38' title='bbox 1736 949 1802 1001; x_wconf 92' lang='lat' dir='ltr'><strong>de</strong></span> <span class='ocrx_word' id='word_1_39' title='bbox 1848 965 2073 1016; x_wconf 76' lang='lat' dir='ltr'><strong>corpore</strong></span> 
     </span>
    </p>
   </div>
   <div class='ocr_carea' id='block_1_8' title="bbox 1722 1040 1997 1109">
    <p class='ocr_par' dir='ltr' id='par_1_8' title="bbox 1722 1040 1997 1109">
     <span class='ocr_line' id='line_1_8' title="bbox 1722 1040 1997 1109; baseline 0.004 -17"><span class='ocrx_word' id='word_1_40' title='bbox 1722 1040 1733 1109; x_wconf 73' lang='grc' dir='ltr'><strong>Ι</strong></span> <span class='ocrx_word' id='word_1_41' title='bbox 1767 1052 1997 1101; x_wconf 75' lang='lat' dir='ltr'><strong>Summo,</strong></span> 
     </span>
    </p>
   </div>
   <div class='ocr_carea' id='block_1_9' title="bbox 668 1129 2071 1199">
    <p class='ocr_par' dir='ltr' id='par_1_9' title="bbox 668 1129 2071 1199">
     <span class='ocr_line' id='line_1_9' title="bbox 668 1129 2071 1199; baseline -0.001 -15"><span class='ocrx_word' id='word_1_42' title='bbox 668 1131 803 1198; x_wconf 86' lang='lat' dir='ltr'><strong>Quid</strong></span> <span class='ocrx_word' id='word_1_43' title='bbox 861 1131 1026 1199; x_wconf 88' lang='lat' dir='ltr'><strong>possit</strong></span> <span class='ocrx_word' id='word_1_44' title='bbox 1082 1129 1268 1185; x_wconf 85' lang='lat' dir='ltr'><strong>furtiva</strong></span> <span class='ocrx_word' id='word_1_45' title='bbox 1325 1144 1532 1183; x_wconf 87' lang='lat' dir='ltr'><strong>manus.</strong></span> <span class='ocrx_word' id='word_1_46' title='bbox 1593 1130 1860 1184; x_wconf 87' lang='lat' dir='ltr'><strong>Gemitum</strong></span> <span class='ocrx_word' id='word_1_47' title='bbox 1920 1130 2071 1184; x_wconf 91' lang='lat' dir='ltr'><strong>dedit</strong></span> 
     </span>
    </p>
   </div>
   <div class='ocr_carea' id='block_1_10' title="bbox 1806 1220 2002 1289">
    <p class='ocr_par' dir='ltr' id='par_1_10' title="bbox 1806 1220 2002 1289">
     <span class='ocr_line' id='line_1_10' title="bbox 1806 1220 2002 1289; baseline 0 -17"><span class='ocrx_word' id='word_1_48' title='bbox 1806 1220 2002 1289; x_wconf 91' lang='lat' dir='ltr'><strong>[omnis</strong></span> 
     </span>
    </p>
   </div>
   <div class='ocr_carea' id='block_1_11' title="bbox 672 1294 1927 1381">
    <p class='ocr_par' dir='ltr' id='par_1_11' title="bbox 672 1294 1927 1381">
     <span class='ocr_line' id='line_1_11' title="bbox 672 1294 1927 1381; baseline 0.002 -19"><span class='ocrx_word' id='word_1_49' title='bbox 672 1312 939 1365; x_wconf 74' lang='lat' dir='ltr'><strong>Virtutum</strong></span> <span class='ocrx_word' id='word_1_50' title='bbox 965 1313 1210 1381; x_wconf 88' lang='lat' dir='ltr'><strong>populus,</strong></span> <span class='ocrx_word' id='word_1_51' title='bbox 1242 1325 1368 1363; x_wconf 90' lang='lat' dir='ltr'><strong>casu</strong></span> <span class='ocrx_word' id='word_1_52' title='bbox 1399 1326 1690 1364; x_wconf 85' lang='lat' dir='ltr'><strong>concussus</strong></span> <span class='ocrx_word' id='word_1_53' title='bbox 1713 1294 1927 1365; x_wconf 85' lang='lat' dir='ltr'><strong>acerbo.</strong></span> 
     </span>
    </p>
   </div>
   <div class='ocr_carea' id='block_1_12' title="bbox 671 1400 2071 1470">
    <p class='ocr_par' dir='ltr' id='par_1_12' title="bbox 671 1400 2071 1470">
     <span class='ocr_line' id='line_1_12' title="bbox 671 1400 2071 1470; baseline 0.001 -15"><span class='ocrx_word' id='word_1_54' title='bbox 671 1402 804 1455; x_wconf 84' lang='lat' dir='ltr'><strong>Tum</strong></span> <span class='ocrx_word' id='word_1_55' title='bbox 838 1416 1099 1470; x_wconf 87' lang='lat' dir='ltr'><strong>generosa</strong></span> <span class='ocrx_word' id='word_1_56' title='bbox 1148 1400 1301 1454; x_wconf 77' lang='lat' dir='ltr'><strong>Fides</strong></span> <span class='ocrx_word' id='word_1_57' title='bbox 1354 1401 1466 1455; x_wconf 74' lang='lat' dir='ltr'><strong>haec</strong></span> <span class='ocrx_word' id='word_1_58' title='bbox 1516 1401 1788 1454; x_wconf 86' lang='lat' dir='ltr'><strong>subdidit:</strong></span> <span class='ocrx_word' id='word_1_59' title='bbox 1846 1402 1955 1454; x_wconf 92' lang='lat' dir='ltr'><strong>Imo</strong></span> <span class='ocrx_word' id='word_1_60' title='bbox 1985 1417 2071 1456; x_wconf 89' lang='lat' dir='ltr'><strong>se-</strong></span> 
     </span>
    </p>
   </div>
   <div class='ocr_carea' id='block_1_13' title="bbox 1811 1493 1998 1545">
    <p class='ocr_par' dir='ltr' id='par_1_13' title="bbox 1811 1493 1998 1545">
     <span class='ocr_line' id='line_1_13' title="bbox 1811 1493 1998 1545; baseline 0 0"><span class='ocrx_word' id='word_1_61' title='bbox 1811 1493 1998 1545; x_wconf 86' lang='lat' dir='ltr'><strong>cuudis</strong></span> 
     </span>
    </p>
   </div>
   <div class='ocr_carea' id='block_1_14' title="bbox 491 1493 2032 1651">
    <p class='ocr_par' dir='ltr' id='par_1_14' title="bbox 491 1493 2032 1651">
     <span class='ocr_line' id='line_1_14' title="bbox 1811 1493 1998 1545; baseline 0 0"><span class='ocrx_word' id='word_1_62' title='bbox 1811 1493 1998 1545; x_wconf 86' lang='lat' dir='ltr'><strong>cuudis</strong></span> 
     </span>
     <span class='ocr_line' id='line_1_15' title="bbox 491 1493 2032 1651; baseline 0.001 -15"><span class='ocrx_word' id='word_1_63' title='bbox 491 1585 592 1638; x_wconf 80' lang='lat'><strong>800</strong></span> <span class='ocrx_word' id='word_1_64' title='bbox 668 1584 722 1636; x_wconf 91' lang='lat' dir='ltr'><strong>In</strong></span> <span class='ocrx_word' id='word_1_65' title='bbox 755 1583 914 1637; x_wconf 85' lang='lat' dir='ltr'><strong>rebus</strong></span> <span class='ocrx_word' id='word_1_66' title='bbox 939 1591 1116 1638; x_wconf 83' lang='lat' dir='ltr'><strong>cesset</strong></span> <span class='ocrx_word' id='word_1_67' title='bbox 1139 1584 1365 1651; x_wconf 75' lang='lat' dir='ltr'><strong>gemitus</strong></span> <span class='ocrx_word' id='word_1_68' title='bbox 1392 1600 1400 1633; x_wconf 94' lang='lat'><strong>:</strong></span> <span class='ocrx_word' id='word_1_69' title='bbox 1447 1581 1745 1636; x_wconf 82' lang='lat' dir='ltr'><strong>Concordia</strong></span> <span class='ocrx_word' id='word_1_70' title='bbox 1769 1493 1899 1637; x_wconf 64' lang='lat' dir='ltr'><strong>[laesa</strong></span> <span class='ocrx_word' id='word_1_71' title='bbox 1928 1594 2032 1648; x_wconf 91' lang='lat' dir='ltr'><strong>est,</strong></span> 
     </span>
    </p>
   </div>
   <div class='ocr_carea' id='block_1_15' title="bbox 2372 489 3767 561">
    <p class='ocr_par' dir='ltr' id='par_1_15' title="bbox 2372 489 3767 561">
     <span class='ocr_line' id='line_1_16' title="bbox 2372 489 3767 561; baseline -0.002 -15"><span class='ocrx_word' id='word_1_72' title='bbox 2372 494 2474 547; x_wconf 83' lang='lat' dir='ltr'><strong>Sed</strong></span> <span class='ocrx_word' id='word_1_73' title='bbox 2506 492 2723 546; x_wconf 81' lang='lat' dir='ltr'><strong>defensa</strong></span> <span class='ocrx_word' id='word_1_74' title='bbox 2753 489 2944 546; x_wconf 85' lang='lat' dir='ltr'><strong>Fides:</strong></span> <span class='ocrx_word' id='word_1_75' title='bbox 2978 492 3103 561; x_wconf 90' lang='lat' dir='ltr'><strong>quin</strong></span> <span class='ocrx_word' id='word_1_76' title='bbox 3151 503 3204 545; x_wconf 90' lang='lat' dir='ltr'><strong>et</strong></span> <span class='ocrx_word' id='word_1_77' title='bbox 3230 490 3529 545; x_wconf 84' lang='lat' dir='ltr'><strong>Concordia</strong></span> <span class='ocrx_word' id='word_1_78' title='bbox 3561 505 3767 559; x_wconf 81' lang='lat' dir='ltr'><strong>sospes,</strong></span> 
     </span>
    </p>
   </div>
   <div class='ocr_carea' id='block_1_16' title="bbox 2370 582 3765 646">
    <p class='ocr_par' dir='ltr' id='par_1_16' title="bbox 2370 582 3765 646">
     <span class='ocr_line' id='line_1_17' title="bbox 2370 582 3765 646; baseline -0.001 -8"><span class='ocrx_word' id='word_1_79' title='bbox 2370 586 2688 638; x_wconf 82' lang='lat' dir='ltr'><strong>Germauam</strong></span> <span class='ocrx_word' id='word_1_80' title='bbox 2763 583 3014 637; x_wconf 84' lang='lat' dir='ltr'><strong>comitata</strong></span> <span class='ocrx_word' id='word_1_81' title='bbox 3075 582 3304 646; x_wconf 86' lang='lat' dir='ltr'><strong>Fidem,</strong></span> <span class='ocrx_word' id='word_1_82' title='bbox 3381 598 3479 635; x_wconf 91' lang='lat' dir='ltr'><strong>sua</strong></span> <span class='ocrx_word' id='word_1_83' title='bbox 3546 584 3765 637; x_wconf 81' lang='lat' dir='ltr'><strong>vulnera</strong></span> 
     </span>
    </p>
   </div>
   <div class='ocr_carea' id='block_1_17' title="bbox 3510 673 3689 743">
    <p class='ocr_par' dir='ltr' id='par_1_17' title="bbox 3510 673 3689 743">
     <span class='ocr_line' id='line_1_18' title="bbox 3510 673 3689 743; baseline 0.011 -18"><span class='ocrx_word' id='word_1_84' title='bbox 3510 673 3689 743; x_wconf 83' lang='lat' dir='ltr'><strong>[ridet.</strong></span> 
     </span>
    </p>
   </div>
   <div class='ocr_carea' id='block_1_18' title="bbox 2274 752 3759 836">
    <p class='ocr_par' dir='ltr' id='par_1_18' title="bbox 2274 752 3759 836">
     <span class='ocr_line' id='line_1_19' title="bbox 2274 752 3759 836; baseline 0.001 -19"><span class='ocrx_word' id='word_1_85' title='bbox 2274 752 2281 759; x_wconf 85' lang='grc'><em>’</em></span> <span class='ocrx_word' id='word_1_86' title='bbox 2358 766 2521 836; x_wconf 65' lang='grc' dir='ltr'><strong>δεῖ,</strong></span> <span class='ocrx_word' id='word_1_87' title='bbox 2565 766 2687 819; x_wconf 72' lang='grc' dir='ltr'><strong>ΙΙίῐξο</strong></span> <span class='ocrx_word' id='word_1_88' title='bbox 2717 779 2833 819; x_wconf 88' lang='lat' dir='ltr'><strong>mea</strong></span> <span class='ocrx_word' id='word_1_89' title='bbox 2890 766 3000 819; x_wconf 88' lang='lat' dir='ltr'><strong>sola</strong></span> <span class='ocrx_word' id='word_1_90' title='bbox 3057 766 3244 820; x_wconf 87' lang='lat' dir='ltr'><strong>salus:</strong></span> <span class='ocrx_word' id='word_1_91' title='bbox 3304 766 3437 818; x_wconf 77' lang='lat' dir='ltr'><strong>nillil</strong></span> <span class='ocrx_word' id='word_1_92' title='bbox 3482 765 3584 819; x_wconf 88' lang='lat' dir='ltr'><strong>hac</strong></span> <span class='ocrx_word' id='word_1_93' title='bbox 3634 766 3759 819; x_wconf 90' lang='lat' dir='ltr'><strong>mihi</strong></span> 
     </span>
    </p>
   </div>
   <div class='ocr_carea' id='block_1_19' title="bbox 3205 858 3684 927">
    <p class='ocr_par' dir='ltr' id='par_1_19' title="bbox 3205 858 3684 927">
     <span class='ocr_line' id='line_1_20' title="bbox 3205 858 3684 927; baseline -0.002 -18"><span class='ocrx_word' id='word_1_94' title='bbox 3205 859 3221 927; x_wconf 71' lang='grc' dir='ltr'>Ῐ</span> <span class='ocrx_word' id='word_1_95' title='bbox 3253 858 3403 910; x_wconf 81' lang='lat' dir='ltr'><strong>triste</strong></span> <span class='ocrx_word' id='word_1_96' title='bbox 3451 866 3684 925; x_wconf 83' lang='lat' dir='ltr'><strong>recepta.</strong></span> 
     </span>
    </p>
   </div>
   <div class='ocr_carea' id='block_1_20' title="bbox 2364 947 3662 1015">
    <p class='ocr_par' dir='ltr' id='par_1_20' title="bbox 2364 947 3662 1015">
     <span class='ocr_line' id='line_1_21' title="bbox 2364 947 3662 1015; baseline 0 -16"><span class='ocrx_word' id='word_1_97' title='bbox 2364 947 2534 1000; x_wconf 88' lang='lat' dir='ltr'><strong>Unum</strong></span> <span class='ocrx_word' id='word_1_98' title='bbox 2560 963 2692 1013; x_wconf 81' lang='lat' dir='ltr'><strong>Opus</strong></span> <span class='ocrx_word' id='word_1_99' title='bbox 2714 948 2928 1015; x_wconf 88' lang='lat' dir='ltr'><strong>egregio</strong></span> <span class='ocrx_word' id='word_1_100' title='bbox 2957 958 3123 1001; x_wconf 71' lang='lat' dir='ltr'><strong>restat</strong></span> <span class='ocrx_word' id='word_1_101' title='bbox 3151 957 3270 1015; x_wconf 73' lang='lat' dir='ltr'><strong>post</strong></span> <span class='ocrx_word' id='word_1_102' title='bbox 3301 948 3440 1001; x_wconf 88' lang='lat' dir='ltr'><strong>bella</strong></span> <span class='ocrx_word' id='word_1_103' title='bbox 3474 947 3662 1006; x_wconf 89' lang='lat' dir='ltr'><strong>labori,</strong></span> 
     </span>
    </p>
   </div>
   <div class='ocr_carea' id='block_1_21' title="bbox 2185 1035 3759 1105">
    <p class='ocr_par' dir='ltr' id='par_1_21' title="bbox 2185 1035 3759 1105">
     <span class='ocr_line' id='line_1_22' title="bbox 2185 1035 3759 1105; baseline -0.001 -15"><span class='ocrx_word' id='word_1_104' title='bbox 2185 1038 2288 1091; x_wconf 83' lang='lat'><strong>805</strong></span> <span class='ocrx_word' id='word_1_105' title='bbox 2361 1037 2405 1090; x_wconf 92' lang='grc' dir='ltr'><strong>Ο</strong></span> <span class='ocrx_word' id='word_1_106' title='bbox 2436 1052 2716 1104; x_wconf 87' lang='lat' dir='ltr'><strong>proceres:</strong></span> <span class='ocrx_word' id='word_1_107' title='bbox 2742 1039 2886 1103; x_wconf 81' lang='lat' dir='ltr'><strong>regni</strong></span> <span class='ocrx_word' id='word_1_108' title='bbox 2914 1039 3053 1105; x_wconf 90' lang='lat' dir='ltr'><strong>quod</strong></span> <span class='ocrx_word' id='word_1_109' title='bbox 3085 1036 3295 1089; x_wconf 82' lang='lat' dir='ltr'><strong>tandem</strong></span> <span class='ocrx_word' id='word_1_110' title='bbox 3351 1035 3549 1103; x_wconf 68' lang='lat' dir='ltr'><strong>padl&#39;er</strong></span> <span class='ocrx_word' id='word_1_111' title='bbox 3590 1036 3759 1089; x_wconf 66' lang='lat' dir='ltr'><strong>ltaztcs</strong></span> 
     </span>
    </p>
   </div>
   <div class='ocr_carea' id='block_1_22' title="bbox 2362 1129 3689 1197">
    <p class='ocr_par' dir='ltr' id='par_1_22' title="bbox 2362 1129 3689 1197">
     <span class='ocr_line' id='line_1_23' title="bbox 2362 1129 3689 1197; baseline 0.001 -16"><span class='ocrx_word' id='word_1_112' title='bbox 2362 1129 2625 1197; x_wconf 68' lang='lat' dir='ltr'><strong>Iieiligeri,</strong></span> <span class='ocrx_word' id='word_1_113' title='bbox 2657 1142 2873 1183; x_wconf 69' lang='lat' dir='ltr'><strong>artnatte</strong></span> <span class='ocrx_word' id='word_1_114' title='bbox 2901 1144 3183 1183; x_wconf 86' lang='lat' dir='ltr'><strong>successor</strong></span> <span class='ocrx_word' id='word_1_115' title='bbox 3214 1132 3448 1182; x_wconf 89' lang='lat' dir='ltr'><strong>inermus</strong></span> <span class='ocrx_word' id='word_1_116' title='bbox 3473 1138 3529 1182; x_wconf 92' lang='lat' dir='ltr'><strong>et</strong></span> <span class='ocrx_word' id='word_1_117' title='bbox 3556 1129 3689 1181; x_wconf 79' lang='lat' dir='ltr'><strong>aula:</strong></span> 
     </span>
    </p>
   </div>
   <div class='ocr_carea' id='block_1_23' title="bbox 2364 1222 3685 1289">
    <p class='ocr_par' dir='ltr' id='par_1_23' title="bbox 2364 1222 3685 1289">
     <span class='ocr_line' id='line_1_24' title="bbox 2364 1222 3685 1289; baseline 0.003 -19"><span class='ocrx_word' id='word_1_118' title='bbox 2364 1222 2589 1272; x_wconf 89' lang='lat' dir='ltr'><strong>Instituit</strong></span> <span class='ocrx_word' id='word_1_119' title='bbox 2622 1222 2872 1275; x_wconf 88' lang='lat' dir='ltr'><strong>Salomon</strong></span> <span class='ocrx_word' id='word_1_120' title='bbox 2900 1240 2912 1275; x_wconf 86' lang='lat'><strong>:</strong></span> <span class='ocrx_word' id='word_1_121' title='bbox 2941 1224 3187 1289; x_wconf 86' lang='lat' dir='ltr'><strong>quoniam</strong></span> <span class='ocrx_word' id='word_1_122' title='bbox 3211 1222 3473 1288; x_wconf 74' lang='lat' dir='ltr'><strong>genitoris</strong></span> <span class='ocrx_word' id='word_1_123' title='bbox 3507 1223 3685 1274; x_wconf 86' lang='lat' dir='ltr'><strong>anheli</strong></span> 
     </span>
    </p>
   </div>
   <div class='ocr_carea' id='block_1_24' title="bbox 2358 1312 3644 1380">
    <p class='ocr_par' dir='ltr' id='par_1_24' title="bbox 2358 1312 3644 1380">
     <span class='ocr_line' id='line_1_25' title="bbox 2358 1312 3644 1380; baseline 0 -17"><span class='ocrx_word' id='word_1_124' title='bbox 2358 1312 2608 1365; x_wconf 80' lang='lat' dir='ltr'><strong>Fumarat</strong></span> <span class='ocrx_word' id='word_1_125' title='bbox 2631 1312 2802 1364; x_wconf 83' lang='lat' dir='ltr'><strong>calido</strong></span> <span class='ocrx_word' id='word_1_126' title='bbox 2845 1328 3025 1380; x_wconf 85' lang='lat' dir='ltr'><strong>regum</strong></span> <span class='ocrx_word' id='word_1_127' title='bbox 3059 1315 3125 1364; x_wconf 90' lang='lat' dir='ltr'><strong>de</strong></span> <span class='ocrx_word' id='word_1_128' title='bbox 3152 1314 3357 1380; x_wconf 82' lang='lat' dir='ltr'><strong>sanguit</strong></span> <span class='ocrx_word' id='word_1_129' title='bbox 3381 1327 3411 1365; x_wconf 90' lang='lat' dir='ltr'><strong>e</strong></span> <span class='ocrx_word' id='word_1_130' title='bbox 3438 1313 3644 1364; x_wconf 75' lang='lat' dir='ltr'><strong>deum.</strong></span> 
     </span>
    </p>
   </div>
   <div class='ocr_carea' id='block_1_25' title="bbox 2356 1406 3759 1474">
    <p class='ocr_par' dir='ltr' id='par_1_25' title="bbox 2356 1406 3759 1474">
     <span class='ocr_line' id='line_1_26' title="bbox 2356 1406 3759 1474; baseline -0.001 -16"><span class='ocrx_word' id='word_1_131' title='bbox 2356 1406 2623 1474; x_wconf 76' lang='lat' dir='ltr'><strong>Sanguine</strong></span> <span class='ocrx_word' id='word_1_132' title='bbox 2664 1422 2783 1458; x_wconf 89' lang='lat' dir='ltr'><strong>nam</strong></span> <span class='ocrx_word' id='word_1_133' title='bbox 2816 1420 2979 1467; x_wconf 82' lang='lat' dir='ltr'><strong>terso.</strong></span> <span class='ocrx_word' id='word_1_134' title='bbox 3013 1406 3264 1473; x_wconf 89' lang='lat' dir='ltr'><strong>templum</strong></span> <span class='ocrx_word' id='word_1_135' title='bbox 3299 1406 3568 1465; x_wconf 84' lang='lat' dir='ltr'><strong>fundatur,</strong></span> <span class='ocrx_word' id='word_1_136' title='bbox 3594 1415 3646 1458; x_wconf 90' lang='lat' dir='ltr'><strong>et</strong></span> <span class='ocrx_word' id='word_1_137' title='bbox 3667 1420 3759 1457; x_wconf 85' lang='lat' dir='ltr'><strong>ara</strong></span> 
     </span>
    </p>
   </div>
   <div class='ocr_carea' id='block_1_26' title="bbox 2180 1497 3682 1559">
    <p class='ocr_par' dir='ltr' id='par_1_26' title="bbox 2180 1497 3682 1559">
     <span class='ocr_line' id='line_1_27' title="bbox 2180 1497 3682 1559; baseline -0.003 -8"><span class='ocrx_word' id='word_1_138' title='bbox 2180 1499 2283 1551; x_wconf 87' lang='lat' dir='ltr'><strong>8l0</strong></span> <span class='ocrx_word' id='word_1_139' title='bbox 2359 1497 2597 1559; x_wconf 86' lang='lat' dir='ltr'><strong>Ponitur,</strong></span> <span class='ocrx_word' id='word_1_140' title='bbox 2634 1498 2833 1550; x_wconf 82' lang='lat' dir='ltr'><strong>auratis</strong></span> <span class='ocrx_word' id='word_1_141' title='bbox 2861 1497 3060 1549; x_wconf 87' lang='lat' dir='ltr'><strong>Christi</strong></span> <span class='ocrx_word' id='word_1_142' title='bbox 3083 1497 3275 1549; x_wconf 88' lang='lat' dir='ltr'><strong>domus</strong></span> <span class='ocrx_word' id='word_1_143' title='bbox 3302 1502 3467 1547; x_wconf 86' lang='lat' dir='ltr'><strong>ardua</strong></span> <span class='ocrx_word' id='word_1_144' title='bbox 3511 1497 3682 1549; x_wconf 84' lang='lat' dir='ltr'><strong>tectis.</strong></span> 
     </span>
    </p>
   </div>
   <div class='ocr_carea' id='block_1_27' title="bbox 2349 1588 3650 1656">
    <p class='ocr_par' dir='ltr' id='par_1_27' title="bbox 2349 1588 3650 1656">
     <span class='ocr_line' id='line_1_28' title="bbox 2349 1588 3650 1656; baseline -0.002 -14"><span class='ocrx_word' id='word_1_145' title='bbox 2349 1589 2497 1643; x_wconf 83' lang='lat' dir='ltr'><strong>Tunc</strong></span> <span class='ocrx_word' id='word_1_146' title='bbox 2526 1590 2817 1643; x_wconf 80' lang='lat' dir='ltr'><strong>Jerusalem</strong></span> <span class='ocrx_word' id='word_1_147' title='bbox 2850 1589 3047 1655; x_wconf 87' lang='lat' dir='ltr'><strong>templo</strong></span> <span class='ocrx_word' id='word_1_148' title='bbox 3087 1589 3371 1649; x_wconf 83' lang='lat' dir='ltr'><strong>illustrant,</strong></span> <span class='ocrx_word' id='word_1_149' title='bbox 3412 1588 3650 1656; x_wconf 87' lang='lat' dir='ltr'><strong>quietum</strong></span> 
     </span>
    </p>
   </div>
   <div class='ocr_carea' id='block_1_28' title="bbox 1762 1718 2431 1779">
    <p class='ocr_par' dir='ltr' id='par_1_28' title="bbox 1762 1718 2431 1779">
     <span class='ocr_line' id='line_1_29' title="bbox 1762 1718 2431 1779; baseline 0.009 -6"><span class='ocrx_word' id='word_1_150' title='bbox 1762 1718 2048 1777; x_wconf 65' lang='lat' dir='ltr'><strong>GLOSSE</strong></span> <span class='ocrx_word' id='word_1_151' title='bbox 2090 1722 2431 1779; x_wconf 75' lang='lat' dir='ltr'><strong>VETERES.</strong></span> 
     </span>
    </p>
   </div>
   <div class='ocr_carea' id='block_1_29' title="bbox 559 1833 1365 1895">
    <p class='ocr_par' dir='ltr' id='par_1_29' title="bbox 559 1833 1365 1895">
     <span class='ocr_line' id='line_1_30' title="bbox 559 1833 1365 1895; baseline -0.004 -7"><span class='ocrx_word' id='word_1_152' title='bbox 559 1835 681 1889; x_wconf 81' lang='lat'><strong>795.</strong></span> <span class='ocrx_word' id='word_1_153' title='bbox 718 1835 972 1894; x_wconf 84' lang='lat' dir='ltr'><strong>Produnt.</strong></span> <span class='ocrx_word' id='word_1_154' title='bbox 1000 1836 1295 1895; x_wconf 84' lang='lat' dir='ltr'><strong>ostendunt,</strong></span> <span class='ocrx_word' id='word_1_155' title='bbox 1330 1833 1365 1893; x_wconf 83' lang='grc' dir='ltr'><strong>ι,</strong></span> 
     </span>
    </p>
   </div>
   <div class='ocr_carea' id='block_1_30' title="bbox 558 1902 1711 1972">
    <p class='ocr_par' dir='ltr' id='par_1_30' title="bbox 558 1902 1711 1972">
     <span class='ocr_line' id='line_1_31' title="bbox 558 1902 1711 1972; baseline 0 -15"><span class='ocrx_word' id='word_1_156' title='bbox 558 1908 683 1957; x_wconf 74' lang='grc'><strong>708.</strong></span> <span class='ocrx_word' id='word_1_157' title='bbox 722 1905 1050 1972; x_wconf 77' lang='lat' dir='ltr'><strong>Recensque,</strong></span> <span class='ocrx_word' id='word_1_158' title='bbox 1089 1906 1253 1971; x_wconf 80' lang='lat' dir='ltr'><strong>factus</strong></span> <span class='ocrx_word' id='word_1_159' title='bbox 1283 1919 1315 1954; x_wconf 90' lang='lat' dir='ltr'><strong>a</strong></span> <span class='ocrx_word' id='word_1_160' title='bbox 1345 1902 1626 1965; x_wconf 78' lang='lat' dir='ltr'><strong>discordia,</strong></span> <span class='ocrx_word' id='word_1_161' title='bbox 1672 1905 1711 1957; x_wconf 93' lang='grc'><strong>1.</strong></span> 
     </span>
    </p>
   </div>
   <div class='ocr_carea' id='block_1_31' title="bbox 557 1972 2065 2042">
    <p class='ocr_par' dir='ltr' id='par_1_31' title="bbox 557 1972 2065 2042">
     <span class='ocr_line' id='line_1_32' title="bbox 557 1972 2065 2042; baseline 0.001 -15"><span class='ocrx_word' id='word_1_162' title='bbox 557 1976 680 2028; x_wconf 83' lang='grc'><strong>797.</strong></span> <span class='ocrx_word' id='word_1_163' title='bbox 716 1974 953 2035; x_wconf 83' lang='lat' dir='ltr'><strong>Furtiva,</strong></span> <span class='ocrx_word' id='word_1_164' title='bbox 981 1974 1178 2026; x_wconf 88' lang='lat' dir='ltr'><strong>occulta</strong></span> <span class='ocrx_word' id='word_1_165' title='bbox 1201 1990 1219 2035; x_wconf 89' lang='lat'><strong><em>;</em></strong></span> <span class='ocrx_word' id='word_1_166' title='bbox 1240 1972 1334 2025; x_wconf 84' lang='lat' dir='ltr'><strong>hoc</strong></span> <span class='ocrx_word' id='word_1_167' title='bbox 1359 1974 1469 2027; x_wconf 83' lang='lat' dir='ltr'><strong>ideo</strong></span> <span class='ocrx_word' id='word_1_168' title='bbox 1490 1973 1639 2040; x_wconf 77' lang='lat' dir='ltr'><strong>dixit,</strong></span> <span class='ocrx_word' id='word_1_169' title='bbox 1671 1976 1788 2042; x_wconf 85' lang='lat' dir='ltr'><strong>quia</strong></span> <span class='ocrx_word' id='word_1_170' title='bbox 1809 1975 2065 2029; x_wconf 76' lang='lat' dir='ltr'><strong>discoraia</strong></span> 
     </span>
    </p>
   </div>
   <div class='ocr_carea' id='block_1_32' title="bbox 484 2043 1245 2102">
    <p class='ocr_par' dir='ltr' id='par_1_32' title="bbox 484 2043 1245 2102">
     <span class='ocr_line' id='line_1_33' title="bbox 484 2043 1245 2102; baseline -0.004 -5"><span class='ocrx_word' id='word_1_171' title='bbox 484 2044 696 2097; x_wconf 55' lang='lat' dir='ltr'><strong>latenter</strong></span> <span class='ocrx_word' id='word_1_172' title='bbox 728 2061 833 2095; x_wconf 78' lang='lat' dir='ltr'><strong>ram</strong></span> <span class='ocrx_word' id='word_1_173' title='bbox 854 2044 1169 2102; x_wconf 79' lang='lat' dir='ltr'><strong>vulnerabat,</strong></span> <span class='ocrx_word' id='word_1_174' title='bbox 1206 2043 1245 2094; x_wconf 93' lang='grc' dir='ltr'><strong>Ι.</strong></span> 
     </span>
    </p>
   </div>
   <div class='ocr_carea' id='block_1_33' title="bbox 560 2112 1290 2176">
    <p class='ocr_par' dir='ltr' id='par_1_33' title="bbox 560 2112 1290 2176">
     <span class='ocr_line' id='line_1_34' title="bbox 560 2112 1290 2176; baseline 0.001 -13"><span class='ocrx_word' id='word_1_175' title='bbox 560 2115 676 2169; x_wconf 83' lang='grc'><strong>798.</strong></span> <span class='ocrx_word' id='word_1_176' title='bbox 708 2114 867 2173; x_wconf 74' lang='lat' dir='ltr'><strong>Ca~u,</strong></span> <span class='ocrx_word' id='word_1_177' title='bbox 910 2114 1214 2176; x_wconf 75' lang='lat' dir='ltr'><strong>concordim,</strong></span> <span class='ocrx_word' id='word_1_178' title='bbox 1252 2112 1290 2165; x_wconf 95' lang='grc' dir='ltr'><strong>Ι.</strong></span> 
     </span>
    </p>
   </div>
   <div class='ocr_carea' id='block_1_34' title="bbox 557 2182 1355 2248">
    <p class='ocr_par' dir='ltr' id='par_1_34' title="bbox 557 2182 1355 2248">
     <span class='ocr_line' id='line_1_35' title="bbox 557 2182 1355 2248; baseline -0.003 -13"><span class='ocrx_word' id='word_1_179' title='bbox 557 2183 681 2236; x_wconf 87' lang='lat'><strong>799.</strong></span> <span class='ocrx_word' id='word_1_180' title='bbox 706 2183 981 2243; x_wconf 84' lang='lat' dir='ltr'><strong>Secundis,</strong></span> <span class='ocrx_word' id='word_1_181' title='bbox 1014 2183 1285 2248; x_wconf 71' lang='lat' dir='ltr'><strong>prosperis,</strong></span> <span class='ocrx_word' id='word_1_182' title='bbox 1318 2182 1355 2233; x_wconf 90' lang='grc' dir='ltr'><strong>Ι.</strong></span> 
     </span>
    </p>
   </div>
   <div class='ocr_carea' id='block_1_35' title="bbox 551 2253 1159 2314">
    <p class='ocr_par' dir='ltr' id='par_1_35' title="bbox 551 2253 1159 2314">
     <span class='ocr_line' id='line_1_36' title="bbox 551 2253 1159 2314; baseline -0.005 -8"><span class='ocrx_word' id='word_1_183' title='bbox 551 2253 681 2306; x_wconf 83' lang='grc'><strong>800.</strong></span> <span class='ocrx_word' id='word_1_184' title='bbox 711 2253 914 2313; x_wconf 83' lang='lat' dir='ltr'><strong>Cesset,</strong></span> <span class='ocrx_word' id='word_1_185' title='bbox 947 2268 1100 2314; x_wconf 82' lang='lat' dir='ltr'><strong>nunc,</strong></span> <span class='ocrx_word' id='word_1_186' title='bbox 1124 2253 1159 2303; x_wconf 93' lang='grc' dir='ltr'><strong>Ι.</strong></span> 
     </span>
    </p>
   </div>
   <div class='ocr_carea' id='block_1_36' title="bbox 2103 1837 2873 1903">
    <p class='ocr_par' dir='ltr' id='par_1_36' title="bbox 2103 1837 2873 1903">
     <span class='ocr_line' id='line_1_37' title="bbox 2103 1837 2873 1903; baseline 0 -14"><span class='ocrx_word' id='word_1_187' title='bbox 2103 1839 2150 1896; x_wconf 88' lang='grc' dir='ltr'><strong>Β</strong></span> <span class='ocrx_word' id='word_1_188' title='bbox 2248 1837 2371 1890; x_wconf 74' lang='grc'><strong>802.</strong></span> <span class='ocrx_word' id='word_1_189' title='bbox 2402 1838 2537 1898; x_wconf 87' lang='lat' dir='ltr'><strong>Sua,</strong></span> <span class='ocrx_word' id='word_1_190' title='bbox 2575 1838 2800 1903; x_wconf 87' lang='lat' dir='ltr'><strong>prapria,</strong></span> <span class='ocrx_word' id='word_1_191' title='bbox 2834 1837 2873 1889; x_wconf 90' lang='grc'><strong>1.</strong></span> 
     </span>
    </p>
   </div>
   <div class='ocr_carea' id='block_1_37' title="bbox 2246 1905 3756 1974">
    <p class='ocr_par' dir='ltr' id='par_1_37' title="bbox 2246 1905 3756 1974">
     <span class='ocr_line' id='line_1_38' title="bbox 2246 1905 3756 1974; baseline 0.001 -17"><span class='ocrx_word' id='word_1_192' title='bbox 2246 1908 2371 1960; x_wconf 70' lang='grc'><strong>804.</strong></span> <span class='ocrx_word' id='word_1_193' title='bbox 2403 1908 2568 1974; x_wconf 82' lang='lat' dir='ltr'><strong>Opus,</strong></span> <span class='ocrx_word' id='word_1_194' title='bbox 2616 1908 2815 1960; x_wconf 88' lang='lat' dir='ltr'><strong>domus.</strong></span> <span class='ocrx_word' id='word_1_195' title='bbox 2848 1936 2910 1945; x_wconf 96' lang='lat'><strong>—</strong></span> <span class='ocrx_word' id='word_1_196' title='bbox 2952 1906 3153 1968; x_wconf 82' lang='lat' dir='ltr'><strong>Restat,</strong></span> <span class='ocrx_word' id='word_1_197' title='bbox 3188 1907 3331 1959; x_wconf 88' lang='lat' dir='ltr'><strong>nobis</strong></span> <span class='ocrx_word' id='word_1_198' title='bbox 3359 1907 3670 1972; x_wconf 76' lang='lat' dir='ltr'><strong>faciendum,</strong></span> <span class='ocrx_word' id='word_1_199' title='bbox 3716 1905 3756 1959; x_wconf 85' lang='lat' dir='ltr'><strong>l.</strong></span> 
     </span>
    </p>
   </div>
   <div class='ocr_carea' id='block_1_38' title="bbox 2247 1975 3576 2042">
    <p class='ocr_par' dir='ltr' id='par_1_38' title="bbox 2247 1975 3576 2042">
     <span class='ocr_line' id='line_1_39' title="bbox 2247 1975 3576 2042; baseline -0.002 -12"><span class='ocrx_word' id='word_1_200' title='bbox 2247 1976 2371 2030; x_wconf 84' lang='lat'><strong>805.</strong></span> <span class='ocrx_word' id='word_1_201' title='bbox 2404 1977 2684 2041; x_wconf 89' lang='lat' dir='ltr'><strong>Proceres,</strong></span> <span class='ocrx_word' id='word_1_202' title='bbox 2713 1978 2937 2031; x_wconf 80' lang='lat' dir='ltr'><strong>virtutes.</strong></span> <span class='ocrx_word' id='word_1_203' title='bbox 2970 2006 3040 2015; x_wconf 88' lang='lat'><strong>—</strong></span> <span class='ocrx_word' id='word_1_204' title='bbox 3068 1977 3325 2038; x_wconf 85' lang='lat' dir='ltr'><strong>Tandem,</strong></span> <span class='ocrx_word' id='word_1_205' title='bbox 3358 1975 3500 2042; x_wconf 87' lang='lat' dir='ltr'><strong>olim,</strong></span> <span class='ocrx_word' id='word_1_206' title='bbox 3535 1976 3576 2027; x_wconf 96' lang='grc' dir='ltr'><strong>Ι.</strong></span> 
     </span>
    </p>
   </div>
   <div class='ocr_carea' id='block_1_39' title="bbox 2245 2045 2976 2112">
    <p class='ocr_par' dir='ltr' id='par_1_39' title="bbox 2245 2045 2976 2112">
     <span class='ocr_line' id='line_1_40' title="bbox 2245 2045 2976 2112; baseline -0.001 -15"><span class='ocrx_word' id='word_1_207' title='bbox 2245 2046 2371 2097; x_wconf 83' lang='grc'><strong>806.</strong></span> <span class='ocrx_word' id='word_1_208' title='bbox 2409 2046 2676 2112; x_wconf 76' lang='lat' dir='ltr'><strong>Belligeri,</strong></span> <span class='ocrx_word' id='word_1_209' title='bbox 2707 2045 2888 2107; x_wconf 81' lang='lat' dir='ltr'><strong>David,</strong></span> <span class='ocrx_word' id='word_1_210' title='bbox 2937 2047 2976 2099; x_wconf 92' lang='grc' dir='ltr'><strong>Ι.</strong></span> 
     </span>
    </p>
   </div>
   <div class='ocr_carea' id='block_1_40' title="bbox 2246 2115 3683 2180">
    <p class='ocr_par' dir='ltr' id='par_1_40' title="bbox 2246 2115 3683 2180">
     <span class='ocr_line' id='line_1_41' title="bbox 2246 2115 3683 2180; baseline -0.001 -12"><span class='ocrx_word' id='word_1_211' title='bbox 2246 2116 2371 2170; x_wconf 86' lang='grc'><strong>807.</strong></span> <span class='ocrx_word' id='word_1_212' title='bbox 2399 2116 2647 2179; x_wconf 80' lang='lat' dir='ltr'><strong>Instituit,</strong></span> <span class='ocrx_word' id='word_1_213' title='bbox 2680 2116 2973 2168; x_wconf 90' lang='lat' dir='ltr'><strong>carnaliter.</strong></span> <span class='ocrx_word' id='word_1_214' title='bbox 2996 2145 3064 2155; x_wconf 89' lang='lat'>—</span> <span class='ocrx_word' id='word_1_215' title='bbox 3095 2115 3383 2180; x_wconf 84' lang='lat' dir='ltr'><strong>Genitoris,</strong></span> <span class='ocrx_word' id='word_1_216' title='bbox 3420 2115 3605 2179; x_wconf 80' lang='lat' dir='ltr'><strong>David,</strong></span> <span class='ocrx_word' id='word_1_217' title='bbox 3642 2115 3683 2167; x_wconf 91' lang='grc' dir='ltr'><strong>Ι.</strong></span> 
     </span>
    </p>
   </div>
   <div class='ocr_carea' id='block_1_41' title="bbox 2244 2186 3015 2253">
    <p class='ocr_par' dir='ltr' id='par_1_41' title="bbox 2244 2186 3015 2253">
     <span class='ocr_line' id='line_1_42' title="bbox 2244 2186 3015 2253; baseline -0.001 -15"><span class='ocrx_word' id='word_1_218' title='bbox 2244 2186 2367 2240; x_wconf 88' lang='grc'><strong>808.</strong></span> <span class='ocrx_word' id='word_1_219' title='bbox 2404 2186 2625 2253; x_wconf 71' lang='lat' dir='ltr'><strong>llegum,</strong></span> <span class='ocrx_word' id='word_1_220' title='bbox 2667 2186 2947 2253; x_wconf 83' lang='lat' dir='ltr'><strong>gentilium,</strong></span> <span class='ocrx_word' id='word_1_221' title='bbox 2978 2186 3015 2237; x_wconf 93' lang='grc' dir='ltr'><strong>Ι.</strong></span> 
     </span>
    </p>
   </div>
   <div class='ocr_carea' id='block_1_42' title="bbox 1838 2388 2402 2446">
    <p class='ocr_par' dir='ltr' id='par_1_42' title="bbox 1838 2388 2402 2446">
     <span class='ocr_line' id='line_1_43' title="bbox 1838 2388 2402 2446; baseline 0.009 -6"><span class='ocrx_word' id='word_1_222' title='bbox 1838 2388 2402 2446; x_wconf 75' lang='lat' dir='ltr'><strong>COMMENTARIUS.</strong></span> 
     </span>
    </p>
   </div>
   <div class='ocr_carea' id='block_1_43' title="bbox 487 2493 2057 2566">
    <p class='ocr_par' dir='ltr' id='par_1_43' title="bbox 487 2493 2057 2566">
     <span class='ocr_line' id='line_1_44' title="bbox 487 2493 2057 2566; baseline -0.003 -15"><span class='ocrx_word' id='word_1_223' title='bbox 487 2500 553 2551; x_wconf 91' lang='lat' dir='ltr'><strong>sis</strong></span> <span class='ocrx_word' id='word_1_224' title='bbox 581 2495 854 2566; x_wconf 82' lang='lat' dir='ltr'><strong>prophetis,</strong></span> <span class='ocrx_word' id='word_1_225' title='bbox 889 2494 974 2560; x_wconf 80' lang='lat' dir='ltr'><strong>qui</strong></span> <span class='ocrx_word' id='word_1_226' title='bbox 994 2493 1195 2566; x_wconf 79' lang='lat' dir='ltr'><strong>reitiunt</strong></span> <span class='ocrx_word' id='word_1_227' title='bbox 1232 2494 1299 2566; x_wconf 84' lang='lat' dir='ltr'><strong>ad</strong></span> <span class='ocrx_word' id='word_1_228' title='bbox 1325 2507 1411 2545; x_wconf 79' lang='lat' dir='ltr'><strong>vos</strong></span> <span class='ocrx_word' id='word_1_229' title='bbox 1440 2493 1491 2544; x_wconf 90' lang='lat' dir='ltr'><strong>in</strong></span> <span class='ocrx_word' id='word_1_230' title='bbox 1527 2495 1844 2566; x_wconf 72' lang='lat' dir='ltr'><strong>_uestititentis</strong></span> <span class='ocrx_word' id='word_1_231' title='bbox 1865 2498 2057 2559; x_wconf 79' lang='lat' dir='ltr'><strong>arium,</strong></span> 
     </span>
    </p>
   </div>
   <div class='ocr_carea' id='block_1_44' title="bbox 486 2563 2057 2633">
    <p class='ocr_par' dir='ltr' id='par_1_44' title="bbox 486 2563 2057 2633">
     <span class='ocr_line' id='line_1_45' title="bbox 486 2563 2057 2633; baseline -0.001 -14"><span class='ocrx_word' id='word_1_232' title='bbox 486 2563 786 2619; x_wconf 65' lang='lat' dir='ltr'><strong>intrinsecus</strong></span> <span class='ocrx_word' id='word_1_233' title='bbox 809 2575 975 2617; x_wconf 73' lang='lat' dir='ltr'><strong>auten</strong></span> <span class='ocrx_word' id='word_1_234' title='bbox 1001 2572 1117 2615; x_wconf 83' lang='lat' dir='ltr'><strong>sunt</strong></span> <span class='ocrx_word' id='word_1_235' title='bbox 1140 2564 1247 2633; x_wconf 76' lang='lat' dir='ltr'><strong>lupi</strong></span> <span class='ocrx_word' id='word_1_236' title='bbox 1269 2578 1502 2630; x_wconf 79' lang='lat' dir='ltr'><strong>rapaces.</strong></span> <span class='ocrx_word' id='word_1_237' title='bbox 1526 2563 1661 2618; x_wconf 73' lang='lat' dir='ltr'><strong>Vide</strong></span> <span class='ocrx_word' id='word_1_238' title='bbox 1675 2565 1832 2618; x_wconf 90' lang='lat' dir='ltr'><strong>etiam</strong></span> <span class='ocrx_word' id='word_1_239' title='bbox 1857 2582 1977 2631; x_wconf 92' lang='lat' dir='ltr'><strong>cap.</strong></span> <span class='ocrx_word' id='word_1_240' title='bbox 2006 2584 2057 2625; x_wconf 67' lang='grc' dir='ltr'><strong>κ.</strong></span> 
     </span>
    </p>
   </div>
   <div class='ocr_carea' id='block_1_45' title="bbox 486 2634 2059 2699">
    <p class='ocr_par' dir='ltr' id='par_1_45' title="bbox 486 2634 2059 2699">
     <span class='ocr_line' id='line_1_46' title="bbox 486 2634 2059 2699; baseline -0.002 -9"><span class='ocrx_word' id='word_1_241' title='bbox 486 2638 588 2690; x_wconf 74' lang='lat'><strong>16:</strong></span> <span class='ocrx_word' id='word_1_242' title='bbox 644 2635 773 2688; x_wconf 83' lang='lat' dir='ltr'><strong>Ecce</strong></span> <span class='ocrx_word' id='word_1_243' title='bbox 816 2651 904 2699; x_wconf 80' lang='lat' dir='ltr'><strong>ego</strong></span> <span class='ocrx_word' id='word_1_244' title='bbox 940 2636 1081 2684; x_wconf 78' lang='lat' dir='ltr'><strong>mitto</strong></span> <span class='ocrx_word' id='word_1_245' title='bbox 1127 2648 1211 2685; x_wconf 84' lang='lat' dir='ltr'><strong>vos</strong></span> <span class='ocrx_word' id='word_1_246' title='bbox 1254 2635 1381 2684; x_wconf 84' lang='lat' dir='ltr'><strong>sicut</strong></span> <span class='ocrx_word' id='word_1_247' title='bbox 1426 2650 1537 2686; x_wconf 87' lang='lat' dir='ltr'><strong>oves</strong></span> <span class='ocrx_word' id='word_1_248' title='bbox 1585 2634 1637 2686; x_wconf 89' lang='lat' dir='ltr'><strong>in</strong></span> <span class='ocrx_word' id='word_1_249' title='bbox 1687 2635 1853 2687; x_wconf 86' lang='lat' dir='ltr'><strong>medio</strong></span> <span class='ocrx_word' id='word_1_250' title='bbox 1904 2638 2059 2697; x_wconf 84' lang='lat' dir='ltr'><strong>lupo-</strong></span> 
     </span>
    </p>
   </div>
   <div class='ocr_carea' id='block_1_46' title="bbox 486 2703 2057 2771">
    <p class='ocr_par' dir='ltr' id='par_1_46' title="bbox 486 2703 2057 2771">
     <span class='ocr_line' id='line_1_47' title="bbox 486 2703 2057 2771; baseline -0.001 -12"><span class='ocrx_word' id='word_1_251' title='bbox 486 2724 631 2768; x_wconf 85' lang='lat' dir='ltr'><strong>rum,</strong></span> <span class='ocrx_word' id='word_1_252' title='bbox 674 2720 779 2759; x_wconf 85' lang='lat' dir='ltr'><strong>etc.</strong></span> <span class='ocrx_word' id='word_1_253' title='bbox 813 2703 964 2770; x_wconf 87' lang='lat' dir='ltr'><strong>Quod</strong></span> <span class='ocrx_word' id='word_1_254' title='bbox 1002 2713 1177 2755; x_wconf 91' lang='lat' dir='ltr'><strong>autem</strong></span> <span class='ocrx_word' id='word_1_255' title='bbox 1210 2703 1322 2756; x_wconf 81' lang='lat' dir='ltr'><strong>Pal.</strong></span> <span class='ocrx_word' id='word_1_256' title='bbox 1372 2704 1502 2771; x_wconf 80' lang='lat' dir='ltr'><strong>legit</strong></span> <span class='ocrx_word' id='word_1_257' title='bbox 1537 2706 1710 2756; x_wconf 79' lang='lat' dir='ltr'><strong>ovibus</strong></span> <span class='ocrx_word' id='word_1_258' title='bbox 1742 2720 1837 2771; x_wconf 92' lang='lat' dir='ltr'><strong>pro</strong></span> <span class='ocrx_word' id='word_1_259' title='bbox 1864 2706 2057 2769; x_wconf 80' lang='lat' dir='ltr'><strong>avibus,</strong></span> 
     </span>
    </p>
   </div>
   <div class='ocr_carea' id='block_1_47' title="bbox 487 2772 2059 2843">
    <p class='ocr_par' dir='ltr' id='par_1_47' title="bbox 487 2772 2059 2843">
     <span class='ocr_line' id='line_1_48' title="bbox 487 2772 2059 2843; baseline -0.001 -13"><span class='ocrx_word' id='word_1_260' title='bbox 487 2779 619 2830; x_wconf 80' lang='lat' dir='ltr'><strong>falso</strong></span> <span class='ocrx_word' id='word_1_261' title='bbox 651 2776 700 2828; x_wconf 91' lang='lat' dir='ltr'><strong>id</strong></span> <span class='ocrx_word' id='word_1_262' title='bbox 729 2777 884 2842; x_wconf 81' lang='lat' dir='ltr'><strong>legit:</strong></span> <span class='ocrx_word' id='word_1_263' title='bbox 919 2789 1039 2825; x_wconf 86' lang='lat' dir='ltr'><strong>nam</strong></span> <span class='ocrx_word' id='word_1_264' title='bbox 1063 2774 1189 2826; x_wconf 89' lang='lat' dir='ltr'><strong>illttd</strong></span> <span class='ocrx_word' id='word_1_265' title='bbox 1221 2772 1449 2839; x_wconf 88' lang='lat' dir='ltr'><strong>pertinet</strong></span> <span class='ocrx_word' id='word_1_266' title='bbox 1474 2773 1538 2824; x_wconf 93' lang='lat' dir='ltr'><strong>ad</strong></span> <span class='ocrx_word' id='word_1_267' title='bbox 1566 2774 1888 2828; x_wconf 88' lang='lat' dir='ltr'><strong>sententiam</strong></span> <span class='ocrx_word' id='word_1_268' title='bbox 1915 2778 2059 2843; x_wconf 88' lang='lat' dir='ltr'><strong>prio-</strong></span> 
     </span>
    </p>
   </div>
   <div class='ocr_carea' id='block_1_48' title="bbox 488 2843 1843 2907">
    <p class='ocr_par' dir='ltr' id='par_1_48' title="bbox 488 2843 1843 2907">
     <span class='ocr_line' id='line_1_49' title="bbox 488 2843 1843 2907; baseline -0.005 -7"><span class='ocrx_word' id='word_1_269' title='bbox 488 2862 597 2900; x_wconf 89' lang='lat' dir='ltr'><strong>rem</strong></span> <span class='ocrx_word' id='word_1_270' title='bbox 621 2846 687 2899; x_wconf 92' lang='lat' dir='ltr'><strong>de</strong></span> <span class='ocrx_word' id='word_1_271' title='bbox 711 2847 895 2898; x_wconf 86' lang='lat' dir='ltr'><strong>avibus</strong></span> <span class='ocrx_word' id='word_1_272' title='bbox 921 2844 1181 2907; x_wconf 81' lang='lat' dir='ltr'><strong>innocais,</strong></span> <span class='ocrx_word' id='word_1_273' title='bbox 1213 2853 1268 2895; x_wconf 87' lang='lat' dir='ltr'><strong>et</strong></span> <span class='ocrx_word' id='word_1_274' title='bbox 1288 2843 1541 2897; x_wconf 83' lang='lat' dir='ltr'><strong>dracone.</strong></span> <span class='ocrx_word' id='word_1_275' title='bbox 1838 2846 1843 2853; x_wconf 88' lang='lat'><strong><em>&#39;</em></strong></span> 
     </span>
    </p>
   </div>
   <div class='ocr_carea' id='block_1_49' title="bbox 556 2914 2063 2981">
    <p class='ocr_par' dir='ltr' id='par_1_49' title="bbox 556 2914 2063 2981">
     <span class='ocr_line' id='line_1_50' title="bbox 556 2914 2063 2981; baseline 0.006 -22"><span class='ocrx_word' id='word_1_276' title='bbox 556 2918 679 2969; x_wconf 74' lang='lat'><strong>793.</strong></span> <span class='ocrx_word' id='word_1_277' title='bbox 716 2915 929 2976; x_wconf 89' lang='lat' dir='ltr'><strong>Vienn.,</strong></span> <span class='ocrx_word' id='word_1_278' title='bbox 977 2914 1289 2981; x_wconf 67' lang='lat' dir='ltr'><strong>angaineos;</strong></span> <span class='ocrx_word' id='word_1_279' title='bbox 1336 2914 1472 2971; x_wconf 60' lang='lat' dir='ltr'><strong>Anz.</strong></span> <span class='ocrx_word' id='word_1_280' title='bbox 1500 2927 1528 2965; x_wconf 85' lang='lat' dir='ltr'><strong>a</strong></span> <span class='ocrx_word' id='word_1_281' title='bbox 1560 2914 1724 2981; x_wconf 86' lang='lat' dir='ltr'><strong>prima</strong></span> <span class='ocrx_word' id='word_1_282' title='bbox 1756 2930 1936 2980; x_wconf 88' lang='lat' dir='ltr'><strong>manu,</strong></span> <span class='ocrx_word' id='word_1_283' title='bbox 1970 2932 2063 2968; x_wconf 87' lang='lat' dir='ltr'><strong>an-</strong></span> 
     </span>
    </p>
   </div>
   <div class='ocr_carea' id='block_1_50' title="bbox 484 2982 2060 3057">
    <p class='ocr_par' dir='ltr' id='par_1_50' title="bbox 484 2982 2060 3057">
     <span class='ocr_line' id='line_1_51' title="bbox 484 2982 2060 3057; baseline 0 -19"><span class='ocrx_word' id='word_1_284' title='bbox 484 2988 682 3057; x_wconf 81' lang='lat' dir='ltr'><strong>guinos.</strong></span> <span class='ocrx_word' id='word_1_285' title='bbox 711 2984 1012 3057; x_wconf 66' lang='lat' dir='ltr'><strong>Legettdttm</strong></span> <span class='ocrx_word' id='word_1_286' title='bbox 1042 2982 1352 3057; x_wconf 64' lang='lat' dir='ltr'><strong>agninosab</strong></span> <span class='ocrx_word' id='word_1_287' title='bbox 1372 2998 1680 3057; x_wconf 79' lang='lat' dir='ltr'><strong>a_gno_;_qna</strong></span> <span class='ocrx_word' id='word_1_288' title='bbox 1701 3000 1853 3057; x_wconf 60' lang='lat' dir='ltr'><strong>voce</strong></span> <span class='ocrx_word' id='word_1_289' title='bbox 1901 2994 2060 3039; x_wconf 87' lang='lat' dir='ltr'><strong>utun-</strong></span> 
     </span>
    </p>
   </div>
   <div class='ocr_carea' id='block_1_51' title="bbox 474 3051 2063 3123">
    <p class='ocr_par' dir='ltr' id='par_1_51' title="bbox 474 3051 2063 3123">
     <span class='ocr_line' id='line_1_52' title="bbox 474 3051 2063 3123; baseline -0.001 -15"><span class='ocrx_word' id='word_1_290' title='bbox 474 3051 569 3109; x_wconf 75' lang='lat' dir='ltr'><strong>iur</strong></span> <span class='ocrx_word' id='word_1_291' title='bbox 601 3051 870 3118; x_wconf 86' lang='lat' dir='ltr'><strong>Horatius,</strong></span> <span class='ocrx_word' id='word_1_292' title='bbox 902 3051 1118 3106; x_wconf 81' lang='lat' dir='ltr'><strong>Plautus</strong></span> <span class='ocrx_word' id='word_1_293' title='bbox 1144 3062 1197 3106; x_wconf 91' lang='lat' dir='ltr'><strong>et</strong></span> <span class='ocrx_word' id='word_1_294' title='bbox 1225 3052 1331 3123; x_wconf 63' lang='lat' dir='ltr'><strong>alii.</strong></span> <span class='ocrx_word' id='word_1_295' title='bbox 1384 3051 1631 3105; x_wconf 85' lang='lat' dir='ltr'><strong>Barthius</strong></span> <span class='ocrx_word' id='word_1_296' title='bbox 1662 3055 1931 3117; x_wconf 74' lang='lat' dir='ltr'><strong>observat,</strong></span> <span class='ocrx_word' id='word_1_297' title='bbox 1981 3063 2063 3123; x_wconf 79' lang='lat' dir='ltr'><strong>[u-</strong></span> 
     </span>
    </p>
   </div>
   <div class='ocr_carea' id='block_1_52' title="bbox 474 3122 2059 3193">
    <p class='ocr_par' dir='ltr' id='par_1_52' title="bbox 474 3122 2059 3193">
     <span class='ocr_line' id='line_1_53' title="bbox 474 3122 2059 3193; baseline 0.001 -17"><span class='ocrx_word' id='word_1_298' title='bbox 474 3143 607 3179; x_wconf 71' lang='lat' dir='ltr'><strong>nera</strong></span> <span class='ocrx_word' id='word_1_299' title='bbox 632 3140 752 3180; x_wconf 86' lang='lat' dir='ltr'><strong>esse</strong></span> <span class='ocrx_word' id='word_1_300' title='bbox 779 3125 974 3185; x_wconf 65' lang='lat' dir='ltr'><strong>caedes,</strong></span> <span class='ocrx_word' id='word_1_301' title='bbox 1009 3122 1284 3193; x_wconf 81' lang='lat' dir='ltr'><strong>latrocinia</strong></span> <span class='ocrx_word' id='word_1_302' title='bbox 1339 3130 1394 3175; x_wconf 91' lang='lat' dir='ltr'><strong>et</strong></span> <span class='ocrx_word' id='word_1_303' title='bbox 1426 3124 1798 3193; x_wconf 63' lang='lat' dir='ltr'><strong>pestilentiam</strong></span> <span class='ocrx_word' id='word_1_304' title='bbox 1831 3126 1966 3193; x_wconf 90' lang='lat' dir='ltr'><strong>apud</strong></span> <span class='ocrx_word' id='word_1_305' title='bbox 2001 3126 2059 3178; x_wconf 86' lang='lat' dir='ltr'><strong>L.</strong></span> 
     </span>
    </p>
   </div>
   <div class='ocr_carea' id='block_1_53' title="bbox 476 3190 2059 3265">
    <p class='ocr_par' dir='ltr' id='par_1_53' title="bbox 476 3190 2059 3265">
     <span class='ocr_line' id='line_1_54' title="bbox 476 3190 2059 3265; baseline 0 -18"><span class='ocrx_word' id='word_1_306' title='bbox 476 3196 798 3265; x_wconf 71' lang='lat' dir='ltr'><strong>Septimium</strong></span> <span class='ocrx_word' id='word_1_307' title='bbox 848 3193 914 3265; x_wconf 79' lang='lat' dir='ltr'><strong>de</strong></span> <span class='ocrx_word' id='word_1_308' title='bbox 948 3192 1094 3265; x_wconf 85' lang='lat' dir='ltr'><strong>Bello</strong></span> <span class='ocrx_word' id='word_1_309' title='bbox 1142 3192 1392 3265; x_wconf 56' lang='lat' dir='ltr'><strong>Trojano.</strong></span> <span class='ocrx_word' id='word_1_310' title='bbox 1424 3190 1749 3265; x_wconf 81' lang='lat' dir='ltr'><strong>Lactantius,</strong></span> <span class='ocrx_word' id='word_1_311' title='bbox 1780 3190 1892 3247; x_wconf 77' lang='lat' dir='ltr'><strong>sive</strong></span> <span class='ocrx_word' id='word_1_312' title='bbox 1921 3196 2059 3247; x_wconf 77' lang='lat' dir='ltr'><strong>alius</strong></span> 
     </span>
    </p>
   </div>
   <div class='ocr_carea' id='block_1_54' title="bbox 482 3260 2062 3332">
    <p class='ocr_par' dir='ltr' id='par_1_54' title="bbox 482 3260 2062 3332">
     <span class='ocr_line' id='line_1_55' title="bbox 482 3260 2062 3332; baseline 0.001 -18"><span class='ocrx_word' id='word_1_313' title='bbox 482 3260 837 3319; x_wconf 50' lang='lat' dir='ltr'><strong>de&#39;Passioue</strong></span> <span class='ocrx_word' id='word_1_314' title='bbox 863 3263 1129 3317; x_wconf 89' lang='lat' dir='ltr'><strong>dominica</strong></span> <span class='ocrx_word' id='word_1_315' title='bbox 1156 3279 1166 3311; x_wconf 91' lang='lat'><strong>:</strong></span> <span class='ocrx_word' id='word_1_316' title='bbox 1199 3260 1330 3314; x_wconf 88' lang='lat' dir='ltr'><strong>Sum</strong></span> <span class='ocrx_word' id='word_1_317' title='bbox 1360 3260 1525 3328; x_wconf 76' lang='lat' dir='ltr'><strong>[actus</strong></span> <span class='ocrx_word' id='word_1_318' title='bbox 1548 3263 1717 3323; x_wconf 82' lang='lat' dir='ltr'><strong>homo,</strong></span> <span class='ocrx_word' id='word_1_319' title='bbox 1755 3273 1905 3332; x_wconf 86' lang='lat' dir='ltr'><strong>atque</strong></span> <span class='ocrx_word' id='word_1_320' title='bbox 1947 3267 2062 3316; x_wconf 83' lang='lat' dir='ltr'><strong>hor-</strong></span> 
     </span>
    </p>
   </div>
   <div class='ocr_carea' id='block_1_55' title="bbox 484 3332 1105 3402">
    <p class='ocr_par' dir='ltr' id='par_1_55' title="bbox 484 3332 1105 3402">
     <span class='ocr_line' id='line_1_56' title="bbox 484 3332 1105 3402; baseline -0.002 -16"><span class='ocrx_word' id='word_1_321' title='bbox 484 3338 647 3387; x_wconf 77' lang='lat' dir='ltr'><strong>rentia</strong></span> <span class='ocrx_word' id='word_1_322' title='bbox 678 3350 855 3402; x_wconf 85' lang='lat' dir='ltr'><strong>passus</strong></span> <span class='ocrx_word' id='word_1_323' title='bbox 880 3332 1105 3385; x_wconf 82' lang='lat' dir='ltr'><strong>Funera.</strong></span> 
     </span>
    </p>
   </div>
   <div class='ocr_carea' id='block_1_56' title="bbox 554 3402 2061 3470">
    <p class='ocr_par' dir='ltr' id='par_1_56' title="bbox 554 3402 2061 3470">
     <span class='ocr_line' id='line_1_57' title="bbox 554 3402 2061 3470; baseline -0.003 -11"><span class='ocrx_word' id='word_1_324' title='bbox 554 3406 676 3459; x_wconf 64' lang='lat'><strong>794.</strong></span> <span class='ocrx_word' id='word_1_325' title='bbox 706 3407 759 3459; x_wconf 91' lang='lat' dir='ltr'><strong>ln</strong></span> <span class='ocrx_word' id='word_1_326' title='bbox 793 3406 937 3467; x_wconf 65' lang='lat' dir='ltr'><strong>liat.,</strong></span> <span class='ocrx_word' id='word_1_327' title='bbox 989 3419 1098 3455; x_wconf 86' lang='lat' dir='ltr'><strong>sese</strong></span> <span class='ocrx_word' id='word_1_328' title='bbox 1124 3411 1415 3457; x_wconf 62' lang='lat' dir='ltr'><strong>ostentant:</strong></span> <span class='ocrx_word' id='word_1_329' title='bbox 1471 3416 1588 3470; x_wconf 67' lang='lat' dir='ltr'><strong>qua:</strong></span> <span class='ocrx_word' id='word_1_330' title='bbox 1633 3402 1790 3457; x_wconf 89' lang='lat' dir='ltr'><strong>lectio</strong></span> <span class='ocrx_word' id='word_1_331' title='bbox 1821 3403 2061 3457; x_wconf 84' lang='lat' dir='ltr'><strong>Marietto</strong></span> 
     </span>
    </p>
   </div>
   <div class='ocr_carea' id='block_1_57' title="bbox 474 3472 2061 3541">
    <p class='ocr_par' dir='ltr' id='par_1_57' title="bbox 474 3472 2061 3541">
     <span class='ocr_line' id='line_1_58' title="bbox 474 3472 2061 3541; baseline -0.001 -16"><span class='ocrx_word' id='word_1_332' title='bbox 474 3492 590 3528; x_wconf 71' lang='lat' dir='ltr'><strong>non</strong></span> <span class='ocrx_word' id='word_1_333' title='bbox 613 3474 949 3541; x_wconf 87' lang='lat' dir='ltr'><strong>displicebat,</strong></span> <span class='ocrx_word' id='word_1_334' title='bbox 1008 3474 1129 3539; x_wconf 84' lang='lat' dir='ltr'><strong>quia</strong></span> <span class='ocrx_word' id='word_1_335' title='bbox 1168 3488 1325 3540; x_wconf 89' lang='lat' dir='ltr'><strong>supra</strong></span> <span class='ocrx_word' id='word_1_336' title='bbox 1358 3473 1515 3526; x_wconf 90' lang='lat' dir='ltr'><strong>etiam</strong></span> <span class='ocrx_word' id='word_1_337' title='bbox 1548 3487 1689 3526; x_wconf 90' lang='lat' dir='ltr'><strong>vers.</strong></span> <span class='ocrx_word' id='word_1_338' title='bbox 1722 3474 1827 3526; x_wconf 85' lang='lat'><strong>688</strong></span> <span class='ocrx_word' id='word_1_339' title='bbox 1858 3472 1923 3524; x_wconf 91' lang='lat' dir='ltr'><strong>de</strong></span> <span class='ocrx_word' id='word_1_340' title='bbox 1954 3473 2061 3525; x_wconf 88' lang='lat' dir='ltr'><strong>dis-</strong></span> 
     </span>
    </p>
   </div>
   <div class='ocr_carea' id='block_1_58' title="bbox 460 3544 2059 3605">
    <p class='ocr_par' dir='ltr' id='par_1_58' title="bbox 460 3544 2059 3605">
     <span class='ocr_line' id='line_1_59' title="bbox 460 3544 2059 3605; baseline 0.001 -12"><span class='ocrx_word' id='word_1_341' title='bbox 460 3547 663 3597; x_wconf 61' lang='lat' dir='ltr'><strong>mnrdia</strong></span> <span class='ocrx_word' id='word_1_342' title='bbox 695 3552 974 3599; x_wconf 85' lang='lat' dir='ltr'><strong>ostentans.</strong></span> <span class='ocrx_word' id='word_1_343' title='bbox 999 3554 1129 3605; x_wconf 85' lang='lat' dir='ltr'><strong>etc.,</strong></span> <span class='ocrx_word' id='word_1_344' title='bbox 1152 3560 1270 3595; x_wconf 87' lang='lat' dir='ltr'><strong>eum</strong></span> <span class='ocrx_word' id='word_1_345' title='bbox 1304 3553 1479 3594; x_wconf 88' lang='lat' dir='ltr'><strong>tamen</strong></span> <span class='ocrx_word' id='word_1_346' title='bbox 1510 3554 1569 3593; x_wconf 91' lang='lat' dir='ltr'><strong>se</strong></span> <span class='ocrx_word' id='word_1_347' title='bbox 1606 3544 1919 3595; x_wconf 83' lang='lat' dir='ltr'><strong>occultaret.</strong></span> <span class='ocrx_word' id='word_1_348' title='bbox 1960 3546 2059 3595; x_wconf 86' lang='lat' dir='ltr'><strong>Ar-</strong></span> 
     </span>
    </p>
   </div>
   <div class='ocr_carea' id='block_1_59' title="bbox 480 3611 2059 3680">
    <p class='ocr_par' dir='ltr' id='par_1_59' title="bbox 480 3611 2059 3680">
     <span class='ocr_line' id='line_1_60' title="bbox 480 3611 2059 3680; baseline 0.001 -16"><span class='ocrx_word' id='word_1_349' title='bbox 480 3615 660 3679; x_wconf 68' lang='lat' dir='ltr'><strong>gntins</strong></span> <span class='ocrx_word' id='word_1_350' title='bbox 690 3614 787 3664; x_wconf 84' lang='lat' dir='ltr'><strong>ista</strong></span> <span class='ocrx_word' id='word_1_351' title='bbox 814 3627 973 3680; x_wconf 86' lang='lat' dir='ltr'><strong>quam</strong></span> <span class='ocrx_word' id='word_1_352' title='bbox 1005 3614 1183 3663; x_wconf 91' lang='lat' dir='ltr'><strong>verius</strong></span> <span class='ocrx_word' id='word_1_353' title='bbox 1202 3613 1469 3673; x_wconf 87' lang='lat' dir='ltr'><strong>dicuntur,</strong></span> <span class='ocrx_word' id='word_1_354' title='bbox 1503 3611 1602 3663; x_wconf 88' lang='lat' dir='ltr'><strong>nisi</strong></span> <span class='ocrx_word' id='word_1_355' title='bbox 1636 3613 1809 3666; x_wconf 89' lang='lat' dir='ltr'><strong>fallor.</strong></span> <span class='ocrx_word' id='word_1_356' title='bbox 1842 3612 2059 3665; x_wconf 85' lang='lat' dir='ltr'><strong>Discor-</strong></span> 
     </span>
    </p>
   </div>
   <div class='ocr_carea' id='block_1_60' title="bbox 456 3681 2061 3748">
    <p class='ocr_par' dir='ltr' id='par_1_60' title="bbox 456 3681 2061 3748">
     <span class='ocr_line' id='line_1_61' title="bbox 456 3681 2061 3748; baseline 0 -13"><span class='ocrx_word' id='word_1_357' title='bbox 456 3720 459 3723; x_wconf 51' lang='grc' dir='ltr'>λ</span> <span class='ocrx_word' id='word_1_358' title='bbox 483 3686 570 3735; x_wconf 90' lang='lat' dir='ltr'><strong>dia</strong></span> <span class='ocrx_word' id='word_1_359' title='bbox 584 3683 885 3735; x_wconf 83' lang='lat' dir='ltr'><strong>ostentabat</strong></span> <span class='ocrx_word' id='word_1_360' title='bbox 900 3681 1119 3748; x_wconf 85' lang='lat' dir='ltr'><strong>capillos</strong></span> <span class='ocrx_word' id='word_1_361' title='bbox 1135 3682 1253 3734; x_wconf 82' lang='lat' dir='ltr'><strong>olea</strong></span> <span class='ocrx_word' id='word_1_362' title='bbox 1276 3681 1552 3734; x_wconf 77' lang='lat' dir='ltr'><strong>frondente</strong></span> <span class='ocrx_word' id='word_1_363' title='bbox 1572 3682 1864 3745; x_wconf 82' lang='lat' dir='ltr'><strong>redimitos,</strong></span> <span class='ocrx_word' id='word_1_364' title='bbox 1883 3697 2061 3746; x_wconf 87' lang='lat' dir='ltr'><strong>qnam-</strong></span> 
     </span>
    </p>
   </div>
   <div class='ocr_carea' id='block_1_61' title="bbox 462 3748 2060 3816">
    <p class='ocr_par' dir='ltr' id='par_1_61' title="bbox 462 3748 2060 3816">
     <span class='ocr_line' id='line_1_62' title="bbox 462 3748 2060 3816; baseline 0.001 -11"><span class='ocrx_word' id='word_1_365' title='bbox 462 3750 776 3806; x_wconf 51' lang='lat' dir='ltr'><strong>uvis‘falsam</strong></span> <span class='ocrx_word' id='word_1_366' title='bbox 804 3748 1009 3803; x_wconf 84' lang='lat' dir='ltr'><strong>virtutis</strong></span> <span class='ocrx_word' id='word_1_367' title='bbox 1036 3752 1267 3816; x_wconf 88' lang='lat' dir='ltr'><strong>speciem</strong></span> <span class='ocrx_word' id='word_1_368' title='bbox 1302 3751 1551 3804; x_wconf 83' lang='lat' dir='ltr'><strong>induerit.</strong></span> <span class='ocrx_word' id='word_1_369' title='bbox 1590 3752 1746 3805; x_wconf 87' lang='lat' dir='ltr'><strong>Arius</strong></span> <span class='ocrx_word' id='word_1_370' title='bbox 1785 3760 1839 3805; x_wconf 85' lang='lat' dir='ltr'><strong>et</strong></span> <span class='ocrx_word' id='word_1_371' title='bbox 1883 3752 2060 3806; x_wconf 83' lang='lat' dir='ltr'><strong>Photi-</strong></span> 
     </span>
    </p>
   </div>
   <div class='ocr_carea' id='block_1_62' title="bbox 460 3819 1668 3874">
    <p class='ocr_par' dir='ltr' id='par_1_62' title="bbox 460 3819 1668 3874">
     <span class='ocr_line' id='line_1_63' title="bbox 460 3819 1668 3874; baseline 0.004 -5"><span class='ocrx_word' id='word_1_372' title='bbox 460 3837 584 3874; x_wconf 87' lang='lat' dir='ltr'><strong>.nns</strong></span> <span class='ocrx_word' id='word_1_373' title='bbox 612 3820 708 3873; x_wconf 87' lang='lat' dir='ltr'><strong>hac</strong></span> <span class='ocrx_word' id='word_1_374' title='bbox 726 3819 1121 3874; x_wconf 79' lang='lat' dir='ltr'><strong>arte-feritatem</strong></span> <span class='ocrx_word' id='word_1_375' title='bbox 1147 3835 1295 3873; x_wconf 90' lang='lat' dir='ltr'><strong>suam</strong></span> <span class='ocrx_word' id='word_1_376' title='bbox 1316 3821 1668 3874; x_wconf 74' lang='lat' dir='ltr'><strong>oceultaban&#39;.</strong></span> 
     </span>
    </p>
   </div>
   <div class='ocr_carea' id='block_1_63' title="bbox 556 3889 2060 3957">
    <p class='ocr_par' dir='ltr' id='par_1_63' title="bbox 556 3889 2060 3957">
     <span class='ocr_line' id='line_1_64' title="bbox 556 3889 2060 3957; baseline 0.001 -14"><span class='ocrx_word' id='word_1_377' title='bbox 556 3890 662 3943; x_wconf 88' lang='lat'><strong>798</strong></span> <span class='ocrx_word' id='word_1_378' title='bbox 712 3889 957 3957; x_wconf 77' lang='lat' dir='ltr'><strong>Virgilius</strong></span> <span class='ocrx_word' id='word_1_379' title='bbox 982 3891 1078 3948; x_wconf 88' lang='lat' dir='ltr'><strong>lib.</strong></span> <span class='ocrx_word' id='word_1_380' title='bbox 1131 3907 1182 3953; x_wconf 83' lang='lat' dir='ltr'><strong>v,</strong></span> <span class='ocrx_word' id='word_1_381' title='bbox 1234 3906 1369 3942; x_wconf 84' lang='lat' dir='ltr'><strong>vers.</strong></span> <span class='ocrx_word' id='word_1_382' title='bbox 1428 3892 1573 3943; x_wconf 89' lang='lat'><strong>700:</strong></span> <span class='ocrx_word' id='word_1_383' title='bbox 1611 3891 1745 3944; x_wconf 87' lang='lat' dir='ltr'><strong>Casu</strong></span> <span class='ocrx_word' id='word_1_384' title='bbox 1792 3906 2060 3945; x_wconf 82' lang='lat' dir='ltr'><strong>concussus</strong></span> 
     </span>
    </p>
   </div>
   <div class='ocr_carea' id='block_1_64' title="bbox 466 3958 2059 4027">
    <p class='ocr_par' dir='ltr' id='par_1_64' title="bbox 466 3958 2059 4027">
     <span class='ocr_line' id='line_1_65' title="bbox 466 3958 2059 4027; baseline 0.001 -15"><span class='ocrx_word' id='word_1_385' title='bbox 466 3961 686 4021; x_wconf 72' lang='lat' dir='ltr'><strong>acerbo,</strong></span> <span class='ocrx_word' id='word_1_386' title='bbox 708 3967 763 4011; x_wconf 89' lang='lat' dir='ltr'><strong>et</strong></span> <span class='ocrx_word' id='word_1_387' title='bbox 777 3972 913 4012; x_wconf 89' lang='lat' dir='ltr'><strong>vers.</strong></span> <span class='ocrx_word' id='word_1_388' title='bbox 939 3958 1068 4011; x_wconf 84' lang='lat'><strong>869:</strong></span> <span class='ocrx_word' id='word_1_389' title='bbox 1088 3959 1318 4027; x_wconf 87' lang='lat' dir='ltr'><strong>Casuque</strong></span> <span class='ocrx_word' id='word_1_390' title='bbox 1340 3962 1567 4011; x_wconf 87' lang='lat' dir='ltr'><strong>animum</strong></span> <span class='ocrx_word' id='word_1_391' title='bbox 1595 3977 1865 4013; x_wconf 86' lang='lat' dir='ltr'><strong>concussus</strong></span> <span class='ocrx_word' id='word_1_392' title='bbox 1886 3963 2059 4014; x_wconf 85' lang='lat' dir='ltr'><strong>amici.</strong></span> 
     </span>
    </p>
   </div>
   <div class='ocr_carea' id='block_1_65' title="bbox 485 4030 2059 4099">
    <p class='ocr_par' dir='ltr' id='par_1_65' title="bbox 485 4030 2059 4099">
     <span class='ocr_line' id='line_1_66' title="bbox 485 4030 2059 4099; baseline 0.001 -15"><span class='ocrx_word' id='word_1_393' title='bbox 485 4030 555 4085; x_wconf 86' lang='lat' dir='ltr'><strong>Ut</strong></span> <span class='ocrx_word' id='word_1_394' title='bbox 584 4039 774 4099; x_wconf 9' lang='lat' dir='ltr'><strong>autem;</strong></span> <span class='ocrx_word' id='word_1_395' title='bbox 802 4043 902 4099; x_wconf 75' lang='lat' dir='ltr'><strong>ego</strong></span> <span class='ocrx_word' id='word_1_396' title='bbox 930 4038 1073 4099; x_wconf 90' lang='lat' dir='ltr'><strong>puto,</strong></span> <span class='ocrx_word' id='word_1_397' title='bbox 1108 4039 1263 4095; x_wconf 90' lang='lat' dir='ltr'><strong>poeta</strong></span> <span class='ocrx_word' id='word_1_398' title='bbox 1290 4031 1617 4099; x_wconf 15' lang='lat' dir='ltr'><strong>filieronymi</strong></span> <span class='ocrx_word' id='word_1_399' title='bbox 1652 4033 1809 4083; x_wconf 85' lang='lat' dir='ltr'><strong>verba</strong></span> <span class='ocrx_word' id='word_1_400' title='bbox 1863 4032 2059 4097; x_wconf 80' lang='lat' dir='ltr'><strong>legerat</strong></span> 
     </span>
    </p>
   </div>
   <div class='ocr_carea' id='block_1_66' title="bbox 486 4096 2057 4166">
    <p class='ocr_par' dir='ltr' id='par_1_66' title="bbox 486 4096 2057 4166">
     <span class='ocr_line' id='line_1_67' title="bbox 486 4096 2057 4166; baseline 0.001 -16"><span class='ocrx_word' id='word_1_401' title='bbox 486 4099 681 4166; x_wconf 79' lang='lat' dir='ltr'><strong>tlialog.</strong></span> <span class='ocrx_word' id='word_1_402' title='bbox 715 4096 1036 4151; x_wconf 45' lang='lat' dir='ltr'><strong>avaLucil&#39;.</strong></span> <span class='ocrx_word' id='word_1_403' title='bbox 1066 4114 1211 4152; x_wconf 83' lang='lat' dir='ltr'><strong>num.</strong></span> <span class='ocrx_word' id='word_1_404' title='bbox 1245 4098 1343 4151; x_wconf 79' lang='lat' dir='ltr'><strong>l9:</strong></span> <span class='ocrx_word' id='word_1_405' title='bbox 1378 4096 1629 4166; x_wconf 80' lang='lat' dir='ltr'><strong>Ingemuit</strong></span> <span class='ocrx_word' id='word_1_406' title='bbox 1674 4110 1805 4152; x_wconf 87' lang='lat' dir='ltr'><strong>totus</strong></span> <span class='ocrx_word' id='word_1_407' title='bbox 1827 4096 1981 4159; x_wconf 83' lang='lat' dir='ltr'><strong>orbis,</strong></span> <span class='ocrx_word' id='word_1_408' title='bbox 2012 4111 2057 4152; x_wconf 90' lang='lat' dir='ltr'><strong>et</strong></span> 
     </span>
    </p>
   </div>
   <div class='ocr_carea' id='block_1_67' title="bbox 485 4167 2059 4223">
    <p class='ocr_par' dir='ltr' id='par_1_67' title="bbox 485 4167 2059 4223">
     <span class='ocr_line' id='line_1_68' title="bbox 485 4167 2059 4223; baseline 0.001 -2"><span class='ocrx_word' id='word_1_409' title='bbox 485 4170 733 4221; x_wconf 82' lang='lat' dir='ltr'><strong>Arianunt</strong></span> <span class='ocrx_word' id='word_1_410' title='bbox 776 4183 828 4219; x_wconf 90' lang='lat' dir='ltr'><strong>se</strong></span> <span class='ocrx_word' id='word_1_411' title='bbox 870 4182 976 4219; x_wconf 77' lang='lat' dir='ltr'><strong>esse</strong></span> <span class='ocrx_word' id='word_1_412' title='bbox 1004 4167 1215 4221; x_wconf 85' lang='lat' dir='ltr'><strong>miratus</strong></span> <span class='ocrx_word' id='word_1_413' title='bbox 1259 4176 1355 4220; x_wconf 89' lang='lat' dir='ltr'><strong>est.</strong></span> <span class='ocrx_word' id='word_1_414' title='bbox 1416 4168 1631 4220; x_wconf 83' lang='lat' dir='ltr'><strong>Ponitur</strong></span> <span class='ocrx_word' id='word_1_415' title='bbox 1689 4185 1717 4220; x_wconf 69' lang='grc' dir='ltr'><strong><em>λ</em></strong></span> <span class='ocrx_word' id='word_1_416' title='bbox 1774 4170 2059 4223; x_wconf 86' lang='lat' dir='ltr'><strong>Prudentio</strong></span> 
     </span>
    </p>
   </div>
   <div class='ocr_carea' id='block_1_68' title="bbox 482 4236 2058 4307">
    <p class='ocr_par' dir='ltr' id='par_1_68' title="bbox 482 4236 2058 4307">
     <span class='ocr_line' id='line_1_69' title="bbox 482 4236 2058 4307; baseline 0.001 -16"><span class='ocrx_word' id='word_1_417' title='bbox 482 4240 616 4293; x_wconf 89' lang='lat' dir='ltr'><strong>scite</strong></span> <span class='ocrx_word' id='word_1_418' title='bbox 662 4236 881 4307; x_wconf 85' lang='lat' dir='ltr'><strong>populus</strong></span> <span class='ocrx_word' id='word_1_419' title='bbox 911 4250 1005 4303; x_wconf 89' lang='lat' dir='ltr'><strong>pro</strong></span> <span class='ocrx_word' id='word_1_420' title='bbox 1036 4252 1350 4306; x_wconf 86' lang='lat' dir='ltr'><strong>quacunque</strong></span> <span class='ocrx_word' id='word_1_421' title='bbox 1394 4237 1747 4291; x_wconf 82' lang='lat' dir='ltr'><strong>multitudine.</strong></span> <span class='ocrx_word' id='word_1_422' title='bbox 1799 4239 2058 4306; x_wconf 80' lang='lat' dir='ltr'><strong>Exempla</strong></span> 
     </span>
    </p>
   </div>
   <div class='ocr_carea' id='block_1_69' title="bbox 482 4307 936 4362">
    <p class='ocr_par' dir='ltr' id='par_1_69' title="bbox 482 4307 936 4362">
     <span class='ocr_line' id='line_1_70' title="bbox 482 4307 936 4362; baseline -0.007 -2"><span class='ocrx_word' id='word_1_423' title='bbox 482 4310 605 4362; x_wconf 85' lang='lat' dir='ltr'><strong>vide</strong></span> <span class='ocrx_word' id='word_1_424' title='bbox 636 4308 686 4361; x_wconf 94' lang='lat' dir='ltr'><strong>in</strong></span> <span class='ocrx_word' id='word_1_425' title='bbox 712 4307 936 4360; x_wconf 79' lang='lat' dir='ltr'><strong>Lexieis.</strong></span> 
     </span>
    </p>
   </div>
   <div class='ocr_carea' id='block_1_70' title="bbox 556 4374 2051 4444">
    <p class='ocr_par' dir='ltr' id='par_1_70' title="bbox 556 4374 2051 4444">
     <span class='ocr_line' id='line_1_71' title="bbox 556 4374 2051 4444; baseline 0.001 -14"><span class='ocrx_word' id='word_1_426' title='bbox 556 4379 680 4432; x_wconf 81' lang='lat'><strong>799.</strong></span> <span class='ocrx_word' id='word_1_427' title='bbox 714 4376 898 4429; x_wconf 81' lang='lat' dir='ltr'><strong>Vieuu.</strong></span> <span class='ocrx_word' id='word_1_428' title='bbox 936 4391 1047 4427; x_wconf 87' lang='lat' dir='ltr'><strong>cum</strong></span> <span class='ocrx_word' id='word_1_429' title='bbox 1080 4390 1358 4444; x_wconf 83' lang='lat' dir='ltr'><strong>generosa;</strong></span> <span class='ocrx_word' id='word_1_430' title='bbox 1388 4374 1572 4441; x_wconf 75' lang='lat' dir='ltr'><strong>Aldus,</strong></span> <span class='ocrx_word' id='word_1_431' title='bbox 1606 4385 1726 4429; x_wconf 88' lang='lat' dir='ltr'><strong>tunc</strong></span> <span class='ocrx_word' id='word_1_432' title='bbox 1756 4392 1875 4432; x_wconf 93' lang='lat' dir='ltr'><strong>cum</strong></span> <span class='ocrx_word' id='word_1_433' title='bbox 1916 4379 2051 4432; x_wconf 89' lang='lat' dir='ltr'><strong>aliis.</strong></span> 
     </span>
    </p>
   </div>
   <div class='ocr_carea' id='block_1_71' title="bbox 483 4446 1041 4511">
    <p class='ocr_par' dir='ltr' id='par_1_71' title="bbox 483 4446 1041 4511">
     <span class='ocr_line' id='line_1_72' title="bbox 483 4446 1041 4511; baseline -0.014 -6"><span class='ocrx_word' id='word_1_434' title='bbox 483 4450 539 4505; x_wconf 81' lang='lat' dir='ltr'><strong>In</strong></span> <span class='ocrx_word' id='word_1_435' title='bbox 584 4446 873 4511; x_wconf 86' lang='lat' dir='ltr'><strong>nonnullis,</strong></span> <span class='ocrx_word' id='word_1_436' title='bbox 914 4452 1041 4497; x_wconf 84' lang='lat' dir='ltr'><strong>tum.</strong></span> 
     </span>
    </p>
   </div>
   <div class='ocr_carea' id='block_1_72' title="bbox 556 4514 2055 4586">
    <p class='ocr_par' dir='ltr' id='par_1_72' title="bbox 556 4514 2055 4586">
     <span class='ocr_line' id='line_1_73' title="bbox 556 4514 2055 4586; baseline -0.001 -14"><span class='ocrx_word' id='word_1_437' title='bbox 556 4519 679 4573; x_wconf 74' lang='grc'><strong>801.</strong></span> <span class='ocrx_word' id='word_1_438' title='bbox 712 4517 784 4570; x_wconf 65' lang='lat' dir='ltr'><strong>Et</strong></span> <span class='ocrx_word' id='word_1_439' title='bbox 813 4515 1113 4570; x_wconf 84' lang='lat' dir='ltr'><strong>lleinsianis</strong></span> <span class='ocrx_word' id='word_1_440' title='bbox 1134 4514 1279 4569; x_wconf 89' lang='lat' dir='ltr'><strong>solus</strong></span> <span class='ocrx_word' id='word_1_441' title='bbox 1308 4514 1540 4579; x_wconf 86' lang='lat' dir='ltr'><strong>Tbuan.,</strong></span> <span class='ocrx_word' id='word_1_442' title='bbox 1562 4516 1659 4569; x_wconf 78' lang='lat' dir='ltr'><strong>sed</strong></span> <span class='ocrx_word' id='word_1_443' title='bbox 1680 4518 1887 4586; x_wconf 80' lang='lat' dir='ltr'><strong>defensa</strong></span> <span class='ocrx_word' id='word_1_444' title='bbox 1910 4518 2055 4586; x_wconf 79' lang='lat' dir='ltr'><strong>ﬁde;</strong></span> 
     </span>
    </p>
   </div>
   <div class='ocr_carea' id='block_1_73' title="bbox 483 4586 2056 4655">
    <p class='ocr_par' dir='ltr' id='par_1_73' title="bbox 483 4586 2056 4655">
     <span class='ocr_line' id='line_1_74' title="bbox 483 4586 2056 4655; baseline -0.002 -12"><span class='ocrx_word' id='word_1_445' title='bbox 483 4587 863 4655; x_wconf 49' lang='lat' dir='ltr'><strong>c’.eteri,;[ides.</strong></span> <span class='ocrx_word' id='word_1_446' title='bbox 898 4586 1009 4639; x_wconf 89' lang='lat' dir='ltr'><strong>Non</strong></span> <span class='ocrx_word' id='word_1_447' title='bbox 1041 4586 1276 4651; x_wconf 75' lang='lat' dir='ltr'><strong>intelligo</strong></span> <span class='ocrx_word' id='word_1_448' title='bbox 1323 4600 1419 4638; x_wconf 90' lang='lat' dir='ltr'><strong>cur</strong></span> <span class='ocrx_word' id='word_1_449' title='bbox 1446 4589 1789 4651; x_wconf 87' lang='lat' dir='ltr'><strong>recentiores,</strong></span> <span class='ocrx_word' id='word_1_450' title='bbox 1817 4589 2056 4641; x_wconf 86' lang='lat' dir='ltr'><strong>Cltamil-</strong></span> 
     </span>
    </p>
   </div>
   <div class='ocr_carea' id='block_1_74' title="bbox 482 4656 2055 4725">
    <p class='ocr_par' dir='ltr' id='par_1_74' title="bbox 482 4656 2055 4725">
     <span class='ocr_line' id='line_1_75' title="bbox 482 4656 2055 4725; baseline -0.001 -13"><span class='ocrx_word' id='word_1_451' title='bbox 482 4660 665 4713; x_wconf 84' lang='lat' dir='ltr'><strong>lsrdus</strong></span> <span class='ocrx_word' id='word_1_452' title='bbox 693 4658 888 4725; x_wconf 85' lang='lat' dir='ltr'><strong>aliique</strong></span> <span class='ocrx_word' id='word_1_453' title='bbox 918 4658 1057 4721; x_wconf 74' lang='lat' dir='ltr'><strong>vulg.</strong></span> <span class='ocrx_word' id='word_1_454' title='bbox 1086 4656 1311 4725; x_wconf 75' lang='lat' dir='ltr'><strong>amplexi</strong></span> <span class='ocrx_word' id='word_1_455' title='bbox 1344 4656 1538 4708; x_wconf 89' lang='lat' dir='ltr'><strong>fuerint</strong></span> <span class='ocrx_word' id='word_1_456' title='bbox 1567 4656 1667 4725; x_wconf 84' lang='lat' dir='ltr'><strong>ﬁde</strong></span> <span class='ocrx_word' id='word_1_457' title='bbox 1692 4673 1710 4709; x_wconf 93' lang='lat'><strong><em>:</em></strong></span> <span class='ocrx_word' id='word_1_458' title='bbox 1744 4673 1862 4710; x_wconf 87' lang='lat' dir='ltr'><strong>nam</strong></span> <span class='ocrx_word' id='word_1_459' title='bbox 1912 4673 2055 4711; x_wconf 90' lang='lat' dir='ltr'><strong>cou—</strong></span> 
     </span>
    </p>
   </div>
   <div class='ocr_carea' id='block_1_75' title="bbox 480 4722 2054 4795">
    <p class='ocr_par' dir='ltr' id='par_1_75' title="bbox 480 4722 2054 4795">
     <span class='ocr_line' id='line_1_76' title="bbox 480 4722 2054 4795; baseline -0.002 -13"><span class='ocrx_word' id='word_1_460' title='bbox 480 4730 691 4783; x_wconf 90' lang='lat' dir='ltr'><strong>einnior</strong></span> <span class='ocrx_word' id='word_1_461' title='bbox 711 4722 1076 4781; x_wconf 50' lang='lat' dir='ltr'><strong>est&#39;senteutia</strong></span> <span class='ocrx_word' id='word_1_462' title='bbox 1096 4722 1389 4795; x_wconf 80' lang='lat' dir='ltr'><strong>Concordia</strong></span> <span class='ocrx_word' id='word_1_463' title='bbox 1437 4722 1575 4778; x_wconf 33' lang='lat' dir='ltr'><strong>lwsa‘</strong></span> <span class='ocrx_word' id='word_1_464' title='bbox 1606 4736 1698 4794; x_wconf 89' lang='lat' dir='ltr'><strong>est,</strong></span> <span class='ocrx_word' id='word_1_465' title='bbox 1725 4729 1811 4780; x_wconf 91' lang='lat' dir='ltr'><strong>sed</strong></span> <span class='ocrx_word' id='word_1_466' title='bbox 1850 4728 2054 4795; x_wconf 78' lang='lat' dir='ltr'><strong>defensa</strong></span> 
     </span>
    </p>
   </div>
   <div class='ocr_carea' id='block_1_76' title="bbox 482 4794 2056 4866">
    <p class='ocr_par' dir='ltr' id='par_1_76' title="bbox 482 4794 2056 4866">
     <span class='ocr_line' id='line_1_77' title="bbox 482 4794 2056 4866; baseline 0.001 -17"><span class='ocrx_word' id='word_1_467' title='bbox 482 4800 645 4864; x_wconf 83' lang='lat' dir='ltr'><strong>ﬁdes;</strong></span> <span class='ocrx_word' id='word_1_468' title='bbox 675 4798 794 4865; x_wconf 86' lang='lat' dir='ltr'><strong>quin</strong></span> <span class='ocrx_word' id='word_1_469' title='bbox 815 4806 862 4849; x_wconf 89' lang='lat' dir='ltr'><strong>et</strong></span> <span class='ocrx_word' id='word_1_470' title='bbox 883 4794 1153 4849; x_wconf 85' lang='lat' dir='ltr'><strong>concordia</strong></span> <span class='ocrx_word' id='word_1_471' title='bbox 1173 4811 1344 4861; x_wconf 84' lang='lat' dir='ltr'><strong>sospes</strong></span> <span class='ocrx_word' id='word_1_472' title='bbox 1388 4812 1679 4866; x_wconf 74' lang='lat' dir='ltr'><strong>germanam</strong></span> <span class='ocrx_word' id='word_1_473' title='bbox 1721 4794 1959 4850; x_wconf 85' lang='lat' dir='ltr'><strong>comitata</strong></span> <span class='ocrx_word' id='word_1_474' title='bbox 1993 4799 2056 4866; x_wconf 88' lang='lat' dir='ltr'><strong>[i-</strong></span> 
     </span>
    </p>
   </div>
   <div class='ocr_carea' id='block_1_77' title="bbox 398 4865 2050 4935">
    <p class='ocr_par' dir='ltr' id='par_1_77' title="bbox 398 4865 2050 4935">
     <span class='ocr_line' id='line_1_78' title="bbox 398 4865 2050 4935; baseline 0 -16"><span class='ocrx_word' id='word_1_475' title='bbox 398 4932 401 4935; x_wconf 94' lang='lat'><em>_</em></span> <span class='ocrx_word' id='word_1_476' title='bbox 481 4870 594 4921; x_wconf 87' lang='lat' dir='ltr'><strong>dem</strong></span> <span class='ocrx_word' id='word_1_477' title='bbox 616 4885 707 4921; x_wconf 86' lang='lat' dir='ltr'><strong>sua</strong></span> <span class='ocrx_word' id='word_1_478' title='bbox 728 4868 935 4919; x_wconf 78' lang='lat' dir='ltr'><strong>vulnera</strong></span> <span class='ocrx_word' id='word_1_479' title='bbox 956 4868 1108 4919; x_wconf 89' lang='lat' dir='ltr'><strong>ridet.</strong></span> <span class='ocrx_word' id='word_1_480' title='bbox 1132 4865 1199 4917; x_wconf 81' lang='lat' dir='ltr'><strong>Et</strong></span> <span class='ocrx_word' id='word_1_481' title='bbox 1218 4865 1342 4932; x_wconf 82' lang='lat' dir='ltr'><strong>ﬁdes</strong></span> <span class='ocrx_word' id='word_1_482' title='bbox 1359 4865 1570 4934; x_wconf 83' lang='lat' dir='ltr'><strong>quidem</strong></span> <span class='ocrx_word' id='word_1_483' title='bbox 1604 4867 1791 4935; x_wconf 78' lang='lat' dir='ltr'><strong>legitur</strong></span> <span class='ocrx_word' id='word_1_484' title='bbox 1810 4869 1862 4920; x_wconf 87' lang='lat' dir='ltr'><strong>iit</strong></span> <span class='ocrx_word' id='word_1_485' title='bbox 1897 4868 2050 4934; x_wconf 57' lang='lat' dir='ltr'><strong>Marx,</strong></span> 
     </span>
    </p>
   </div>
   <div class='ocr_carea' id='block_1_78' title="bbox 480 4935 2051 5006">
    <p class='ocr_par' dir='ltr' id='par_1_78' title="bbox 480 4935 2051 5006">
     <span class='ocr_line' id='line_1_79' title="bbox 480 4935 2051 5006; baseline -0.001 -15"><span class='ocrx_word' id='word_1_486' title='bbox 480 4938 665 5001; x_wconf 78' lang='lat' dir='ltr'><strong>Alex.,</strong></span> <span class='ocrx_word' id='word_1_487' title='bbox 715 4935 937 4990; x_wconf 83' lang='lat' dir='ltr'><strong>Weitzio</strong></span> <span class='ocrx_word' id='word_1_488' title='bbox 962 4951 1085 4990; x_wconf 89' lang='lat' dir='ltr'><strong>cum</strong></span> <span class='ocrx_word' id='word_1_489' title='bbox 1124 4952 1255 5006; x_wconf 78' lang='lat' dir='ltr'><strong>suis,</strong></span> <span class='ocrx_word' id='word_1_490' title='bbox 1286 4937 1458 5005; x_wconf 64' lang='lat' dir='ltr'><strong>Sicin,</strong></span> <span class='ocrx_word' id='word_1_491' title='bbox 1511 4935 1654 4998; x_wconf 69' lang='lat' dir='ltr'><strong>llat.,</strong></span> <span class='ocrx_word' id='word_1_492' title='bbox 1681 4939 1921 5006; x_wconf 84' lang='lat' dir='ltr'><strong>quamvis</strong></span> <span class='ocrx_word' id='word_1_493' title='bbox 1950 4953 2051 4990; x_wconf 94' lang='lat' dir='ltr'><strong>non</strong></span> 
     </span>
    </p>
   </div>
   <div class='ocr_carea' id='block_1_79' title="bbox 483 5004 2056 5074">
    <p class='ocr_par' dir='ltr' id='par_1_79' title="bbox 483 5004 2056 5074">
     <span class='ocr_line' id='line_1_80' title="bbox 483 5004 2056 5074; baseline 0 -14"><span class='ocrx_word' id='word_1_494' title='bbox 483 5008 554 5060; x_wconf 90' lang='lat' dir='ltr'><strong>ita</strong></span> <span class='ocrx_word' id='word_1_495' title='bbox 579 5008 745 5070; x_wconf 86' lang='lat' dir='ltr'><strong>clare,</strong></span> <span class='ocrx_word' id='word_1_496' title='bbox 776 5008 1016 5074; x_wconf 79' lang='lat' dir='ltr'><strong>aliisque.</strong></span> <span class='ocrx_word' id='word_1_497' title='bbox 1053 5008 1104 5059; x_wconf 89' lang='lat' dir='ltr'><strong>In</strong></span> <span class='ocrx_word' id='word_1_498' title='bbox 1135 5004 1273 5058; x_wconf 80' lang='lat' dir='ltr'><strong>Vatt.</strong></span> <span class='ocrx_word' id='word_1_499' title='bbox 1316 5006 1376 5069; x_wconf 89' lang='lat' dir='ltr'><strong>C,</strong></span> <span class='ocrx_word' id='word_1_500' title='bbox 1403 5008 1468 5063; x_wconf 65' lang='grc' dir='ltr'><strong>(ἱ.</strong></span> <span class='ocrx_word' id='word_1_501' title='bbox 1521 5007 1644 5072; x_wconf 75' lang='lat' dir='ltr'><strong>ﬁde,</strong></span> <span class='ocrx_word' id='word_1_502' title='bbox 1696 5004 1833 5071; x_wconf 79' lang='lat' dir='ltr'><strong>quod</strong></span> <span class='ocrx_word' id='word_1_503' title='bbox 1882 5016 2056 5061; x_wconf 83' lang='lat' dir='ltr'><strong>exstat</strong></span> 
     </span>
    </p>
   </div>
   <div class='ocr_carea' id='block_1_80' title="bbox 483 5075 2055 5139">
    <p class='ocr_par' dir='ltr' id='par_1_80' title="bbox 483 5075 2055 5139">
     <span class='ocr_line' id='line_1_81' title="bbox 483 5075 2055 5139; baseline -0.001 -9"><span class='ocrx_word' id='word_1_504' title='bbox 483 5078 537 5130; x_wconf 88' lang='lat' dir='ltr'><strong>in</strong></span> <span class='ocrx_word' id='word_1_505' title='bbox 568 5077 684 5131; x_wconf 79' lang='lat' dir='ltr'><strong>Vat.</strong></span> <span class='ocrx_word' id='word_1_506' title='bbox 721 5075 759 5128; x_wconf 82' lang='lat' dir='ltr'><strong>F</strong></span> <span class='ocrx_word' id='word_1_507' title='bbox 788 5092 816 5127; x_wconf 89' lang='lat' dir='ltr'><strong>a</strong></span> <span class='ocrx_word' id='word_1_508' title='bbox 844 5092 1000 5130; x_wconf 91' lang='lat' dir='ltr'><strong>manu</strong></span> <span class='ocrx_word' id='word_1_509' title='bbox 1024 5077 1275 5129; x_wconf 84' lang='lat' dir='ltr'><strong>seCuuda.</strong></span> <span class='ocrx_word' id='word_1_510' title='bbox 1308 5075 1596 5139; x_wconf 87' lang='lat' dir='ltr'><strong>Giselinus,</strong></span> <span class='ocrx_word' id='word_1_511' title='bbox 1639 5078 1829 5129; x_wconf 81' lang='lat' dir='ltr'><strong>Aldunt</strong></span> <span class='ocrx_word' id='word_1_512' title='bbox 1872 5088 1926 5129; x_wconf 87' lang='lat' dir='ltr'><strong>et</strong></span> <span class='ocrx_word' id='word_1_513' title='bbox 1952 5078 2055 5130; x_wconf 81' lang='lat' dir='ltr'><strong>Ne—</strong></span> 
     </span>
    </p>
   </div>
   <div class='ocr_carea' id='block_1_81' title="bbox 2166 2494 3755 2563">
    <p class='ocr_par' dir='ltr' id='par_1_81' title="bbox 2166 2494 3755 2563">
     <span class='ocr_line' id='line_1_82' title="bbox 2166 2494 3755 2563; baseline 0 -13"><span class='ocrx_word' id='word_1_514' title='bbox 2166 2496 2347 2563; x_wconf 89' lang='lat' dir='ltr'><strong>Fabr.,</strong></span> <span class='ocrx_word' id='word_1_515' title='bbox 2379 2497 2497 2550; x_wconf 86' lang='lat' dir='ltr'><strong>Vat.</strong></span> <span class='ocrx_word' id='word_1_516' title='bbox 2521 2496 2584 2556; x_wconf 87' lang='lat' dir='ltr'><strong>G.</strong></span> <span class='ocrx_word' id='word_1_517' title='bbox 2608 2496 2773 2559; x_wconf 81' lang='lat' dir='ltr'><strong>Pice.,</strong></span> <span class='ocrx_word' id='word_1_518' title='bbox 2807 2495 2977 2557; x_wconf 81' lang='lat' dir='ltr'><strong>Alex.,</strong></span> <span class='ocrx_word' id='word_1_519' title='bbox 3013 2494 3231 2562; x_wconf 72' lang='lat' dir='ltr'><strong>eqregin.</strong></span> <span class='ocrx_word' id='word_1_520' title='bbox 3258 2509 3378 2548; x_wconf 89' lang='lat' dir='ltr'><strong>cum</strong></span> <span class='ocrx_word' id='word_1_521' title='bbox 3400 2494 3510 2549; x_wconf 85' lang='lat' dir='ltr'><strong>Gis.</strong></span> <span class='ocrx_word' id='word_1_522' title='bbox 3534 2505 3588 2549; x_wconf 90' lang='lat' dir='ltr'><strong>et</strong></span> <span class='ocrx_word' id='word_1_523' title='bbox 3607 2497 3755 2557; x_wconf 86' lang='lat' dir='ltr'><strong>aliis.</strong></span> 
     </span>
    </p>
   </div>
   <div class='ocr_carea' id='block_1_82' title="bbox 2169 2562 3755 2635">
    <p class='ocr_par' dir='ltr' id='par_1_82' title="bbox 2169 2562 3755 2635">
     <span class='ocr_line' id='line_1_83' title="bbox 2169 2562 3755 2635; baseline 0.001 -16"><span class='ocrx_word' id='word_1_524' title='bbox 2169 2568 2285 2619; x_wconf 79' lang='lat' dir='ltr'><strong>llat.</strong></span> <span class='ocrx_word' id='word_1_525' title='bbox 2321 2582 2503 2635; x_wconf 82' lang='lat' dir='ltr'><strong>supra,</strong></span> <span class='ocrx_word' id='word_1_526' title='bbox 2537 2568 2690 2624; x_wconf 64' lang='lat' dir='ltr'><strong>Man.</strong></span> <span class='ocrx_word' id='word_1_527' title='bbox 2725 2566 2937 2625; x_wconf 77' lang='lat' dir='ltr'><strong>Vienn.,</strong></span> <span class='ocrx_word' id='word_1_528' title='bbox 2990 2565 3131 2625; x_wconf 84' lang='lat' dir='ltr'><strong>Ald.,</strong></span> <span class='ocrx_word' id='word_1_529' title='bbox 3159 2562 3380 2625; x_wconf 78' lang='lat' dir='ltr'><strong>\Veitz.,</strong></span> <span class='ocrx_word' id='word_1_530' title='bbox 3418 2564 3555 2618; x_wconf 84' lang='lat' dir='ltr'><strong>Vatt.</strong></span> <span class='ocrx_word' id='word_1_531' title='bbox 3594 2565 3658 2628; x_wconf 87' lang='lat' dir='ltr'><strong>C.</strong></span> <span class='ocrx_word' id='word_1_532' title='bbox 3692 2567 3755 2631; x_wconf 82' lang='lat' dir='ltr'><strong>F,</strong></span> 
     </span>
    </p>
   </div>
   <div class='ocr_carea' id='block_1_83' title="bbox 2164 2635 3756 2705">
    <p class='ocr_par' dir='ltr' id='par_1_83' title="bbox 2164 2635 3756 2705">
     <span class='ocr_line' id='line_1_84' title="bbox 2164 2635 3756 2705; baseline 0 -16"><span class='ocrx_word' id='word_1_533' title='bbox 2164 2646 2220 2689; x_wconf 87' lang='lat' dir='ltr'><strong>et</strong></span> <span class='ocrx_word' id='word_1_534' title='bbox 2249 2636 2335 2705; x_wconf 85' lang='lat' dir='ltr'><strong>alii</strong></span> <span class='ocrx_word' id='word_1_535' title='bbox 2363 2639 2644 2705; x_wconf 73' lang='lat' dir='ltr'><strong>egregium.</strong></span> <span class='ocrx_word' id='word_1_536' title='bbox 2678 2635 3002 2705; x_wconf 69' lang='lat' dir='ltr'><strong>Utrumlibet</strong></span> <span class='ocrx_word' id='word_1_537' title='bbox 3051 2644 3251 2698; x_wconf 79' lang='lat' dir='ltr'><strong>teneas,</strong></span> <span class='ocrx_word' id='word_1_538' title='bbox 3303 2635 3446 2697; x_wconf 80' lang='lat' dir='ltr'><strong>licet,</strong></span> <span class='ocrx_word' id='word_1_539' title='bbox 3481 2636 3594 2689; x_wconf 83' lang='lat' dir='ltr'><strong>sive</strong></span> <span class='ocrx_word' id='word_1_540' title='bbox 3621 2653 3756 2701; x_wconf 88' lang='lat' dir='ltr'><strong>opus</strong></span> 
     </span>
    </p>
   </div>
   <div class='ocr_carea' id='block_1_84' title="bbox 2165 2695 3011 2777">
    <p class='ocr_par' dir='ltr' id='par_1_84' title="bbox 2165 2695 3011 2777">
     <span class='ocr_line' id='line_1_85' title="bbox 2165 2695 3011 2777; baseline -0.006 -18"><span class='ocrx_word' id='word_1_541' title='bbox 2165 2695 2442 2777; x_wconf 73' lang='lat' dir='ltr'><strong>egregium,</strong></span> <span class='ocrx_word' id='word_1_542' title='bbox 2467 2695 2579 2760; x_wconf 69' lang='lat' dir='ltr'><strong>sive</strong></span> <span class='ocrx_word' id='word_1_543' title='bbox 2601 2708 2800 2776; x_wconf 78' lang='lat' dir='ltr'><strong>egregio</strong></span> <span class='ocrx_word' id='word_1_544' title='bbox 2826 2695 3011 2777; x_wconf 71' lang='lat' dir='ltr'><strong>labort’.</strong></span> 
     </span>
    </p>
   </div>
   <div class='ocr_carea' id='block_1_85' title="bbox 2236 2773 3396 2841">
    <p class='ocr_par' dir='ltr' id='par_1_85' title="bbox 2236 2773 3396 2841">
     <span class='ocr_line' id='line_1_86' title="bbox 2236 2773 3396 2841; baseline -0.003 -12"><span class='ocrx_word' id='word_1_545' title='bbox 2236 2773 2359 2831; x_wconf 77' lang='grc'><strong>805.</strong></span> <span class='ocrx_word' id='word_1_546' title='bbox 2396 2776 2608 2841; x_wconf 83' lang='lat' dir='ltr'><strong>Vienn.,</strong></span> <span class='ocrx_word' id='word_1_547' title='bbox 2632 2773 2872 2830; x_wconf 71' lang='lat' dir='ltr'><strong>tantum:</strong></span> <span class='ocrx_word' id='word_1_548' title='bbox 2907 2774 3120 2836; x_wconf 53' lang='lat' dir='ltr'><strong>melius,</strong></span> <span class='ocrx_word' id='word_1_549' title='bbox 3169 2773 3396 2825; x_wconf 83' lang='lat' dir='ltr'><strong>tandem.</strong></span> 
     </span>
    </p>
   </div>
   <div class='ocr_carea' id='block_1_86' title="bbox 2236 2843 3757 2916">
    <p class='ocr_par' dir='ltr' id='par_1_86' title="bbox 2236 2843 3757 2916">
     <span class='ocr_line' id='line_1_87' title="bbox 2236 2843 3757 2916; baseline -0.007 -16"><span class='ocrx_word' id='word_1_550' title='bbox 2236 2843 2364 2900; x_wconf 90' lang='lat'><strong>806.</strong></span> <span class='ocrx_word' id='word_1_551' title='bbox 2391 2846 2606 2908; x_wconf 83' lang='lat' dir='ltr'><strong>Vienn.,</strong></span> <span class='ocrx_word' id='word_1_552' title='bbox 2627 2845 2856 2916; x_wconf 83' lang='lat' dir='ltr'><strong>belliger,</strong></span> <span class='ocrx_word' id='word_1_553' title='bbox 2884 2844 3160 2916; x_wconf 63' lang='lat' dir='ltr'><strong>mendoso.</strong></span> <span class='ocrx_word' id='word_1_554' title='bbox 3178 2844 3377 2916; x_wconf 76' lang='lat' dir='ltr'><strong>_Sernto</strong></span> <span class='ocrx_word' id='word_1_555' title='bbox 3398 2852 3476 2916; x_wconf 84' lang='lat' dir='ltr'><strong>est</strong></span> <span class='ocrx_word' id='word_1_556' title='bbox 3502 2844 3570 2916; x_wconf 85' lang='lat' dir='ltr'><strong>de</strong></span> <span class='ocrx_word' id='word_1_557' title='bbox 3598 2845 3757 2899; x_wconf 87' lang='lat' dir='ltr'><strong>Salo.</strong></span> 
     </span>
    </p>
   </div>
   <div class='ocr_carea' id='block_1_87' title="bbox 2168 2911 3757 2983">
    <p class='ocr_par' dir='ltr' id='par_1_87' title="bbox 2168 2911 3757 2983">
     <span class='ocr_line' id='line_1_88' title="bbox 2168 2911 3757 2983; baseline 0.001 -16"><span class='ocrx_word' id='word_1_558' title='bbox 2168 2930 2324 2967; x_wconf 87' lang='lat' dir='ltr'><strong>mone</strong></span> <span class='ocrx_word' id='word_1_559' title='bbox 2356 2915 2585 2983; x_wconf 84' lang='lat' dir='ltr'><strong>pacifera</strong></span> <span class='ocrx_word' id='word_1_560' title='bbox 2618 2911 2830 2968; x_wconf 75' lang='lat' dir='ltr'><strong>literéde</strong></span> <span class='ocrx_word' id='word_1_561' title='bbox 2860 2916 3004 2981; x_wconf 88' lang='lat' dir='ltr'><strong>regni</strong></span> <span class='ocrx_word' id='word_1_562' title='bbox 3037 2914 3145 2983; x_wconf 77' lang='lat' dir='ltr'><strong>sub</strong></span> <span class='ocrx_word' id='word_1_563' title='bbox 3177 2911 3373 2965; x_wconf 81' lang='lat' dir='ltr'><strong>Davide</strong></span> <span class='ocrx_word' id='word_1_564' title='bbox 3412 2914 3657 2981; x_wconf 80' lang='lat' dir='ltr'><strong>belligeri.</strong></span> <span class='ocrx_word' id='word_1_565' title='bbox 3701 2916 3757 2970; x_wconf 88' lang='lat' dir='ltr'><strong>In</strong></span> 
     </span>
    </p>
   </div>
   <div class='ocr_carea' id='block_1_88' title="bbox 2166 2982 3757 3053">
    <p class='ocr_par' dir='ltr' id='par_1_88' title="bbox 2166 2982 3757 3053">
     <span class='ocr_line' id='line_1_89' title="bbox 2166 2982 3757 3053; baseline 0.002 -18"><span class='ocrx_word' id='word_1_566' title='bbox 2166 2982 2376 3039; x_wconf 83' lang='lat' dir='ltr'><strong>duobus</strong></span> <span class='ocrx_word' id='word_1_567' title='bbox 2423 2982 2724 3049; x_wconf 78' lang='lat' dir='ltr'><strong>veterrimis</strong></span> <span class='ocrx_word' id='word_1_568' title='bbox 2768 2984 2975 3045; x_wconf 90' lang='lat' dir='ltr'><strong>lleius.,</strong></span> <span class='ocrx_word' id='word_1_569' title='bbox 3032 2982 3281 3053; x_wconf 27' lang='lat' dir='ltr'><strong>inAEgm.</strong></span> <span class='ocrx_word' id='word_1_570' title='bbox 3339 2992 3391 3053; x_wconf 81' lang='lat' dir='ltr'><strong>et</strong></span> <span class='ocrx_word' id='word_1_571' title='bbox 3432 2984 3569 3046; x_wconf 79' lang='lat' dir='ltr'><strong>PaL,</strong></span> <span class='ocrx_word' id='word_1_572' title='bbox 3613 3001 3757 3053; x_wconf 76' lang='lat' dir='ltr'><strong>quos</strong></span> 
     </span>
    </p>
   </div>
   <div class='ocr_carea' id='block_1_89' title="bbox 2167 3050 3759 3117">
    <p class='ocr_par' dir='ltr' id='par_1_89' title="bbox 2167 3050 3759 3117">
     <span class='ocr_line' id='line_1_90' title="bbox 2167 3050 3759 3117; baseline 0.003 -10"><span class='ocrx_word' id='word_1_573' title='bbox 2167 3053 2425 3109; x_wconf 86' lang='lat' dir='ltr'><strong>Weitzius</strong></span> <span class='ocrx_word' id='word_1_574' title='bbox 2454 3065 2537 3108; x_wconf 89' lang='lat' dir='ltr'><strong>est</strong></span> <span class='ocrx_word' id='word_1_575' title='bbox 2560 3062 2796 3115; x_wconf 83' lang='lat' dir='ltr'><strong>secutus.</strong></span> <span class='ocrx_word' id='word_1_576' title='bbox 2820 3056 3062 3105; x_wconf 79' lang='lat' dir='ltr'><strong>inermus.</strong></span> <span class='ocrx_word' id='word_1_577' title='bbox 3089 3050 3228 3105; x_wconf 89' lang='lat' dir='ltr'><strong>Idem</strong></span> <span class='ocrx_word' id='word_1_578' title='bbox 3259 3052 3310 3105; x_wconf 91' lang='lat' dir='ltr'><strong>in</strong></span> <span class='ocrx_word' id='word_1_579' title='bbox 3336 3052 3476 3107; x_wconf 76' lang='lat' dir='ltr'><strong>Vatt.</strong></span> <span class='ocrx_word' id='word_1_580' title='bbox 3511 3053 3571 3115; x_wconf 85' lang='lat' dir='ltr'><strong>F,</strong></span> <span class='ocrx_word' id='word_1_581' title='bbox 3600 3050 3663 3117; x_wconf 64' lang='grc' dir='ltr'><strong>ιι,</strong></span> <span class='ocrx_word' id='word_1_582' title='bbox 3701 3068 3759 3111; x_wconf 86' lang='lat' dir='ltr'><strong>et</strong></span> 
     </span>
    </p>
   </div>
   <div class='ocr_carea' id='block_1_90' title="bbox 2170 3121 3757 3188">
    <p class='ocr_par' dir='ltr' id='par_1_90' title="bbox 2170 3121 3757 3188">
     <span class='ocr_line' id='line_1_91' title="bbox 2170 3121 3757 3188; baseline 0 -11"><span class='ocrx_word' id='word_1_583' title='bbox 2170 3124 2348 3188; x_wconf 84' lang='lat' dir='ltr'><strong>Alex.,</strong></span> <span class='ocrx_word' id='word_1_584' title='bbox 2383 3125 2470 3178; x_wconf 91' lang='lat' dir='ltr'><strong>ubi</strong></span> <span class='ocrx_word' id='word_1_585' title='bbox 2501 3123 3023 3178; x_wconf 78' lang='lat' dir='ltr'><strong>exaraturinhermus</strong></span> <span class='ocrx_word' id='word_1_586' title='bbox 3054 3139 3065 3175; x_wconf 83' lang='lat'><strong><em>:</em></strong></span> <span class='ocrx_word' id='word_1_587' title='bbox 3110 3132 3163 3176; x_wconf 85' lang='lat' dir='ltr'><strong>et</strong></span> <span class='ocrx_word' id='word_1_588' title='bbox 3212 3121 3263 3175; x_wconf 91' lang='lat' dir='ltr'><strong>in</strong></span> <span class='ocrx_word' id='word_1_589' title='bbox 3291 3122 3476 3175; x_wconf 84' lang='lat' dir='ltr'><strong>codice</strong></span> <span class='ocrx_word' id='word_1_590' title='bbox 3524 3128 3757 3185; x_wconf 77' lang='lat' dir='ltr'><strong>Bartiiii.</strong></span> 
     </span>
    </p>
   </div>
   <div class='ocr_carea' id='block_1_91' title="bbox 2166 3193 3758 3260">
    <p class='ocr_par' dir='ltr' id='par_1_91' title="bbox 2166 3193 3758 3260">
     <span class='ocr_line' id='line_1_92' title="bbox 2166 3193 3758 3260; baseline 0.003 -16"><span class='ocrx_word' id='word_1_591' title='bbox 2166 3196 2252 3258; x_wconf 90' lang='lat' dir='ltr'><strong>qui</strong></span> <span class='ocrx_word' id='word_1_592' title='bbox 2285 3196 2507 3248; x_wconf 85' lang='lat' dir='ltr'><strong>inermus</strong></span> <span class='ocrx_word' id='word_1_593' title='bbox 2538 3195 2723 3248; x_wconf 77' lang='lat' dir='ltr'><strong>scitius</strong></span> <span class='ocrx_word' id='word_1_594' title='bbox 2752 3207 2871 3247; x_wconf 81' lang='lat' dir='ltr'><strong>esse</strong></span> <span class='ocrx_word' id='word_1_595' title='bbox 2893 3193 3021 3244; x_wconf 90' lang='lat' dir='ltr'><strong>dicit</strong></span> <span class='ocrx_word' id='word_1_596' title='bbox 3048 3207 3206 3258; x_wconf 87' lang='lat' dir='ltr'><strong>quam</strong></span> <span class='ocrx_word' id='word_1_597' title='bbox 3232 3193 3453 3243; x_wconf 82' lang='lat' dir='ltr'><strong>inermis.</strong></span> <span class='ocrx_word' id='word_1_598' title='bbox 3490 3194 3758 3260; x_wconf 79' lang='lat' dir='ltr'><strong>Equidem</strong></span> 
     </span>
    </p>
   </div>
   <div class='ocr_carea' id='block_1_92' title="bbox 2164 3262 3759 3329">
    <p class='ocr_par' dir='ltr' id='par_1_92' title="bbox 2164 3262 3759 3329">
     <span class='ocr_line' id='line_1_93' title="bbox 2164 3262 3759 3329; baseline 0.002 -14"><span class='ocrx_word' id='word_1_599' title='bbox 2164 3263 2388 3316; x_wconf 83' lang='lat' dir='ltr'><strong>inermus</strong></span> <span class='ocrx_word' id='word_1_600' title='bbox 2420 3264 2644 3317; x_wconf 90' lang='lat' dir='ltr'><strong>libenter</strong></span> <span class='ocrx_word' id='word_1_601' title='bbox 2672 3278 2791 3326; x_wconf 66' lang='lat' dir='ltr'><strong>ego,</strong></span> <span class='ocrx_word' id='word_1_602' title='bbox 2839 3272 2895 3314; x_wconf 89' lang='lat' dir='ltr'><strong>ttt</strong></span> <span class='ocrx_word' id='word_1_603' title='bbox 2945 3263 3082 3329; x_wconf 82' lang='lat' dir='ltr'><strong>apud</strong></span> <span class='ocrx_word' id='word_1_604' title='bbox 3131 3262 3405 3329; x_wconf 79' lang='lat' dir='ltr'><strong>Virgilium</strong></span> <span class='ocrx_word' id='word_1_605' title='bbox 3463 3262 3645 3329; x_wconf 80' lang='lat' dir='ltr'><strong>vulgus</strong></span> <span class='ocrx_word' id='word_1_606' title='bbox 3698 3276 3759 3318; x_wconf 83' lang='lat' dir='ltr'><strong>et</strong></span> 
     </span>
    </p>
   </div>
   <div class='ocr_carea' id='block_1_93' title="bbox 2166 3332 3751 3401">
    <p class='ocr_par' dir='ltr' id='par_1_93' title="bbox 2166 3332 3751 3401">
     <span class='ocr_line' id='line_1_94' title="bbox 2166 3332 3751 3401; baseline 0.001 -16"><span class='ocrx_word' id='word_1_607' title='bbox 2166 3343 2338 3401; x_wconf 85' lang='lat' dir='ltr'><strong>pectus</strong></span> <span class='ocrx_word' id='word_1_608' title='bbox 2362 3334 2636 3396; x_wconf 86' lang='lat' dir='ltr'><strong>inermum,</strong></span> <span class='ocrx_word' id='word_1_609' title='bbox 2670 3348 2777 3385; x_wconf 88' lang='lat' dir='ltr'><strong>non</strong></span> <span class='ocrx_word' id='word_1_610' title='bbox 2799 3342 2972 3385; x_wconf 84' lang='lat' dir='ltr'><strong>tamen</strong></span> <span class='ocrx_word' id='word_1_611' title='bbox 3004 3332 3415 3401; x_wconf 86' lang='lat' dir='ltr'><strong>improbaveritn</strong></span> <span class='ocrx_word' id='word_1_612' title='bbox 3441 3333 3640 3384; x_wconf 80' lang='lat' dir='ltr'><strong>inermis</strong></span> <span class='ocrx_word' id='word_1_613' title='bbox 3697 3337 3751 3387; x_wconf 89' lang='lat' dir='ltr'><strong>in</strong></span> 
     </span>
    </p>
   </div>
   <div class='ocr_carea' id='block_1_94' title="bbox 2166 3400 3751 3468">
    <p class='ocr_par' dir='ltr' id='par_1_94' title="bbox 2166 3400 3751 3468">
     <span class='ocr_line' id='line_1_95' title="bbox 2166 3400 3751 3468; baseline 0.001 -14"><span class='ocrx_word' id='word_1_614' title='bbox 2166 3402 2310 3463; x_wconf 82' lang='lat' dir='ltr'><strong>Ald.,</strong></span> <span class='ocrx_word' id='word_1_615' title='bbox 2343 3404 2497 3465; x_wconf 67' lang='lat' dir='ltr'><strong>Man,</strong></span> <span class='ocrx_word' id='word_1_616' title='bbox 2535 3404 2677 3465; x_wconf 73' lang='lat' dir='ltr'><strong>ltat.,</strong></span> <span class='ocrx_word' id='word_1_617' title='bbox 2710 3402 2929 3467; x_wconf 86' lang='lat' dir='ltr'><strong>Vienn.,</strong></span> <span class='ocrx_word' id='word_1_618' title='bbox 2963 3401 3202 3468; x_wconf 90' lang='lat' dir='ltr'><strong>plurimis</strong></span> <span class='ocrx_word' id='word_1_619' title='bbox 3253 3400 3571 3465; x_wconf 85' lang='lat' dir='ltr'><strong>lleinsianis,</strong></span> <span class='ocrx_word' id='word_1_620' title='bbox 3600 3402 3751 3467; x_wconf 84' lang='lat' dir='ltr'><strong>Gis.,</strong></span> 
     </span>
    </p>
   </div>
   <div class='ocr_carea' id='block_1_95' title="bbox 2169 3471 2548 3536">
    <p class='ocr_par' dir='ltr' id='par_1_95' title="bbox 2169 3471 2548 3536">
     <span class='ocr_line' id='line_1_96' title="bbox 2169 3471 2548 3536; baseline 0.008 -12"><span class='ocrx_word' id='word_1_621' title='bbox 2169 3471 2307 3525; x_wconf 80' lang='lat' dir='ltr'><strong>Vati.</strong></span> <span class='ocrx_word' id='word_1_622' title='bbox 2339 3472 2401 3536; x_wconf 88' lang='lat' dir='ltr'><strong>C,</strong></span> <span class='ocrx_word' id='word_1_623' title='bbox 2448 3474 2548 3527; x_wconf 56' lang='lat' dir='ltr'><strong>Illi.</strong></span> 
     </span>
    </p>
   </div>
   <div class='ocr_carea' id='block_1_96' title="bbox 2237 3531 3747 3611">
    <p class='ocr_par' dir='ltr' id='par_1_96' title="bbox 2237 3531 3747 3611">
     <span class='ocr_line' id='line_1_97' title="bbox 2237 3531 3747 3611; baseline -0.001 -15"><span class='ocrx_word' id='word_1_624' title='bbox 2237 3544 2361 3596; x_wconf 86' lang='lat'><strong>807.</strong></span> <span class='ocrx_word' id='word_1_625' title='bbox 2384 3531 2435 3595; x_wconf 84' lang='lat' dir='ltr'><strong>lu</strong></span> <span class='ocrx_word' id='word_1_626' title='bbox 2456 3541 2720 3595; x_wconf 85' lang='lat' dir='ltr'><strong>nonnullis</strong></span> <span class='ocrx_word' id='word_1_627' title='bbox 2740 3542 2883 3611; x_wconf 87' lang='lat' dir='ltr'><strong>vulg.</strong></span> <span class='ocrx_word' id='word_1_628' title='bbox 2904 3541 2967 3594; x_wconf 88' lang='lat' dir='ltr'><strong>ad</strong></span> <span class='ocrx_word' id='word_1_629' title='bbox 2992 3555 3184 3609; x_wconf 84' lang='lat' dir='ltr'><strong>marg.,</strong></span> <span class='ocrx_word' id='word_1_630' title='bbox 3207 3541 3445 3611; x_wconf 74' lang='lat' dir='ltr'><strong>instruxit</strong></span> <span class='ocrx_word' id='word_1_631' title='bbox 3469 3531 3747 3595; x_wconf 60' lang='lat' dir='ltr'><strong>Salomo’n.</strong></span> 
     </span>
    </p>
   </div>
   <div class='ocr_carea' id='block_1_97' title="bbox 2237 3610 3753 3682">
    <p class='ocr_par' dir='ltr' id='par_1_97' title="bbox 2237 3610 3753 3682">
     <span class='ocr_line' id='line_1_98' title="bbox 2237 3610 3753 3682; baseline -0.001 -15"><span class='ocrx_word' id='word_1_632' title='bbox 2237 3614 2358 3667; x_wconf 86' lang='lat'><strong>809.</strong></span> <span class='ocrx_word' id='word_1_633' title='bbox 2398 3613 2531 3673; x_wconf 79' lang='lat' dir='ltr'><strong>Eri.,</strong></span> <span class='ocrx_word' id='word_1_634' title='bbox 2557 3627 2671 3682; x_wconf 61' lang='lat' dir='ltr'><strong>1am</strong></span> <span class='ocrx_word' id='word_1_635' title='bbox 2698 3610 2848 3664; x_wconf 87' lang='lat' dir='ltr'><strong>terso.</strong></span> <span class='ocrx_word' id='word_1_636' title='bbox 2885 3611 3000 3663; x_wconf 86' lang='lat' dir='ltr'><strong>Vat.</strong></span> <span class='ocrx_word' id='word_1_637' title='bbox 3051 3613 3114 3673; x_wconf 93' lang='lat' dir='ltr'><strong>C,</strong></span> <span class='ocrx_word' id='word_1_638' title='bbox 3145 3610 3350 3677; x_wconf 86' lang='lat' dir='ltr'><strong>trajecit</strong></span> <span class='ocrx_word' id='word_1_639' title='bbox 3402 3611 3583 3674; x_wconf 83' lang='lat' dir='ltr'><strong>verba;</strong></span> <span class='ocrx_word' id='word_1_640' title='bbox 3631 3629 3753 3665; x_wconf 80' lang='lat' dir='ltr'><strong>ute-</strong></span> 
     </span>
    </p>
   </div>
   <div class='ocr_carea' id='block_1_98' title="bbox 2168 3681 3448 3750">
    <p class='ocr_par' dir='ltr' id='par_1_98' title="bbox 2168 3681 3448 3750">
     <span class='ocr_line' id='line_1_99' title="bbox 2168 3681 3448 3750; baseline -0.004 -14"><span class='ocrx_word' id='word_1_641' title='bbox 2168 3692 2412 3749; x_wconf 83' lang='lat' dir='ltr'><strong>tt&#39;umque</strong></span> <span class='ocrx_word' id='word_1_642' title='bbox 2438 3681 2661 3741; x_wconf 85' lang='lat' dir='ltr'><strong>evertit,</strong></span> <span class='ocrx_word' id='word_1_643' title='bbox 2694 3682 2942 3750; x_wconf 82' lang='lat' dir='ltr'><strong>fundatur</strong></span> <span class='ocrx_word' id='word_1_644' title='bbox 2969 3682 3236 3750; x_wconf 85' lang='lat' dir='ltr'><strong>templum,</strong></span> <span class='ocrx_word' id='word_1_645' title='bbox 3267 3689 3319 3750; x_wconf 72' lang='lat' dir='ltr'><strong>et</strong></span> <span class='ocrx_word' id='word_1_646' title='bbox 3337 3696 3448 3731; x_wconf 88' lang='lat' dir='ltr'><strong>ara.</strong></span> 
     </span>
    </p>
   </div>
   <div class='ocr_carea' id='block_1_99' title="bbox 2237 3748 3751 3813">
    <p class='ocr_par' dir='ltr' id='par_1_99' title="bbox 2237 3748 3751 3813">
     <span class='ocr_line' id='line_1_100' title="bbox 2237 3748 3751 3813; baseline 0 -8"><span class='ocrx_word' id='word_1_647' title='bbox 2237 3748 2360 3805; x_wconf 84' lang='lat' dir='ltr'><strong>8H.</strong></span> <span class='ocrx_word' id='word_1_648' title='bbox 2394 3752 2496 3803; x_wconf 86' lang='lat' dir='ltr'><strong>Alii</strong></span> <span class='ocrx_word' id='word_1_649' title='bbox 2530 3748 2768 3804; x_wconf 82' lang='lat' dir='ltr'><strong>scribunt</strong></span> <span class='ocrx_word' id='word_1_650' title='bbox 2814 3750 3092 3811; x_wconf 83' lang='lat' dir='ltr'><strong>Jerusales,</strong></span> <span class='ocrx_word' id='word_1_651' title='bbox 3141 3749 3232 3802; x_wconf 87' lang='lat' dir='ltr'><strong>alii</strong></span> <span class='ocrx_word' id='word_1_652' title='bbox 3286 3748 3595 3813; x_wconf 81' lang='lat' dir='ltr'><strong>Jerusalem,</strong></span> <span class='ocrx_word' id='word_1_653' title='bbox 3650 3752 3751 3805; x_wconf 81' lang='lat' dir='ltr'><strong>alii</strong></span> 
     </span>
    </p>
   </div>
   <div class='ocr_carea' id='block_1_100' title="bbox 2090 3784 3752 3879">
    <p class='ocr_par' dir='ltr' id='par_1_100' title="bbox 2090 3784 3752 3879">
     <span class='ocr_line' id='line_1_101' title="bbox 2090 3784 3750 3847; baseline -0.002 -42"><span class='ocrx_word' id='word_1_654' title='bbox 2090 3784 2134 3847; x_wconf 66' lang='grc' dir='ltr'><strong>Ο</strong></span> <span class='ocrx_word' id='word_1_655' title='bbox 2237 3784 2360 3805; x_wconf 81' lang='grc' dir='ltr'><strong>υ...</strong></span> <span class='ocrx_word' id='word_1_656' title='bbox 2394 3784 2496 3803; x_wconf 83' lang='lat' dir='ltr'><strong>nus</strong></span> <span class='ocrx_word' id='word_1_657' title='bbox 2530 3784 2768 3804; x_wconf 63' lang='lat' dir='ltr'><strong>sum&quot;...</strong></span> <span class='ocrx_word' id='word_1_658' title='bbox 2814 3784 3092 3811; x_wconf 62' lang='grc' dir='ltr'><strong>..ειηοιηωη</strong></span> <span class='ocrx_word' id='word_1_659' title='bbox 3141 3784 3232 3802; x_wconf 82' lang='grc' dir='ltr'>..ιιι</span> <span class='ocrx_word' id='word_1_660' title='bbox 3286 3784 3595 3813; x_wconf 58' lang='lat' dir='ltr'><strong>numam&quot;,</strong></span> <span class='ocrx_word' id='word_1_661' title='bbox 3650 3784 3750 3805; x_wconf 79' lang='grc' dir='ltr'><strong>...η</strong></span> 
     </span>
     <span class='ocr_line' id='line_1_102' title="bbox 2172 3819 3752 3879; baseline 0.001 -6"><span class='ocrx_word' id='word_1_662' title='bbox 2172 3822 2513 3879; x_wconf 81' lang='lat' dir='ltr'><strong>Hierusalem,</strong></span> <span class='ocrx_word' id='word_1_663' title='bbox 2546 3824 2659 3873; x_wconf 85' lang='lat' dir='ltr'><strong>sive</strong></span> <span class='ocrx_word' id='word_1_664' title='bbox 2688 3819 3007 3872; x_wconf 84' lang='lat' dir='ltr'><strong>Ilierusales.</strong></span> <span class='ocrx_word' id='word_1_665' title='bbox 3038 3819 3303 3873; x_wconf 81' lang='lat' dir='ltr'><strong>Cauchius</strong></span> <span class='ocrx_word' id='word_1_666' title='bbox 3342 3832 3408 3872; x_wconf 80' lang='lat' dir='ltr'><strong>ex</strong></span> <span class='ocrx_word' id='word_1_667' title='bbox 3436 3834 3533 3871; x_wconf 90' lang='lat' dir='ltr'><strong>suo</strong></span> <span class='ocrx_word' id='word_1_668' title='bbox 3557 3820 3752 3875; x_wconf 86' lang='lat' dir='ltr'><strong>codice</strong></span> 
     </span>
    </p>
   </div>
   <div class='ocr_carea' id='block_1_101' title="bbox 2166 3888 3747 3955">
    <p class='ocr_par' dir='ltr' id='par_1_101' title="bbox 2166 3888 3747 3955">
     <span class='ocr_line' id='line_1_103' title="bbox 2166 3888 3747 3955; baseline -0.001 -9"><span class='ocrx_word' id='word_1_669' title='bbox 2166 3890 2721 3948; x_wconf 80' lang='lat' dir='ltr'><strong>annotaratJerusale.</strong></span> <span class='ocrx_word' id='word_1_670' title='bbox 2750 3894 2885 3955; x_wconf 90' lang='lat' dir='ltr'><strong>quod</strong></span> <span class='ocrx_word' id='word_1_671' title='bbox 2920 3890 3145 3951; x_wconf 68' lang='lat' dir='ltr'><strong>irobare</strong></span> <span class='ocrx_word' id='word_1_672' title='bbox 3185 3888 3498 3951; x_wconf 87' lang='lat' dir='ltr'><strong>videbatur;</strong></span> <span class='ocrx_word' id='word_1_673' title='bbox 3548 3889 3747 3945; x_wconf 85' lang='lat' dir='ltr'><strong>Aldus.</strong></span> 
     </span>
    </p>
   </div>
   <div class='ocr_carea' id='block_1_102' title="bbox 2164 3956 3751 4025">
    <p class='ocr_par' dir='ltr' id='par_1_102' title="bbox 2164 3956 3751 4025">
     <span class='ocr_line' id='line_1_104' title="bbox 2164 3956 3751 4025; baseline 0 -12"><span class='ocrx_word' id='word_1_674' title='bbox 2164 3971 2282 4013; x_wconf 83' lang='lat' dir='ltr'><strong>tunc</strong></span> <span class='ocrx_word' id='word_1_675' title='bbox 2307 3962 2385 4013; x_wconf 86' lang='lat' dir='ltr'><strong>hic</strong></span> <span class='ocrx_word' id='word_1_676' title='bbox 2414 3958 2719 4013; x_wconf 83' lang='lat' dir='ltr'><strong>Jerusalem.</strong></span> <span class='ocrx_word' id='word_1_677' title='bbox 2740 3960 3024 4019; x_wconf 84' lang='lat' dir='ltr'><strong>Giseliuus,</strong></span> <span class='ocrx_word' id='word_1_678' title='bbox 3051 3968 3170 4011; x_wconf 88' lang='lat' dir='ltr'><strong>tunc</strong></span> <span class='ocrx_word' id='word_1_679' title='bbox 3187 3970 3233 4011; x_wconf 82' lang='lat' dir='ltr'><strong>et</strong></span> <span class='ocrx_word' id='word_1_680' title='bbox 3258 3956 3567 4011; x_wconf 82' lang='lat' dir='ltr'><strong>Jerusalem.</strong></span> <span class='ocrx_word' id='word_1_681' title='bbox 3592 3960 3751 4025; x_wconf 85' lang='lat' dir='ltr'><strong>Opti-</strong></span> 
     </span>
    </p>
   </div>
   <div class='ocr_carea' id='block_1_103' title="bbox 2164 4028 3750 4096">
    <p class='ocr_par' dir='ltr' id='par_1_103' title="bbox 2164 4028 3750 4096">
     <span class='ocr_line' id='line_1_105' title="bbox 2164 4028 3750 4096; baseline 0.001 -13"><span class='ocrx_word' id='word_1_682' title='bbox 2164 4034 2233 4083; x_wconf 90' lang='lat' dir='ltr'><strong>mi</strong></span> <span class='ocrx_word' id='word_1_683' title='bbox 2266 4041 2319 4083; x_wconf 87' lang='lat' dir='ltr'><strong>et</strong></span> <span class='ocrx_word' id='word_1_684' title='bbox 2346 4030 2581 4096; x_wconf 88' lang='lat' dir='ltr'><strong>plerique</strong></span> <span class='ocrx_word' id='word_1_685' title='bbox 2610 4033 2725 4082; x_wconf 88' lang='lat' dir='ltr'><strong>sine</strong></span> <span class='ocrx_word' id='word_1_686' title='bbox 2747 4038 2814 4093; x_wconf 86' lang='lat' dir='ltr'><strong>et,</strong></span> <span class='ocrx_word' id='word_1_687' title='bbox 2846 4040 2898 4083; x_wconf 89' lang='lat' dir='ltr'><strong>et</strong></span> <span class='ocrx_word' id='word_1_688' title='bbox 2920 4028 3034 4081; x_wconf 89' lang='lat' dir='ltr'><strong>sine</strong></span> <span class='ocrx_word' id='word_1_689' title='bbox 3060 4030 3161 4083; x_wconf 87' lang='lat' dir='ltr'><strong>hic.</strong></span> <span class='ocrx_word' id='word_1_690' title='bbox 3186 4028 3373 4091; x_wconf 87' lang='lat' dir='ltr'><strong>Aldus,</strong></span> <span class='ocrx_word' id='word_1_691' title='bbox 3400 4030 3614 4081; x_wconf 86' lang='lat' dir='ltr'><strong>lustrata</strong></span> <span class='ocrx_word' id='word_1_692' title='bbox 3642 4044 3750 4095; x_wconf 90' lang='lat' dir='ltr'><strong>pro</strong></span> 
     </span>
    </p>
   </div>
   <div class='ocr_carea' id='block_1_104' title="bbox 2162 4097 3747 4166">
    <p class='ocr_par' dir='ltr' id='par_1_104' title="bbox 2162 4097 3747 4166">
     <span class='ocr_line' id='line_1_106' title="bbox 2162 4097 3747 4166; baseline 0 -15"><span class='ocrx_word' id='word_1_693' title='bbox 2162 4102 2436 4154; x_wconf 85' lang='lat' dir='ltr'><strong>illustrata.</strong></span> <span class='ocrx_word' id='word_1_694' title='bbox 2467 4101 2644 4160; x_wconf 50' lang='lat' dir='ltr'><strong>Alex”</strong></span> <span class='ocrx_word' id='word_1_695' title='bbox 2678 4098 2796 4151; x_wconf 79' lang='lat' dir='ltr'><strong>Vat.</strong></span> <span class='ocrx_word' id='word_1_696' title='bbox 2821 4102 2882 4157; x_wconf 84' lang='grc' dir='ltr'><strong>Ο,</strong></span> <span class='ocrx_word' id='word_1_697' title='bbox 2909 4099 3066 4161; x_wconf 64' lang='lat' dir='ltr'><strong>Man,</strong></span> <span class='ocrx_word' id='word_1_698' title='bbox 3103 4103 3244 4163; x_wconf 78' lang='lat' dir='ltr'><strong>ltat.,</strong></span> <span class='ocrx_word' id='word_1_699' title='bbox 3276 4097 3566 4159; x_wconf 82' lang='lat' dir='ltr'><strong>Heinsiani,</strong></span> <span class='ocrx_word' id='word_1_700' title='bbox 3597 4102 3747 4166; x_wconf 85' lang='lat' dir='ltr'><strong>quie-</strong></span> 
     </span>
    </p>
   </div>
   <div class='ocr_carea' id='block_1_105' title="bbox 2162 4167 3746 4234">
    <p class='ocr_par' dir='ltr' id='par_1_105' title="bbox 2162 4167 3746 4234">
     <span class='ocr_line' id='line_1_107' title="bbox 2162 4167 3746 4234; baseline 0.002 -14"><span class='ocrx_word' id='word_1_701' title='bbox 2162 4179 2288 4231; x_wconf 88' lang='lat' dir='ltr'><strong>tum,</strong></span> <span class='ocrx_word' id='word_1_702' title='bbox 2320 4186 2437 4223; x_wconf 92' lang='lat' dir='ltr'><strong>cum</strong></span> <span class='ocrx_word' id='word_1_703' title='bbox 2470 4169 2697 4222; x_wconf 79' lang='lat' dir='ltr'><strong>Weitzio</strong></span> <span class='ocrx_word' id='word_1_704' title='bbox 2725 4178 2779 4222; x_wconf 85' lang='lat' dir='ltr'><strong>et</strong></span> <span class='ocrx_word' id='word_1_705' title='bbox 2805 4169 3063 4222; x_wconf 80' lang='lat' dir='ltr'><strong>Ciselino.</strong></span> <span class='ocrx_word' id='word_1_706' title='bbox 3095 4170 3217 4231; x_wconf 81' lang='lat' dir='ltr'><strong>Alii,</strong></span> <span class='ocrx_word' id='word_1_707' title='bbox 3247 4169 3433 4234; x_wconf 84' lang='lat' dir='ltr'><strong>quieto.</strong></span> <span class='ocrx_word' id='word_1_708' title='bbox 3468 4167 3746 4223; x_wconf 85' lang='lat' dir='ltr'><strong>Giselinus</strong></span> 
     </span>
    </p>
   </div>
   <div class='ocr_carea' id='block_1_106' title="bbox 2164 4238 3745 4305">
    <p class='ocr_par' dir='ltr' id='par_1_106' title="bbox 2164 4238 3745 4305">
     <span class='ocr_line' id='line_1_108' title="bbox 2164 4238 3745 4305; baseline -0.001 -14"><span class='ocrx_word' id='word_1_709' title='bbox 2164 4241 2185 4291; x_wconf 82' lang='grc'>1</span> <span class='ocrx_word' id='word_1_710' title='bbox 2216 4243 2346 4293; x_wconf 92' lang='lat' dir='ltr'><strong>edit.</strong></span> <span class='ocrx_word' id='word_1_711' title='bbox 2370 4250 2422 4292; x_wconf 89' lang='lat' dir='ltr'><strong>et</strong></span> <span class='ocrx_word' id='word_1_712' title='bbox 2447 4242 2510 4291; x_wconf 91' lang='lat' dir='ltr'><strong>ad</strong></span> <span class='ocrx_word' id='word_1_713' title='bbox 2536 4254 2683 4291; x_wconf 87' lang='lat' dir='ltr'><strong>oram</strong></span> <span class='ocrx_word' id='word_1_714' title='bbox 2709 4240 2743 4290; x_wconf 76' lang='lat'><strong>2</strong></span> <span class='ocrx_word' id='word_1_715' title='bbox 2770 4240 2884 4302; x_wconf 89' lang='lat' dir='ltr'><strong>ed.,</strong></span> <span class='ocrx_word' id='word_1_716' title='bbox 2926 4238 2975 4289; x_wconf 87' lang='grc'><em>11</em></span> <span class='ocrx_word' id='word_1_717' title='bbox 2983 4240 3246 4291; x_wconf 81' lang='lat' dir='ltr'><strong>ierusalem</strong></span> <span class='ocrx_word' id='word_1_718' title='bbox 3268 4238 3450 4305; x_wconf 81' lang='lat' dir='ltr'><strong>templo</strong></span> <span class='ocrx_word' id='word_1_719' title='bbox 3476 4247 3593 4290; x_wconf 87' lang='lat' dir='ltr'><strong>tunc</strong></span> <span class='ocrx_word' id='word_1_720' title='bbox 3613 4239 3745 4290; x_wconf 84' lang='lat' dir='ltr'><strong>illu-</strong></span> 
     </span>
    </p>
   </div>
   <div class='ocr_carea' id='block_1_107' title="bbox 2158 4307 3741 4377">
    <p class='ocr_par' dir='ltr' id='par_1_107' title="bbox 2158 4307 3741 4377">
     <span class='ocr_line' id='line_1_109' title="bbox 2158 4307 3741 4377; baseline -0.001 -16"><span class='ocrx_word' id='word_1_721' title='bbox 2158 4321 2318 4361; x_wconf 87' lang='lat' dir='ltr'><strong>struta</strong></span> <span class='ocrx_word' id='word_1_722' title='bbox 2343 4310 2529 4377; x_wconf 83' lang='lat' dir='ltr'><strong>quieto.</strong></span> <span class='ocrx_word' id='word_1_723' title='bbox 2568 4309 2641 4361; x_wconf 89' lang='lat' dir='ltr'><strong>De</strong></span> <span class='ocrx_word' id='word_1_724' title='bbox 2669 4310 2961 4374; x_wconf 88' lang='lat' dir='ltr'><strong>quantitate</strong></span> <span class='ocrx_word' id='word_1_725' title='bbox 3007 4310 3327 4377; x_wconf 68' lang='lat' dir='ltr'><strong>syllabarum</strong></span> <span class='ocrx_word' id='word_1_726' title='bbox 3370 4310 3421 4360; x_wconf 90' lang='lat' dir='ltr'><strong>in</strong></span> <span class='ocrx_word' id='word_1_727' title='bbox 3447 4307 3741 4360; x_wconf 82' lang='lat' dir='ltr'><strong>Jerusalem</strong></span> 
     </span>
    </p>
   </div>
   <div class='ocr_carea' id='block_1_108' title="bbox 2162 4377 3741 4442">
    <p class='ocr_par' dir='ltr' id='par_1_108' title="bbox 2162 4377 3741 4442">
     <span class='ocr_line' id='line_1_110' title="bbox 2162 4377 3741 4442; baseline -0.001 -11"><span class='ocrx_word' id='word_1_728' title='bbox 2162 4395 2264 4432; x_wconf 93' lang='lat' dir='ltr'><strong>nou</strong></span> <span class='ocrx_word' id='word_1_729' title='bbox 2299 4381 2530 4442; x_wconf 65' lang='lat' dir='ltr'><strong>disi-nio.</strong></span> <span class='ocrx_word' id='word_1_730' title='bbox 2578 4379 2819 4431; x_wconf 79' lang='lat' dir='ltr'><strong>Barthius</strong></span> <span class='ocrx_word' id='word_1_731' title='bbox 2850 4380 3167 4441; x_wconf 75' lang='lat' dir='ltr'><strong>singularem</strong></span> <span class='ocrx_word' id='word_1_732' title='bbox 3217 4377 3495 4429; x_wconf 89' lang='lat' dir='ltr'><strong>lectionem</strong></span> <span class='ocrx_word' id='word_1_733' title='bbox 3525 4392 3589 4429; x_wconf 80' lang='lat' dir='ltr'><strong>ex</strong></span> <span class='ocrx_word' id='word_1_734' title='bbox 3620 4378 3741 4431; x_wconf 84' lang='lat' dir='ltr'><strong>suis</strong></span> 
     </span>
    </p>
   </div>
   <div class='ocr_carea' id='block_1_109' title="bbox 2160 4446 3745 4516">
    <p class='ocr_par' dir='ltr' id='par_1_109' title="bbox 2160 4446 3745 4516">
     <span class='ocr_line' id='line_1_111' title="bbox 2160 4446 3745 4516; baseline -0.001 -15"><span class='ocrx_word' id='word_1_735' title='bbox 2160 4450 2485 4503; x_wconf 80' lang='lat' dir='ltr'><strong>membranis</strong></span> <span class='ocrx_word' id='word_1_736' title='bbox 2517 4450 2734 4514; x_wconf 87' lang='lat' dir='ltr'><strong>profert,</strong></span> <span class='ocrx_word' id='word_1_737' title='bbox 2768 4448 2913 4500; x_wconf 84' lang='lat' dir='ltr'><strong>’I‘nnc</strong></span> <span class='ocrx_word' id='word_1_738' title='bbox 2939 4453 3126 4516; x_wconf 76' lang='lat' dir='ltr'><strong>templo</strong></span> <span class='ocrx_word' id='word_1_739' title='bbox 3161 4446 3477 4499; x_wconf 78' lang='lat' dir='ltr'><strong>Hierusalem</strong></span> <span class='ocrx_word' id='word_1_740' title='bbox 3506 4447 3745 4500; x_wconf 71' lang='lat' dir='ltr'><strong>illastra~</strong></span> 
     </span>
    </p>
   </div>
   <div class='ocr_carea' id='block_1_110' title="bbox 2160 4516 3745 4586">
    <p class='ocr_par' dir='ltr' id='par_1_110' title="bbox 2160 4516 3745 4586">
     <span class='ocr_line' id='line_1_112' title="bbox 2160 4516 3745 4586; baseline 0 -17"><span class='ocrx_word' id='word_1_741' title='bbox 2160 4528 2273 4571; x_wconf 90' lang='lat' dir='ltr'><strong>tura</strong></span> <span class='ocrx_word' id='word_1_742' title='bbox 2294 4519 2458 4583; x_wconf 85' lang='lat' dir='ltr'><strong>quieto</strong></span> <span class='ocrx_word' id='word_1_743' title='bbox 2494 4518 2726 4586; x_wconf 84' lang='lat' dir='ltr'><strong>Suscepit</strong></span> <span class='ocrx_word' id='word_1_744' title='bbox 2758 4520 2867 4585; x_wconf 83' lang='lat' dir='ltr'><strong>jam</strong></span> <span class='ocrx_word' id='word_1_745' title='bbox 2907 4520 3022 4570; x_wconf 82' lang='lat' dir='ltr'><strong>diva</strong></span> <span class='ocrx_word' id='word_1_746' title='bbox 3066 4519 3241 4569; x_wconf 74' lang='lat' dir='ltr'><strong>Deum.</strong></span> <span class='ocrx_word' id='word_1_747' title='bbox 3278 4516 3577 4569; x_wconf 82' lang='lat' dir='ltr'><strong>Fridericus</strong></span> <span class='ocrx_word' id='word_1_748' title='bbox 3610 4518 3745 4569; x_wconf 65' lang='lat' dir='ltr'><strong>lies-</strong></span> 
     </span>
    </p>
   </div>
   <div class='ocr_carea' id='block_1_111' title="bbox 2158 4587 3736 4656">
    <p class='ocr_par' dir='ltr' id='par_1_111' title="bbox 2158 4587 3736 4656">
     <span class='ocr_line' id='line_1_113' title="bbox 2158 4587 3736 4656; baseline -0.003 -17"><span class='ocrx_word' id='word_1_749' title='bbox 2158 4590 2343 4652; x_wconf 70' lang='lat' dir='ltr'><strong>selius,</strong></span> <span class='ocrx_word' id='word_1_750' title='bbox 2378 4587 2668 4640; x_wconf 85' lang='lat' dir='ltr'><strong>Miscellan.</strong></span> <span class='ocrx_word' id='word_1_751' title='bbox 2718 4598 3003 4656; x_wconf 82' lang='lat' dir='ltr'><strong>syntagm..</strong></span> <span class='ocrx_word' id='word_1_752' title='bbox 3058 4603 3173 4655; x_wconf 80' lang='lat' dir='ltr'><strong>pag.</strong></span> <span class='ocrx_word' id='word_1_753' title='bbox 3222 4587 3309 4649; x_wconf 79' lang='lat'><strong>5|,</strong></span> <span class='ocrx_word' id='word_1_754' title='bbox 3341 4587 3462 4653; x_wconf 79' lang='lat' dir='ltr'><strong>legit</strong></span> <span class='ocrx_word' id='word_1_755' title='bbox 3488 4588 3736 4653; x_wconf 85' lang='lat' dir='ltr'><strong>quietum,</strong></span> 
     </span>
    </p>
   </div>
   <div class='ocr_carea' id='block_1_112' title="bbox 2159 4655 3740 4722">
    <p class='ocr_par' dir='ltr' id='par_1_112' title="bbox 2159 4655 3740 4722">
     <span class='ocr_line' id='line_1_114' title="bbox 2159 4655 3740 4722; baseline -0.001 -13"><span class='ocrx_word' id='word_1_756' title='bbox 2159 4673 2207 4709; x_wconf 88' lang='lat' dir='ltr'><strong>et</strong></span> <span class='ocrx_word' id='word_1_757' title='bbox 2242 4669 2387 4711; x_wconf 86' lang='lat' dir='ltr'><strong>recte</strong></span> <span class='ocrx_word' id='word_1_758' title='bbox 2417 4657 2646 4715; x_wconf 64' lang='lat' dir='ltr'><strong>exitlicat</strong></span> <span class='ocrx_word' id='word_1_759' title='bbox 2694 4655 2760 4709; x_wconf 89' lang='lat' dir='ltr'><strong>de</strong></span> <span class='ocrx_word' id='word_1_760' title='bbox 2786 4672 2924 4717; x_wconf 87' lang='lat' dir='ltr'><strong>arca,</strong></span> <span class='ocrx_word' id='word_1_761' title='bbox 2962 4674 3078 4722; x_wconf 75' lang='lat' dir='ltr'><strong>quzn</strong></span> <span class='ocrx_word' id='word_1_762' title='bbox 3119 4674 3146 4707; x_wconf 93' lang='lat' dir='ltr'><strong>a</strong></span> <span class='ocrx_word' id='word_1_763' title='bbox 3175 4657 3460 4709; x_wconf 86' lang='lat' dir='ltr'><strong>Salomone</strong></span> <span class='ocrx_word' id='word_1_764' title='bbox 3488 4655 3740 4721; x_wconf 72' lang='lat' dir='ltr'><strong>primitus</strong></span> 
     </span>
    </p>
   </div>
   <div class='ocr_carea' id='block_1_113' title="bbox 2160 4725 3739 4795">
    <p class='ocr_par' dir='ltr' id='par_1_113' title="bbox 2160 4725 3739 4795">
     <span class='ocr_line' id='line_1_115' title="bbox 2160 4725 3739 4795; baseline 0 -16"><span class='ocrx_word' id='word_1_765' title='bbox 2160 4728 2306 4781; x_wconf 87' lang='lat' dir='ltr'><strong>illata</strong></span> <span class='ocrx_word' id='word_1_766' title='bbox 2336 4727 2532 4795; x_wconf 88' lang='lat' dir='ltr'><strong>templo</strong></span> <span class='ocrx_word' id='word_1_767' title='bbox 2559 4737 2661 4790; x_wconf 76' lang='lat' dir='ltr'><strong>est,</strong></span> <span class='ocrx_word' id='word_1_768' title='bbox 2690 4737 2747 4779; x_wconf 93' lang='lat' dir='ltr'><strong>ut</strong></span> <span class='ocrx_word' id='word_1_769' title='bbox 2772 4727 2951 4779; x_wconf 71' lang='lat' dir='ltr'><strong>sedmn</strong></span> <span class='ocrx_word' id='word_1_770' title='bbox 3001 4728 3069 4779; x_wconf 89' lang='lat' dir='ltr'><strong>ibi</strong></span> <span class='ocrx_word' id='word_1_771' title='bbox 3115 4729 3274 4778; x_wconf 78' lang='lat' dir='ltr'><strong>lixam</strong></span> <span class='ocrx_word' id='word_1_772' title='bbox 3327 4727 3561 4783; x_wconf 73' lang='lat' dir='ltr'><strong>haberet.</strong></span> <span class='ocrx_word' id='word_1_773' title='bbox 3596 4725 3685 4777; x_wconf 78' lang='lat' dir='ltr'><strong>lib.</strong></span> <span class='ocrx_word' id='word_1_774' title='bbox 3720 4742 3739 4779; x_wconf 85' lang='grc' dir='ltr'><strong><em>ι</em></strong></span> 
     </span>
    </p>
   </div>
   <div class='ocr_carea' id='block_1_114' title="bbox 2160 4795 3738 4864">
    <p class='ocr_par' dir='ltr' id='par_1_114' title="bbox 2160 4795 3738 4864">
     <span class='ocr_line' id='line_1_116' title="bbox 2160 4795 3738 4864; baseline 0.001 -17"><span class='ocrx_word' id='word_1_775' title='bbox 2160 4796 2313 4864; x_wconf 78' lang='lat' dir='ltr'><strong>Reg.,</strong></span> <span class='ocrx_word' id='word_1_776' title='bbox 2345 4813 2464 4863; x_wconf 86' lang='lat' dir='ltr'><strong>cap.</strong></span> <span class='ocrx_word' id='word_1_777' title='bbox 2490 4798 2543 4855; x_wconf 71' lang='grc' dir='ltr'><strong>σί.</strong></span> <span class='ocrx_word' id='word_1_778' title='bbox 2570 4811 2709 4848; x_wconf 81' lang='lat' dir='ltr'><strong>vers.</strong></span> <span class='ocrx_word' id='word_1_779' title='bbox 2732 4798 2760 4848; x_wconf 92' lang='lat'><strong>7</strong></span> <span class='ocrx_word' id='word_1_780' title='bbox 2783 4815 2793 4847; x_wconf 88' lang='lat'>:</span> <span class='ocrx_word' id='word_1_781' title='bbox 2825 4795 3115 4848; x_wconf 84' lang='lat' dir='ltr'><strong>Timuernnt</strong></span> <span class='ocrx_word' id='word_1_782' title='bbox 3138 4795 3451 4848; x_wconf 84' lang='lat' dir='ltr'><strong>PItilistltiint</strong></span> <span class='ocrx_word' id='word_1_783' title='bbox 3478 4797 3701 4846; x_wconf 77' lang='lat' dir='ltr'><strong>dicentes</strong></span> <span class='ocrx_word' id='word_1_784' title='bbox 3718 4812 3738 4849; x_wconf 90' lang='lat'><em>:</em></span> 
     </span>
    </p>
   </div>
   <div class='ocr_carea' id='block_1_115' title="bbox 2144 4865 3734 4932">
    <p class='ocr_par' dir='ltr' id='par_1_115' title="bbox 2144 4865 3734 4932">
     <span class='ocr_line' id='line_1_117' title="bbox 2144 4865 3734 4932; baseline -0.003 -12"><span class='ocrx_word' id='word_1_785' title='bbox 2144 4867 2312 4920; x_wconf 79' lang='lat' dir='ltr'><strong>&#39;Veuit</strong></span> <span class='ocrx_word' id='word_1_786' title='bbox 2342 4866 2477 4919; x_wconf 82' lang='lat' dir='ltr'><strong>Deus</strong></span> <span class='ocrx_word' id='word_1_787' title='bbox 2512 4867 2565 4918; x_wconf 89' lang='lat' dir='ltr'><strong>in</strong></span> <span class='ocrx_word' id='word_1_788' title='bbox 2591 4875 2776 4917; x_wconf 84' lang='lat' dir='ltr'><strong>castra.</strong></span> <span class='ocrx_word' id='word_1_789' title='bbox 2829 4872 3043 4927; x_wconf 83' lang='lat' dir='ltr'><strong>Arcam,</strong></span> <span class='ocrx_word' id='word_1_790' title='bbox 3091 4881 3119 4918; x_wconf 90' lang='lat' dir='ltr'><strong>a</strong></span> <span class='ocrx_word' id='word_1_791' title='bbox 3165 4865 3394 4919; x_wconf 82' lang='lat' dir='ltr'><strong>Jeremia</strong></span> <span class='ocrx_word' id='word_1_792' title='bbox 3447 4865 3734 4932; x_wconf 68' lang='lat' dir='ltr'><strong>sepultam.</strong></span> 
     </span>
    </p>
   </div>
   <div class='ocr_carea' id='block_1_116' title="bbox 2161 4934 3728 5004">
    <p class='ocr_par' dir='ltr' id='par_1_116' title="bbox 2161 4934 3728 5004">
     <span class='ocr_line' id='line_1_118' title="bbox 2161 4934 3728 5004; baseline 0 -18"><span class='ocrx_word' id='word_1_793' title='bbox 2161 4938 2387 4989; x_wconf 87' lang='lat' dir='ltr'><strong>nondum</strong></span> <span class='ocrx_word' id='word_1_794' title='bbox 2414 4939 2678 4989; x_wconf 80' lang='lat' dir='ltr'><strong>inveniant</strong></span> <span class='ocrx_word' id='word_1_795' title='bbox 2702 4950 2841 4997; x_wconf 90' lang='lat' dir='ltr'><strong>e-se,</strong></span> <span class='ocrx_word' id='word_1_796' title='bbox 2870 4951 3040 5004; x_wconf 90' lang='lat' dir='ltr'><strong>neque</strong></span> <span class='ocrx_word' id='word_1_797' title='bbox 3063 4937 3113 4989; x_wconf 93' lang='lat' dir='ltr'><strong>in</strong></span> <span class='ocrx_word' id='word_1_798' title='bbox 3137 4937 3370 4989; x_wconf 87' lang='lat' dir='ltr'><strong>secundo</strong></span> <span class='ocrx_word' id='word_1_799' title='bbox 3387 4936 3584 5000; x_wconf 86' lang='lat' dir='ltr'><strong>templo</strong></span> <span class='ocrx_word' id='word_1_800' title='bbox 3603 4934 3728 5004; x_wconf 82' lang='lat' dir='ltr'><strong>l&#39;uis-</strong></span> 
     </span>
    </p>
   </div>
   <div class='ocr_carea' id='block_1_117' title="bbox 2158 5002 3732 5073">
    <p class='ocr_par' dir='ltr' id='par_1_117' title="bbox 2158 5002 3732 5073">
     <span class='ocr_line' id='line_1_119' title="bbox 2158 5002 3732 5073; baseline -0.003 -13"><span class='ocrx_word' id='word_1_801' title='bbox 2158 5022 2237 5073; x_wconf 80' lang='lat' dir='ltr'><strong>se,</strong></span> <span class='ocrx_word' id='word_1_802' title='bbox 2264 5022 2435 5073; x_wconf 88' lang='lat' dir='ltr'><strong>neque</strong></span> <span class='ocrx_word' id='word_1_803' title='bbox 2465 5024 2489 5057; x_wconf 87' lang='lat' dir='ltr'><strong>a</strong></span> <span class='ocrx_word' id='word_1_804' title='bbox 2517 5006 2638 5058; x_wconf 84' lang='lat' dir='ltr'><strong>Tito</strong></span> <span class='ocrx_word' id='word_1_805' title='bbox 2666 5022 2715 5057; x_wconf 89' lang='lat' dir='ltr'><strong>tu</strong></span> <span class='ocrx_word' id='word_1_806' title='bbox 2750 5002 3018 5071; x_wconf 81' lang='lat' dir='ltr'><strong>triumpho</strong></span> <span class='ocrx_word' id='word_1_807' title='bbox 3050 5016 3329 5070; x_wconf 88' lang='lat' dir='ltr'><strong>portatam,</strong></span> <span class='ocrx_word' id='word_1_808' title='bbox 3376 5004 3615 5071; x_wconf 77' lang='lat' dir='ltr'><strong>plerique</strong></span> <span class='ocrx_word' id='word_1_809' title='bbox 3645 5002 3732 5055; x_wconf 63' lang='lat' dir='ltr'><strong>in-</strong></span> 
     </span>
    </p>
   </div>
   <div class='ocr_carea' id='block_1_118' title="bbox 2160 5074 3730 5144">
    <p class='ocr_par' dir='ltr' id='par_1_118' title="bbox 2160 5074 3730 5144">
     <span class='ocr_line' id='line_1_120' title="bbox 2160 5074 3730 5144; baseline -0.001 -17"><span class='ocrx_word' id='word_1_810' title='bbox 2160 5086 2421 5144; x_wconf 87' lang='lat' dir='ltr'><strong>terpretes</strong></span> <span class='ocrx_word' id='word_1_811' title='bbox 2461 5078 2745 5128; x_wconf 86' lang='lat' dir='ltr'><strong>allirmant.</strong></span> <span class='ocrx_word' id='word_1_812' title='bbox 2783 5076 2907 5129; x_wconf 83' lang='lat' dir='ltr'><strong>Eam</strong></span> <span class='ocrx_word' id='word_1_813' title='bbox 2964 5077 3097 5128; x_wconf 89' lang='lat' dir='ltr'><strong>intra</strong></span> <span class='ocrx_word' id='word_1_814' title='bbox 3146 5091 3326 5129; x_wconf 88' lang='lat' dir='ltr'><strong>arcum</strong></span> <span class='ocrx_word' id='word_1_815' title='bbox 3352 5074 3454 5127; x_wconf 85' lang='lat' dir='ltr'><strong>Titi</strong></span> <span class='ocrx_word' id='word_1_816' title='bbox 3490 5088 3609 5127; x_wconf 87' lang='lat' dir='ltr'><strong>esse</strong></span> <span class='ocrx_word' id='word_1_817' title='bbox 3636 5088 3730 5126; x_wconf 72' lang='lat' dir='ltr'><strong>ex-</strong></span> 
     </span>
    </p>
   </div>
   <div class='ocr_carea' id='block_1_119' title="bbox 455 5144 3731 5213">
    <p class='ocr_par' dir='ltr' id='par_1_119' title="bbox 455 5144 3731 5213">
     <span class='ocr_line' id='line_1_121' title="bbox 455 5144 3731 5213; baseline 0 -18"><span class='ocrx_word' id='word_1_818' title='bbox 455 5148 805 5201; x_wconf 62' lang='lat' dir='ltr'><strong>..brisseusem</strong></span> <span class='ocrx_word' id='word_1_819' title='bbox 834 5155 1070 5207; x_wconf 89' lang='lat' dir='ltr'><strong>secutus,</strong></span> <span class='ocrx_word' id='word_1_820' title='bbox 1101 5145 1223 5211; x_wconf 88' lang='lat' dir='ltr'><strong>legit</strong></span> <span class='ocrx_word' id='word_1_821' title='bbox 1252 5145 1374 5211; x_wconf 81' lang='lat' dir='ltr'><strong>ﬁde,</strong></span> <span class='ocrx_word' id='word_1_822' title='bbox 1430 5149 1525 5198; x_wconf 89' lang='lat' dir='ltr'><strong>etsi</strong></span> <span class='ocrx_word' id='word_1_823' title='bbox 1556 5147 1643 5199; x_wconf 77' lang='lat' dir='ltr'><strong>aiii</strong></span> <span class='ocrx_word' id='word_1_824' title='bbox 1681 5148 1935 5200; x_wconf 89' lang='lat' dir='ltr'><strong>haberent</strong></span> <span class='ocrx_word' id='word_1_825' title='bbox 1963 5148 2052 5198; x_wconf 85' lang='lat' dir='ltr'><strong>sed</strong></span> <span class='ocrx_word' id='word_1_826' title='bbox 2080 5150 2132 5210; x_wconf 81' lang='grc' dir='ltr'><strong>Ι)</strong></span> <span class='ocrx_word' id='word_1_827' title='bbox 2160 5161 2395 5213; x_wconf 82' lang='lat' dir='ltr'><strong>pressam</strong></span> <span class='ocrx_word' id='word_1_828' title='bbox 2459 5161 2561 5197; x_wconf 91' lang='lat' dir='ltr'><strong>non</strong></span> <span class='ocrx_word' id='word_1_829' title='bbox 2620 5144 2791 5197; x_wconf 88' lang='lat' dir='ltr'><strong>solum</strong></span> <span class='ocrx_word' id='word_1_830' title='bbox 2849 5146 3011 5212; x_wconf 84' lang='lat' dir='ltr'><strong>aliqui</strong></span> <span class='ocrx_word' id='word_1_831' title='bbox 3076 5150 3395 5212; x_wconf 84' lang='lat' dir='ltr'><strong>interpretes</strong></span> <span class='ocrx_word' id='word_1_832' title='bbox 3454 5144 3731 5196; x_wconf 83' lang='lat' dir='ltr'><strong>Prudentii</strong></span> 
     </span>
    </p>
   </div>
   <div class='ocr_carea' id='block_1_120' title="bbox 456 5214 2051 5285">
    <p class='ocr_par' dir='ltr' id='par_1_120' title="bbox 456 5214 2051 5285">
     <span class='ocr_line' id='line_1_122' title="bbox 456 5214 2051 5285; baseline 0.001 -18"><span class='ocrx_word' id='word_1_833' title='bbox 456 5219 690 5285; x_wconf 78' lang='lat' dir='ltr'><strong>defensa</strong></span> <span class='ocrx_word' id='word_1_834' title='bbox 722 5217 865 5276; x_wconf 80' lang='lat' dir='ltr'><strong>fides,</strong></span> <span class='ocrx_word' id='word_1_835' title='bbox 916 5215 1056 5285; x_wconf 86' lang='lat' dir='ltr'><strong>quia,</strong></span> <span class='ocrx_word' id='word_1_836' title='bbox 1089 5214 1275 5285; x_wconf 84' lang='lat' dir='ltr'><strong>inquit,</strong></span> <span class='ocrx_word' id='word_1_837' title='bbox 1326 5214 1459 5268; x_wconf 81' lang='lat' dir='ltr'><strong>fides</strong></span> <span class='ocrx_word' id='word_1_838' title='bbox 1492 5216 1598 5283; x_wconf 87' lang='lat' dir='ltr'><strong>jam</strong></span> <span class='ocrx_word' id='word_1_839' title='bbox 1633 5216 1819 5269; x_wconf 83' lang='lat' dir='ltr'><strong>victrix</strong></span> <span class='ocrx_word' id='word_1_840' title='bbox 1867 5216 2051 5270; x_wconf 88' lang='lat' dir='ltr'><strong>defen-</strong></span> 
     </span>
    </p>
   </div>
   <div class='ocr_carea' id='block_1_121' title="bbox 480 5282 2052 5354">
    <p class='ocr_par' dir='ltr' id='par_1_121' title="bbox 480 5282 2052 5354">
     <span class='ocr_line' id='line_1_123' title="bbox 480 5282 2052 5354; baseline 0.001 -15"><span class='ocrx_word' id='word_1_841' title='bbox 480 5282 633 5340; x_wconf 86' lang='lat' dir='ltr'><strong>sione</strong></span> <span class='ocrx_word' id='word_1_842' title='bbox 686 5285 770 5337; x_wconf 90' lang='lat' dir='ltr'><strong>hic</strong></span> <span class='ocrx_word' id='word_1_843' title='bbox 801 5299 904 5336; x_wconf 89' lang='lat' dir='ltr'><strong>non</strong></span> <span class='ocrx_word' id='word_1_844' title='bbox 940 5282 1248 5352; x_wconf 81' lang='lat' dir='ltr'><strong>indigebat,</strong></span> <span class='ocrx_word' id='word_1_845' title='bbox 1307 5299 1464 5351; x_wconf 90' lang='lat' dir='ltr'><strong>quam</strong></span> <span class='ocrx_word' id='word_1_846' title='bbox 1496 5282 1775 5339; x_wconf 83' lang='lat' dir='ltr'><strong>rationem</strong></span> <span class='ocrx_word' id='word_1_847' title='bbox 1830 5287 2052 5354; x_wconf 82' lang='lat' dir='ltr'><strong>arripuit</strong></span> 
     </span>
    </p>
   </div>
   <div class='ocr_carea' id='block_1_122' title="bbox 454 5354 2047 5421">
    <p class='ocr_par' dir='ltr' id='par_1_122' title="bbox 454 5354 2047 5421">
     <span class='ocr_line' id='line_1_124' title="bbox 454 5354 2047 5421; baseline -0.001 -12"><span class='ocrx_word' id='word_1_848' title='bbox 454 5357 641 5409; x_wconf 35' lang='lat' dir='ltr'><strong>uetiam</strong></span> <span class='ocrx_word' id='word_1_849' title='bbox 663 5354 899 5416; x_wconf 86' lang='lat' dir='ltr'><strong>Teolius,</strong></span> <span class='ocrx_word' id='word_1_850' title='bbox 926 5366 1117 5421; x_wconf 88' lang='lat' dir='ltr'><strong>putans</strong></span> <span class='ocrx_word' id='word_1_851' title='bbox 1156 5358 1483 5419; x_wconf 79' lang='lat' dir='ltr'><strong>probatiores</strong></span> <span class='ocrx_word' id='word_1_852' title='bbox 1528 5356 1662 5407; x_wconf 84' lang='lat' dir='ltr'><strong>\att.</strong></span> <span class='ocrx_word' id='word_1_853' title='bbox 1706 5355 1899 5409; x_wconf 79' lang='lat' dir='ltr'><strong>habere</strong></span> <span class='ocrx_word' id='word_1_854' title='bbox 1928 5357 2047 5421; x_wconf 84' lang='lat' dir='ltr'><strong>ﬁde.</strong></span> 
     </span>
    </p>
   </div>
   <div class='ocr_carea' id='block_1_123' title="bbox 477 5423 2050 5488">
    <p class='ocr_par' dir='ltr' id='par_1_123' title="bbox 477 5423 2050 5488">
     <span class='ocr_line' id='line_1_125' title="bbox 477 5423 2050 5488; baseline -0.001 -11"><span class='ocrx_word' id='word_1_855' title='bbox 477 5424 583 5477; x_wconf 81' lang='lat' dir='ltr'><strong>Sed</strong></span> <span class='ocrx_word' id='word_1_856' title='bbox 629 5425 755 5477; x_wconf 86' lang='lat' dir='ltr'><strong>nihil</strong></span> <span class='ocrx_word' id='word_1_857' title='bbox 797 5424 919 5477; x_wconf 90' lang='lat' dir='ltr'><strong>inde</strong></span> <span class='ocrx_word' id='word_1_858' title='bbox 947 5423 1270 5477; x_wconf 85' lang='lat' dir='ltr'><strong>coniiciunt:</strong></span> <span class='ocrx_word' id='word_1_859' title='bbox 1319 5439 1438 5477; x_wconf 89' lang='lat' dir='ltr'><strong>nam</strong></span> <span class='ocrx_word' id='word_1_860' title='bbox 1469 5429 1743 5488; x_wconf 58' lang='lat' dir='ltr'><strong>asseritnr,</strong></span> <span class='ocrx_word' id='word_1_861' title='bbox 1777 5424 2050 5477; x_wconf 84' lang='lat' dir='ltr'><strong>defensam</strong></span> 
     </span>
    </p>
   </div>
   <div class='ocr_carea' id='block_1_124' title="bbox 482 5493 2050 5561">
    <p class='ocr_par' dir='ltr' id='par_1_124' title="bbox 482 5493 2050 5561">
     <span class='ocr_line' id='line_1_126' title="bbox 482 5493 2050 5561; baseline 0.001 -16"><span class='ocrx_word' id='word_1_862' title='bbox 482 5494 548 5545; x_wconf 90' lang='lat' dir='ltr'><strong>ab</strong></span> <span class='ocrx_word' id='word_1_863' title='bbox 568 5493 711 5546; x_wconf 90' lang='lat' dir='ltr'><strong>omni</strong></span> <span class='ocrx_word' id='word_1_864' title='bbox 738 5494 957 5547; x_wconf 88' lang='lat' dir='ltr'><strong>vulnere</strong></span> <span class='ocrx_word' id='word_1_865' title='bbox 976 5507 1097 5547; x_wconf 85' lang='lat' dir='ltr'><strong>esse</strong></span> <span class='ocrx_word' id='word_1_866' title='bbox 1121 5494 1300 5558; x_wconf 85' lang='lat' dir='ltr'><strong>iidem,</strong></span> <span class='ocrx_word' id='word_1_867' title='bbox 1327 5494 1448 5546; x_wconf 73' lang='lat' dir='ltr'><strong>ltvsa</strong></span> <span class='ocrx_word' id='word_1_868' title='bbox 1473 5497 1751 5547; x_wconf 78' lang='lat' dir='ltr'><strong>concordia</strong></span> <span class='ocrx_word' id='word_1_869' title='bbox 1776 5510 1790 5558; x_wconf 92' lang='lat'><strong>;</strong></span> <span class='ocrx_word' id='word_1_870' title='bbox 1826 5495 2050 5561; x_wconf 82' lang='lat' dir='ltr'><strong>ideoque</strong></span> 
     </span>
    </p>
   </div>
   <div class='ocr_carea' id='block_1_125' title="bbox 478 5563 1393 5629">
    <p class='ocr_par' dir='ltr' id='par_1_125' title="bbox 478 5563 1393 5629">
     <span class='ocr_line' id='line_1_127' title="bbox 478 5563 1393 5629; baseline -0.002 -14"><span class='ocrx_word' id='word_1_871' title='bbox 478 5564 718 5629; x_wconf 85' lang='lat' dir='ltr'><strong>sequitur</strong></span> <span class='ocrx_word' id='word_1_872' title='bbox 747 5565 867 5628; x_wconf 86' lang='lat' dir='ltr'><strong>quin</strong></span> <span class='ocrx_word' id='word_1_873' title='bbox 893 5572 937 5615; x_wconf 91' lang='lat' dir='ltr'><strong>et</strong></span> <span class='ocrx_word' id='word_1_874' title='bbox 967 5563 1257 5627; x_wconf 84' lang='lat' dir='ltr'><strong>concordia,</strong></span> <span class='ocrx_word' id='word_1_875' title='bbox 1289 5573 1393 5619; x_wconf 80' lang='lat' dir='ltr'><strong>etc.</strong></span> 
     </span>
    </p>
   </div>
   <div class='ocr_carea' id='block_1_126' title="bbox 553 5632 2045 5695">
    <p class='ocr_par' dir='ltr' id='par_1_126' title="bbox 553 5632 2045 5695">
     <span class='ocr_line' id='line_1_128' title="bbox 553 5632 2045 5695; baseline -0.002 -9"><span class='ocrx_word' id='word_1_876' title='bbox 553 5632 676 5686; x_wconf 79' lang='grc'><strong>805.</strong></span> <span class='ocrx_word' id='word_1_877' title='bbox 710 5633 1001 5685; x_wconf 69' lang='grc' dir='ltr'><strong>Λςηιιιιίιιιιε</strong></span> <span class='ocrx_word' id='word_1_878' title='bbox 1027 5642 1107 5686; x_wconf 91' lang='lat' dir='ltr'><strong>est</strong></span> <span class='ocrx_word' id='word_1_879' title='bbox 1133 5633 1399 5687; x_wconf 83' lang='lat' dir='ltr'><strong>Maronem</strong></span> <span class='ocrx_word' id='word_1_880' title='bbox 1452 5632 1541 5686; x_wconf 79' lang='lat' dir='ltr'><strong>lib.</strong></span> <span class='ocrx_word' id='word_1_881' title='bbox 1600 5648 1674 5695; x_wconf 75' lang='lat' dir='ltr'><strong>tv,</strong></span> <span class='ocrx_word' id='word_1_882' title='bbox 1727 5648 1867 5687; x_wconf 86' lang='lat' dir='ltr'><strong>vers.</strong></span> <span class='ocrx_word' id='word_1_883' title='bbox 1899 5632 2003 5684; x_wconf 64' lang='lat'><strong>262</strong></span> <span class='ocrx_word' id='word_1_884' title='bbox 2030 5648 2045 5683; x_wconf 93' lang='lat'><em>:</em></span> 
     </span>
    </p>
   </div>
   <div class='ocr_carea' id='block_1_127' title="bbox 476 5698 1157 5771">
    <p class='ocr_par' dir='ltr' id='par_1_127' title="bbox 476 5698 1157 5771">
     <span class='ocr_line' id='line_1_129' title="bbox 476 5698 1157 5771; baseline 0.003 -20"><span class='ocrx_word' id='word_1_885' title='bbox 476 5698 632 5771; x_wconf 58' lang='lat' dir='ltr'><strong>Nihil</strong></span> <span class='ocrx_word' id='word_1_886' title='bbox 659 5700 757 5771; x_wconf 88' lang='lat' dir='ltr'><strong>illo_</strong></span> <span class='ocrx_word' id='word_1_887' title='bbox 779 5701 918 5753; x_wconf 84' lang='lat' dir='ltr'><strong>triste</strong></span> <span class='ocrx_word' id='word_1_888' title='bbox 944 5710 1157 5771; x_wconf 79' lang='lat' dir='ltr'><strong>recepto.</strong></span> 
     </span>
    </p>
   </div>
   <div class='ocr_carea' id='block_1_128' title="bbox 548 5767 2046 5833">
    <p class='ocr_par' dir='ltr' id='par_1_128' title="bbox 548 5767 2046 5833">
     <span class='ocr_line' id='line_1_130' title="bbox 548 5767 2046 5833; baseline 0.002 -11"><span class='ocrx_word' id='word_1_889' title='bbox 548 5767 675 5822; x_wconf 67' lang='lat'><strong>80$.</strong></span> <span class='ocrx_word' id='word_1_890' title='bbox 732 5767 1131 5825; x_wconf 71' lang='lat' dir='ltr'><strong>Prmstautiores</strong></span> <span class='ocrx_word' id='word_1_891' title='bbox 1178 5770 1381 5831; x_wconf 80' lang='lat' dir='ltr'><strong>lleius.,</strong></span> <span class='ocrx_word' id='word_1_892' title='bbox 1434 5771 1551 5825; x_wconf 82' lang='lat' dir='ltr'><strong>Rat.</strong></span> <span class='ocrx_word' id='word_1_893' title='bbox 1584 5786 1609 5823; x_wconf 88' lang='lat' dir='ltr'><strong>a</strong></span> <span class='ocrx_word' id='word_1_894' title='bbox 1649 5773 1819 5833; x_wconf 59' lang='lat' dir='ltr'><strong>prima</strong></span> <span class='ocrx_word' id='word_1_895' title='bbox 1868 5787 2046 5831; x_wconf 85' lang='lat' dir='ltr'><strong>manu.</strong></span> 
     </span>
    </p>
   </div>
   <div class='ocr_carea' id='block_1_129' title="bbox 2155 5213 3729 5281">
    <p class='ocr_par' dir='ltr' id='par_1_129' title="bbox 2155 5213 3729 5281">
     <span class='ocr_line' id='line_1_131' title="bbox 2155 5213 3729 5281; baseline -0.002 -14"><span class='ocrx_word' id='word_1_896' title='bbox 2155 5217 2450 5269; x_wconf 90' lang='lat' dir='ltr'><strong>docuerunt</strong></span> <span class='ocrx_word' id='word_1_897' title='bbox 2471 5217 2534 5267; x_wconf 88' lang='lat' dir='ltr'><strong>ad</strong></span> <span class='ocrx_word' id='word_1_898' title='bbox 2564 5229 2701 5267; x_wconf 70' lang='lat' dir='ltr'><strong>vers.</strong></span> <span class='ocrx_word' id='word_1_899' title='bbox 2730 5214 2833 5269; x_wconf 77' lang='lat'><strong>538</strong></span> <span class='ocrx_word' id='word_1_900' title='bbox 2858 5216 3077 5281; x_wconf 88' lang='lat' dir='ltr'><strong>Apoth.,</strong></span> <span class='ocrx_word' id='word_1_901' title='bbox 3107 5216 3199 5268; x_wconf 91' lang='lat' dir='ltr'><strong>sed</strong></span> <span class='ocrx_word' id='word_1_902' title='bbox 3229 5215 3373 5265; x_wconf 89' lang='lat' dir='ltr'><strong>tunlti</strong></span> <span class='ocrx_word' id='word_1_903' title='bbox 3396 5215 3554 5267; x_wconf 87' lang='lat' dir='ltr'><strong>etiam</strong></span> <span class='ocrx_word' id='word_1_904' title='bbox 3588 5213 3729 5266; x_wconf 87' lang='lat' dir='ltr'><strong>scri-</strong></span> 
     </span>
    </p>
   </div>
   <div class='ocr_carea' id='block_1_130' title="bbox 2159 5282 3733 5351">
    <p class='ocr_par' dir='ltr' id='par_1_130' title="bbox 2159 5282 3733 5351">
     <span class='ocr_line' id='line_1_132' title="bbox 2159 5282 3733 5351; baseline -0.005 -12"><span class='ocrx_word' id='word_1_905' title='bbox 2159 5297 2337 5349; x_wconf 82' lang='lat' dir='ltr'><strong>ptores</strong></span> <span class='ocrx_word' id='word_1_906' title='bbox 2363 5285 2731 5351; x_wconf 88' lang='lat' dir='ltr'><strong>antiquitatum</strong></span> <span class='ocrx_word' id='word_1_907' title='bbox 2765 5285 3141 5345; x_wconf 77' lang='lat' dir='ltr'><strong>ltomanarunt,</strong></span> <span class='ocrx_word' id='word_1_908' title='bbox 3184 5294 3241 5336; x_wconf 82' lang='grc' dir='ltr'><strong>ιιι</strong></span> <span class='ocrx_word' id='word_1_909' title='bbox 3285 5285 3421 5336; x_wconf 90' lang='lat' dir='ltr'><strong>alios</strong></span> <span class='ocrx_word' id='word_1_910' title='bbox 3464 5282 3733 5335; x_wconf 87' lang='lat' dir='ltr'><strong>omittam.</strong></span> 
     </span>
    </p>
   </div>
   <div class='ocr_carea' id='block_1_131' title="bbox 2160 5353 3735 5423">
    <p class='ocr_par' dir='ltr' id='par_1_131' title="bbox 2160 5353 3735 5423">
     <span class='ocr_line' id='line_1_133' title="bbox 2160 5353 3735 5423; baseline -0.004 -14"><span class='ocrx_word' id='word_1_911' title='bbox 2160 5356 2264 5409; x_wconf 90' lang='lat' dir='ltr'><strong>Sed</strong></span> <span class='ocrx_word' id='word_1_912' title='bbox 2296 5355 2733 5423; x_wconf 67' lang='lat' dir='ltr'><strong>diligentissunus</strong></span> <span class='ocrx_word' id='word_1_913' title='bbox 2760 5354 3142 5421; x_wconf 87' lang='lat' dir='ltr'><strong>Villalpandus,</strong></span> <span class='ocrx_word' id='word_1_914' title='bbox 3200 5371 3256 5405; x_wconf 88' lang='lat' dir='ltr'><strong>re</strong></span> <span class='ocrx_word' id='word_1_915' title='bbox 3304 5354 3603 5423; x_wconf 76' lang='lat' dir='ltr'><strong>ateuratius</strong></span> <span class='ocrx_word' id='word_1_916' title='bbox 3650 5353 3735 5403; x_wconf 84' lang='lat' dir='ltr'><strong>in-</strong></span> 
     </span>
    </p>
   </div>
   <div class='ocr_carea' id='block_1_132' title="bbox 2157 5422 3733 5491">
    <p class='ocr_par' dir='ltr' id='par_1_132' title="bbox 2157 5422 3733 5491">
     <span class='ocr_line' id='line_1_134' title="bbox 2157 5422 3733 5491; baseline -0.003 -15"><span class='ocrx_word' id='word_1_917' title='bbox 2157 5435 2357 5491; x_wconf 73' lang='lat' dir='ltr'><strong>specta,</strong></span> <span class='ocrx_word' id='word_1_918' title='bbox 2384 5422 2754 5489; x_wconf 66' lang='lat' dir='ltr'><strong>deprehendit,</strong></span> <span class='ocrx_word' id='word_1_919' title='bbox 2783 5440 2960 5477; x_wconf 81' lang='lat' dir='ltr'><strong>arcam</strong></span> <span class='ocrx_word' id='word_1_920' title='bbox 2988 5426 3035 5475; x_wconf 93' lang='lat' dir='ltr'><strong>in</strong></span> <span class='ocrx_word' id='word_1_921' title='bbox 3063 5440 3186 5477; x_wconf 75' lang='lat' dir='ltr'><strong>arcu</strong></span> <span class='ocrx_word' id='word_1_922' title='bbox 3205 5424 3303 5475; x_wconf 88' lang='lat' dir='ltr'><strong>&#39;l‘iti</strong></span> <span class='ocrx_word' id='word_1_923' title='bbox 3324 5439 3428 5475; x_wconf 83' lang='lat' dir='ltr'><strong>nun</strong></span> <span class='ocrx_word' id='word_1_924' title='bbox 3451 5422 3693 5476; x_wconf 81' lang='lat' dir='ltr'><strong>exhiberi</strong></span> <span class='ocrx_word' id='word_1_925' title='bbox 3718 5439 3733 5472; x_wconf 87' lang='lat'><strong>:</strong></span> 
     </span>
    </p>
   </div>
   <div class='ocr_carea' id='block_1_133' title="bbox 2157 5490 3737 5559">
    <p class='ocr_par' dir='ltr' id='par_1_133' title="bbox 2157 5490 3737 5559">
     <span class='ocr_line' id='line_1_135' title="bbox 2157 5490 3737 5559; baseline -0.002 -13"><span class='ocrx_word' id='word_1_926' title='bbox 2157 5510 2270 5555; x_wconf 67' lang='lat' dir='ltr'><strong>ens,</strong></span> <span class='ocrx_word' id='word_1_927' title='bbox 2306 5498 2391 5558; x_wconf 81' lang='lat' dir='ltr'><strong>qui</strong></span> <span class='ocrx_word' id='word_1_928' title='bbox 2422 5496 2576 5547; x_wconf 83' lang='lat' dir='ltr'><strong>aliter</strong></span> <span class='ocrx_word' id='word_1_929' title='bbox 2603 5496 2951 5558; x_wconf 85' lang='lat' dir='ltr'><strong>scripserunt,</strong></span> <span class='ocrx_word' id='word_1_930' title='bbox 2980 5496 3233 5559; x_wconf 85' lang='lat' dir='ltr'><strong>deceptos</strong></span> <span class='ocrx_word' id='word_1_931' title='bbox 3266 5493 3424 5545; x_wconf 84' lang='lat' dir='ltr'><strong>fuisse</strong></span> <span class='ocrx_word' id='word_1_932' title='bbox 3451 5504 3539 5545; x_wconf 91' lang='lat' dir='ltr'><strong>aut</strong></span> <span class='ocrx_word' id='word_1_933' title='bbox 3580 5490 3737 5543; x_wconf 84' lang='lat' dir='ltr'><strong>falsis</strong></span> 
     </span>
    </p>
   </div>
   <div class='ocr_carea' id='block_1_134' title="bbox 2158 5563 3734 5631">
    <p class='ocr_par' dir='ltr' id='par_1_134' title="bbox 2158 5563 3734 5631">
     <span class='ocr_line' id='line_1_136' title="bbox 2158 5563 3734 5631; baseline 0 -18"><span class='ocrx_word' id='word_1_934' title='bbox 2158 5564 2381 5618; x_wconf 86' lang='lat' dir='ltr'><strong>altorum</strong></span> <span class='ocrx_word' id='word_1_935' title='bbox 2409 5564 2821 5627; x_wconf 83' lang='lat' dir='ltr'><strong>narrationibus,</strong></span> <span class='ocrx_word' id='word_1_936' title='bbox 2856 5576 2942 5615; x_wconf 88' lang='lat' dir='ltr'><strong>aut</strong></span> <span class='ocrx_word' id='word_1_937' title='bbox 2974 5567 3097 5631; x_wconf 87' lang='lat' dir='ltr'><strong>quia</strong></span> <span class='ocrx_word' id='word_1_938' title='bbox 3131 5565 3225 5629; x_wconf 90' lang='lat' dir='ltr'><strong>ipsi</strong></span> <span class='ocrx_word' id='word_1_939' title='bbox 3258 5579 3439 5614; x_wconf 77' lang='lat' dir='ltr'><strong>art-um</strong></span> <span class='ocrx_word' id='word_1_940' title='bbox 3487 5563 3734 5613; x_wconf 78' lang='lat' dir='ltr'><strong>videntes</strong></span> 
     </span>
    </p>
   </div>
   <div class='ocr_carea' id='block_1_135' title="bbox 2153 5631 3733 5701">
    <p class='ocr_par' dir='ltr' id='par_1_135' title="bbox 2153 5631 3733 5701">
     <span class='ocr_line' id='line_1_137' title="bbox 2153 5631 3733 5701; baseline -0.003 -16"><span class='ocrx_word' id='word_1_941' title='bbox 2153 5648 2409 5695; x_wconf 86' lang='lat' dir='ltr'><strong>mensam,</strong></span> <span class='ocrx_word' id='word_1_942' title='bbox 2441 5650 2558 5700; x_wconf 70' lang='lat' dir='ltr'><strong>quae</strong></span> <span class='ocrx_word' id='word_1_943' title='bbox 2582 5633 2647 5685; x_wconf 92' lang='lat' dir='ltr'><strong>ibi</strong></span> <span class='ocrx_word' id='word_1_944' title='bbox 2673 5639 2926 5693; x_wconf 81' lang='lat' dir='ltr'><strong>t&#39;erltilttr,</strong></span> <span class='ocrx_word' id='word_1_945' title='bbox 2953 5644 3200 5701; x_wconf 86' lang='lat' dir='ltr'><strong>putarunt</strong></span> <span class='ocrx_word' id='word_1_946' title='bbox 3220 5649 3339 5686; x_wconf 85' lang='lat' dir='ltr'><strong>esse</strong></span> <span class='ocrx_word' id='word_1_947' title='bbox 3364 5648 3562 5685; x_wconf 82' lang='lat' dir='ltr'><strong>art-am.</strong></span> <span class='ocrx_word' id='word_1_948' title='bbox 3587 5631 3733 5682; x_wconf 78' lang='lat' dir='ltr'><strong>Non-</strong></span> 
     </span>
    </p>
   </div>
   <div class='ocr_carea' id='block_1_136' title="bbox 2155 5701 3725 5770">
    <p class='ocr_par' dir='ltr' id='par_1_136' title="bbox 2155 5701 3725 5770">
     <span class='ocr_line' id='line_1_138' title="bbox 2155 5701 3725 5770; baseline -0.003 -15"><span class='ocrx_word' id='word_1_949' title='bbox 2155 5706 2281 5756; x_wconf 92' lang='lat' dir='ltr'><strong>nulli</strong></span> <span class='ocrx_word' id='word_1_950' title='bbox 2313 5722 2415 5757; x_wconf 90' lang='lat' dir='ltr'><strong>non</strong></span> <span class='ocrx_word' id='word_1_951' title='bbox 2446 5705 2498 5756; x_wconf 90' lang='lat' dir='ltr'><strong>itt</strong></span> <span class='ocrx_word' id='word_1_952' title='bbox 2527 5712 2694 5770; x_wconf 70' lang='lat' dir='ltr'><strong>parte,</strong></span> <span class='ocrx_word' id='word_1_953' title='bbox 2725 5706 2773 5755; x_wconf 93' lang='lat' dir='ltr'><strong>iu</strong></span> <span class='ocrx_word' id='word_1_954' title='bbox 2807 5721 2905 5768; x_wconf 72' lang='lat' dir='ltr'><strong>qua</strong></span> <span class='ocrx_word' id='word_1_955' title='bbox 2932 5715 3013 5757; x_wconf 83' lang='lat' dir='ltr'><strong>est</strong></span> <span class='ocrx_word' id='word_1_956' title='bbox 3040 5720 3243 5767; x_wconf 78' lang='lat' dir='ltr'><strong>tnenSa,</strong></span> <span class='ocrx_word' id='word_1_957' title='bbox 3268 5703 3359 5755; x_wconf 87' lang='lat' dir='ltr'><strong>sed</strong></span> <span class='ocrx_word' id='word_1_958' title='bbox 3385 5708 3433 5752; x_wconf 85' lang='lat' dir='ltr'><strong>in</strong></span> <span class='ocrx_word' id='word_1_959' title='bbox 3466 5711 3611 5767; x_wconf 67' lang='lat' dir='ltr'><strong>parte</strong></span> <span class='ocrx_word' id='word_1_960' title='bbox 3636 5701 3725 5751; x_wconf 85' lang='lat' dir='ltr'><strong>ad-</strong></span> 
     </span>
    </p>
   </div>
   <div class='ocr_carea' id='block_1_137' title="bbox 2156 5772 3717 5829">
    <p class='ocr_par' dir='ltr' id='par_1_137' title="bbox 2156 5772 3717 5829">
     <span class='ocr_line' id='line_1_139' title="bbox 2156 5772 3717 5829; baseline -0.003 -6"><span class='ocrx_word' id='word_1_961' title='bbox 2156 5789 2303 5827; x_wconf 84' lang='lat' dir='ltr'><strong>versa</strong></span> <span class='ocrx_word' id='word_1_962' title='bbox 2335 5789 2510 5829; x_wconf 82' lang='lat' dir='ltr'><strong>aream</strong></span> <span class='ocrx_word' id='word_1_963' title='bbox 2554 5787 2584 5825; x_wconf 92' lang='lat' dir='ltr'><strong>e</strong></span> <span class='ocrx_word' id='word_1_964' title='bbox 2626 5774 2841 5827; x_wconf 85' lang='lat' dir='ltr'><strong>llocaut.</strong></span> <span class='ocrx_word' id='word_1_965' title='bbox 2887 5775 2925 5826; x_wconf 65' lang='grc' dir='ltr'><strong>Ν</strong></span> <span class='ocrx_word' id='word_1_966' title='bbox 2948 5775 3244 5829; x_wconf 86' lang='lat' dir='ltr'><strong>hilominus</strong></span> <span class='ocrx_word' id='word_1_967' title='bbox 3276 5772 3612 5826; x_wconf 77' lang='lat' dir='ltr'><strong>Villalnando</strong></span> <span class='ocrx_word' id='word_1_968' title='bbox 3644 5785 3717 5821; x_wconf 74' lang='lat' dir='ltr'><strong>as-</strong></span> 
     </span>
    </p>
   </div>
  </div>
