3960 6312
542 347 612 404 85
1636 346 1908 403 AURELII
1949 346 2098 401 PliUl

2225 344 2309 398 Tll
2348 342 2671 397 CARMINA.
3709 344 3766 400 83

714 468 935 519 Gemma
961 466 1215 520 relucenti
1248 465 1407 518 limen
1436 464 1807 531 complectitur
1833 478 1983 527 arcu.

716 554 1144 623 Vestilinlulnqne
1177 555 1309 623 lapis
1333 555 1659 622 pi-tietrabile
1686 556 1919 622 concipit
1944 569 2103 607 unus.

718 646 993 698 Portarum
1036 646 1257 698 summis
1282 643 1533 711 inscripta
1562 645 1612 697 in
1645 644 1881 710 postibus
1906 658 2037 696 auro

712 736 934 789 Nomina
964 735 1240 801 apostolici
1275 734 1481 801 fulgent
1510 735 1590 788 bis
1610 750 1736 787 sena
1760 742 1998 787 senatus.

714 825 941 893 Spiritus
968 825 1048 876 his
1071 825 1238 878 titulis
1266 840 1456 877 arcana
1484 825 1755 878 recondita
1787 824 1980 876 mentis

718 914 916 973 Ambit.
948 922 1004 967 et
1030 914 1229 967 electos
1250 924 1401 965 vocat
1427 914 1477 965 in
1506 912 1794 977 praecordia
1822 926 2031 971 sensus.

540 826 641 879 810

713 1003 932 1071 Quaque
970 1002 1199 1055 hominis
1240 1011 1422 1054 natura
1464 1000 1602 1068 viget
1630 1042 1644 1063 ,
1686 1015 1846 1067 quam
1883 1015 2107 1066 corpore

1906 1089 2038 1158 [toto

712 1180 876 1252 658
912 1181 1157 1248 Quadrua
1187 1183 1267 1234 vis
1309 1180 1529 1245 animat,
1577 1181 1731 1234 trinis
1776 1181 2103 1247 ingressibus

1865 1270 2032 1340 [aram

712 1362 899 1415 Cordis
927 1361 1057 1425 adit,
1090 1363 1354 1430 castisque
1375 1362 1503 1414 colit
1533 1362 1762 1414 sacraria
1795 1363 1931 1413 votis
1962 1379 1973 1410 :

538 1454 642 1507 845
718 1450 823 1506 Seu
850 1466 1043 1521 pueros
1064 1453 1143 1506 sol
1176 1453 1377 1519 primus
1395 1461 1537 1520 agat.
1556 1466 1648 1506 seu
1677 1452 1851 1503 fervor
1865 1452 2103 1519 ephebos

2138 470 2189 528 A.

2388 459 2635 513 Incendat
2660 458 2872 521 nimius.
2906 472 2997 510 seu
3024 459 3456 511 consummabilis
3482 459 3578 511 a-vi

2385 548 2631 603 Perliciat
2658 550 2745 602 lux
2788 550 2938 615 plena
2972 549 3135 610 viros.
3166 550 3279 600 sive
3300 548 3477 616 algida
3505 549 3673 603 home

2384 639 2535 692 Aitas
2559 637 2885 705 decrepitam
2909 647 3061 691 Vocet
3083 639 3147 691 ad
3172 638 3254 708 pia
3285 654 3433 691 sacra
3463 653 3724 695 senectam
3752 662 3762 695 :

2385 731 2629 785 Occurrit
2656 732 2851 784 trinum
2880 730 3139 798 quadrina
3175 731 3240 783 ad
3265 734 3496 799 compita
3528 748 3733 799 nomen.

2212 822 2315 876 850
2382 819 2535 887 Quod
2567 821 2703 874 bene
2730 820 3006 886 discipulis
3036 820 3276 888 disponit
3303 836 3395 875 re:
3426 822 3702 877 duodenis.

2389 912 2524 975 Quin
2551 913 2708 963 etiam
2745 910 2962 964 totidem
3001 924 3329 977 gemmarum
3368 911 3593 980 insignia
3625 916 3767 966 textis

2396 1000 2693 1054 Parietibus
2709 1000 2953 1053 distincta
2981 1000 3194 1063 micant,
3219 1004 3531 1069 animasque
3547 1004 3767 1057 colorum

2392 1091 2642 1145 Viventes
2666 1092 2866 1159 liquido
2896 1092 2987 1144 lux
3013 1093 3210 1145 evomit
3235 1094 3341 1145 alta
3370 1095 3651 1161 profundo.

2386 1183 2551 1253 659
2567 1184 2752 1250 Ingens
2766 1184 3143 1252 chrysolithus,
3164 1185 3769 1249 nativointerlitusauro,

2215 1272 2321 1325 855
2395 1272 2529 1325 Ilinc
2560 1273 2659 1324 sibi
2684 1272 2993 1340 sapphirum
3014 1275 3331 1336 sociaverat.
3356 1276 3481 1329 inde
3500 1275 3771 1347 beryllum,

2391 1362 2656 1415 Distantcs
2675 1377 2761 1427 ine
2784 1362 2923 1415 nitor
2948 1363 3150 1415 medius
3180 1366 3419 1417 variabat
3464 1370 3709 1427 honores,

2392 1453 2489 1507 I'Iic
2517 1453 2808 1506 chalcedon
2839 1453 3002 1506 hebes
3033 1454 3366 1518 perfunditur
3394 1471 3456 1507 ex
3490 1455 3750 1525 hyacinthi

1836 1563 2120 1619 GLOSSAL
2166 1564 2501 1618 VETERES.

602 1676 727 1731 856.
753 1674 958 1739 Limen,
986 1675 1266 1728 introitum.
1286 1704 1352 1712 ——
1376 1676 1537 1739 Arcu,
1571 1674 1781 1741 fornice,
1811 1674 1851 1726 I.

601 1748 723 1800 859.
753 1746 999 1809 Senatus,
1038 1745 1325 1797 nominibus
1353 1744 1732 1811 apostolorum;
1775 1760 1861 1813 per
1886 1758 2103 1811 quorum

535 1817 941 1896 pra’dicaitionem
1000 1814 1227 1880 Spiritus
1285 1823 1488 1865 sanctus
1532 1814 1854 1882 amplectitur
1912 1828 2103 1864 arcana

534 1884 727 2008 £0,828:
749 1884 969 2015 l"i‘iiidis,
1001 1952 1285 2005 nominibus
1318 1950 2098 2019 apostolbrum.—Recondita,

534 2022 728 2076 occulta
752 2024 1031 2085 hominum,
1063 2024 1113 2074 l.,

2276 1672 2399 1725 815.
2432 1674 2583 1739 Agat,
2615 1676 2805 1725 nutriat
2840 1675 2962 1736 :qui
3004 1673 3057 1724 in
3092 1672 3307 1740 pueritia
3340 1680 3481 1724 sunt.
3508 1701 3575 1710 —
3596 1672 3771 1738 Ephe-

2207 1744 2327 1803 bos,
2363 1745 2581 1811 iuvenes,
2607 1744 2691 1805 qui
2720 1745 2770 1794 in
2788 1746 3054 1811 juventute
3082 1740 3290 1811 sunttl.

2278 1812 2404 1863 816.
2436 1810 2578 1875 (Eri,
2601 1813 2687 1880 qui
2714 1813 2766 1864 in
2787 1819 3036 1863 senectute
3052 1818 3192 1871 siml,
3222 1810 3261 1862 I.

2276 1882 2399 1935 849.
2424 1878 2689 1940 Occurrit,
2730 1882 2809 1930 his
2836 1881 3151 1947 singulis.—
3170 1880 3399 1941 Numen.
3432 1880 3595 1932 trinas
3624 1878 3774 1939 Deus.

2207 1968 2294 2019 per
2316 1961 2531 2009 quatuor
2554 1951 2716 2003 latera
2746 1950 2945 2010 domus.
2980 1950 3016 2002 Ι.

2275 2021 2400 2073 8511.
2430 2020 2689 2085 Disponit,
2722 2020 2993 2071 ordinavit.
3013 2046 3079 2057 —-
3098 2016 3386 2079 Duodenis,
3414 2033 3545 2086 quos
3565 2018 3619 2069 in
3658 2034 3775 2082 qua-

600 2093 725 2146 841.
766 2092 977 2155 Ambit,
1020 2082 1305 2143 circumdat
1326 2129 1342 2155 ,
1386 2088 1957 2142 intrat.—I‘rmcordia
1986 2129 1999 2152 ,
2050 2090 2099 2139 in
2135 2082 2177 2139 Β
2208 2091 2411 2141 dratum
2440 2089 2607 2141 orbem
2631 2082 2787 2148 misit.
2814 2089 2853 2141 I.

534 2162 722 2222 anima.
756 2163 791 2214 Ι.

601 2229 723 2283 862.
757 2230 971 2293 Natura,
998 2229 1233 2292 hominis,
1271 2229 1308 2281 I.

601 2298 725 2352 845.
753 2299 1019 2363 Quadrua.
1056 2308 1275 2363 quatuor
1312 2300 1573 2357 elementa.
1613 2312 1727 2364 qua:
1754 2297 1981 2347 animant
2008 2296 2100 2346 ho-

535 2368 733 2431 minem,
762 2368 913 2434 ignis,
937 2384 1045 2431 aer,
1069 2377 1221 2427 terra.
1246 2383 1379 2431 aqua
1408 2382 1424 2417 :
1455 2377 1673 2433 quatuor
1699 2376 1867 2434 partes
1893 2366 2094 2416 mundi.

540 2465 601 2477 —-
622 2435 709 2488 Vis
746 2437 955 2501 animae,
1002 2446 1161 2487 status
1192 2438 1320 2487 vitae.
1340 2436 1617 2498 ——'I‘rinis,
1646 2443 1821 2485 sam-ta
1845 2434 2095 2498 Trinitas,

534 2507 605 2557 vel
627 2506 838 2574 triplicis
872 2516 1066 2557 natura:
1100 2514 1194 2569 est,
1224 2506 1276 2557 id
1293 2515 1387 2564 est,
1415 2505 1753 2574 rationabilis,
1784 2504 2098 2572 concupisci-

536 2575 661 2638 bilis,
685 2574 973 2627 irascibilis.
991 2603 1060 2612 —
1082 2578 1261 2638 Aram,
1286 2575 1469 2625 sedem.
1503 2573 1604 2626 lso.

2278 2158 2400 2211 851.
2429 2158 2673 2225 Insignia.
2699 2166 3013 2215 ornamenta,
3034 2156 3073 2208 I.

2279 2229 2401 2281 859..
2426 2228 2772 2289 Animosque,
2799 2225 3110 2295 splenderes,
3134 2227 3222 2292 qui
3240 2225 3466 2295 ﬁgurant
3485 2225 3776 2278 animas.—

2206 2297 2480 2357 Colorntn.
2507 2298 2839 2350 diversorum.
2867 2296 2904 2347 I.

2278 2367 2400 2420 855.
2431 2367 2659 2424 Evomit.
2692 2366 2876 2427 emisit.
2907 2365 3009 2419 lso.

2278 2437 2403 2489 855.
2440 2437 2593 2497 Ilinc,
2616 2452 2680 2488 ea:
2709 2451 2807 2487 uno
2832 2436 3005 2496 latere,
3030 2434 3068 2486 I.

2278 2506 2402 2558 856.
2438 2506 2697 2566 Ilonores.
2729 2503 2956 2573 sapphiri
2982 2515 3029 2556 et
3054 2500 3250 2570 berylli,
3283 2502 3324 2555 I.

2280 2574 2405 2628 857.
2438 2574 2630 2637 lIebes,
2666 2575 2717 2625 in
2743 2573 3083 2635 splendorem.
3118 2573 3157 2625 Ι.

1873 2688 2428 2746 COMMENTARIUS.

535 2804 703 2868 [oratu
742 2818 838 2870 pro
865 2803 1032 2867 [orata
1061 2802 1257 2854 dolatu.
1290 2801 1345 2853 In
1378 2799 1493 2870 Vat.
1521 2799 1562 2853 (ἰ
1594 2813 1623 2851 a
1651 2797 1882 2852 secunda
1914 2812 2095 2865 manu,

534 2874 699 2941 [orata
728 2869 943 2941 dolatu,
962 2870 1221 2936 prioribus
1249 2869 1475 2941 abrasis.

536 2936 546 3003 ί
603 2943 726 2996 856.
752 2942 904 3005 Man,
928 2940 1129 3003 lumen;
1154 2954 1311 3007 supra
1342 2939 1651 3007 charactere
1680 2936 1895 2999 minori.
1924 2939 2094 2992 limen.

539 3012 857 3080 Apocalyps.
880 3026 987 3071 ut.
1021 3008 1106 3073 11,
1140 3008 1375 3080 dicitur;
1408 3006 1474 3058 Et
1501 3010 1669 3080 lumen
1695 3010 1805 3080 ejus
1835 3008 1998 3060 simile
2023 3008 2099 3080 la-

531 3082 639 3141 pidi
665 3076 901 3149 pretioso,
931 3090 1169 3149 tanquam
1214 3079 1373 3149 lapidi
1406 3078 1679 3149 ,ᾔαιρὶά-ἱίι.Δ
1705 3076 2095 3149 sicnt__crystal-

536 3150 637 3201 Inm
665 3143 686 3200 .'
714 3149 981 3203 Giseliuus
1021 3143 1113 3210 ait,
1142 3143 1310 3201 videri
1342 3143 1549 3211 poetam
1581 3145 1772 3211 legisse
1800 3164 1810 3197 :
1845 3143 1911 3196 Et
1941 3148 2096 3199 limen

535 3224 643 3283 eius
672 3219 836 3271 simile
860 3219 1018 3287 lapidi
1051 3217 1428 3279 pretiosissima.
1461 3226 1701 3287 tanquam
1732 3216 1939 3287 iaspidi,
1978 3231 2092 3283 cry-

535 3288 843 3351 stallizanti;
876 3284 1197 3354 caatetoq'iin
1233 3287 1299 3338 de
1338 3286 1637 3354 suoljanua:
1674 3284 2088 3345 descriptionem

535 3356 820 3409 smnxisse.
864 3352 1197 3409 Praemiserat
1224 3369 1353 3407 vero
1395 3352 1679 3413 Giselinus.
1710 3354 1799 3405 vix
1829 3368 1971 3415 esse,
2002 3354 2092 3419 qui

536 3431 669 3478 banc
698 3426 999 3491 allegoriam
1040 3425 1237 3478 rectius
1264 3434 1318 3476 et
1345 3425 1615 3477 venustius
1655 3424 2089 3480 accommodarit.

537 3494 638 3546 Pro
664 3510 781 3546 arcu
814 3496 931 3547 Put.
955 3504 1093 3549 actu.
1116 3494 1227 3548 Non
1258 3494 1431 3560 placet
1458 3493 1697 3547 relucenti
1722 3502 1835 3545 actu
1857 3508 1875 3554 ;
1896 3502 1949 3544 et
1970 3508 2094 3543 arcu

536 3564 727 3616 habent
774 3564 930 3629 Man,
980 3564 1125 3623 Itat..
1176 3562 1389 3624 Vienn..
1430 3564 1610 3625 Alex.,
1657 3562 1799 3614 Vatt.
1841 3563 1901 3624 C,
1935 3561 1997 3619 Ι),
2029 3561 2092 3625 F,

2206 2801 2393 2853 barren:
2421 2800 2471 2853 in
2497 2798 2619 2853 Vat.
2646 2799 2684 2851 1.
2714 2808 2768 2853 et
2793 2802 2927 2864 Ana.
2953 2799 3055 2853 Alii
3091 2838 3106 2860 ,
3142 2799 3309 2859 boree,
3344 2810 3398 2851 ut
3432 2800 3569 2857 Erf..
3593 2802 3774 2868 Fabr.,

2207 2870 2379 2940 Egon,
2412 2879 2520 2940 tres
2563 2870 2851 2940 Ileinsianif
2882 2868 3025 2940 Valt.
3052 2868 3113 2940 C.
3153 2869 3211 2932 F,
3243 2879 3296 2921 ct
3320 2869 3427 2940 alii.
3466 2869 3519 2921 Iit
3550 2871 3777 2940 Widm.,

2203 2938 2366 2991 borra:
2406 2949 2459 2991 et
2501 2939 2695 3001 boreae;
2727 2939 2777 2990 in
2808 2938 2926 2991 Vat.
2955 2938 3017 2999 Ι).
3054 2938 3222 3000 bene;
3248 2941 3298 2991 in
3332 2939 3516 2991 Vienn.
3548 2952 3599 2992 et
3636 2938 3779 3003 Rat..

2202 3006 2399 3077 berem;
2426 3010 2477 3060 in
2505 3009 2633 3059 Mar.
2663 3008 2849 3077 algida:
2882 3010 3074 3071 borrte;
3110 3022 3266 3074 supra
3306 3008 3439 3060 bene
3475 3006 3777 3064 etirreétnm

2199 3075 2390 3143 algida.
2424 3075 2741 3141 Gronovius,
2781 3077 3063 3130 Observat.
3095 3079 3287 3130 eccles.
3319 3091 3438 3146 cap.
3471 3079 3524 3136 5.
3557 3080 3772 3145 plorare

2197 3146 2347 3213 jubet
2371 3148 2551 3200 nescio
2577 3162 2732 3212 quem
2764 3146 3026 3209 codicem,
3056 3162 3121 3199 ex
3151 3162 3259 3214 quo
3289 3157 3588 3200 ostentatur
3612 3150 3781 3203 borea

2202 3214 2378 3290 algida
2398 3219 2537 3290 sive;
2560 3215 2733 3269 (ἒπεθεὶ
2755 3229 2805 3268 et
2836 3217 3025 3288 βόῥρης
3047 3226 3101 3269 et
3121 3217 3305 3290 βορέας
3330 3217 3531 3290 dicunt.
3564 3217 3616 3270 In
3643 3219 3781 3290 Teo-

2202 3282 2274 3355 lio
2305 3287 2551 3338 mendum
2580 3295 2707 3354 puto
2737 3301 2824 3337 seu
2836 3282 2942 3351 pro
2962 3300 3062 3337 sive
3081 3282 3253 3355 algida
3275 3288 3455 3340 borrte.
3472 3285 3618 3339 Idem
3643 3289 3780 3342 Teo-

2202 3353 2300 3406 Iins
2324 3355 2531 3407 videtur
2552 3353 2804 3418 scnsisse,
2829 3354 2879 3407 in
2904 3355 3050 3407 nullo
3073 3353 3534 3408 ms.Vat.exstare
3558 3356 3774 3422 horrere,

2199 3424 2338 3487 quod
2370 3424 2555 3475 falsum
2586 3434 2686 3474 est.
2719 3422 2953 3475 Carmini
2986 3426 3153 3487 magis
3186 3435 3441 3476 consonat
3473 3425 3643 3477 borrte
3675 3442 3695 3479 :
3724 3438 3777 3480 et

2204 3493 2270 3542 ita
2314 3493 2502 3554 legitur
2551 3493 2686 3559 apud
2732 3492 3004 3545 Paulinum
3053 3494 3107 3547 in
3145 3494 3245 3546 oda
3285 3492 3349 3545 ad
3389 3493 3627 3548 Nicetam
3656 3514 3671 3548 :
3702 3496 3773 3550 Te

2200 3573 2395 3626 patrem
2416 3563 2539 3614 dicit
2565 3562 2717 3631 plaga
2740 3572 2843 3614 tota
2872 3563 3055 3616 borrte.

534 3633 727 3709 aliique
765 3644 955 3709 prmter
982 3633 1246 3709 editiones
1256 3643 1497 3709 veteres.
1530 3632 1719 3709 sermo
1748 3631 1925 3709 estde
1962 3630 2096 3709 duo-
2125 3651 2172 3709 ο
2426 3630 2639 3709 Vierni”
2674 3634 2919 3709 fovetpro
2947 3641 3103 3709 voret.

534 3702 705 3755 decim
740 3705 906 3769 portis
946 3704 1179 3756 cm'estis
1208 3702 1536 3756 Hierusalem
1576 3701 1798 3767 Apocal.
1834 3700 1936 3753 Ioc.
1965 3700 2055 3753 cit.
2079 3738 2094 3760 .

535 3786 676 3825 vers.
701 3772 761 3826 2|
796 3791 807 3825 :
835 3771 898 3824 Et
920 3772 1187 3825 duodecim
1211 3783 1367 3839 porta:
1387 3772 1653 3822 duodecim
1676 3770 1964 3837 margarita:
1982 3777 2099 3820 sunt

534 3856 623 3918 per
643 3842 887 3918 singulas,
913 3854 959 3918 et
984 3842 1200 3918 singula:
1229 3852 1390 3909 porttu
1411 3851 1556 3918 erant
1576 3856 1637 3918 ego
1660 3840 1873 3908 singulis
1903 3854 2101 3918 marga-

534 3910 665 3961 ritis.
696 3909 875 3979 Iiaque
906 3912 1126 3977 singula:
1158 3920 1323 3979 porta:
1351 3926 1416 3963 ex
1446 3910 1669 3979 singulis
1699 3909 1995 3979 margaritis
2018 3909 2099 3979 iu-

532 3978 1144 4041 uantibusconstabant,
1175 3978 1295 4046 qua:
1329 3978 1626 4046 margarita:
1658 3978 1939 4043 perforata:
1990 3978 2100 4031 adi-

537 4054 645 4099 tutn
695 4048 1021 4114 praebebant.
1078 4048 1188 4100 lIuc
1228 4052 1460 4114 reSpexit
1500 4047 1835 4108 Prudentius.
1885 4061 1990 4099 non
2031 4047 2097 4099 ad

537 4126 676 4167 vers.
696 4110 795 4177 Ἠ,
831 4126 885 4167 ut
910 4118 1111 4181 putavit
1136 4110 1423 4179 Oiselinus.
1454 4114 1585 4167 Vide
1609 4126 1899 4169 comment.
1926 4115 2101 4167 Ludo-

538 4184 635 4236 vici
666 4185 733 4235 ab
758 4186 995 4237 Alcazar.

592 4253 729 4331 .858.
758 4252 812 4305 In
834 4254 1146 4321 quibusdam
1168 4255 1334 4321 vulg.,
1362 4268 1628 4316 summus;
1653 4252 1931 4320 legendum
1961 4269 2099 4306 sum-

536 4336 649 4372 11118.

604 4390 727 4444 810.
745 4389 840 4443 IIic
861 4390 1006 4443 locus
1031 4406 1095 4443 ex
1120 4390 1261 4443 Pauli
1286 4391 1461 4443 verbis
1484 4388 1791 4454 intelligitur
1815 4391 1879 4442 ad
1902 4391 2095 4460 Ephes.

536 4474 595 4521 ll,
624 4461 689 4512 18
716 4468 764 4511 et
792 4474 941 4526 seqq.
972 4475 987 4513 :
1017 4460 1267 4523 Quoniam
1297 4477 1384 4528 per
1404 4461 1568 4529 ipsum
1588 4461 1825 4511 habemus
1848 4477 2101 4514 accessum

534 4532 681 4599 ambo
720 4529 773 4580 in
811 4544 913 4581 uno
936 4530 1119 4595 spiritu
1146 4533 1211 4581 ad
1254 4527 1481 4582 Patrem.
1524 4527 1663 4599 Ergo
1696 4532 1810 4599 jam
1846 4547 1947 4583 non
1983 4533 2102 4585 estis

536 4598 778 4666 hospites,
800 4607 846 4649 et
868 4600 1104 4658 advenit:
1123 4600 1212 4652 sed
1234 4600 1351 4653 estis
1381 4599 1509 4651 cives
1529 4598 1838 4661 sanctorum.
1865 4612 1909 4651 et
1931 4599 2105 4652 dome-

535 4668 647 4719 stici
680 4667 769 4720 Dei
794 4682 813 4720 :
839 4669 1228 4737 superanti/irati
1251 4685 1403 4737 super
1427 4669 1809 4736 fundamentum
1838 4670 2099 4734 apostolo-

535 4745 715 4807 rumet
742 4737 1123 4807 prophetarum,
1147 4740 1258 4804 ipso
1280 4736 1477 4790 summo
1499 4737 1737 4807 angulari
1760 4738 1928 4803 lapide
1950 4736 2101 4791 Chri-

535 4814 611 4857 sto
636 4804 780 4859 Jesu.
815 4805 877 4857 In
908 4824 1007 4874 quo
1034 4809 1196 4860 omnis
1224 4809 1492 4871 mdi/icatio
1523 4804 1812 4860 constructa
1840 4810 2013 4860 crescit
2048 4808 2102 4861 in

536 4877 777 4939 templum
797 4889 1029 4945 sanctum
1061 4878 1113 4928 in
1154 4876 1390 4930 Domino.
1421 4874 1485 4928 In
1512 4892 1611 4943 quo
1638 4887 1684 4928 et
1708 4892 1794 4927 vos
1815 4878 2103 4945 eamdi/ica-

535 4945 661 4995 ιηἱηὶ
681 4945 735 4996 in
757 4944 1109 4997 habitaculum
1132 4946 1226 4997 Dei
1256 4948 1306 4997 in
1328 4948 1530 5010 spiritu.

606 5013 732 5065 841.
764 5013 915 5066 Prior
941 5014 983 5066 Β
1006 5014 1133 5077 veh.,
1166 5016 1338 5076 intrat,
1364 5025 1412 5066 et
1432 5017 1633 5068 electos.

607 5080 731 5135 842.
766 5081 898 5145 [ξι-1.,
929 5100 1027 5151 qua
1047 5085 1283 5136 hominis.
1309 5084 1583 5146 \Veitzius,
1606 5101 1705 5152 qua
1726 5100 1957 5156 corpore,
1979 5098 2099 5138 cum

536 5151 667 5205 Mar.
693 5161 746 5205 et
773 5151 893 5203 Rat.

590 5165 667 5203 ar.
693 5161 746 5205 et
773 5160 893 5203 Itat.

606 5221 731 5274 815.
766 5220 920 5285 Man,
964 5221 1107 5283 liat.,
1148 5222 1318 5285 Sich.,
1348 5224 1421 5274 vis
1450 5223 1636 5275 animm
1668 5240 1685 5275 :
1720 5225 1791 5277 ita
1819 5223 2098 5287 Weitzius.

534 5289 626 5363 qui
662 5300 936 5363 propterea
967 5290 1091 5355 legit
1127 5308 1227 5363 qua
1262 5308 1472 5363 corpore
1510 5303 1631 5363 toto.
1678 5293 1826 5346 Tunc
1865 5295 2102 5363 quadrua

534 5359 609 5427 vis
630 5360 814 5411 anima?
842 5374 985 5412 aram
1014 5362 1192 5413 cordis
1214 5363 1342 5413 adit.
1376 5360 1622 5414 Nebrissa
1647 5359 1939 5427 quadruam
1964 5364 2101 5415 hanc

534 5426 639 5497 vim
658 5427 1043 5497 interpretatur
1070 5441 1297 5497 quatuor
1323 5431 1550 5483 hominis
1579 5426 1781 5484 anates.

606 5496 731 5568 845.
764 5497 941 5568 gigni"
968 5500 1241 5563 mendose,
1272 5517 1358 5552 seu
1381 5516 1561 5563 pueros
1583 5502 1671 5552 sub
1694 5502 1887 5568 primus
1910 5510 2047 5567 agat.

605 5567 728 5619 847.
761 5566 868 5618 Erl.
910 5585 937 5618 a
972 5568 1139 5633 prima
1172 5585 1349 5632 manu.
1395 5570 1485 5620 (ua:
1529 5568 1654 5631 alta,
1695 5566 1805 5621 ‘non
1852 5566 2101 5623 absurde.

540 5634 653 5687 Duo
674 5635 987 5689 vetustiores
1017 5636 1306 5698 IIeinsiani.
1333 5639 1528 5690 Alex.a
1559 5640 1724 5701 prima
1756 5653 1937 5700 manu.
1957 5639 2101 5701 Ald..

540 5702 693 5758 Man.
736 5704 946 5757 Weitz..
980 5709 1140 5759 borra:
1174 5723 1191 5758 :
1224 5707 1359 5759 idem
1392 5709 1500 5760 l'erc
1533 5718 1614 5760 est
1637 5708 1834 5762 borrha’
1870 5709 1922 5761 in
1959 5707 2098 5763 Gis..

2274 3700 2399 3755 849.
2437 3702 2673 3754 Potiores
2695 3714 2757 3753 ex
2792 3699 3091 3753 Ileinsianis
3114 3714 3235 3753 cum
3257 3699 3415 3767 Aldo,
3446 3700 3590 3755 Vatt.
3619 3703 3686 3766 F,
3713 3703 3773 3766 L.

2203 3768 2269 3832 G.
2304 3784 2335 3822 a
2369 3771 2530 3835 prima
2562 3785 2749 3833 manu,
2787 3786 2985 3822 nomen.
3015 3768 3152 3828 Gis..
3185 3768 3402 3835 γνοίη..
3434 3770 3589 3835 Man,
3624 3774 3775 3837 Rat..

2204 3838 2420 3907 Vienn.,
2446 3840 2621 3898 Alex.,
2654 3838 2774 3892 Vat.
2797 3839 2859 3899 (Ξ,
2899 3855 3103 3903 numen,
3129 3838 3268 3907 quod
3296 3839 3380 3893 lso
3406 3842 3775 3907 amplectitur.

2204 3906 2422 3961 IIeinsio
2473 3910 2668 3960 rei-tius
2719 3908 2927 3961 videtur
2974 3906 3175 3971 nomen,
3230 3909 3369 3975 quod
3419 3906 3548 3963 mihi
3605 3913 3774 3965 etiam

2202 3978 2394 4043 placet.
2429 3977 2482 4031 In
2509 3978 2625 4031 Vat.
2654 3978 2717 4043 O,
2754 3977 2987 4031 Occurrit
3018 3993 3203 4030 numen
3242 3980 3494 4046 quadrina
3535 3982 3606 4032 ad
3632 3994 3774 4033 com-

2202 4048 2309 4113 pita
2332 4048 2540 4101 trinum.

2274 4117 2397 4169 852.
2429 4118 2572 4170 Nove
2602 4126 2655 4168 et
2682 4117 2816 4170 mire
2844 4116 3039 4169 dictum
3079 4116 3261 4168 animo:
3296 4116 3526 4169 colorum
3554 4121 3776 4174 viventes

2204 4200 2300 4253 pro
2320 4186 2452 4238 vivis
2471 4186 2759 4238 coloribus.

2273 4256 2397 4309 853.
2425 4255 2665 4309 Gilanius
2698 4254 2808 4307 Ind.
2844 4254 2999 4307 Lucr.
3033 4254 3104 4307 ait
3132 4254 3478 4308 Prudentium
3518 4255 3636 4308 sine
3667 4258 3771 4311 du-

2203 4323 2291 4376 bio
2307 4324 2509 4394 Virgilii
2543 4325 2810 4394 locumrex
2838 4324 2929 4377 lib.
2962 4338 2997 4375 ll
3027 4324 3221 4385 Georg.
3252 4323 3511 4394 imitatum
3541 4344 3553 4376 :
3582 4327 3641 4379 Si
3672 4344 3777 4381 non

2202 4392 2452 4463 ingentem
2479 4395 2672 4461 [oribus
2698 4393 2879 4463 domus
2900 4396 3004 4444 alta
3025 4393 3251 4460 superbis
3278 4392 3431 4447 Mane
3451 4395 3777 4450 salutantum

2203 4462 2320 4515 totis
2349 4464 2499 4515 vomit
2524 4464 2715 4515 (edibus
2737 4462 2946 4514 undam.
2974 4463 3062 4514 Sic
3092 4466 3181 4514 lux
3206 4465 3406 4514 evomit.

2274 4532 2397 4584 854.
2423 4532 2677 4586 Weitzius
2705 4532 2891 4585 scribit
2918 4533 3208 4584 chrisolitus
3234 4572 3247 4590 .
3287 4534 3407 4599 quia
3456 4532 3526 4585 ita
3569 4535 3777 4599 reperit

2205 4602 2255 4654 in
2278 4601 2477 4657 Widin.
2509 4601 2611 4655 Sed
2645 4616 2820 4655 nonne
2843 4601 3033 4654 luisset
3062 4601 3249 4653 melius
3273 4601 3621 4670 chrysolithus
3649 4619 3777 4657 cum

2203 4671 2445 4723 cineris?

2275 4741 2399 4793 853'.
2425 4739 2711 4793 Corrector
2736 4737 3119 4791 audacissimus
3145 4740 3193 4791 in
3228 4738 3590 4800 ltat.,alirasis
3622 4743 3777 4807 prio-

2204 4809 2374 4872 ribus,
2405 4810 2676 4861 substituit
2708 4821 2754 4859 et
2802 4807 3069 4875 beryllum,
3118 4825 3183 4860 ne
3219 4808 3386 4874 prima
3431 4809 3479 4860 in
3524 4810 3780 4876 beryllum

2204 4878 2582 4943 corriperetnr.
2619 4877 2747 4929 Eam
2772 4878 3027 4940 corripuit
3051 4878 3394 4947 Fortunatus,
3422 4890 3472 4927 et
3517 4877 3780 4947 Fridego-

2206 4942 2380 5000 (Insin
2415 4947 2527 5000 Vita
2551 4948 2609 5001 S.
2654 4947 2897 4999 Wililridi
2938 4961 3082 5000 num.
3126 4948 3211 5010 46,
3253 4942 3495 4999 Protinus
3545 4942 3780 5006 admisso

2128 5001 2181 5060 D
2206 5018 2379 5069 micuit
2410 5028 2676 5084 syntagma
2700 5016 2913 5084 beryllo.

2278 5087 2402 5138 856.
2433 5075 2608 5146 Ii‘uld‘i.
2652 5075 2809 5147 PaL:
2840 5075 3201 5149 variarat'pro
3238 5086 3484 5138 variabat.
3524 5084 3781 5139 Heinsius

2206 5155 2371 5207 edidit
2400 5155 2638 5213 variaret,
2664 5154 2756 5206 sed
2784 5158 2953 5206 varias
2979 5154 3231 5207 lectiones
3258 5170 3361 5205 non
3392 5156 3685 5216 adnotavit,
3724 5167 3782 5209 ut

2206 5224 2361 5287 solet,
2392 5238 2511 5275 cum
2541 5238 2568 5274 a
2594 5234 2723 5275 vett.
2757 5223 2877 5276 edd.
2914 5224 3133 5276 recedit.
3166 5224 3433 5275 Ileinsinm
3457 5223 3781 5277 Cliainillar-

2207 5292 2327 5356 dus,
2359 5303 2410 5345 et
2443 5292 2657 5345 Teolins
2684 5294 2849 5345 secuti
2883 5302 3035 5354 sunt;
3077 5294 3336 5346 Cellarius
3372 5304 3427 5346 et
3464 5293 3783 5346 Gallandius

2207 5366 2555 5415 resumerunt
2578 5362 2825 5413 variabat.
3198 5378 3201 5381 '

2279 5430 2403 5483 857.
2432 5431 2829 5484 Ratisbonensis
2851 5439 3125 5484 eorrector
3145 5430 3212 5482 de
3238 5445 3345 5495 quo
3366 5445 3553 5497 nuper.
3585 5430 3783 5484 iterum

2208 5498 2469 5552 inscitiam
2502 5514 2652 5552 suam
2672 5500 2849 5568 prodit
2877 5498 3163 5552 Chalcedon
3195 5500 3339 5551 hebes
3363 5499 3478 5551 hinc
3508 5501 3785 5565 perfundi-

2208 5578 2305 5621 tur.
2347 5569 2560 5632 Weitz.,
2589 5570 2771 5633 scripti
2805 5569 3095 5634 IIeinsiani,
3131 5570 3268 5632 PaL.
3301 5569 3483 5625 Alex..
3526 5569 3609 5619 hic
3638 5568 3783 5620 chal-

2206 5639 2382 5690 cedon.
2420 5638 2562 5701 Ald.,
2593 5638 2731 5699 Gis..
2774 5638 2932 5705 Man,
2967 5638 3111 5704 Rau,
3145 5638 3358 5700 Vienn.,
3404 5638 3521 5690 Vat.
3552 5637 3610 5697 ιε’,
3641 5638 3783 5689 Call.

2206 5717 2257 5760 et
2284 5708 2391 5766 alii.
2409 5709 2523 5759 hinc
2544 5707 2839 5761 chalcedon.
2868 5708 2939 5761 De
2962 5708 3410 5770 hisgemmisvide
3436 5707 3783 5769 interpretes.
