3960 6312
192 293 281 359 39
1591 293 2071 350 mrocuaauu.
2952 333 2957 341 -
3394 306 3465 362 90

360 408 614 465 .leeste
648 405 918 476 ingenium
952 414 1073 473 post
1098 406 1286 473 gaudia
1316 405 1539 459 candida
1573 414 1711 459 telro

378 500 622 556 Cessisse
634 497 927 552 stomacho!
946 498 1150 552 fervent
1168 498 1304 553 bella
1323 496 1559 564 horrida,
1575 498 1783 551 fervent

377 592 603 645 Ossibus
633 589 834 643 inclusa
860 606 871 640 :
899 588 1077 642 fremit
1103 598 1156 642 et
1185 587 1520 642 discordibus
1549 587 1713 641 armis

379 681 548 753 664
589 681 705 735 Νοη
750 680 976 750 simplex
1025 691 1213 733 natura
1255 678 1666 733 hominisznam
1696 678 1783 733 vi-

1385 770 1555 841 [scera
1586 769 1714 823 limo

203 866 311 923 905
385 866 630 935 Efﬁgiata
663 870 912 930 premunt
942 863 1176 914 animum
1204 877 1216 913 :
1243 870 1424 915 contra
1457 862 1563 925 ille,
1588 874 1783 915 sereno

382 955 569 1009 Editus
599 953 799 1019 alllatu,
835 951 1094 1020 nigrantis
1126 965 1342 1004 carcere
1370 951 1547 1005 cordis

382 1046 618 1113 Estuat,
653 1057 704 1099 et
734 1043 922 1099 sordes
953 1053 1095 1097 arcta
1130 1044 1268 1098 inter
1296 1044 1465 1097 vincla
1493 1051 1725 1098 recusat.

1808 411 1858 468 Α

2067 406 2355 477 Spiritibus
2383 418 2618 479 pugnant
2644 411 2804 465 variis
2830 411 2940 476 lux,
2966 418 3125 480 atque
3154 414 3409 471 tenebrae.

2070 500 2443 570 Distantesque
2474 502 2671 556 animat
2698 503 2892 572 duplex
2916 504 3211 558 substantia
3240 505 3414 560 vires:

1864 590 1995 645 910
2070 590 2249 646 Donec
2278 592 2527 661 prmsidio
2552 593 2795 648 Christus
2827 595 2967 648 Deus
2994 596 3151 655 adsit.
3184 608 3238 652 et
3278 612 3465 653 omnes

2067 683 2331 737 Virtutum
2362 699 2600 753 gemmas
2628 696 2915 751 componat
2941 687 3069 741 sede
3100 688 3261 756 piata.

2071 773 2260 839 Atque,
2289 773 2376 826 ubi
2406 785 2682 839 peccatum
2711 785 3051 841 regnaverat,
3088 791 3250 832 aurea
3284 778 3466 845 templi

2069 860 2213 915 Atria
2241 864 2592 925 constituens,
2623 872 2767 918 texat
2789 865 3115 933 spectamine
3139 880 3346 919 morum

2067 953 2391 1010 Ornamenta
2422 955 2644 1008 animae:
2665 956 2852 1024 quibus
2874 956 3138 1010 oblectata
3161 940 3359 1011 decoro

1894 1045 1999 1101 915
2071 1046 2351 1101 IEternum
2379 1049 2513 1102 solio
2538 1048 2687 1104 dives
2715 1048 2981 1117 Sapientia
3014 1058 3213 1118 regnet.

1552 1151 1835 1207 GLUSSE
1877 1153 2212 1211 VETERES.

272 1248 400 1302 902.
425 1246 593 1306 Bella,
623 1246 864 1298 virtutum
891 1254 937 1296 et
964 1244 1221 1306 vitiorum,
1256 1243 1361 1296 lso.

271 1319 403 1372 905.
427 1316 669 1379 Ossibus,
697 1314 953 1376 humanis,
988 1313 1028 1366 Ι.

274 1387 407 1440 906.
430 1386 639 1447 Editus,
665 1385 878 1438 emissus
907 1384 982 1436 vel
1010 1383 1175 1450 [actus
1191 1398 1209 1444 ;
1248 1382 1454 1451 spiritus
1475 1381 1789 1435 hominis.—

202 1457 419 1517 Curdis,
444 1459 635 1517 carnis,
666 1455 704 1507 Ι.

276 1526 404 1581 908.
431 1526 564 1588 Lux,
593 1534 751 1592 atque
783 1522 1037 1583 tenebrae,
1066 1521 1274 1592 spiritus
1292 1529 1337 1573 et
1365 1522 1511 1585 vitia,
1531 1522 1571 1574 l.

278 1596 402 1649 910.
433 1590 706 1658 Ρτξεείάίό,
732 1595 800 1644 ad
821 1592 1138 1661 prwsidium,
1171 1590 1215 1643 1.·

276 1664 403 1720 912.
428 1666 551 1727 Ubi,
578 1665 745 1729 prius,
774 1663 813 1715 Ι.

164 1788 171 1795 ,
278 1735 357 1789 De
387 1735 455 1788 η
485 1734 766 1801 lapidibus.
810 1762 860 1771 —
892 1729 956 1783 In
989 1730 1200 1799 jaspide
1235 1746 1356 1801 ergo
1386 1731 1505 1796 fidet
1531 1731 1786 1793 uiriditas,

202 1807 258 1858 in
281 1800 892 1874 sapphirospeictelestis
912 1800 1220 1874 altit_udo,in
1249 1800 1552 1874 chalcedanc
1582 1802 1791 1874 ﬂamma

201 1866 470 1928 charitiitis
493 1866 706 1926 interna:
727 1866 994 1940 ﬁguratur.
1010 1869 1075 1921 In
1092 1872 1363 1937 smaragdo
1389 1880 1558 1923 autem
1571 1866 1797 1935 ejusdem

201 1946 329 2009 fidei
361 1945 508 2011 fortis
528 1945 658 1995 inter
695 1943 905 1994 adversa
927 1940 1196 2009 confessio,
1224 1941 1276 1993 in
1302 1944 1571 1994 sardom‘co
1596 1951 1799 1994 sancta-

201 2030 323 2066 rum
339 2015 468 2067 inter
494 2016 702 2067 virtutes
716 2012 995 2073 humilitas,
1011 2013 1065 2063 in
1082 2011 1255 2063 sardio
1276 2012 1577 2063 reverendus
1608 2019 1800 2079 marty-

1892 1246 2173 1320 miracula,
2208 1248 2260 1300 in
2294 1248 2486 1317 berylla
2522 1249 2907 1318 pradicantium
2940 1252 3165 1319 perfecta
3204 1250 3431 1320 operatio
3452 1292 3466 1311 ,

1892 1318 1944 1389 in
1974 1320 2175 1389 tapasio
2205 1320 2495 1389 earumdem
2538 1321 2722 1372 ardens
2748 1319 3106 1389 contemplatio
3133 1318 3467 1372 monstratur.

1895 1384 2060 1438 Porro
2088 1388 2138 1438 in
2168 1388 2508 1456 chrysOpraso
2532 1389 2791 1441 beatorum
2819 1384 3101 1457 martyrum
3129 1406 3254 1457 opus
3282 1390 3469 1457 pariter

1894 1464 1939 1507 et
1962 1457 2223 1529 praemium
2254 1499 2268 1521 ,
2315 1459 2367 1509 in
2409 1458 2681 1529 hyacintho
2712 1461 2979 1511 doctarum
3019 1460 3229 1529 ccelestis
3270 1460 3334 1511 ad
3362 1458 3471 1510 alta

1894 1524 2170 1577 sublevatio
2199 1536 2245 1578 et
2286 1536 2491 1592 propter
2535 1524 2764 1593 infirmas
2794 1529 2997 1580 humilis
3036 1528 3103 1579 ad
3141 1529 3363 1580 humana
3394 1529 3471 1577 di-

1891 1594 2103 1667 scensia,
2128 1597 2181 1647 in
2206 1597 2471 1667 amethisto
2492 1598 2705 1650 caelestis
2732 1614 2933 1667 semper
2952 1599 3092 1666 regni
3123 1601 3172 1647 in
3198 1597 3469 1667 humilium

1823 1685 1871 1744 Β
1896 1656 2339 1744 animonmemaria
2370 1666 2687 1744 designatur.
2715 1656 3234 1744 Singitligue'lapides
3266 1666 3472 1734 pretiosi

1897 1733 2113 1805 singulis
2154 1744 2270 1787 sunt
2314 1733 2656 1805 fundamentis
2699 1738 2960 1803 deputati;
3010 1733 3100 1805 qui
3144 1733 3270 1789 licet
3302 1753 3473 1789 omnis

1898 1804 2131 1871 perfecti,
2157 1805 2337 1871 quibus
2366 1806 2538 1857 civitas
2579 1803 2673 1858 Dei
2700 1807 2861 1857 nostri
2888 1807 2939 1858 in
2964 1803 3131 1857 monte
3163 1817 3338 1858 sancta
3365 1806 3473 1869 ejus

1899 1882 2112 1925 ornatur
2153 1884 2302 1943 atque
2344 1875 2625 1942 fundatur,
2677 1875 2926 1941 spiritalis
2982 1876 3158 1943 gratia:
3200 1885 3315 1928 sunt
3364 1876 3473 1933 luce

1902 1943 2149 2011 fulgentes
2173 1960 2191 1996 :
2213 1944 2303 1996 alii
2330 1957 2493 2000 tamen
2523 1960 2610 2010 per
2636 1945 2871 2012 spiritum
2895 1944 3047 1997 datur
3073 1961 3240 1997 sermo
3270 1944 3470 2009 sapien-

1901 2014 2005 2075 tiw,
2030 2014 2121 2065 alii
2145 2029 2310 2067 sermo
2338 2014 2579 2077 scientiae,
2613 2015 2702 2067 alii
2726 2014 2890 2083 gratia
2919 2016 3226 2078 sanitatum,
3270 2014 3359 2083 alii
3380 2028 3453 2081 rge-

200 2099 317 2136 rum
347 2100 500 2136 cruor
521 2084 840 2152 exprimitur.
870 2080 936 2134 In
959 2080 1270 2149 cltrysolitlto
1290 2096 1388 2134 vos;
1405 2080 1650 2149 spiritalis
1672 2082 1800 2133 inter
1902 2097 2023 2134 nera
2053 2083 2368 2151 linguarum,
2400 2084 2489 2138 alii
2516 2083 2642 2151 ﬁdes
2662 2080 2917 2137 in'eodem
2948 2084 3151 2153 spiritu,
3177 2092 3307 2147 etc.,
3334 2080 3437 2136 lso.

1608 2189 2172 2249 COMMENTARIUS.

279 2292 405 2345 901.
430 2287 687 2343 Weitzius
711 2301 743 2342 e
764 2285 1108 2341 ms.Piccarti
1135 2293 1284 2340 notat
1305 2296 1417 2355 post
1446 2285 1639 2353 gaudia
1665 2301 1762 2336 can

201 2361 335 2413 dida
364 2368 519 2411 retro.

279 2429 405 2484 902.
431 2428 553 2480 Ald.
583 2434 637 2481 et
661 2426 901 2480 nonnulli
934 2425 1129 2494 vulgati
1157 2439 1276 2479 cum
1306 2425 1448 2479 Picc.
1467 2463 1481 2485 ,
1527 2424 1734 2477 cessisse
1761 2438 1789 2473 e

200 2499 493 2554 stomacho.
534 2497 670 2550 Vera
719 2497 877 2549 lectio
923 2504 1006 2548 est
1055 2497 1264 2547 cessisse
1302 2496 1586 2558 stomacho,
1616 2505 1789 2562 neque

204 2570 379 2623 ullum
405 2567 644 2621 codicem
679 2565 1081 2619 dissentientem
1114 2566 1430 2631 reperimus.

281 2639 409 2691 905.
436 2637 607 2690 Simili
638 2637 844 2689 ratione
872 2635 1021 2699 Ald.,
1063 2634 1291 2688 Giselin.
1328 2644 1384 2688 et
1410 2633 1529 2696 alii,
1551 2634 1744 2689 ossibus
1767 2676 1784 2700 ,

200 2718 363 2772 atque
390 2704 589 2757 inclusa
621 2706 812 2771 fremit.
851 2704 1144 2771 lleiusiani,
1181 2705 1317 2767 Erl.,
1357 2704 1531 2766 Egni.,
1562 2702 1785 2770 Widm.,

203 2777 323 2830 Pal.
340 2817 355 2839 ,
379 2774 696 2838 Mar..Rat.,
714 2774 874 2841 Ang.,
892 2777 1066 2837 Alex.,
1091 2774 1227 2827 Vatt.
1249 2774 1309 2836 F,
1329 2773 1393 2830 G.
1412 2773 1476 2830 ll.
1499 2773 1558 2835 L,
1582 2774 1789 2827 Ossibus

200 2845 412 2899 inclusa
447 2860 464 2896 :
505 2846 673 2911 fremit
702 2854 749 2895 et
773 2844 1091 2896 discordibus
1130 2844 1308 2897 armis.
1349 2843 1501 2896 Fuld.
1538 2850 1585 2895 et
1621 2844 1788 2897 Palat.

202 2916 569 2982 distinguunt,
590 2913 929 2973 0ssibus,incl
935 2930 1025 2965 usa
1045 2914 1211 2980 fremit
1222 2924 1269 2966 et
1284 2911 1600 2982 discordib_us
1612 2916 1788 2965 armis.

280 2980 409 3040 9051
438 2983 510 3037 De
550 2988 713 3036 vc-rbo
754 2984 915 3052 cﬂigio
961 2984 1081 3052 vide
1126 2983 1378 3052 hymnum
1425 2983 1490 3035 l0
1516 2980 1784 3044 Cathem..

202 3069 353 3109 vers.
398 3055 453 3118 4,
491 3054 633 3106 circa
660 3051 961 3121 exsequias.
999 3051 1142 3118 Put.,
1178 3052 1523 3113 animant,cui
1552 3054 1793 3107 adhaeret

204 3123 335 3178 Vat.
352 3124 414 3177 C.
446 3123 571 3188 Alii,
593 3124 837 3175 animum.
1342 3134 1345 3135 '

278 3195 407 3247 906.
431 3192 593 3260 Aug..
615 3194 770 3257 male,
787 3192 1032 3262 nigrantis
1060 3193 1113 3243 in
1141 3206 1340 3243 carcere
1367 3190 1555 3244 cordis.
1588 3189 1785 3255 Vat.C,

1898 2286 2115 2353 nigranti
2126 2301 2341 2356 carcere
2371 2287 2557 2340 cordis.
2578 2287 2704 2351 Alii,
2726 2288 2975 2356 nigrantis
3003 2302 3203 2340 carcere
3232 2287 3420 2349 cordis.

1967 2356 2072 2409 909
2124 2354 2261 2417 Erf.,
2286 2356 2529 2409 distantes
2561 2358 2753 2410 animo.
2782 2354 2845 2410 'ln
2875 2358 3011 2410 Vatt.
3046 2357 3106 2419 L,
3138 2358 3203 2421 0,
3228 2356 3473 2409 distantes

1896 2426 2112 2477 animat.
2155 2425 2210 2477 ln
2253 2426 2373 2480 Vat.
2410 2426 2453 2479 D
2481 2435 2565 2479 est
2596 2428 2745 2480 locus
2775 2441 2974 2480 vacuus
3003 2426 3209 2479 duobus
3236 2424 3474 2479 versibus

1899 2505 2017 2561 post
2050 2494 2189 2547 hunc
2216 2494 2470 2557 idoneus;
2516 2505 2626 2549 tum
2659 2498 2900 2564 sequitur
2938 2495 3117 2548 Donec
3146 2495 3405 2559 praesidia.

1966 2564 2091 2617 910.
2121 2564 2449 2628 Paschalius,
2481 2566 2547 2618 de
2582 2564 2811 2619 Coronis
2834 2579 2952 2633 pag.
2988 2565 3112 2627 124,
3142 2566 3234 2619 lib.
3268 2580 3325 2628 ιι,
3354 2579 3471 2631 cap.

1898 2633 1985 2704 ts,
2032 2634 2279 2702 intelligit
2303 2634 2465 2689 ﬂores
2494 2636 2719 2704 mystico
2754 2649 2917 2689 sensu
2961 2649 3081 2689 esse
3112 2634 3209 2688 has
3237 2648 3474 2703 gemmas

1896 2703 2173 2756 virtutum.

1966 2772 2091 2825 911.
2119 2773 2286 2835 Picc.,
2316 2772 2431 2826 Gis.
2455 2772 2521 2825 ad
2553 2788 2724 2834 oram,
2748 2773 2867 2826 sede
2895 2774 3060 2826 beata.
3083 2772 3201 2825 Vat.
3220 2772 3283 2830 Ο.
3315 2772 3473 2831 male.

1897 2842 2013 2912 sede
2041 2843 2255 2912 privata.
2276 2839 2478 2912 Confer
2505 2844 2925 2911 pulcherrimum
2958 2842 3232 2912 hymnum,
3252 2840 3474 2895 Calestis

1899 2910 2014 2963 urbs
2036 2910 2384 2964 Hierusalem.

1968 2979 2329 3050 915.1nVatt.
2366 2980 2428 3042 l“,
2460 2980 2760 3050 L,rcgnat;
2801 2981 2911 3050 alii,
2946 2979 3218 3050 regnet._lu
3248 2977 3472 3050 Marietti

1897 3048 2367 3119 codi_cc,7Explicit
2389 3050 2511 3119 liber
2534 3047 2699 3103 Prud.
2730 3052 2792 3103 de
2822 3047 3241 3119 Psychomachia.
3276 3049 3328 3119 lin
3354 3047 3468 3119 Vat.

1897 3120 1959 3179 (Ξ,
1992 3117 2218 3188 Explicit
2253 3119 2377 3173 liber
2406 3118 2705 3173 Prudentis.
2738 3121 2793 3173 In
2830 3116 2948 3174 Vat.
2989 3119 3049 3183 F,
3092 3118 3315 3182 Explicit
3350 3116 3471 3170 liber

1904 3188 2067 3240 l’rud.
2100 3190 2162 3241 de
2194 3188 2572 3243 Sichomachia.
2598 3190 2652 3243 In
2676 3189 2796 3243 Vat.
2816 3191 2878 3249 D.
2904 3189 3125 3258 Explicit
3149 3188 3294 3241 liber.

3098 3304 3458 3321 Μ

1318 3348 2336 3526 ΒΙΤΤΟΟΗᾹΞΗΜ.

1480 3721 1986 3778 'l'ESTAMENTUM
2030 3722 2269 3776 VETUS.

662 3814 819 3884 665
851 3813 901 3866 1.
935 3812 1099 3865 Αάίηι
1129 3824 1172 3865 et
1209 3809 1335 3863 Eva.

386 3905 491 3959 Eva
519 3903 759 3958 columba
788 3904 886 3956 fuit
914 3914 1021 3955 tum
1052 3902 1298 3965 candida,
1332 3901 1479 3970 nigra
1509 3901 1702 3956 deinde

2074 3811 2237 3881 666
2274 3810 2430 3863 Facta
2452 3847 2468 3874 ,
2514 3824 2608 3878 per
2639 3809 2921 3878 anguinum
2949 3800 3468 3866 ntalesuada'lraude

3091 3901 3391 3971 [venenmn,

1556 3994 1839 4050 01.055213
1884 3996 2197 4071 VETERES

278 4090 330 4144 1.
357 4089 467 4142 Era
496 4088 758 4150 columba,
791 4096 905 4139 sunt
935 4084 1322 4140 tetrasticha.-—
1337 4085 1490 4146 Tum,
1523 4086 1708 4152 prima,
1737 4086 1773 4139 I.

1594 4172 2155 4231 COMMENTARIUS.

278 4296 301 4346 1
337 4298 394 4346 et
420 4287 475 4345 2.
502 4290 612 4344 Hoc
641 4302 774 4355 opus
803 4286 970 4340 Aldus
1003 4295 1159 4339 vocat
1185 4284 1558 4350 llittaclnrum;
1598 4294 1651 4341 et
1678 4301 1782 4341 non

201 4363 363 4416 video
400 4376 497 4413 cur
536 4360 624 4411 alii
672 4358 879 4411 titulum
926 4356 1268 4416 mutaverint,
1299 4367 1352 4409 et
1380 4357 1447 4409 tle
1476 4372 1612 4408 novo
1642 4357 1787 4412 iuic.

200 4431 403 4483 niendu
462 4429 825 4497 cogitaverim.
877 4426 930 4478 In
979 4426 1133 4494 Prag.
1184 4425 1462 4492 inscriptio
1510 4436 1591 4478 est
1637 4426 1786 4479 Dicta

201 4500 480 4553 Prudentii
530 4499 723 4551 Aurelii
783 4508 799 4546 τ
857 4512 1041 4549 versus
1083 4512 1269 4547 mnnes
1315 4507 1441 4547 sunt
1485 4498 1778 4548 continuati

200 4569 409 4636 absque
431 4568 539 4621 ulla
560 4566 803 4620 titulu.lu
833 4565 984 4628 Maia,
1003 4564 1262 4633 Incipiunt
1291 4564 1425 4636 tituli
1454 4564 1780 4636 historiarum

200 4654 298 4703 per
326 4634 494 4690 Adam
522 4647 567 4688 et
596 4638 759 4689 Adam
804 4636 821 4698 (
847 4635 1123 4702 legendum
1166 4651 1255 4703 per
1289 4635 1448 4685 Adam
1479 4643 1527 4686 et
1560 4635 1715 4687 Evam
1741 4634 1779 4702 ).

200 4706 266 4760 In
306 4708 428 4760 cod.
481 4707 597 4758 Vat.
649 4706 690 4758 A
737 4707 910 4757 nullus
959 4704 1177 4762 titulus.
1232 4712 1286 4757 et
1333 4703 1784 4771 negligentissime

201 4777 385 4829 omnia
417 4776 636 4839 scripta.
669 4775 720 4825 ln
747 4774 865 4825 Vat.
894 4774 950 4834 Β,
973 4773 1133 4824 Tituli
1155 4773 1479 4825 historiarum
1511 4790 1599 4839 per
1620 4774 1786 4825 Adam

202 4856 258 4898 et
290 4846 486 4906 Eram;
528 4846 595 4896 ita
622 4844 780 4895 etiam
811 4844 861 4895 in
895 4843 1011 4895 Rat.
1048 4841 1102 4894 In
1134 4844 1316 4903 Μαι,
1350 4840 1606 4910 Incipiant
1647 4843 1785 4894 tituli

204 4915 572 4974 historiarum;
611 4912 676 4965 ad
738 4914 1026 4977 marginem
1076 4912 1386 4969 charai'tere
1435 4911 1597 4962 veteri
1626 4952 1639 4971 ,
1689 4912 1782 4962 scd

205 4984 506 5042 Ininuliori,
536 4981 637 5033 Iste
665 4982 787 5033 liber
815 4980 1121 5032 Dirochenm
1157 4988 1385 5040 uocatur,
1420 4979 1472 5029 id
1497 4989 1566 5029 est
1594 4980 1785 5047 duplex

205 5054 440 5118 refectio.
484 5051 538 5103 In
576 5050 828 5104 Urbinate
871 5050 1015 5112 cod.,
1052 5047 1241 5115 Incipit
1269 5050 1393 5100 liber
1425 5047 1740 5118 illilrochens
1765 5087 1781 5108 ,

203 5117 293 5188 qui
334 5122 618 5174 continetur
656 5121 709 5171 in
752 5119 911 5171 titulis
952 5118 1299 5188 historiarum.
1335 5118 1388 5188 In
1424 5117 1536 5188 Vat.
1569 5117 1781 5188 l,_lnci_-

205 5185 355 5258 piunt
396 5191 533 5241 tituli
573 5189 902 5241 historiarum
931 5202 1020 5258 per
1057 5187 1217 5238 Adam
1253 5197 1298 5238 et
1344 5185 1471 5238 an.
1502 5186 1555 5238 In
1591 5185 1707 5239 Vat.
1740 5186 1784 5252 ρ

204 5260 402 5312 desunt
434 5260 591 5312 tituli.
620 5258 733 5311 Alia
765 5258 881 5310 vide
907 5257 1107 5323 proleg.
1140 5273 1257 5314 cap.
1292 5258 1343 5320 5,
1372 5259 1400 5308 4
1433 5266 1485 5307 et
1516 5258 1687 5322 5,.ubi
1717 5258 1783 5307 de

1896 4286 2085 4352 priscis
2116 4297 2305 4353 poetm,
2331 4286 2464 4339 alius
2497 4301 2615 4338 cum
2642 4284 2902 4340 Sicliardo
2928 4285 3298 4352 Sedulio,quia
3324 4288 3470 4341 scili-

1893 4366 1978 4411 cet
2017 4356 2211 4408 cultius
2252 4355 2351 4408 hoc
2392 4370 2577 4423 poema
2621 4366 2702 4408 est
2737 4357 2945 4409 cmteris
2976 4357 3298 4410 carminibus
3337 4358 3470 4411 Pru-

1892 4425 2079 4480 dentii.
2117 4430 2253 4478 Ante
2283 4424 2697 4478 Chamillardum
2737 4424 3009 4493 Philippus
3038 4426 3283 4480 Labbeus
3322 4442 3469 4482 asse-

1893 4503 2089 4550 rtterat.
2120 4496 2219 4547 hoc
2247 4509 2464 4547 carmen
2492 4495 2700 4547 cii-teris
2728 4493 2997 4548 Prudentii
3034 4496 3469 4557 prastare,ideo-

1890 4580 1993 4631 que
2052 4564 2339 4617 Prudentia
2384 4580 2410 4615 a
2466 4564 2643 4615 multis
2686 4562 2996 4628 abjudicari.
3049 4561 3189 4615 Idem
3233 4563 3469 4620 alﬁrmat

1892 4633 2139 4687 Baillelus
2170 4636 2219 4684 in
2252 4631 2475 4684 ludii-iis
2508 4633 2817 4697 Sapientum
2866 4632 2933 4684 de
2966 4631 3271 4685 Prudentia.
3302 4634 3465 4689 Aldus

1891 4704 1943 4755 in
1977 4705 2089 4754 Vita
2128 4702 2399 4772 Prudentii
2452 4701 2780 4772 contrarium
2834 4710 3057 4772 testatur
3092 4716 3105 4751 :
3141 4707 3465 4772 Δεττοχαὶον,

1890 4774 2081 4840 duplex
2109 4772 2267 4831 cibus,
2306 4770 2473 4840 διττὸς
2503 4769 2717 4836 duplex,
2759 4778 2815 4840 et
2835 4770 3137 4840 apicibus.
3170 4769 3468 4823 Sunt'enim

1891 4835 2025 4894 Muli
2073 4842 2402 4892 historiarum
2433 4835 2623 4892 Veteris
2667 4848 2713 4888 et
2765 4835 2903 4890 Noui
2948 4838 3268 4899 Testamenti,
3318 4850 3467 4906 atque

1890 4912 2006 4962 hinc
2038 4919 2158 4979 puta
2188 4907 2793 4979 Dittocha’um,_ltocest,
2813 4907 3066 4979 duplicem
3095 4908 3260 4959 cibum
3287 4912 3467 4974 appel-

1891 4976 2053 5031 latum
2098 4978 2235 5031 hunc
2266 4979 2451 5031 librum
2478 4996 2506 5028 (ι
2542 4976 2847 5028 Prudentia.
2870 4978 2975 5029 Sed
2995 4979 3235 5041 quoniam
3265 4996 3363 5032 non
3394 4980 3467 5030 sic

1889 5050 2116 5101 excultus
2162 5058 2232 5100 est
2274 5057 2319 5101 et
2360 5047 2646 5099 elaboratus
2686 5046 2768 5097 hic
2805 5046 2948 5116 liber,
2986 5056 3037 5098 nt
3068 5048 3235 5099 ueteri
3264 5067 3293 5100 α
3322 5058 3467 5116 poeta

1888 5117 2186 5186 compositi,
2233 5126 2351 5168 sunt
2402 5117 2488 5180 qui
2529 5132 2627 5168 non
2667 5132 2774 5169 esse
2820 5114 3086 5169 Prudentii
3128 5114 3329 5169 dicunt.
3359 5117 3465 5185 ligo

1885 5202 1999 5238 vero
2023 5189 2189 5253 ipsum
2217 5204 2248 5238 a
2275 5187 2465 5239 ctcteris
2490 5201 2728 5244 separare
2749 5201 2851 5237 non
2878 5204 2991 5238 sum
3014 5202 3189 5249 ansas,
3214 5198 3318 5238 tant
3346 5190 3465 5250 quia

1890 5254 2215 5307 Gennadium
2241 5297 2255 5317 ,
2300 5257 2383 5322 qui
2432 5264 2539 5318 post
2583 5256 2751 5306 divum
2784 5253 3151 5323 Hieronymum
3180 5256 3378 5323 scripsit
3402 5256 3465 5307 de

208 5332 463 5394 operibus
516 5327 1027 5399 Prudentii_agitur.
1076 5327 1130 5399 lu
1178 5325 1306 5399 Mar.
1348 5327 1571 5399 ponitur
1618 5325 1779 5399 Ditta-
1811 5340 1863 5399 D
1890 5326 2008 5399 viris
2035 5325 2319 5399 illustribus
2345 5365 2357 5383 ,
2407 5323 2809 5399 Dittaclia’uma
2832 5323 3109 5399 Prudentia
3131 5328 3464 5399 compositum

207 5400 407 5449 clavum
454 5407 570 5463 post
612 5397 765 5448 odent
798 5393 1037 5445 Immolat
1070 5393 1175 5445 Deo
1213 5393 1377 5457 l’atri,
1421 5412 1538 5459 quze
1566 5405 1646 5449 est
1670 5395 1781 5460 epi-

206 5467 359 5531 logus
388 5468 439 5517 in
470 5467 601 5518 Αηιο
629 5475 680 5516 et
710 5467 759 5515 in
791 5474 969 5516 nostra
1001 5464 1254 5517 editione.
1285 5466 1336 5516 In
1367 5464 1481 5516 Vat.
1510 5466 1546 5516 ll
1572 5466 1781 5530 punitur

206 5546 334 5601 post
372 5537 564 5587 libi-um
595 5534 1040 5599 l’eristephanwn.
1070 5533 1461 5587 Chamillardus
1499 5550 1617 5587 cum
1662 5536 1778 5586 aliis

205 5602 543 5667 Enchiridion
584 5602 852 5668 inscribit,
902 5610 953 5653 et
1006 5602 1155 5655 addit
1204 5604 1487 5657 nonnullos
1523 5620 1641 5656 cum
1683 5605 1778 5657 Fa-

207 5671 380 5728 bricio
411 5671 509 5725 hoc
535 5669 832 5736 poemation
864 5670 1098 5726 tribuere
1120 5672 1344 5727 Alumna
1375 5674 1579 5727 cuidam
1606 5677 1780 5739 ignoto

1889 5394 2054 5455 dicit,
2087 5405 2192 5446 tum
2236 5395 2383 5446 etiam
2412 5393 2529 5460 quia
2570 5394 2621 5444 in
2669 5394 3020 5459 antiquissima
3061 5394 3232 5446 codice
3272 5396 3462 5446 ca’teris

1895 5462 2161 5517 Prudentii
2206 5462 2438 5530 aperibus
2481 5467 2699 5513 insertus
2729 5471 2773 5513 et
2809 5462 2887 5513 hic
2916 5472 3020 5513 erat
3050 5461 3268 5525 libellus,
3293 5473 3338 5515 ct
3370 5479 3462 5529 pro

1892 5536 2251 5588 Dnrocrucuu
2275 5574 2289 5595 ,
2324 5533 2682 5584 Dinnocuzun
2713 5531 2920 5592 titulus,
2948 5532 3248 5596 scriptorum
3277 5532 3459 5598 culpa,

1888 5608 2024 5673 quod
2054 5604 2272 5673 coniicio
2300 5603 2490 5673 facile,
2536 5603 2654 5669 quia
2680 5603 3057 5667 interpretatum
3086 5600 3209 5653 inibi
3234 5610 3305 5653 est
3330 5602 3464 5655 anti-

1890 5672 2153 5738 quissimis
2185 5672 2580 5733 charactcribus,
2622 5687 2817 5725 utrius
2853 5685 3109 5724 Mil-‘LLTIO
3136 5687 3224 5735 pro
3256 5686 3458 5726 ῡυριωί
