3960 6312
509 320 568 377 91
1578 319 1852 374 AURELII
1890 319 2256 374 PRUDENTII
2298 321 2618 375 CARMINA.
3711 322 3774 373 9!

682 430 841 502 667
868 430 1045 484 Tinxit
1083 441 1136 483 et
1172 429 1453 483 innocuum
1484 427 1704 481 maculis
1730 428 2073 481 sordentibus
2105 437 2153 491 Α

1798 520 2010 589 [ΛιΙτιιιι.

692 616 790 668 Dat
820 614 973 667 nudis
1006 614 1193 666 ficulna
1224 613 1388 666 draco
1416 627 1536 664 mox
1566 613 1797 681 tegmina
1831 612 2016 665 victor.

1068 703 1122 756 2.
1155 703 1279 757 Abel
1310 714 1355 756 et
1385 704 1532 757 Cain.

514 798 546 850 5
690 795 935 849 Fratrum
966 810 1119 850 sacra
1154 795 1291 850 Deus
1321 806 1450 849 nutu
1480 795 1711 849 distante
1736 795 1963 849 duorum

2364 430 2640 493 Estimat,
2692 426 2962 495 accipiens
3019 428 3169 491 viva,
3228 437 3282 481 et
3351 438 3556 482 terrena
3618 429 3761 482 retu-

3540 520 3700 588 [ta-is.

2368 615 2615 666 Rusticus
2646 612 2841 666 invidia
2870 620 3145 681 pastorem
3176 612 3390 665 sternit.
3418 610 3475 663 In
3504 612 3630 664 Abel

2370 705 2560 763 Forma
2592 707 2785 760 anima:
2814 704 3131 776 exprimitur
3157 722 3173 759 :
3201 718 3329 759 caro
3364 712 3546 757 nostra
3575 704 3624 756 in
3655 719 3767 755 mu-

3376 793 3529 865 [nere
3549 791 3697 847 Cain.

1804 885 2091 941 GLOSSA‘Z
2137 886 2475 941 VETERES.

579 982 633 1035 5.
665 981 869 1044 Tinxit,
901 980 1096 1049 infecit.
1122 1008 1191 1018 —
1218 970 1454 1041 Macnlis,
1490 978 1726 1045 peccatis,
1760 978 1805 1032 Ι.

580 1056 637 1104 4.
670 1051 948 1118 Tegmina,
977 1049 1107 1103 alias
1137 1049 1478 1118 perizomnta,
1507 1050 1546 1100 I.

584 1122 638 1174 5.
669 1119 809 1176 Nutu
839 1120 1089 1182 distante,
1123 1119 1387 1171 discretiva
1416 1126 1683 1188 potestate,
1708 1118 1748 1170 1.

2267 982 2319 1032 6.
2356 980 2627 1042 Itel'utans,
2655 996 2915 1049 respuens,
2941 980 2981 1034 Ι.

2269 1052 2321 1103 7.
2353 1052 2407 1104 ln
2435 1052 2595 1115 Abel,
2621 1051 2898 1115 moraliter,
2926 1051 2965 1104 I.

1851 1203 2410 1262 COMMENTARIUS.

514 1344 679 1385 CIBUS.
729 1328 804 1379 De
848 1325 947 1379 hoc
993 1325 1147 1378 titulo
1196 1322 1571 1391 antiquissimo
1622 1322 1675 1375 in
1704 1319 1863 1374 codd.
1910 1330 1965 1372 et
1999 1319 2082 1371 in-

515 1398 896 1466 terpretatione
931 1394 1066 1466 _vide
1114 1394 1317 1466 proleg.
1346 1432 1361 1457 ,
1413 1393 1728 1466 prmsertim
1752 1400 1862 1443 toto
1890 1391 2085 1466 “capite

514 1460 726 1529 quarto.
759 1464 1008 1519 Heinsius
1052 1460 1127 1516 ex'
1165 1460 1285 1516 suis
1328 1470 1478 1514 notat
1520 1477 1533 1511 :
1577 1462 1629 1513 lu
1682 1460 1854 1524 glossa
1882 1460 2083 1524 Uxou.,

518 1537 625 1591 Iste
652 1537 776 1590 liber
806 1536 1011 1599 proprie
1037 1532 1363 1585 Dirae/neum
1402 1540 1648 1583 vocatur:
1675 1534 1723 1580 in
1766 1530 1979 1599 Oxonio
2003 1530 2084 1579 al-

514 1617 632 1660 tero
660 1596 845 1660 codice
866 1645 881 1668 ,
901 1596 1182 1672 'Incipiunt
1210 1602 1351 1672 tituli
1370 1601 1698 1672 historiarum
1721 1597 1915 1650 Aurelii
1947 1596 2082 1672 Pru-

516 1677 674 1728 dentii
707 1666 1062 1740 Hispaniensis
1087 1713 1101 1733 ,
1146 1672 1279 1737 quod
1321 1668 1626 1740 Diroclieum
1652 1668 1716 1719 de
1745 1677 1960 1740 iitroque
1986 1666 2084 1719 Te-

517 1754 764 1797 stamento
801 1738 1027 1795 uocatur.
1078 1743 1133 1795 In
1160 1740 1364 1794 'l‘huan.
1418 1738 1516 1792 sub
1557 1739 1708 1790 titulo
1734 1738 2080 1789 Historiarum

517 1782 713 1868 'citatiir
764 1813 913 1865 initio
940 1815 1148 1879 operis,
1193 1812 1281 1864 ubi
1322 1809 1477 1863 index
1512 1815 1811 1879 poematum
1845 1807 2083 1879 Pruden-
2119 1782 2166 1841 Β
2194 1808 2453 1879 nerit,_ut
2476 1805 2735 1879 Cellariuj
2763 1808 2990 1879 assa-ruit

518 1886 780 1937 tiannrum
816 1883 1112 1935 exhibetur.
1138 1877 1217 1935 Et
1252 1880 1351 1934 sub
1393 1878 1551 1931 ﬁnem
1595 1877 1753 1943 hujus
1798 1878 2084 1944 poematis,

519 1954 747 2019 Explicit
776 1951 931 2004 Tituli
958 1952 1305 2003 historiarum.
1339 1948 1393 2002 In
1422 1948 1648 2019 Caucln,
1684 1946 2091 2019 Tetrasticltade

525 2016 695 2074 Veteri
741 2032 786 2075 et
824 2021 968 2075 Novo
1008 2020 1348 2074 Testamento.
1395 2018 1641 2071 Heinsius
1674 2016 1964 2085 Diptyclton
2011 2018 2091 2066 iu-

521 2091 707 2145 scribit
734 2107 798 2144 ex
852 2090 1157 2155 conjectura
1188 2090 1410 2149 Gilanii,
1443 2097 1702 2154 negatque
1745 2088 1905 2139 fetum
1951 2086 2087 2155 Pru-

519 2162 687 2214 dentii
728 2174 847 2212 esse
887 2177 902 2212 :
940 2154 1032 2211 sed
1074 2160 1213 2224 quod
1254 2158 1444 2211 Aldum
1478 2158 1615 2209 idem
1645 2157 1918 2224 censuisse
1946 2154 2091 2207 at‘lir-

518 2240 663 2295 mat,
711 2228 937 2292 fallitur,
979 2240 1034 2277 ιιι
1074 2222 1139 2280 ex
1184 2228 1361 2280 verbis
1403 2228 1518 2278 Altti
1560 2234 1737 2295 patet.
1771 2222 2088 2295 Eerhuan.

521 2294 657 2352 cod.
679 2298 925 2350 lemmata
953 2296 1378 2348 tetrastichorum
1408 2294 1671 2356 expressit
1698 2294 1966 2355 Heinsius,
1984 2308 2088 2359 quo

517 2364 780 2421 vetustius
818 2365 961 2417 aliud
983 2365 1253 2432 exemplar
1284 2380 1387 2417 non
1420 2365 1643 2416 viderat.
1677 2362 1966 2415 Sichardus
1992 2362 2086 2427 ait,

520 2453 579 2489 se
631 2435 1030 2502 inscriptionem
1064 2436 1325 2499 vulgatam
1377 2434 1532 2497 hujus
1573 2432 1689 2484 lbri
1723 2443 1981 2502 mutasse,
2012 2434 2092 2483 ni-

520 2520 644 2559 xum
674 2500 1070 2571 exemplaribus
1096 2504 1384 2565 veteribus,
1412 2516 1530 2570 qua:
1560 2518 1663 2553 non
1698 2501 1890 2553 habent
1921 2500 2088 2553 Ditte-

519 2575 737 2639 chteum,
777 2570 868 2627 sed
906 2573 1239 2625 Enchiridion
1272 2589 1288 2625 :
1321 2572 1514 2625 fatetur
1551 2570 1909 2623 vetustissima
1937 2585 2086 2637 qua:-

516 2659 622 2708 que
649 2644 970 2710 exemplaria
1003 2644 1053 2694 in
1084 2654 1155 2696 eo
1178 2643 1309 2695 inire
1341 2642 1629 2695 convenire
1656 2679 1671 2702 ,
1718 2650 1774 2691 ut
1801 2639 2089 2692 Prudentio

516 2714 823 2780 adjndic'ent
856 2714 955 2765 hoc
1000 2727 1132 2778 opus
1159 2754 1172 2773 ,
1226 2713 1318 2764 sed
1360 2712 1660 2777 suSpicatur
1713 2724 1833 2763 esse
1862 2710 2087 2780 sedulii,

516 2777 827 2836 autAmaani
860 2777 1321 2850 cujusdam,ciijus
1350 2794 1542 2833 nomen
1576 2781 1849 2850 prmtixnm
1882 2777 2087 2850 viderat

516 2853 571 2905 in
589 2863 797 2905 vetusto
819 2847 1002 2903 Codice
1022 2852 1474 2917 Argentoratensi.
1496 2850 1641 2901 llunc
1668 2848 1905 2902 codicem
1929 2847 2090 2901 fuisse

515 2921 1013 2976 WerneriWolllini
1039 2916 1498 2986 Argentoratensis
1528 2920 1689 2971 retert
1729 2918 1842 2984 ipse
1871 2916 2089 2971 Sichar-

515 2991 614 3045 dus
632 2994 682 3044 in
704 2991 1012 3059 praefatione
1037 2990 1099 3042 ad
1122 2988 1300 3042 omnia
1315 3003 1498 3059 opera.
1517 2988 1786 3041 Fabricius
1814 2997 2091 3059 nourrccte

516 3062 611 3124 ait,
644 3058 958 3116 SiChardum
1010 3061 1061 3112 in
1109 3075 1169 3111 ea
1206 3074 1325 3113 esse
1356 3058 1627 3122 opinione,
1658 3067 1713 3109 ut
1740 3071 1875 3125 opus
1898 3058 1968 3110 sit
1993 3058 2089 3111 Se~

517 3130 644 3183 dulii
687 3148 701 3183 :

518 3200 792 3255 Fabricius
816 3200 867 3252 in
887 3199 1218 3252 hazsitatioue
1244 3207 1389 3263 putat
1414 3196 1918 3263 sequendum,qund
1947 3197 2084 3248 libro

517 3270 735 3336 antiquo
785 3279 918 3322 teste
970 3271 1302 3336 probaretur,
1340 3268 1580 3331 adeoque
1616 3280 1831 3318 carmen
1862 3268 2085 3317 Amo-no

519 3338 932 3406 adjudicandum
959 3378 972 3400 ,
1006 3352 1109 3389 non
1162 3338 1287 3389 satis
1331 3336 1429 3388 sibi
1458 3344 1700 3401 constat,
1747 3350 1868 3406 nam
1894 3349 2084 3406 versus

524 3404 797 3463 Dittochwi
850 3408 1042 3472 passim
1094 3408 1271 3459 laudat
1320 3410 1419 3458 sub
1470 3406 1682 3456 nomine
1743 3404 1983 3466 Sedulii,
2033 3412 2087 3456 et

516 3477 730 3531 aliunde
759 3478 953 3528 t‘ateute
984 3476 1244 3529 Sichardo
1275 3473 1629 3527 vetustissmia
1658 3488 1881 3541 quicque
1912 3489 2084 3525 exent-

518 3546 683 3610 plaria
724 3545 1013 3599 Prudentio
1042 3545 1168 3597 illud
1200 3545 1511 3596 attribuunt.
1537 3542 1731 3596 Verum
1760 3542 2083 3609 exemplaria

516 3627 697 3669 nostra
748 3626 953 3667 vetusta
997 3615 1064 3666 ab
1104 3614 1500 3681 exemplaribus
1526 3612 1768 3665 Sichardi
1800 3612 2078 3676 dissident,

517 3700 639 3739 nam
673 3685 1009 3737 Dittoclta’um
1039 3684 1265 3745 habent,
1298 3698 1401 3735 non
1437 3682 1787 3734 Encltiridion.
1825 3683 2084 3735 Existimo

515 3756 672 3809 etiam
699 3795 715 3821 ,
758 3754 1045 3808 Prudentio
1095 3768 1285 3806 nomen
1331 3752 1525 3805 Amomi
1554 3752 1845 3805 adhaesisse
1873 3766 1935 3804 ex
1969 3754 2083 3814 ipso

514 3839 710 3891 opere,
742 3825 879 3891 quod
921 3839 1173 3876 amwnum
1206 3823 1272 3875 ab
1296 3824 1471 3887 aliquo
1496 3821 1693 3873 dit-tum
1726 3822 1899 3873 fuerit.
1938 3821 2082 3873 Wei-

514 3896 648 3947 tzins
674 3909 739 3948 es
769 3894 971 3954 codice,
997 3902 1054 3945 ut
1084 3893 1313 3957 videtur,
1335 3891 1572 3945 Goldasti
1605 3891 1952 3942 Dium-haqu
1988 3894 2083 3943 hac

513 3964 899 4029 inscriptione,
950 3972 1004 4014 et
1048 3962 1288 4014 versibus
1334 3960 1561 4026 antiquis
1607 3961 1919 4014 decitravit:
1953 3960 2085 4011 Pru-

513 4033 671 4083 dentii
692 4034 887 4084 Antazni
912 4031 1218 4099 Diptychon,
1236 4033 1335 4083 sive
1360 4030 1518 4099 Tituli
1547 4031 1871 4099 historiarum
1890 4029 2083 4083 Veteris

511 4110 560 4153 et
610 4100 743 4152 Novi
793 4098 1120 4151 il‘estamenti.
1162 4099 1420 4163 Incipiunt
1468 4098 1624 4150 Tituli
1673 4098 1790 4150 libri
1827 4101 2081 4152 manualia

512 4170 717 4222 animai.
761 4169 1012 4236 Reliquos
1045 4183 1227 4220 versus
1256 4168 1420 4220 habes
1450 4168 1500 4219 iu
1547 4169 1747 4235 proleg.
1779 4185 1925 4221 num.
1954 4169 2079 4222 2H.

511 4237 629 4291 Non
673 4237 860 4292 dubito
888 4239 1011 4303 quiti
1056 4247 1240 4290 auctor
1272 4248 1427 4291 vetus
1460 4238 1644 4289 horum
1678 4253 1926 4291 versuum
1961 4238 2082 4290 Μα-

511 4307 664 4361 nuale
709 4323 958 4359 amoenum
1007 4308 1311 4369 vocaverit,
1369 4306 1481 4358 sive
1537 4306 1726 4360 librum
1782 4312 2079 4360 manualem

510 4392 803 4431 amomum.
839 4376 1043 4441 Aliquis
1071 4376 1329 4428 intellexit
1363 4375 1602 4428 Manuale
1628 4378 1853 4437 Amtrni,
1890 4390 1940 4428 ut
1976 4376 2081 4430 Fa-

511 4456 650 4500 cetus
679 4447 893 4515 quidam
942 4456 1097 4512 poeta
1127 4461 1265 4498 nunc
1293 4445 1615 4508 nominatur,
1647 4450 1765 4512 quia
1800 4448 1847 4515 iu
1880 4450 2077 4507 primi-

512 4519 602 4585 pio
626 4514 879 4570 carminis
908 4515 1155 4581 anonymi
1186 4528 1285 4567 vox
1319 4515 1506 4583 facetus
1546 4516 1797 4568 occurrit.
1834 4514 1908 4567 Ε(
1939 4515 2078 4568 Gen-

509 4587 669 4640 nadio
693 4586 906 4657 quidem
936 4585 1163 4652 elogium
1193 4586 1417 4657 petitum
1447 4594 1528 4637 est
1550 4624 1565 4647 ,
1586 4594 1655 4657 Aut
1698 4599 1919 4657 cernere
1958 4586 2079 4639 licet

513 4653 722 4725 prolng
749 4672 865 4721 cap.
898 4658 951 4715 ⁸5,
989 4657 1074 4707 tibi
1108 4656 1290 4707 eadem
1322 4662 1445 4706 sunt
1478 4655 1647 4725 verba
1694 4653 1931 4725 Exceptis
1958 4671 2077 4723 per-

510 4723 899 4782 sonis.'Eadem
950 4724 1061 4777 fere
1108 4725 1314 4777 ratione
1361 4723 1651 4776 Enchiridii
1685 4723 1967 4790 appellatio
1996 4735 2078 4777 est

509 4800 759 4859 conticta,
793 4796 931 4859 utiod
980 4795 1114 4847 liber
1145 4794 1296 4848 facile
1328 4810 1482 4845 manu
1511 4793 1703 4861 gestari
1737 4802 1933 4857 posset,
1963 4793 2077 4847 sive

509 4874 654 4918 esset
684 4867 970 4927 manualis;
1002 4876 1195 4917 etcum
1220 4880 1290 4915 eo
1318 4865 1585 4921 lemmata,
1618 4878 1710 4915 seu
1742 4861 1875 4913 tituli
1912 4863 2075 4915 histo-

510 4935 708 4988 riarum
757 4940 1146 4997 contineantur,
1197 4934 1331 4986 tituli
1376 4933 1699 4984 historiarum
1725 4941 1808 4984 est
1833 4942 2071 4985 Vocatus.

510 5002 683 5057 Minus
711 5007 902 5057 mirum
933 5013 1013 5055 est
1040 5004 1349 5055 vocabulum
1383 5001 1806 5065 tetrastichorum,
1838 5002 1976 5065 quod
2004 5017 2068 5055 ex

509 5088 707 5137 genere
736 5074 987 5126 carminis
1018 5073 1246 5135 petitur:
1283 5072 1413 5122 solet
1445 5071 1585 5125 enim
1637 5073 1686 5122 in
1732 5070 1961 5136 antiquis
1986 5087 2077 5123 eo-

509 5144 716 5195 dicibus
761 5141 1031 5194 Prudentii
1074 5155 1240 5207 genus
1287 5145 1438 5193 metri
1482 5142 1704 5203 singulis
1748 5141 2076 5193 carminibus

508 5210 671 5281 attigi.
724 5213 776 5265 lu
824 5212 942 5264 Ital.
988 5212 1106 5263 cod.
1139 5211 1364 5281 e'ogium
1399 5210 1667 5281 Prudentii
1703 5224 1775 5281 ex;
1800 5208 2075 5263 Gennadio

508 5278 756 5344 refertur,
799 5290 853 5333 et
889 5295 1007 5333 cuin
1052 5281 1101 5331 iu
1133 5278 1406 5331 Genuadio
1447 5279 1683 5344 plerique
1712 5278 2071 5339 Dittochwnm,

506 5353 748 5422 nonnulli
785 5349 1083 5422 Dirce/reum
1126 5350 1334 5422 legant,
1364 5349 1488 5422 Ital.
1542 5348 1699 5422 habet
1726 5357 2030 5422 Zaipoxatov
2057 5390 2070 5409 ,

507 5420 685 5474 addita
733 5423 904 5487 glossa
928 5460 941 5479 ,
965 5420 1002 5470 i.
1032 5434 1075 5470 e.
1107 5417 1393 5469 manualem
1433 5417 1636 5471 librum.
1684 5417 1860 5483 Itaque
1885 5417 2074 5468 dubius

507 5489 635 5542 htesi
656 5486 975 5557 aliquandiu,
1001 5504 1065 5557 au
1091 5486 1438 5539 (gliirocltwum
1461 5502 1487 5537 ιι
1511 5488 1794 5539 I’rudentio
1815 5490 2070 5557 scriptum

506 5555 777 5612 crederem
814 5576 826 5608 :
870 5558 961 5611 sed
998 5555 1329 5608 Dittoclttcum
1360 5572 1463 5608 non
1496 5558 1802 5608 mutandum
1836 5555 2068 5608 decrevi.

510 5625 618 5678 lloc
648 5627 957 5692 opusculum
1005 5629 1197 5689 s:cpius
1240 5634 1320 5677 est
1364 5640 1603 5677 seorsum
1652 5626 1881 5683 editum,
1934 5638 1985 5677 et
2018 5625 2069 5675 in

510 5694 828 5748 bibliotheca
881 5695 1089 5747 Patrum
1127 5695 1265 5745 inter
1303 5706 1462 5755 opera
1514 5695 1822 5750 l‘rudeutii.
1871 5703 1922 5746 et
1972 5696 2070 5747 sub

2194 1319 2401 1372 Ληιωηί
2449 1319 2695 1384 nomine,
2751 1318 2837 1371 ubi
2868 1320 3103 1372 carmina
3135 1333 3254 1373 esse
3286 1320 3623 1386 interpolata,
3657 1339 3770 1377 mn-

2193 1392 2308 1440 nuit
2373 1389 2641 1441 Heinsius.
2694 1388 2871 1442 Prisca
2920 1404 3076 1441 manu
3136 1391 3186 1441 in
3241 1393 3457 1451 scriptis
3509 1407 3768 1457 nusquam

2195 1458 2368 1525 reperi
2410 1458 2809 1524 inscriptionem
2856 1458 3183 1529 Diptgcjton,
3221 1472 3314 1511 seu
3342 1460 3647 1529 Diptychion
3668 1502 3685 1524 ,
3718 1472 3773 1516 ut

2191 1528 2574 1581 restituendum
2599 1529 2894 1594 suspicatus
2915 1540 2995 1579 est
3016 1526 3253 1581 Gifauius
3276 1526 3441 1586 Indic.
3466 1526 3623 1582 Lucr.
3652 1546 3771 1597 pag.

2191 1597 2314 1659 559.
2350 1598 2510 1649 verbi
2540 1598 2691 1650 Mane
2734 1600 3103 1663 nassumquia
3141 1599 3190 1650 in
3215 1598 3574 1665 jureoccurrit
3606 1602 3771 1653 multa

2194 1667 2394 1719 mentio
2424 1666 2666 1733 Diptychi
2701 1678 2752 1718 ιιι
2780 1665 3070 1735 Diptychii,
3105 1682 3210 1720 non
3238 1668 3378 1734 quod
3411 1669 3461 1721 in
3492 1670 3771 1723 veteribus

2194 1738 2517 1789 membranis
2553 1740 2686 1788 hanc
2730 1736 3010 1789 lectionem
3042 1751 3133 1791 seu
3163 1737 3280 1805 eius
3309 1738 3589 1804 vestigium
3621 1740 3772 1794 inve-

3036 1823 3049 1859 :
3090 1808 3166 1859 ait
3216 1808 3356 1859 enim
3394 1807 3671 1871 Git‘anins,
3717 1811 3769 1862 in

2194 1885 2300 1928 vet.
2332 1876 2465 1936 Iib.,
2501 1888 2550 1929 et
2596 1878 2646 1927 iu
2681 1875 2938 1929 Gennadii
2971 1876 3088 1929 Vita
3129 1875 3397 1929 Prudentii
3445 1892 3565 1930 esse
3597 1878 3770 1930 Ditte-

2192 1946 2389 2008 clieum,
2408 1944 2731 2009 Diroclteum,
2750 1946 3103 1997 Cltirochemn.
3119 1945 3385 2000 Giseliuus
3414 1947 3573 2000 etiam
3605 1962 3771 2012 agnon

2194 2016 2267 2066 vit
2300 2016 2338 2075 la
2371 2015 2683 2082 quibusdam
2714 2016 2887 2068 vocari
2917 2014 3285 2078 Chiroclteum,
3340 2016 3482 2083 quod
3524 2019 3771 2069 manuale

2193 2086 2502 2146 vertebant;
2544 2086 2636 2137 sed
2686 2086 3005 2138 auctoritate
3033 2086 3112 2136 sui
3158 2085 3279 2137 cod.
3311 2096 3364 2138 et
3409 2087 3632 2139 alterius
3662 2087 3769 2139 Bu-

2192 2154 2315 2206 slid.
2372 2156 2599 2219 praetulit
2649 2156 2855 2207 titulum
2904 2154 3213 2211 Tetrasticha
3242 2156 3306 2207 de
3336 2155 3505 2207 Veteri
3540 2165 3587 2207 et
3620 2155 3769 2208 Nora

2192 2222 2543 2287 Testamento;
2581 2226 2729 2289 cujus
2758 2225 2959 2276 similes
2987 2235 3107 2276 sunt
3134 2224 3507 2291 inscriptiones
3557 2224 3614 2277 in
3660 2228 3767 2277 Au-

2192 2294 2345 2344 sonio
2383 2303 2437 2346 et
2479 2296 2621 2348 aliis.
2651 2294 2866 2346 Glossas
2897 2292 3051 2359 ΙιιιῙιμ
3092 2296 3329 2357 opusculi
3359 2295 3668 2361 deprompsi
3700 2309 3766 2349 ex

2193 2362 2423 2416 Mauuali
2468 2364 2661 2416 biblico
2710 2379 2873 2416 sacra:
2920 2364 3209 2423 Scriptum
3256 2362 3401 2415 edito
3425 2378 3567 2416 anno
3604 2363 3764 2430 1610,

2191 2434 2258 2481 de
2295 2446 2400 2498 quo
2444 2433 2562 2486 vide
2601 2433 2802 2498 proleg.
2835 2447 2951 2498 cap.
2995 2437 3046 2485 4.
3081 2432 3333 2498 Quamvis
3363 2434 3505 2487 enim
3531 2432 3766 2487 Joannes

2194 2500 2467 2556 Fabricius
2490 2502 2739 2555 Biblioth.
2774 2502 2887 2553 Lat.
2922 2511 3025 2554 vet.
3060 2503 3152 2555 lib.
3183 2517 3261 2565 Ill,
3293 2517 3410 2566 cap.
3442 2501 3497 2563 2,
3523 2503 3766 2557 num.”

2192 2570 2544 2634 allii-met,eas
2564 2573 2767 2639 glossas
2789 2572 2839 2625 in
2854 2571 3062 2625 Weitzii
3081 2570 3371 2639 Prudentio
3398 2573 3585 2625 obvias
3617 2587 3763 2634 esse,

2194 2641 2384 2692 t‘alsum
2434 2634 2611 2693 tameh
2663 2642 2712 2692 id
2764 2652 2880 2706 cst,
2932 2634 3325 2695 namWeitzius
3372 2642 3627 2707 ignorans
3671 2656 3763 2696 eas

2192 2709 2415 2774 glossas,
2446 2726 2563 2779 quae
2591 2721 2713 2763 ante
2742 2711 3047 2775 prodierant
3074 2752 3088 2774 ,
3133 2725 3198 2763 ex
3226 2710 3344 2763 cod.
3378 2725 3478 2763 ms.
3511 2714 3764 2776 pauculas

2192 2779 2453 2844 sumpsit,
2517 2789 2571 2832 ut
2616 2781 2912 2832 conterenti
2962 2791 3215 2848 utrasque
3261 2780 3349 2831 liet
3397 2780 3762 2833 manifestum.

2194 2848 2521 2911 Labbeus,in
2548 2850 2679 2901 Nov.
2699 2850 2945 2904 lliblioth.
2973 2864 3102 2902 mss.
3130 2864 3249 2916 pag.
3275 2850 3362 2913 64,
3379 2849 3624 2903 codicem
3657 2866 3759 2902 ms.

2194 2916 2350 2980 hujus
2376 2932 2493 2984 open
2510 2920 2554 2970 is
2580 2919 2917 2972 Prudentiani
2948 2920 3143 2981 laudat,
3166 2920 3254 2984 qui
3280 2918 3620 2971 emendatior
3646 2927 3762 2973 erat

2192 2985 2541 3040 Tetrastiehis
2580 2988 2835 3041 Manualis
2864 2990 3044 3043 biblici
3090 2988 3347 3042 Goldasti.
3388 2990 3654 3052 Imagines
3678 3004 3763 3042 re-

2195 3071 2308 3108 rum
2330 3097 2346 3120 ,
2378 3072 2508 3117 quas
2540 3057 2858 3112 Prudentius
2883 3055 3160 3119 describit,
3190 3068 3402 3111 exstare
3443 3058 3622 3124 plures
3664 3058 3759 3111 de-

746 3145 865 3184 nam
933 3129 1126 3182 dubius
1200 3138 1282 3181 est
1338 3126 1643 3183 Sichardus.
1708 3126 1858 3192 Quod
1913 3134 2087 3179 autem
2118 3133 2162 3195 C
2197 3125 2359 3191 pictas
2388 3125 2439 3178 in
2473 3129 2811 3194 antiquorum
2840 3129 3259 3180 Christianorum
3285 3126 3546 3192 sepulcris
3574 3128 3759 3182 obser-

2194 3208 2319 3247 vare
2349 3205 2500 3261 potes
2528 3206 2657 3249 tum.
2693 3198 2754 3249 Ill
2799 3199 2982 3264 Antiq.
3014 3198 3211 3250 Christ.
3244 3195 3537 3249 doctissimi
3564 3198 3664 3250 viri
3699 3198 3753 3248 P.

2188 3264 2407 3335 Thema:
2435 3267 2613 3318 Mariae
2645 3266 2942 3328 Mattiachii,
2964 3284 3079 3335 pag.
3102 3268 3169 3321 50
3197 3275 3250 3320 et
3274 3280 3449 3333 seqq,
3471 3267 3557 3320 ubi
3586 3267 3759 3334 expli-

2186 3334 2423 3388 cationes
2450 3346 2501 3388 et
2530 3337 2945 3394 signiﬁcationes
2970 3334 3199 3388 adducit.
3233 3336 3497 3391 Barthius.
3533 3351 3656 3400 Cap.
3692 3336 3755 3389 1‘2

2189 3405 2278 3454 lib.
2310 3418 2401 3456 vni
2429 3403 2700 3458 Adversar
2727 3447 2740 3462 .
2769 3420 2833 3458 ex
2868 3407 3047 3459 multis
3088 3406 3218 3459 locis
3251 3405 3517 3457 similibus
3556 3408 3750 3471 arguit,

2189 3481 2461 3526 auctorem
2507 3474 2780 3526 Dittochaei
2819 3490 2938 3528 esse
2980 3476 3360 3538 Prudentium,
3403 3490 3465 3526 ex
3508 3491 3617 3542 quo
3663 3491 3755 3526 nos

2176 3542 2565 3613 Ju-oliciemus,
2599 3546 2750 3613 plura
2781 3547 2881 3597 alia
2917 3546 3193 3606 addentes.
3226 3544 3329 3596 Eva
3364 3546 3588 3613 primum
3629 3560 3756 3598 can-

2186 3612 2306 3683 dida
2337 3612 2611 3674 columba,
2638 3624 2745 3666 tum
2778 3616 2922 3683 nigra
2944 3614 3158 3679 dicitur,
3180 3624 3239 3666 ut
3257 3612 3447 3682 Psych.
3463 3629 3607 3683 vers.
3629 3615 3754 3679 787,

2188 3680 2363 3733 A'iveis
2393 3684 2548 3734 tradit
2583 3684 2714 3735 Deus
2740 3680 2854 3741 ipse
2873 3683 3118 3736 columbis
3150 3700 3167 3735 :
3196 3680 3492 3750 nam'quod
3522 3684 3596 3735 ait
3631 3684 3756 3736 Bar-

2188 3751 2491 3811 tliins,alibi
2531 3753 2872 3806 Prudentium
2900 3754 3096 3807 dixisse
3125 3755 3191 3803 de
3216 3753 3398 3811 Paulo,
3417 3752 3607 3805 Cervos
3638 3770 3755 3805 mu-

2187 3829 2293 3871 tare
2316 3823 2578 3885 columbis,
2602 3824 2700 3874 huc
2725 3824 2773 3874 in
2807 3824 2921 3888 ipso
2950 3822 3242 3877 Dittoclueo
3267 3833 3441 3874 exstat
3464 3837 3606 3875 vers.
3630 3822 3753 3877 192.

2192 3888 2320 3941 Vide
2338 3892 2708 3958 cap.2(}enes.
2727 3893 2944 3946 Plurimi
2967 3892 3158 3946 νει-ελ
3186 3892 3423 3944 scribunt
3456 3895 3755 3957 anguinum.

2185 3960 2271 4028 alii
2320 3965 2644 4028 anguineum.
2684 3963 2796 4014 Non
2838 3962 3002 4015 semel
3054 3964 3152 4015 hoc
3200 3961 3456 4013 vocabulo
3497 3976 3626 4015 usus
3679 3967 3759 4017 est

2185 4027 2518 4099 Prudentius.
2547 4031 2649 4084 Pro
2676 4032 2972 4085 malesuada
3000 4032 3194 4086 habent
3222 4031 3507 4084 malesuasa
3522 4030 3671 4085 Vatt.
3691 4030 3755 4099 N,

2190 4096 2253 4163 Y,
2278 4099 2335 4159 Ζ,
2354 4099 2849 4170 AA,BB.CC,quos
2879 4104 3093 4155 minime
3120 4115 3329 4165 sequar.

2254 4171 2309 4223 4.
2346 4171 2396 4220 In
2420 4187 2523 4224 tino
2547 4171 2666 4223 Vat.
2694 4168 2889 4233 reperit
2911 4171 3124 4224 Teolius
3155 4171 3278 4222 Mor
3304 4171 3458 4221 draco
3485 4169 3571 4220 dat
3599 4168 3756 4222 nudis

2184 4240 2403 4304 ﬁculnea
2447 4242 2666 4308 tegmina
2722 4242 2898 4291 victor.
2969 4242 3023 4293 In
3070 4240 3206 4292 Vall.
3244 4246 3418 4293 exstat
3470 4239 3561 4290 dat
3604 4240 3755 4289 nudis

2184 4309 2401 4373 ﬁculnea
2429 4327 2547 4362 mox
2575 4311 2729 4362 draco
2760 4310 2979 4378 tegmina
3020 4312 3193 4363 victor.
3231 4309 3476 4361 Barthius
3506 4308 3755 4361 observat

2186 4392 2287 4429 non
2312 4391 2430 4429 esse
2460 4396 2521 4432 ex
2560 4388 2703 4432 testu
2736 4379 2869 4432 sacri
2904 4381 3053 4445 libri,
3087 4378 3178 4432 sed
3214 4393 3278 4432 ex
3318 4380 3756 4444 interpretatione

2183 4445 2485 4499 Judarorum
2506 4489 2518 4510 ,
2544 4450 2682 4516 quod
2714 4450 2895 4512 draco,
2934 4464 3025 4504 seu
3060 4450 3286 4503 Satanas
3320 4449 3522 4500 Adamn
3550 4458 3603 4501 et
3635 4446 3754 4498 Eva:

2186 4518 2412 4569 texuerit
2446 4520 2708 4570 velamina
2744 4519 2990 4571 liculnea.
3035 4521 3101 4572 At
3138 4533 3233 4586 pro
3264 4526 3449 4569 nostro
3477 4526 3631 4584 poeta
3665 4531 3753 4569 te-

2183 4586 2432 4652 sponderi
2465 4600 2637 4653 potest
2675 4588 2788 4654 ejus
2828 4589 2987 4642 verba
3026 4602 3146 4641 esse
3182 4588 3267 4640 dat
3307 4587 3469 4639 victor
3496 4586 3659 4639 draco
3683 4596 3757 4637 te-

2182 4655 2383 4721 gmina.
2411 4672 2513 4710 non
2544 4657 2680 4724 quod
2723 4659 2945 4710 texueril
2966 4701 2979 4721 ,
3014 4658 3106 4710 sed
3146 4659 3265 4724 quia
3296 4668 3455 4709 causa
3496 4657 3594 4709 fuit
3622 4671 3756 4724 pec--

2181 4724 2315 4790 Cati,
2343 4739 2409 4778 ex
2438 4742 2543 4794 quo
2570 4727 2798 4794 tegmina
2833 4728 3056 4781 ticulnea
3085 4739 3366 4780 Consecuta
3392 4739 3538 4777 sunt.

2252 4795 2457 4849 Titulus
2492 4796 2527 4848 2
2556 4798 2705 4849 abest
2744 4812 2771 4847 a
2806 4795 2925 4849 Vat.
2953 4798 3011 4850 Β.
3057 4796 3111 4847 In
3157 4794 3299 4848 Vatt.
3342 4800 3414 4855 Α,
3462 4795 3526 4856 Ii,
3572 4794 3748 4856 Δίες..

2182 4864 2307 4915 Abel
2328 4877 2375 4917 et
2398 4865 2545 4919 Cain.
2575 4867 2627 4917 In
2651 4866 2800 4926 Man.
2826 4865 2973 4931 Rat.,
2996 4865 3111 4917 Vat.
3139 4868 3184 4927 I,
3210 4866 3337 4917 Cain
3362 4874 3408 4915 ct
3434 4865 3578 4916 Abel.
3604 4866 3749 4921 Ald..

2182 4945 2235 4985 et
2265 4934 2472 4988 'l‘tiuan.
2503 4934 2578 4987 De
2607 4934 2727 4986 Abel
2752 4944 2797 4987 et
2827 4934 2976 4987 Cain.
3009 4936 3061 4986 In
3093 4934 3437 4987 Valliceilano
3469 4934 3604 4987 nulli
3628 4942 3750 4987 sunt

2183 5002 2318 5055 tituli
2345 5005 2666 5058 tetrastichis
2693 5005 2916 5071 praeﬁxi.
2948 5005 3076 5057 Vide
3097 5004 3290 5057 Cenes.
3320 5019 3389 5057 tv.

2250 5072 2514 5141 6.AGold.,
2546 5075 2829 5141 occipiens,
2863 5073 3112 5126 mendum
3155 5083 3303 5141 puto,
3334 5088 3431 5139 pro
3472 5073 3745 5133 accipiens.

2181 5139 2257 5192 De
2306 5139 2405 5193 hac
2447 5139 2666 5196 historia
2710 5144 3029 5195 Prudentius
3067 5143 3119 5195 iu
3158 5139 3370 5209 ‘pra‘fat.
3416 5141 3748 5209 llamartige-

2181 5212 2312 5280 nite,
2346 5213 2429 5263 ubi
2458 5225 2600 5265 vers.
2627 5214 2696 5267 5:
2733 5212 2829 5264 Hic
2872 5213 3180 5270 terrulentis.
3206 5213 3294 5263 ille
3330 5213 3450 5264 vivis
3496 5212 3745 5280 pingitur.

2181 5278 2235 5329 In
2277 5280 2475 5348 hymno
2516 5283 2894 5347 Exsequiarum
2936 5297 3062 5333 caro
3095 5292 3297 5347 terrea,
3338 5282 3553 5345 spiritus
3591 5278 3746 5332 vivus

2180 5349 2393 5427 dicitur.
2423 5361 2476 5403 et
2506 5352 2556 5403 iu
2604 5352 2990 5427 llamartigenia
3019 5365 3143 5404 caro
3172 5353 3419 5417 exemplo
3453 5348 3607 5403 Caiui
3647 5364 3745 5403 ex-

2181 5420 2423 5483 primitur
2448 5431 2501 5473 et
2528 5423 2829 5488 exponitur.
3430 5482 3435 5485 _

2249 5488 2453 5541 Titulus
2477 5492 2510 5542 5
2535 5492 2583 5542 in
2613 5491 2749 5543 Vati.
2776 5492 2831 5551 li,
2861 5490 2898 5554 I,
2930 5490 3084 5551 Man,
3114 5488 3258 5551 Rau,
3279 5498 3327 5541 et
3352 5488 3586 5551 Thuao.,
3614 5488 3744 5539 Arta

2178 5554 2313 5608 Noe.
2364 5560 2417 5611 In
2468 5560 2587 5613 Vat.
2627 5561 2667 5612 A
2755 5561 2903 5621 Ald.,
2959 5559 3030 5611 De
3087 5558 3199 5610 Noe
3247 5568 3294 5609 et
3351 5558 3567 5617 diluvio,
3625 5571 3745 5608 cum

2177 5627 2330 5679 Alex.
2362 5629 2414 5680 In
2440 5628 2554 5683 Vat.
2582 5630 2642 5693 li,
2672 5629 2742 5682 De
2763 5647 2879 5682 arca
2907 5626 3018 5681 ,νου
3045 5641 3090 5681 et
3121 5629 3334 5680 diluvio.
3364 5627 3494 5681 Vide
3521 5625 3742 5679 Genesis

2175 5709 2290 5758 cap.
2326 5712 2433 5750 vni.
