3960 6312
199 304 280 358 93
1593 304 2072 359 l)l‘l’Tt)Cl|.£UM.
2893 261 2905 274 .
3384 309 3453 364 9b

806 414 858 464 5.
893 413 1023 465 Area
1059 413 1188 464 Noe.

384 504 572 558 Nuntia
601 502 783 556 diluvii
808 503 916 570 jam
943 503 1161 554 decresc
1182 502 1302 554 'ntis
1324 503 1386 554 ad
1423 517 1601 556 arcam

199 596 276 648 ιο
383 595 487 647 Ure
512 590 756 645 columba
787 590 953 645 refert
984 607 1186 644 ramum
1219 592 1497 647 viridantis
1518 592 1708 647 olivm:

378 685 540 754 668
567 682 773 737 Corvus
795 682 933 735 enim
964 681 1195 749 ingluvie
1224 696 1318 750 per
1348 681 1485 737 fmda
1516 681 1773 736 cadavera

1500 776 1705 847 [captus

382 868 656 922 Hmscrat:
690 866 778 919 illa
808 865 946 919 data:
986 864 1191 919 revehit
1222 879 1355 918 nova
1384 867 1573 933 gaudia
1609 869 1769 933 pacis.

672 958 727 1010 4.
760 956 840 1009 Ad
868 955 1035 1008 ilicem
1067 954 1317 1007 Mambre.

379 1045 674 1111 Hospitium
718 1044 817 1097 hoc
859 1043 1069 1096 Domini
1110 1051 1229 1107 est,
1260 1043 1368 1096 ilex
1417 1044 1506 1096 ubi
1556 1044 1776 1097 frondea

1446 1135 1705 1204 [Mambre

375 1223 684 1277 Artnentale
710 1224 855 1276 senis
884 1222 1111 1291 pertexit
1139 1223 1349 1276 culmen
1376 1240 1390 1279 :
1421 1223 1475 1275 in
1502 1223 1605 1277 ista

192 1312 259 1365 t5
378 1312 512 1364 Risit
538 1311 667 1365 Sara
692 1325 812 1365 cnsa
831 1353 846 1375 ,
870 1309 1074 1363 sobolis
1096 1309 1195 1363 sibi
1221 1311 1410 1378 gaudia
1436 1324 1554 1365 sera

376 1401 560 1467 Ferri,
590 1409 644 1455 et
670 1400 1002 1468 decrepitum
1032 1402 1109 1454 sic
1144 1404 1372 1455 credere
1409 1416 1566 1470 posse
1606 1406 1767 1456 mari-

1538 1491 1692 1563 [tutn.

647 1580 700 1634 5.
734 1580 1122 1634 Monumentum
1150 1580 1316 1634 Sane.

370 1662 637 1724 Abraham
666 1680 934 1724 mercatus
961 1686 1148 1739 agrum
1166 1713 1179 1736 ,
1216 1687 1323 1740 quo
1345 1672 1604 1727 conderet
1643 1690 1764 1729 ossa

1813 424 1865 481 Α
2073 414 2372 484 Conjugis:
2416 417 2468 469 in
2520 416 2677 469 terris
2722 413 2972 484 quoniam
3018 417 3293 486 peregi-ina
3336 434 3453 473 mo-

3216 504 3391 577 [tatur

2058 599 2220 669 669
2259 598 2503 664 Justitia,
2531 606 2690 667 atque
2722 597 2892 652 fides:
2922 595 3023 651 hoc
3054 596 3180 650 illud
3222 599 3457 653 millibus

3127 690 3383 758 [emptum

1880 775 1950 830 20
2058 777 2320 845 Spelteum
2338 818 2353 844 ,
2378 787 2574 833 saneta:
2600 780 2813 847 requies
2839 779 2927 832 ubi
2960 789 3106 845 parta
3135 779 3325 833 favillie
3350 791 3450 835 cst.

2320 872 2374 925 6.
2407 870 2677 925 Somnium
2708 870 3019 924 Pharaonis.

2058 960 2146 1014 Bis
2172 970 2375 1028 septem
2404 963 2586 1028 spicae,
2616 976 2788 1015 vacca:
2818 962 3036 1015 totidem
3068 960 3333 1014 Pharaoni

2056 1051 2158 1105 Per
2183 1066 2428 1106 somnum
2455 1053 2582 1106 visa:
2609 1053 2928 1120 portendunt
2955 1050 3169 1119 dispare
3194 1050 3363 1104 forma

2058 1138 2267 1200 Uberis.
2298 1152 2456 1208 atque
2486 1142 2638 1193 famis
2665 1142 2770 1195 duo
2802 1158 2895 1209 per
2936 1141 3209 1207 septennia
3241 1150 3449 1209 tempus

2056 1228 2262 1283 Instare
2287 1247 2301 1283 :
2338 1233 2437 1285 hoc
2458 1230 2616 1283 solvit
2636 1232 2934 1299 patriarcha
2954 1274 2970 1299 ,
2994 1230 3282 1299 interprete
3303 1229 3452 1282 Chri-

3246 1320 3371 1389 isto.

2238 1412 2291 1463 7.
2322 1411 2514 1479 Ioseph
2538 1428 2569 1463 a
2599 1412 2842 1483 fratribus
2870 1414 3089 1481 agnitus.

1873 1498 1944 1553 25
2052 1499 2307 1555 Venditus
2337 1502 2540 1556 insidiis
2572 1500 2791 1556 fratrum
2824 1517 2993 1568 puer:
3026 1500 3140 1568 ipse
3168 1499 3405 1552 vicissim

2050 1588 2266 1642 Cratera
2290 1593 2342 1643 in
2374 1590 2529 1644 farris
2557 1606 2712 1645 sacco
2736 1592 2870 1644 clam
2907 1590 3147 1659 praecipit
3175 1590 3294 1644 abdi
3315 1631 3330 1652 .

2056 1682 2226 1752 thue
2247 1698 2367 1739 reos
2398 1683 2524 1737 furti
2552 1684 2746 1752 Joscpli
2780 1694 2956 1748 tenet,
2984 1683 3158 1735 auctio
3185 1681 3339 1735 fallax

1485 1805 1776 1865 GLOSSE
1818 1813 2152 1869 VETERES.

258 1918 351 1970 11.
387 1916 651 1979 Pertexit,
678 1916 755 1968 vel
783 1917 1029 1983 protexit,
1065 1916 1105 1968 Ι.

256 1986 349 2039 16.
387 1985 569 2049 Ferri,
594 1986 743 2049 dari,
774 1988 811 2039 1.

259 2056 350 2110 17.
384 2056 521 2121 Quo,
552 2064 638 2118 ut,
667 2055 702 2107 Ι.

260 2126 348 2178 19.
386 2130 496 2177 ltoc
525 2124 654 2177 illud
675 2164 691 2188 ,
718 2124 908 2176 scilicet
937 2135 1038 2187 est,
1074 2124 1112 2176 Ι.

1942 1927 2031 1979 20.
2067 1926 2329 1992 Spelaaum
2348 1966 2361 1988 ,
2394 1925 2638 1993 spelunca
2653 1965 2669 1989 ,
2692 1925 2732 1977 l.

1944 1997 2031 2049 Ἡ.
2072 1996 2431 2057 Portendunt,
2464 1997 2786 2060 signiﬁcant,
2815 1993 2855 2047 l.

1942 2065 2032 2119 9.5.
2064 2065 2276 2128 Uberis,
2308 2066 2567 2126 ubertatis,
2600 2065 2640 2116 I.

1944 2134 2035 2187 ‘26.
2067 2141 2322 2200 tiratera,
2351 2135 2605 2202 scyphum
2624 2173 2639 2198 ,
2670 2132 2712 2186 1.

1528 2240 2084 2305 COMMENTARIUS.

258 2359 350 2411 τίει..
385 2357 628 2409 Ileiosius
669 2354 758 2407 lih.
788 2369 801 2406 I
844 2353 1067 2406 Advers.
1096 2344 1297 2420 pnsth.,
1337 2368 1456 2418 cap.
1482 2353 1536 2418 6,
1568 2356 1762 2422 corrigi
1796 2361 1842 2418 B

188 2433 299 2479 vult
330 2438 456 2477 rata:
483 2441 576 2488 pro
603 2424 756 2477 datm.
794 2422 930 2476 Nihil
967 2438 1099 2488 opus
1132 2431 1214 2476 est
1241 2424 1593 2477 correctione.
1628 2425 1767 2477 'I‘eo-

187 2496 288 2551 lius
319 2496 375 2548 in
406 2500 514 2548 verl
536 2509 569 2545 o
598 2494 807 2546 laeserat
831 2501 998 2555 notat,
1023 2492 1370 2545 Prudentium
1398 2494 1587 2560 legisse
1614 2494 1763 2558 juxta

187 2566 329 2619 LXX
359 2608 373 2627 ,
411 2565 512 2630 Qui
543 2560 779 2631 (corvus)
810 2561 1176 2631 egrediebatur,
1202 2571 1246 2614 et
1277 2577 1376 2613 non
1406 2564 1765 2619 revertebatur.

187 2636 294 2689 Sed
340 2650 438 2688 cur
490 2650 594 2687 non
641 2634 791 2700 juxta
840 2631 1150 2700 Vulgatam,
1198 2646 1317 2700 quae
1372 2634 1563 2685 eodem
1611 2633 1769 2686 modo

189 2705 358 2760 legit?

242 2722 477 2827 gill‘lii'ulus
502 2771 536 2823 4
567 2773 617 2823 ἰη
649 2770 814 2823 Gisel.
839 2782 886 2822 et
918 2769 1147 2833 Tliuan.,
1178 2769 1292 2822 llea:
1339 2769 1587 2823 Mambre.
1622 2770 1765 2823 Vatt.

189 2846 251 2907 Β,
285 2844 338 2904 Ι.
376 2844 521 2905 ﬂat.,
557 2842 709 2900 Man,
743 2838 957 2898 Weitz.,
998 2842 1075 2891 Ad
1108 2841 1270 2891 ilicem
1302 2839 1550 2892 Mambre.
1585 2842 1765 2903 Alex.,

188 2915 269 2967 De
294 2912 557 2966 Abraham
582 2921 627 2962 et
654 2910 872 2976 hospitio
908 2911 1038 2978 ejus.
1066 2909 1185 2962 Vat.
1210 2909 1275 2966 Ι),
1315 2908 1390 2961 De
1417 2909 1637 2978 hospitio
1667 2908 1768 2963 Sa-

190 3000 283 3037 ne.
327 2982 535 3045 Aldus,
592 2980 667 3032 De
715 2977 967 3031 Abraham
1009 2988 1055 3030 et
1105 2979 1343 3047 hospitio.
1395 2977 1525 3033 Vide
1572 2979 1765 3035 GeltGS.

192 3069 314 3107 CBD.
350 3066 499 3105 XVIII.

260 3069 511 3177 ῗὲῗῗέιίζ
550 3118 623 3177 Α.
658 3119 768 3170 Ιιαιο
798 3132 892 3185 pro
920 3117 1034 3181 hoc,
1064 3118 1219 3169 male.
1251 3118 1304 3170 ln
1332 3133 1437 3170 uno
1464 3118 1585 3172 Vat.
1625 3119 1765 3172 desi-

192 3191 382 3247 derari
428 3189 519 3241 hoc
562 3188 790 3241 advertit
835 3187 1078 3253 'I'eolius,
1115 3186 1254 3253 quod
1304 3188 1503 3253 pariter
1543 3189 1694 3241 abest
1736 3206 1763 3239 a

190 3262 391 3314 Vallir.
434 3260 757 3325 lnterpretcs
797 3257 974 3321 plures
1005 3266 1187 3323 putant
1239 3256 1602 3309 Abrahamum
1671 3259 1770 3309 lio-

190 3332 403 3384 minnm
444 3324 648 3396 ipsum,
691 3340 795 3379 non
836 3327 1071 3395 angelos,
1104 3324 1335 3391 hospitio
1377 3325 1683 3392 excepisse,
1716 3339 1769 3380 et

190 3401 287 3455 SS.
318 3398 599 3452 Trinitatis
642 3397 951 3465 mysterium
988 3406 1302 3460 agnoscunt.
1336 3396 1611 3465 In_eadeni
1649 3411 1770 3448 sen-

191 3472 362 3522 tentia
388 3478 471 3520 est
515 3463 830 3519 Prudentius
873 3465 1177 3524 Anetheos.
1204 3479 1343 3516 vers.
1387 3463 1455 3517 38
1494 3473 1549 3517 et
1591 3481 1766 3531 seqq.,

191 3540 276 3592 ubi
334 3537 602 3590 Abraham
650 3537 845 3605 hospes
894 3534 1122 3597 Christi,
1177 3534 1277 3586 hoc
1330 3546 1411 3587 esl
1476 3536 1628 3586 \‘erlii
1685 3538 1766 3586 di-

190 3610 355 3663 citur.

260 3678 357 3731 14.
381 3676 495 3728 Vat.
511 3676 575 3736 A,
598 3674 872 3735 mendose,
892 3673 1194 3725 arntentalvs
1217 3674 1368 3733 enim.
1391 3672 1530 3735 Rat.,
1550 3674 1763 3733 Weilz.,

191 3748 357 3801 Gold.
400 3748 538 3812 apud
570 3744 851 3797 Weitzium
896 3758 1088 3810 supra,
1130 3744 1379 3812 prietexit.
1415 3743 1596 3808 Prae,
1640 3760 1770 3809 prat-

195 3818 348 3871 texit.
380 3817 537 3876 Man,
567 3815 795 3885 pertexit.
820 3813 968 3885 Alil.,
999 3812 1136 3876 Gis.,
1186 3812 1338 3885 Urln,
1383 3823 1616 3880 protexit.
1646 3814 1773 3865 Gol-

191 3888 381 3939 dastus
414 3886 467 3938 in
499 3883 723 3938 hlanuali
769 3884 996 3945 Iiiblico,
1038 3883 1280 3947 pertexit,
1308 3887 1444 3943 quod
1484 3899 1547 3935 ex
1580 3885 1775 3936 eodem

191 3956 448 4010 Goldasm
476 3956 526 4007 in
556 3963 700 4008 textu
734 3953 986 4006 indicavit
1008 3952 1286 4006 Weitzius.
1316 3952 1603 4004 Alexandr.
1636 3968 1773 4021 quo-

193 4042 292 4095 quo
325 4026 575 4095 pertexit,
606 4032 665 4095 ut
691 4025 824 4075 alios
847 4021 1350 4095 omittam.‘C_ulmen
1379 4022 1662 4095 aliquando
1685 4038 1774 4095 su-

194 4090 364 4147 mitn’r
391 4108 504 4161 τινι-ο
547 4094 639 4146 vili
688 4107 840 4153 casa,
888 4104 945 4145 ut
989 4092 1125 4159 apud
1169 4090 1447 4159 Virgilium
1492 4093 1676 4158 ecloga
1712 4093 1770 4154 1,

194 4163 452 4230 Pauperis
482 4175 528 4215 et
569 4164 741 4229 tuguri
782 4173 1074 4231 congestum
1105 4165 1290 4231 cespite
1316 4164 1535 4214 culmen.
1580 4161 1775 4231 Confer

193 4244 302 4285 not.
345 4234 576 4304 liymti.i
615 4234 805 4298 tiatli.,
836 4230 977 4285 vers.
1018 4230 1111 4293 14,
1154 4234 1358 4285 Stantes
1391 4232 1482 4283 sub
1523 4233 1633 4299 ipso
1662 4230 1775 4285 cul-

194 4305 349 4355 mine.

270 4375 359 4427 l5.
391 4372 448 4424 In
485 4371 656 4435 Vall.,
698 4372 885 4440 gaudia
932 4372 1110 4433 tarda,
1145 4379 1196 4422 et
1237 4382 1332 4437 pro
1376 4369 1585 4423 diversa
1633 4370 1771 4421 scri-

194 4450 352 4509 ptnra
381 4456 513 4494 sera.

261 4511 476 4565 Titulus
518 4511 571 4566 5.
618 4509 860 4575 Plerique
914 4510 1135 4576 optimi,
1189 4507 1573 4561 Monumentum
1621 4509 1771 4563 Sara:

200 4593 295 4647 pro
327 4581 481 4632 titulo
506 4581 560 4641 5,
590 4579 690 4632 nisi
719 4579 856 4646 quod
889 4580 1125 4630 nonnulli
1155 4580 1393 4631 scribunt
1422 4579 1617 4631 Sarno.
1652 4579 1769 4630 Vat.

200 4651 257 4712 ι),
292 4649 375 4701 De
405 4651 622 4701 Abraam
645 4657 689 4700 et
714 4664 837 4717 agro
862 4659 1052 4717 empto.
1086 4648 1272 4715 Aldus,
1306 4648 1560 4701 Abraham
1588 4664 1773 4717 agrum

200 4720 398 4771 emisse.
429 4717 622 4771 Gene-.
646 4732 790 4770 xxiii.

269 4790 360 4841 17.
393 4787 612 4850 Weitz.,
644 4788 779 4847 Gi<.,
812 4798 1085 4845 mit-catur.
1116 4801 1236 4838 cum
1278 4786 1388 4839 Pal.
1422 4795 1476 4838 et
1518 4786 1774 4841 Goldasto

199 4854 429 4910 Weitzii.
459 4857 655 4923 Scripti
698 4860 807 4909 lere
851 4872 1037 4909 omnes
1086 4866 1354 4917 mercatus,
1388 4859 1479 4909 sed
1508 4858 1581 4908 .iu
1631 4873 1771 4908 non-

201 4929 354 4979 nullis
397 4927 649 4978 mendose
694 4926 904 4978 additur
950 4927 1165 4979 verbum
1215 4926 1602 4978 snbstantivum
1654 4936 1726 4978 est
1754 4965 1768 4986 .

202 5010 319 5047 nam
352 5005 618 5047 mercatus
642 5010 822 5063 agrum
851 4997 1045 5048 dicitur
1075 5012 1168 5057 per
1189 4995 1546 5062 epexegesitn.
1573 4996 1767 5048 Contra

1941 2359 2025 2412 18.
2059 2358 2176 2412 Vat.
2200 2359 2243 2412 Α
2269 2370 2321 2412 et
2350 2358 2546 2419 Palat.,
2578 2366 2824 2421 moratus,
2860 2369 3157 2422 perperam.
3227 2397 3231 2401 .

1947 2430 2033 2480 19.
2066 2431 2120 2483 In
2162 2444 2267 2481 uno
2300 2428 2414 2481 Vat.
2455 2426 2592 2495 apud
2624 2426 2807 2490 'I‘eol.,
2835 2424 2931 2478 hoc
2968 2426 3046 2477 illi
3082 2423 3302 2477 millibus
3342 2440 3444 2478 emo

1912 2506 2015 2549 ιιιιιι
2027 2539 2039 2551 .

1912 2516 2039 2551 mm.

1875 2516 1908 2565 ρ
1942 2568 2033 2621 9.0.
2072 2568 2203 2620 Vall.
2238 2576 2422 2620 contra
2456 2578 2712 2624 metrum,
2742 2564 3026 2632 sepulcrum
3056 2577 3151 2630 pro
3176 2550 3441 2630 spelaeum.

1877 2636 2080 2689 Facilla
2107 2652 2204 2705 pro
2234 2635 2605 2689 defunctorum
2623 2679 2636 2697 ,
2666 2648 2889 2696 quonon
2914 2647 3137 2705 corpora
3164 2648 3267 2705 non
3298 2647 3445 2705 com-

1875 2701 2152 2769 buruntur,
2180 2706 2419 2773 reliquiis
2444 2705 2568 2757 alibi
2590 2705 2746 2757 etiam
2774 2718 2800 2752 a
2834 2713 2983 2769 poeta
3009 2703 3283 2773 accipitur.
3312 2701 3443 2773 V_ide

1873 2775 2025 2827 Call).
2060 2769 2312 2841 hynmuni
2348 2774 2503 2825 Omni
2540 2790 2661 2838 ora,
2690 2787 2828 2825 vers.
2876 2773 2996 2834 101),
3025 2780 3079 2826 et
3116 2771 3299 2841 hymn.
3330 2769 3439 2823 Ez-

1870 2846 2115 2912 sequiar.,
2142 2860 2285 2898 vers.
2316 2842 2437 2912 142.

1947 2913 2152 2968 Titulus
2197 2916 2230 2968 6
2268 2922 2353 2967 est
2395 2911 2663 2967 Somnium
2714 2910 2997 2962 Pharaonis
3044 2909 3096 2963 in
3148 2908 3437 2975 plerisque.
3474 2954 3477 2955 ν

1873 2984 2067 3049 Aldus,
2102 2983 2306 3036 Pharao
2352 2983 2606 3035 somnium
2650 2981 2849 3034 vidisse.
2886 2981 3001 3031 Vat.
3038 2981 3110 3043 li,
3154 2978 3228 3030 De
3263 2994 3440 3049 somno

1874 3052 2183 3106 Pharaonis.
2229 3054 2405 3108 Adisis
2449 3050 2673 3111 Genesis
2717 3066 2835 3119 cap.
2882 3065 2962 3102 ut
3007 3059 3063 3103 et
3112 3050 3362 3117 hymnum
3406 3048 3440 3101 6

1870 3121 2050 3184 Catli.,
2078 3138 2219 3178 vers.
2248 3123 2337 3179 57.

1941 3192 2030 3245 2i.
2068 3192 2120 3245 In
2156 3193 2299 3251 ltat..
2326 3191 2506 3253 Prom,
2538 3189 2789 3243 Goldasto
2817 3188 2955 3251 apud
2978 3186 3286 3245 Weitzium.
3317 3185 3434 3237 Vat.

1873 3276 1977 3312 uno
2002 3262 2139 3327 apud
2168 3261 2342 3326 'I'eol.,
2366 3262 2517 3329 spica:
2553 3269 2599 3311 et
2643 3273 2831 3329 vacare,
2874 3257 3015 3329 quod
3041 3258 3227 3329 Atennit
3271 3254 3469 3329 Weit-.

1874 3330 2020 3382 zius.
2040 3326 2093 3384 ln
2125 3331 2345 3399 reliquis
2369 3326 2538 3399 spica’,
2566 3342 2745 3381 vaccae.
2773 3326 2930 3388 Va!l.,
2972 3327 3129 3395 spica;
3149 3335 3197 3380 et
3235 3326 3439 3378 totidem

1876 3414 2058 3453 vaccae.
2838 3414 2841 3415 ⁷

1941 3468 2032 3522 22.
2064 3468 2330 3521 Giselinus
2371 3467 2434 3519 ad
2465 3481 2645 3531 oram,
2686 3467 2990 3537 portendunt
3027 3466 3143 3518 visre
3178 3479 3267 3533 per
3305 3479 3436 3517 som—

1878 3554 2020 3590 num.
2053 3539 2123 3590 lla
2151 3537 2456 3591 Sicliaidus.
2526 3586 2531 3589 .

1942 3608 2032 3659 25.
2058 3609 2111 3660 In
2140 3608 2304 3674 Bong.
2331 3619 2385 3660 et
2416 3607 2528 3659 Vat.
2559 3607 2605 3668 I,
2630 3618 2735 3658 tum
2766 3622 2860 3667 pro
2890 3606 3012 3657 duo.
3040 3604 3093 3674 In
3121 3603 3250 3656 Mar.
3278 3603 3442 3655 etiam

1795 3702 1839 3759 ρ
1874 3677 2031 3758 dum,
2072 3678 2154 3759 vel
2195 3673 2330 3739 tum,
2363 3691 2518 3744 supra
2551 3676 2673 3731 duo.
2716 3678 2817 3728 l’ro
2856 3675 3021 3726 uberis
3059 3673 3171 3725 Vat.
3201 3673 3245 3725 Α
3271 3674 3443 3724 verbe-

1824 3742 1839 3762 ⁴
1874 3748 1964 3807 ris,
1998 3746 2273 3800 mendose.

1944 3817 2033 3870 21.
2067 3817 2176 3869 Hoc
2214 3816 2383 3868 etiam
2414 3814 2708 3881 saepissime
2748 3830 2773 3863 a
2823 3811 3111 3866 Prudentia
3148 3809 3435 3881 usitatum,

1876 3900 1926 3935 Ill
1962 3886 2229 3938 tzhristnm
2271 3901 2366 3953 pro
2413 3878 2547 3943 Deo.
2589 3895 2643 3937 et
2671 3883 2842 3938 Verbo
2869 3883 3049 3935 divino
3081 3890 3259 3948 ponat.
3306 3878 3442 3931 Vide

1876 3955 2034 4008 Cath.
2063 3956 2244 4024 hymu.
2277 3954 2340 4017 4,
2371 3969 2513 4007 vers.
2545 3954 2635 4008 68.

1945 4019 2168 4077 Tituli?
2203 4025 2395 4078 lemma
2435 4025 2484 4074 in
2535 4024 2815 4089 plerisque,
2859 4022 2898 4074 A
2954 4019 3195 4087 fratribus
3240 4019 3444 4087 agnitus

1875 4094 2097 4162 Jose‘ph,
2125 4095 2205 4147 vel
2240 4093 2431 4165 Joseph
2452 4088 2762 4165 afratribus
2796 4093 3029 4165 agnitus;
3062 4091 3168 4165 l_ioe
3204 4088 3440 4165 secundo

1878 4158 2035 4216 modo
2081 4165 2275 4217 habent
2304 4158 2446 4217 Vatt.
2488 4163 2546 4226 Β,
2576 4164 2624 4226 Ι,
2660 4158 2848 4223 Διεξκᾷ
2873 4163 3028 4223 Man,
3062 4160 3181 4213 Rat.
3229 4158 3283 4210 In
3326 4159 3442 4209 Vat.

1877 4234 1941 4294 Β,
1976 4235 2048 4287 De
2077 4235 2288 4303 Iosephi
2314 4233 2599 4287 venditione
2626 4251 2656 4285 a
2684 4232 2943 4301 fratribus.
2984 4229 3216 4283 Consule
3246 4226 3442 4280 Gentes.

1876 4317 1995 4368 cap.
2028 4319 2167 4357 uiv.

1943 4373 2034 4427 25.
2069 4374 2189 4425 Vat.
2224 4374 2284 4439 ll,
2313 4374 2559 4428 renditur.

1947 4444 2039 4497 26.
2083 4444 2197 4495 Vat.
2243 4434 2313 4504 Ᾱ,
2349 4445 2515 4503 male,
2556 4443 2605 4493 in
2649 4442 2795 4492 trrris
2838 4457 3004 4493 sacco.
3056 4439 3246 4498 Falir.,
3300 4434 3452 4504 PaL,

1876 4512 2085 4565 Cratero
2114 4515 2167 4565 in
2192 4503 2367 4582 fratris
2396 4528 2560 4563 sacro.
2592 4510 2847 4582 \Veilsius
2875 4518 3123 4582 crateram
3159 4520 3279 4557 cum
3312 4503 3371 4582 Ui
3389 4504 3440 4582 li.

1877 4583 2143 4635 Giselinus
2171 4572 2288 4635 cum
2323 4580 2577 4633 Goldaslo
2623 4582 2670 4630 in
2705 4579 2927 4631 Manuali
2962 4578 3153 4629 hiblico
3182 4584 3237 4626 et
3265 4572 3457 4625 multis

1879 4668 2008 4704 mss.
2033 4663 2185 4713 vett.,
2213 4660 2435 4704 cratera.
2468 4650 2629 4702 Aldus
2658 4664 2868 4714 quoque
2896 4656 3110 4707 cratera,
3142 4654 3197 4695 et
3223 4641 3448 4714 aWeit-

1877 4722 1959 4772 zio
1993 4712 2250 4786 allegatur
2299 4735 2399 4790 pro
2437 4720 2609 4790 fratris
2644 4712 2827 4779 sacco;
2872 4716 3007 4790 apud
3058 4729 3143 4765 me
3193 4712 3445 4790 liabet‘in

1877 4793 2033 4859 torris
2081 4781 2246 4841 sacco.
2276 4781 2495 4841 Codices
2549 4784 2686 4837 Vatt.
2733 4787 3086 4859 recentiores,
3135 4791 3191 4831 nt
3232 4781 3313 4859 Vl),
3367 4781 3443 4859 ἦ,

1877 4849 1963 4911 ΆΑ
1993 4869 2046 4910 et
2074 4861 2197 4923 alii,
2241 4861 2292 4911 in
2324 4859 2497 4924 fratris
2527 4872 2693 4908 sacco.
2738 4855 2875 4917 Alii,
2906 4855 3055 4924 farris
3099 4858 3274 4924 sacco,
3308 4849 3446 4924 ut_l,

1876 4936 1939 4991 υ.
1982 4929 2033 4980 In
2072 4918 2194 4980 Vat.
2223 4928 2293 4988 Ι),
2323 4918 2375 4981 et
2407 4926 2624 4983 Vallic.,
2668 4927 2719 4975 in
2769 4918 2915 4976 sacco
2963 4922 3155 4990 fratris.
3205 4919 3324 4970 Vat.
3374 4918 3446 4979 11,

1880 4999 2035 5061 Man,
2061 4998 2200 5059 ΒΜ..
2230 4997 2406 5065 Prag.,
2440 4996 2701 5049 Craterum
2727 4994 2778 5045 in
2807 4995 2960 5060 farris
2985 5006 3149 5065 sacco.

203 5074 427 5133 metrum
461 5080 589 5115 veto
626 5056 708 5117 esi
749 5076 997 5117 mercatus
1023 5074 1096 5116 est
1140 5056 1318 5133 agrum
1340 5056 1520 5129 ,Ἶμιυά
1568 5066 1620 5117 in
1668 5080 1775 5117 uno
1804 5065 1853 5123 D
1951 5056 2040 5121 9'7.
2074 5056 2374 5127 lleinsianiv,
2398 5056 2534 5117 Mar.
2562 5082 2601 5133 a
2639 5056 2815 5129 prima
2846 5060 3190 5133 manutlirh.
3213 5101 3227 5121 ,
3272 5056 3448 5133 Alex...

206 5132 317 5185 Vat.
350 5133 549 5186 invenit
578 5133 812 5187 Teolins.
844 5135 1089 5187 Heinsius
1117 5132 1236 5185 eum
1270 5135 1499 5197 'l‘liuan.,
1534 5134 1686 5199 Egttt.
1717 5144 1773 5187 et

202 5203 468 5255 niwnullis
508 5203 655 5265 aliis,
684 5208 764 5255 cui
800 5207 1063 5264 conderet,
1093 5206 1232 5271 quod
1281 5204 1448 5255 Aldus
1491 5219 1775 5270 expresse-

207 5282 301 5341 rat.
334 5274 507 5324 Nostri
533 5272 774 5338 plerique
801 5289 920 5341 quo,
952 5283 1011 5326 ut
1042 5274 1194 5334 Man,
1228 5272 1369 5332 Rat.,
1401 5272 1579 5341 Prag.,
1613 5272 1769 5333 Vall..

205 5339 343 5395 Vatt.
385 5343 397 5393 Ι
431 5352 484 5394 et
517 5341 577 5393 Υ.
614 5343 666 5394 In
703 5339 821 5393 Vat.
851 5342 924 5405 Ι),
956 5345 1008 5394 in
1052 5360 1172 5410 quo.
1219 5343 1270 5394 In
1317 5342 1437 5394 aliis
1482 5339 1656 5395 tamen
1692 5353 1773 5394 est

204 5412 313 5475 cui,
347 5420 405 5463 ut
446 5412 597 5463 Alex.
626 5422 677 5462 et
710 5410 827 5465 Vat.
858 5414 922 5463 A.
968 5413 1137 5465 Etiam
1170 5413 1220 5464 in
1270 5413 1533 5465 nonnullis
1578 5416 1776 5464 nos'iris

204 5489 285 5531 est
327 5491 582 5531 mercatur
616 5496 643 5531 a
687 5482 918 5532 secunda
968 5497 1156 5542 manu,
1202 5483 1404 5533 sciliCet
1451 5483 1500 5534 in
1549 5482 1672 5533 Mar.
1721 5492 1775 5533 et

208 5548 324 5601 Rat.
356 5549 567 5602 Teohns
597 5551 759 5602 edidit
786 5564 901 5615 quo,
940 5551 1031 5601 sed
1084 5552 1133 5601 in
1177 5553 1314 5602 notis
1355 5552 1419 5602 ad
1469 5553 1607 5603 hunc
1650 5566 1769 5603 ver-

206 5630 320 5735 :uni
364 5619 522 5696 et'ad
574 5634 709 5672 vers.
765 5619 859 5671 1υῦ
909 5619 1342 5687 Psycliomicliim
1374 5621 1579 5672 videtur
1630 5635 1769 5686 pne-

224 5701 465 5735 errecm.

224 5701 341 5740 erre
368 5703 465 5738 ιἰιι,

1887 5138 2027 5189 Vatt.
2054 5136 2098 5188 A
2117 5176 2131 5200 ,
2159 5136 2207 5197 Ι,
2236 5125 2508 5193 Weiizius.
2541 5125 2707 5187 Gisel.
2733 5135 2797 5185 ad
2825 5147 3001 5193 oram,
3038 5130 3247 5203 Vallic.,
3280 5125 3450 5203 auctio

1883 5208 2089 5272 fallas,
2138 5221 2295 5269 quam
2348 5207 2625 5257 lectionem
2694 5205 2920 5270 probant
2966 5200 3127 5253 verba
3176 5200 3448 5272 sequentis

1887 5265 2085 5328 versus
2111 5265 2354 5342 veniaque
2401 5265 2715 5343 pudescunt,
2749 5286 2939 5338 nempe
2966 5275 3118 5343 venia
3146 5284 3175 5319 a
3217 5265 3451 5329 .loseplio

1882 5346 2002 5397 data
2029 5346 2099 5396 ob
2126 5340 2424 5397 auctionem
2455 5359 2548 5394 seu
2576 5342 2930 5393 venditionem
2964 5340 3149 5405 ipsius,
3177 5346 3449 5405 quartoue
3518 5342 3521 5343 ⁷

1884 5414 2090 5480 prodita
2121 5414 2211 5466 fuit
2245 5424 2299 5467 et
2324 5414 2680 5481 manifestata.
2716 5411 2919 5481 Legunt
2948 5401 3446 5481 actiojallathott.

1886 5474 1943 5541 li.
1979 5484 2042 5546 Ι),
2088 5483 2161 5547 Ν,
2208 5484 2284 5546 Q.
2310 5476 2453 5543 Mar.
2490 5495 2516 5532 a
2563 5474 2814 5532 secunda'
2840 5493 3028 5539 manu,
3081 5478 3234 5536 ltat.,
3272 5474 3447 5547 I’r:i_g.,

1881 5540 2077 5605 Widm.
2119 5540 2171 5604 et
2218 5540 2343 5617 alii,
2379 5554 2470 5619 qui
2514 5550 2819 5618 intelligunt
2866 5553 3158 5619 actionem,
3204 5558 3304 5619 qua
3352 5540 3447 5619 ξι-

1875 5626 2071 5687 sophus
2120 5610 2347 5685 fratres.
2390 5610 2465 5675 rei
2509 5610 2972 5688 gestm'ignaros,
3016 5612 3320 5683 aliipiandiu
3369 5610 3446 5663 [ea

1875 5694 2027 5744 leliit.
