3960 6312
128 362 186 413 ῃ7
1485 350 1965 405 υιττθίῖιιισεωι.
2584 348 2587 353 ‘
3286 347 3363 407 es

289 470 452 523 Moses
480 474 696 523 sanctus
726 466 799 519 ait
840 483 849 517 :
886 466 1108 534 Lignum
1150 466 1302 525 date,
1334 465 1593 531 gurgitem
1624 465 1674 517 in
1711 473 1759 525 Α

1418 552 1609 621 [istum

288 647 567 716 Conjicite:
593 649 645 699 in
670 646 879 699 dulcem
896 652 1167 697 vertentur
1195 658 1370 693 amara
1403 656 1671 708 saporem.

536 738 622 791 M.
656 734 954 789 Elitnlucus
980 735 1033 787 in
1058 749 1245 786 eremo.

292 832 557 885 Devenere
590 830 710 892 viri,
746 828 889 881 Mose
918 825 1070 889 duce,
1104 841 1196 880 sex
1223 826 1306 878 ubi
1336 824 1539 882 fontes.

292 923 353 976 Et
382 937 475 975 sex
504 921 641 974 forte
668 920 755 972 alii
787 919 953 971 vitreo
983 919 1049 971 de
1071 931 1190 971 rore
1227 917 1468 983 rigabant

195 1016 257 1070 55
292 1015 544 1082 Septenas
564 1010 741 1063 decies
773 1010 973 1076 palmas
1000 1026 1012 1060 :
1039 1007 1129 1075 qui
1157 1008 1411 1075 mysticus
1443 1003 1573 1055 Elim

289 1104 459 1157 Lucus
516 1100 863 1168 apostolicum
931 1113 1210 1152 numerum
1270 1096 1416 1149 ιιιπίς
1477 1106 1686 1160 quoque

1391 1186 1405 1255 [
1433 1186 1615 1253 pinxit.

324 1286 482 1357 673
512 1282 595 1338 15.
631 1282 907 1335 Duodecim
931 1281 1124 1351 lapides
1153 1282 1204 1331 in
1226 1279 1473 1331 Iordane.

292 1379 345 1429 In
375 1377 570 1429 fontem
596 1373 763 1427 reﬂuo
791 1370 1041 1425 Jordanis
1072 1371 1278 1437 gurgite
1312 1370 1481 1421 fertur
1502 1409 1515 1428 ,

292 1465 422 1519 Dum
452 1462 706 1518 calcanda
738 1462 832 1515 Dei
877 1461 1083 1529 populis
1110 1461 1242 1514 vada
1270 1462 1407 1513 sicca
1455 1460 1683 1527 reliquit.

1966 465 2151 518 Testes
2184 466 2262 517 bis
2291 466 2401 516 seni
2428 465 2628 532 lapides
2648 505 2660 525 .
2693 479 2827 533 quos
2858 465 3075 518 numine
3097 466 3148 517 in
3178 466 3295 534 ipso

1862 554 1929 608 60
1963 554 2302 609 Constituere
2351 564 2557 621 patres,
2594 555 2644 607 in
2691 554 2911 608 formam
2961 553 3363 623 discipulorum.

2172 645 2259 697 16.
2298 643 2488 696 Donms
2514 644 2656 696 Raab
2687 645 2981 696 meretricis.

1970 732 2257 785 Procubuit
2286 734 2498 788 Jcricho
2525 751 2537 786 :
2568 734 2681 786 sola
2715 743 2857 786 stant
2885 733 3019 786 atria
3054 733 3220 786 Raab.

1968 818 2183 890 Hospita
2200 834 2506 877 sanctorum
2536 826 2785 877 meretrix
2815 825 2981 893 (tanta
3015 835 3097 877 est
3124 825 3242 877 iidei
3261 827 3361 885 vis)

1967 913 2252 967 Incolumis
2287 930 2472 967 secura
2505 916 2695 968 domus
2723 917 3011 983 Spectaliile
3041 932 3260 969 coccum

1966 1003 2132 1073 674
2186 1004 2399 1073 Ignibus
2446 1006 2686 1059 adversis
2732 1008 2781 1059 in
2839 1007 3043 1075 signum
3095 1008 3368 1076 sanguinis

3034 1170 3037 1173 γ
3080 1098 3293 1165 (effert.

2403 1185 2489 1239 I7.
2522 1184 2759 1239 Samson.

1864 1277 1931 1331 65
1972 1276 2226 1330 Invictum
2264 1278 2456 1331 virtute
2478 1294 2647 1332 eomzc
2679 1280 2760 1331 lco
2794 1279 3038 1331 [rana-ere
3069 1278 3293 1333 Samson

1967 1370 2315 1437 Aggreditur;
2351 1381 2503 1423 necat
2533 1372 2623 1425 ille
2645 1373 2809 1423 ieram
2837 1389 2847 1422 :
2871 1372 2963 1425 sed
2991 1374 3057 1423 ab
3088 1386 3180 1424 ore
3203 1372 3371 1427 leonis

1970 1460 2123 1514 Mella
2154 1462 2351 1514 lluunt:
2382 1462 2597 1516 maxilla
2626 1463 2764 1517 asini
2789 1464 2992 1517 fontem
3024 1463 3189 1517 vomit
3211 1466 3369 1516 ultro.

1417 1570 1704 1626 CLOSSAC
1749 1570 2094 1630 VETERES.

200 1669 278 1723 53.
306 1666 485 1735 Moysi,
517 1680 608 1732 pro
640 1662 845 1735 Moyse,
876 1662 973 1717 Iso.

197 1741 278 1790 5-5.
312 1733 492 1789 Vit'reo
512 1774 528 1799 ,
561 1735 747 1793 lucido,
775 1733 875 1786 Iso.

199 1808 279 1859 55.
302 1807 560 1867 Septenas
588 1804 783 1865 decies,
813 1802 1129 1871 septuaginta
1152 1844 1165 1866 ,
1199 1801 1300 1856 Iso.

198 1877 279 1930 56.
305 1877 510 1938 Pinxit,
546 1874 755 1943 ﬁgurat,
782 1873 817 1923 Ι.

1848 1663 1948 1782 [62.
1980 1664 2224 1784 Mc'retrix
2254 1705 2268 1729 ,
2290 1665 2363 1717 al.
2401 1667 2646 1719 meritrix.
2682 1698 2741 1706 —
2766 1668 2930 1719 Tanta
2964 1668 3080 1721 lidci
3114 1668 3220 1733 vis,
3254 1678 3361 1732 est,

1891 1744 2019 1784 erat.
2079 1776 2091 1784 .

1791 1744 1863 1783 vet
1891 1744 2019 1793 erat,
2056 1744 2091 1789 Ι,

1867 1802 1953 1855 GI.
1989 1803 2173 1870 UiIert,
2208 1807 2395 1859 scilicet
2424 1807 2606 1873 seipsa.
2644 1808 2682 1857 Ι.

1441 1955 1995 2015 COMMENTARIUS.

199 2059 279 2112 51.
312 2058 430 2111 Vat.
460 2072 491 2109 u
516 2069 593 2106 ius
613 2054 749 2117 apud
781 2053 956 2118 Teo|.,
986 2055 1183 2121 gurgite
1216 2055 1266 2105 in
1291 2054 1407 2114 isto,
1432 2053 1570 2120 quod
1607 2066 1688 2104 re-

145 2130 324 2195 peritur
353 2128 514 2179 etiam
546 2126 595 2176 in
625 2123 809 2176 Vallic.

199 2196 275 2250 52.
293 2197 535 2263 Plerique
562 2203 767 2248 veteres
796 2192 1031 2263 aeribunt
1048 2194 1279 2255 conicite,
1302 2207 1404 2243 non
1426 2192 1663 2263 conjicite
1674 2206 1691 2251 ;

141 2282 239 2333 qua:
260 2277 427 2320 tamen
454 2260 591 2317 nunc
612 2272 696 2317 est
719 2260 1092 2333 orthographia
1124 2264 1472 2314 communior.
1498 2262 1612 2333 Vat.
1651 2260 1687 2319 Ι,

140 2331 331 2395 concite.
362 2345 417 2389 et
444 2348 601 2401 supra
632 2342 700 2395 et,
728 2342 783 2384 ut
806 2332 873 2383 sit
903 2332 1097 2383 concite
1118 2372 1131 2393 ,
1156 2342 1199 2382 et
1231 2336 1281 2382 in
1304 2333 1521 2383 dulcem.
1558 2331 1688 2381 lion-

140 2420 287 2467 gars..
317 2406 556 2461 Concite.
596 2412 641 2455 et
684 2402 735 2452 in
767 2401 1231 2469 dulcesArerlentur
1270 2416 1445 2452 amara
1468 2416 1690 2469 sapores.

141 2474 422 2543 Legendum
452 2472 704 2541 conjicite.
733 2470 910 2531 Fabr.,
938 2467 1201 2538 Conjicite,
1226 2472 1275 2522 in
1300 2470 1476 2523 dulces
1498 2467 1693 2522 verten-

142 2556 213 2594 lill'
234 2561 403 2596 amara
432 2557 667 2609 sapores.

152 2616 155 2619 ’
197 2613 393 2666 Titulus
436 2606 507 2665 Μ’
549 2614 598 2664 in
634 2612 749 2661 Vat.
796 2611 834 2663 Β
860 2651 871 2670 ,
908 2610 1077 2662 IIeliat
1108 2609 1247 2662 locus
1295 2615 1346 2660 In
1387 2623 1571 2661 eremo.
1621 2606 1695 2660 Ita

142 2683 275 2739 Alex.
307 2724 320 2746 ,
350 2684 484 2736 Mar.
509 2724 524 2746 ,
558 2690 610 2734 et
641 2680 754 2732 Vat.
784 2681 799 2733 Ι
831 2695 949 2733 cum
982 2678 1211 2732 Weitzio
1237 2690 1289 2731 et
1319 2680 1454 2730 aliis.
1496 2678 1613 2729 Rat.
1647 2687 1699 2730 et

140 2752 348 2815 'Iltuan.,
380 2752 555 2804 Ile/im
583 2753 727 2802 lucus
756 2751 805 2801 in
823 2765 1003 2802 eremo.
1038 2748 1225 2810 Aldus,
1261 2748 1336 2799 De
1364 2764 1432 2800 xu
1475 2748 1699 2815 fontibus

142 2832 177 2873 rt
220 2838 349 2874 Lxxx
394 2820 601 2891 palmis
636 2821 953 2891 (legendum
990 2816 1477 2891 t.xx)_._‘l_;i~clinus,
1509 2815 1700 2891 fontes

142 2886 403 2953 duodecim,
432 2902 481 2942 et
516 2886 700 2957 palma:
727 2890 1067 2955 septuagin'a.
1094 2886 1237 2940 Vide
1264 2902 1381 2951 cap.
1413 2902 1478 2938 xv
1509 2886 1697 2957 Exodi.

201 2962 279 3014 55.
319 2955 524 3020 Aldus,
546 2959 677 3011 Mosi
705 2959 832 3009 duce
856 2975 873 3019 ;
897 2959 1008 3021 alii,
1043 2958 1182 3009 Mose
1210 2964 1352 3015 duce.
1382 2968 1472 3008 aut
1503 2955 1697 3024 Moyse.

143 3028 300 3091 Teol.,
332 3031 504 3099 Moysi
534 3030 683 3092 duce,
708 3030 888 3081 nescio
913 3044 978 3079 an
1012 3028 1132 3099 d-ita
1163 3042 1344 3099 opera.

310 3096 480 3155 Aldus
508 3099 745 3151 ediderat
766 3098 855 3165 qui
888 3098 1126 3165 mysticus
1143 3096 1313 3157 (vlim;
1343 3096 1574 3149 correxit
1620 3096 1703 3163 qui

144 3173 355 3237 mysticus
382 3169 508 3221 olim
551 3184 567 3220 :
622 3169 954 3237 praestitisset
984 3181 1086 3218 non
1117 3168 1419 3237 emendare.
1456 3166 1704 3237 Scriberi-

144 3235 247 3291 ilunt
284 3240 499 3309 quidem
536 3246 617 3289 t-st
641 3236 829 3309 Allelim
860 3252 877 3289 .'
910 3237 1183 3309 sed__Egtn.
1214 3235 1369 3309 habet
1419 3237 1591 3309 relicui
1616 3236 1703 3309 alii

147 3305 469 3378 [ilum—quod
512 3307 804 3374 amplector
842 3319 961 3359 cum
990 3305 1144 3374 Vulg.
1180 3306 1310 3382 pdit.
1340 3320 1505 3358 sacrm
1561 3306 1706 3359 Scri-

177 3388 312 3433 tum.

146 3391 486 3518 Ρῃέῗὶὶεῐηη
516 3446 675 3518 locus.
701 3444 874 3518 Ratio»
898 3444 1066 3518 metri
1092 3445 1333 3518 postulat
1350 3443 1514 3497 lucus.
1560 3444 1700 3512 Apo-

148 3512 631 3572 stolicus'numerus
656 3516 707 3568 in
738 3514 1018 3567 duodecim
1043 3512 1274 3567 fontibus
1296 3516 1530 3581 signatus
1557 3530 1571 3577 ;
1604 3531 1699 3565 uu-

148 3601 307 3641 merus
353 3586 757 3651 discipulorum,
814 3585 903 3649 qtti
943 3583 1334 3649 quodammodo
1374 3584 1697 3650 apostolicus

146 3668 298 3721 potest
348 3656 607 3724 πβρι-Πριιὶ
634 3698 647 3717 ,
696 3660 746 3705 in
779 3658 967 3720 palmis
1008 3653 1365 3724 septuaginta.
1398 3654 1449 3705 In
1481 3653 1698 3719 Vulgata

148 3727 335 3791 quidem
371 3723 566 3794 legitur
592 3764 605 3784 .
636 3725 963 3791 septuaginta
1004 3724 1138 3794 duos
1169 3723 1332 3774 fuisse
1361 3724 1653 3789 discipulos
1682 3739 1697 3775 :

148 3797 227 3848 sed
255 3800 301 3849 itt
352 3791 495 3850 textu
540 3810 711 3861 grzcco
738 3796 909 3845 solum
938 3802 1019 3843 est
1048 3791 1385 3862 ἑϐδομήκοντα
1418 3831 1433 3851 .
1488 3803 1700 3859 septua-

146 3866 270 3935 ginta
298 3884 312 3921 :
339 3868 403 3920 de
420 3880 526 3935 qua
555 3865 911 3935 Controversia
945 3862 1063 3914 vide
1090 3864 1407 3935 lirttgtr_nse_tt_t
1437 3863 1500 3935 ad
1529 3878 1644 3935 cap.
1669 3877 1696 3913 x

149 3933 309 4000 Lucae,
340 3932 480 3990 vers.
510 3936 534 3986 1
568 3974 582 3998 ,
618 3947 670 3985 et
718 3933 931 3985 criticos
975 3946 1176 3985 sacros.
1222 3932 1327 3983 Nos
1354 3932 1592 3998 Vulgata:
1626 3932 1701 3985 le-

149 4007 357 4060 ctionem
383 4004 739 4075 praeferimus,
765 4014 816 4075 et
832 4001 1419 4075 a_l’ruiletrtio_al_iis_qtie
1443 4005 1698 4075 minorem

150 4071 406 4130 numerum
460 4073 655 4141 negligi
694 4072 1047 4126 defendimus.
1080 4071 1137 4141 S.
1188 4071 1479 4123 Ildefonsus
1521 4086 1637 4138 cap.
1668 4072 1700 4124 9

150 4144 207 4196 tle
230 4146 409 4199 Itinere
435 4140 666 4203 deserti,
699 4150 842 4194 tonio
872 4141 888 4193 Ι
916 4142 1017 4193 PP.
1053 4140 1426 4194 Tolelattorunt
1449 4182 1462 4201 ,
1487 4156 1539 4209 p.
1573 4143 1696 4203 236,

156 4211 264 4267 inde
290 4218 485 4268 venitur
515 4214 582 4265 ad
622 4213 882 4264 duodecim
911 4211 1071 4280 fontes
1094 4228 1335 4277 aquarum
1364 4211 1589 4263 dulcium
1608 4251 1622 4272 ,
1654 4221 1701 4263 et

152 4288 446 4353 septuaginta
478 4284 798 4351 palmarum,
831 4281 1406 4353 quwrnobisostendunt
1434 4283 1700 4334 duodecim

152 4352 382 4417 rpostolos
406 4395 422 4418 ,
460 4365 507 4407 et
549 4353 867 4420 septuaginta
909 4352 1186 4418 discipulos
1216 4390 1229 4411 ,
1260 4362 1360 4403 etc.
1395 4353 1506 4404 Alia
1544 4354 1703 4405 habet

154 4422 447 4486 “defensus,
475 4422 670 4491 quibus
692 4421 1035 4473 llittocltazum
1061 4422 1228 4486 pOSsis
1257 4422 1542 4474 illustrare.
1563 4424 1702 4475 Con-

156 4494 221 4544 ler
264 4494 517 4547 lsidorum
548 4531 562 4555 ,
597 4493 796 4556 Quam.
833 4506 880 4541 in
916 4491 1082 4541 Exod.
1112 4506 1227 4557 cap.
1260 4492 1321 4543 21
1347 4534 1361 4554 ,
1399 4503 1451 4544 et
1487 4507 1604 4557 qum
1634 4508 1696 4544 ex

152 4578 207 4613 eo
227 4564 471 4617 exscribit
491 4564 550 4616 S.
581 4562 834 4614 Martinus
862 4560 1219 4627 Legionensis,
1244 4576 1407 4613 sertn.
1440 4563 1474 4612 εξ
1502 4562 1567 4612 de
1597 4562 1699 4613 Na-

155 4633 229 4684 tali
261 4633 498 4695 Domini,
531 4632 652 4699 §20
676 4674 689 4691 ,
726 4646 841 4698 pag.
870 4631 971 4682 297
1005 4641 1056 4680 et
1078 4644 1214 4695 seq.,
1248 4641 1264 4682 ι
1304 4647 1375 4683 tn.
1411 4632 1423 4682 Ι
1456 4646 1695 4697 operum,

1796 2049 1983 2115 Aldus,
2018 2050 2199 2113 Alex.,
2232 2052 2343 2104 Gis.
2377 2063 2430 2106 et
2458 2053 2544 2106 alii
2566 2093 2579 2114 ,
2613 2053 2870 2117 relinquit.

1864 2118 1951 2172 60.
2000 2120 2167 2193 Sicb.,
2201 2122 2477 2193 Giselaad
2511 2138 2680 2193 uram,
2715 2122 2872 2174 Fabr.
2895 2162 2908 2185 ,
2964 2120 3115 2191 Egnt.
3141 2163 3155 2185 ,
3203 2123 3363 2193 Dong.

1795 2203 1973 2259 supra,
2002 2191 2067 2259 ad
2096 2194 2332 2259 formam.
2367 2192 2536 2258 VaII.,
2568 2194 2621 2243 in
2653 2192 2837 2259 forma.

1873 2258 2101 2311 Titulus
2134 2260 2234 2321 16,
2288 2261 2480 2315 Domus
2543 2263 2683 2315 Raab
2734 2261 3051 2324 meretricis,
3112 2261 3318 2315 Tlutan.
3350 2303 3367 2328 ,

1801 2327 1943 2380 Raab
1966 2332 2224 2385 meretrix.
2250 2331 2537 2389 Giselinus.
2572 2332 2762 2383 Domus
2792 2330 2992 2384 Rahab.
3014 2332 3199 2393 Aldus,
3230 2327 3368 2385 Raab

1797 2398 1847 2449 in
1878 2396 2086 2468 Hierico
2108 2402 2450 2465 speculatores
2474 2403 2679 2468 recepit.
2698 2402 2829 2467 Cap.
2859 2416 2894 2453 tt
2925 2400 3104 2453 Josne.

1870 2468 1958 2520 6|.
1991 2467 2136 2533 Altl.,
2166 2469 2347 2535 Fabr.,
2383 2470 2550 2524 Gisel.
2580 2472 2642 2523 ad
2674 2485 2839 2538 marg.
2862 2509 2874 2533 ,
2900 2471 3009 2523 sola
3034 2480 3233 2535 astant;
3266 2489 3369 2527 me.

1799 2537 1899 2589 lius
1928 2539 2120 2609 reliqui
2152 2542 2262 2592 sola
2296 2551 2448 2593 stant.
2475 2540 2747 2595 (iiselinus
2776 2537 2950 2594 simile
2994 2542 3092 2609 hoc
3123 2552 3271 2609 putat
3306 2544 3370 2596 li-

1800 2608 1988 2660 centia:
2026 2609 2100 2661 illi
2151 2611 2230 2661 ria
2258 2610 2389 2662 sicca
2418 2612 2569 2663 eremi
2598 2625 2756 2675 supra
2806 2624 2946 2663 vers.
2977 2608 3078 2673 45,
3117 2608 3209 2665 Sed
3243 2614 3371 2665 lalli~

1801 2685 1887 2729 tur
1904 2694 1931 2750 ;_
1951 2692 2069 2750 nam
2094 2679 2162 2732 ob
2179 2689 2223 2731 st
2239 2679 2486 2733 dictiOnis
2511 2681 2781 2749 sequentis
2810 2680 3010 2733 vocalis
3030 2682 3210 2733 brevis
3230 2697 3372 2750 saepe

1805 2747 2127 2814 producitur.

1872 2815 1959 2868 δὲ.
1994 2817 2242 2871 Nonnulli
2284 2819 2482 2885 antiqui
2522 2818 2761 2872 scribunt
2801 2819 3047 2870 meritrir.
3103 2816 3371 2875 Ciselinus

1806 2894 1954 2950 putat
1978 2926 1989 2941 .
2023 2901 2176 2953 posse
2208 2888 2346 2940 ltunc
2380 2904 2589 2941 versum
2619 2901 2800 2941 eontra
2848 2889 3084 2941 omnium
3128 2890 3371 2943 codicum

1806 2954 1961 3008 tidem
1993 2955 2061 3007 ita
2094 2957 2303 3020 inverti,
2334 2958 2405 3010 eis
2437 2966 2578 3009 tanta
2606 2958 2724 3025 ﬁdei
2748 2966 2838 3019 est,
2874 2960 3114 3024 quamvis
3147 2957 3368 3012 Prmlen.

1807 3025 1917 3096 tius
1958 3025 2076 3096 aliis
2131 3028 2180 3079 in
2240 3027 2371 3079 locis
2421 3042 2633 3096 semper
2688 3028 2973 3081 secundam
3031 3028 3371 3088 corripuerit.

1804 3093 1999 3165 Scripti
2031 3106 2358 3160 constanter,
2394 3093 2554 3149 tanta’
2575 3107 2644 3149 est
2674 3099 2793 3165 ﬁdei
2837 3101 2907 3149 vis
2935 3139 2949 3163 ,
2984 3107 3207 3165 excepto
3249 3099 3371 3153 Col~

1807 3163 1996 3227 dasto,
2054 3166 2141 3233 qui
2188 3169 2239 3219 in
2293 3168 2521 3220 tnanuali
2553 3163 2746 3221 bibltco
2789 3168 2915 3234 legit
2963 3177 3102 3219 tanta
3121 3163 3252 3234 ﬁdei
3280 3171 3372 3224 eis.

1810 3234 2057 3288 Paulinus
2085 3250 2187 3288 non
2230 3238 2393 3289 semel
2422 3238 2706 3290 secundam
2744 3237 3020 3303 produxit,
3050 3247 3103 3291 et
3134 3236 3183 3290 in
3216 3254 3274 3293 re
3300 3241 3375 3292 si-

1812 3304 2029 3357 millima
2069 3320 2232 3358 carm.
2280 3306 2345 3359 de
2372 3306 2429 3360 S.
2462 3307 2664 3359 Joanne
2696 3308 2843 3374 Rapt.
2880 3310 3037 3360 liabet
3066 3324 3079 3359 :
3109 3309 3375 3363 Auscultat

1811 3384 1927 3425 nato
1948 3376 2165 3437 qenitrix
2196 3376 2291 3443 (vis
2322 3385 2459 3427 tanta
2486 3376 2652 3444 ﬁdei).
2690 3376 2761 3428 Ita
2794 3378 3023 3442 legerem
3056 3377 3106 3429 in
3142 3378 3375 3434 Pruden-

1807 3445 1899 3508 tio,
1930 3446 1973 3495 si
2005 3445 2348 3509 aliquandois
2370 3462 2395 3497 e
2418 3446 2468 3498 in
2506 3448 2626 3513 ﬁdei
2652 3447 3005 3510 produxisset,
3031 3457 3120 3500 aut
3143 3448 3183 3499 si
3211 3465 3375 3503 mem-

1805 3515 1984 3566 brana:
2008 3523 2333 3580 paterentur.
2364 3515 2585 3568 Carolus
2605 3517 2834 3582 Cangins
2860 3518 3112 3571 Adnotat.
3144 3519 3194 3569 iu
3227 3518 3371 3574 oitic.

1804 3582 1975 3636 Cicer.
2020 3584 2199 3656 laudat
2231 3586 2621 3638 hemistichium
2666 3587 2937 3656 Prudentii
2981 3588 3196 3655 levisque
3233 3590 3374 3656 ﬁdei,

1807 3661 1861 3705 et
1890 3653 2233 3725 reprehendit
2266 3657 2459 3708 sciolos
2484 3697 2498 3717 ,
2528 3658 2615 3723 qui
2647 3659 2759 3708 ausi
2792 3655 2898 3707 sint
2926 3656 2995 3725 ita
3029 3653 3375 3725 inuitare/idei

1803 3738 1995 3790 quoque
2016 3724 2211 3791 plenus.
2249 3726 2302 3776 In
2334 3726 2582 3789 operibus
2605 3742 2721 3793 qum
2746 3735 2955 3779 exstant
2984 3724 3259 3779 Prudentii
3281 3731 3375 3780 hlI-

1801 3793 2031 3858 jnsmodi
2055 3794 2441 3846 hemistichium
2466 3810 2569 3846 non
2590 3802 2880 3861 comparet.
2902 3794 3215 3849 Parrhasius
3230 3813 3366 3850 vers.

1803 3863 1923 3935 ρὶθΔ
1957 3862 2222 3935 Passionis
2264 3863 2483 3935 Romani
2534 3869 2657 3932 legit
2702 3866 2860 3919 Aliter
2900 3866 3177 3932 preuabor,
3223 3884 3375 3935 quant

1804 3932 1924 3996 ﬁdei
1945 3942 1995 3982 nt
2020 3934 2228 3985 militent
2260 3950 2277 3986 :
2306 3934 2396 3987 sed
2428 3937 2608 3999 scripti
2644 3945 2697 3987 et
2725 3936 2810 3987 alii
2842 3935 2967 3986 editi
2992 3949 3123 3998 quos
3156 3932 3255 3989 vidi
3284 3939 3376 3990 ba-

1808 4001 1928 4053 bent
1950 4003 2117 4066 ﬁdele.
2151 4003 2230 4055 Iso
2254 4006 2389 4071 apud
2423 3999 2732 4063 Goldastutn
2765 4006 2815 4057 in
2856 4003 3044 4071 glossis
3078 4003 3203 4069 legit
3233 4018 3374 4060 tanta
3401 4014 3427 4068 ί

1806 4070 1923 4135 ﬁdei
1951 4073 2021 4124 vis
2045 4112 2059 4133 ,
2104 4082 2193 4125 aut
2224 4076 2295 4127 cis
2326 4083 2465 4126 tanta
2506 4075 2644 4141 ﬁdei,
2681 4091 2799 4127 nam
2828 4070 2975 4127 addit
3006 4084 3101 4135 est,
3150 4076 3228 4127 vel
3271 4089 3378 4131 erat

1806 4155 1901 4208 pro
1940 4142 2135 4209 glossa.

1875 4211 1960 4288 6a.
1992 4211 2204 4288 Weitz._,
2237 4214 2358 4267 Ald.
2386 4255 2400 4277 ,
2434 4216 2586 4288 Gis.,
2622 4214 2757 4266 Vall.
2786 4224 2885 4288 ,et
2910 4217 2994 4270 alii
3034 4220 3173 4288 vulg.
3194 4259 3209 4283 ,
3236 4219 3380 4273 inco-

1806 4280 1933 4333 lumi
1957 4298 2133 4334 secura
2165 4286 2336 4352 domo,
2360 4299 2481 4337 eum
2511 4287 2664 4337 Ab-x.
2697 4300 2723 4336 a
2749 4285 2913 4349 prima
2942 4280 3380 4346 tttanttholdas-

1808 4364 1914 4423 tus,
1946 4366 1975 4404 a
2010 4352 2232 4406 Weitzio
2265 4354 2507 4407 laudatus
2531 4398 2544 4411 .
2575 4355 2691 4409 Vat.
2719 4354 2788 4413 Β.
2824 4355 2974 4421 Urb.,
3008 4362 3150 4423 Itan,
3190 4360 3318 4414 Mar.
3349 4377 3379 4412 a

1808 4422 1973 4485 prima
2018 4438 2173 4476 ntanu
2202 4465 2217 4488 ,
2248 4424 2518 4478 incolumis
2560 4442 2734 4478 secura
2766 4425 2973 4485 domus,
3005 4439 3060 4483 et
3102 4430 3151 4482 in
3191 4429 3305 4481 Vat.
3344 4431 3380 4481 Β

1804 4491 1978 4555 glossa
2026 4494 2205 4545 domus
2243 4510 2351 4567 esse
2380 4498 2687 4567 genitivum,
2725 4504 2780 4547 ut
2812 4498 3163 4567 intelligamus
3186 4537 3200 4557 .
3237 4498 3380 4550 Raab

1805 4575 1923 4634 esse
1954 4576 2194 4616 securam
2225 4564 2413 4618 domus
2442 4564 2718 4617 incolumis
2747 4604 2760 4625 ,
2792 4566 2874 4634 vel
2904 4564 3043 4634 quod
3071 4568 3262 4619 domus
3292 4569 3376 4618 in-

1806 4630 2031 4684 columis
2058 4643 2197 4687 esset
2225 4635 2505 4687 servanda.
2544 4635 2595 4686 In
2629 4634 2781 4699 Prag.
2805 4674 2818 4695 ,
2850 4630 3132 4688 Incolumis
3155 4678 3167 4693 .
3197 4651 3376 4687 secura

154 4677 1695 4772 .1...'.;";;;'.tagis.:.susus;usus;‘.;..;ii;...ss.gsr
1725 4677 1775 4737 υ
1802 4677 2505 4770 do...;';.sa:n.;r.:..'u..:
2544 4677 2835 4756 εῖεῑιέητιιιξ.
2870 4677 3046 4757 ..'.:.'..'.:.
3072 4677 3373 4772 's“,;.;;.ta;;

156 4773 238 4824 vis:
263 4774 393 4826 I782
419 4768 875 4827 CIRiIIEIIllrSiIIIIIS
907 4770 966 4822 D.
1000 4769 1059 4820 D.
1092 4768 1402 4823 Franciscus
1430 4768 1694 4824 Antonius

154 4840 209 4892 de
252 4842 583 4907 Lorenzana,
640 4840 1071 4904 archiepiscopus
1124 4839 1441 4906 Toletanis,
1502 4844 1695 4905 primas

158 4908 418 4979 llispauize,
446 4912 559 4965 suis
586 4912 670 4962 alii
696 4922 915 4975 rumque
943 4910 1152 4975 scriptis
1183 4910 1339 4961 editis
1360 4914 1427 4962 de
1458 4910 1693 4963 Ecclesia

156 4976 695 5036 benemerentissimus
719 5021 733 5042 ,
764 4994 900 5031 nunc
925 4980 1095 5045 ipsum
1121 5018 1134 5037 ,
1167 4980 1289 5030 dmn
1325 4980 1437 5031 ha-c
1466 4980 1692 5045 edimus,

155 5052 323 5102 merito
346 5069 443 5105 suo
472 5068 535 5103 ac
560 5066 771 5103 summo
800 5050 1033 5101 omnium
1066 5049 1248 5114 plausu
1282 5049 1332 5101 itt
1353 5064 1559 5103 sacrum
1581 5066 1699 5103 car-

156 5118 385 5174 diualium
415 5123 694 5189 collegium
734 5128 1031 5189 cooptatus.

217 5189 263 5241 In
295 5193 446 5246 titulo
479 5184 783 5243 ibvlcmma
808 5184 1085 5240 Duodecim
1125 5189 1317 5251 lapides
1361 5189 1412 5241 in
1442 5188 1693 5257 Iordane,

156 5261 274 5322 quod
306 5271 475 5314 exstat
502 5260 705 5312 iuVatt.
742 5259 779 5310 Β
804 5271 854 5309 et
883 5258 919 5316 Ι.
952 5260 1124 5320 Alcx.,
1149 5257 1301 5321 Marx,
1323 5260 1464 5323 Rat.,
1485 5262 1692 5313 Tltnatt.

156 5336 200 5376 ct
243 5331 372 5383 aliis.
423 5332 711 5392 Giselinus,
771 5327 988 5395 Lapides
1033 5328 1294 5380 duodecim
1345 5330 1399 5380 in
1448 5329 1694 5383 Jordane.

156 5397 330 5457 Aldus.
362 5399 491 5453 Filii
525 5399 685 5451 Israel
705 5400 1261 5450 Jordanemtranseunt
1281 5438 1295 5458 ,
1328 5409 1373 5449 et
1396 5416 1454 5449 e.r
1485 5415 1541 5450 ιο
1566 5403 1695 5462 lapi-

156 5468 230 5517 des
256 5470 514 5535 colligunt.
546 5470 675 5522 Vide
696 5484 815 5535 cap.
846 5484 893 5519 tv
917 5469 1095 5527 Josue,
1132 5479 1183 5520 et
1209 5469 1361 5519 (Indi.
1395 5486 1573 5538 uymu.
1612 5470 1689 5529 12,

155 5548 275 5589 vers.
304 5541 421 5609 I77,
459 5541 547 5591 tibi
578 5542 795 5603 reﬂuens
840 5539 1003 5609 amnis
1048 5541 1260 5605 dicitur,
1305 5553 1356 5593 et
1402 5540 1689 5609 llatnartig.

156 5617 277 5677 vers.
309 5608 432 5671 482,
470 5612 529 5662 Si
552 5611 678 5674 ripis
704 5609 848 5677 reﬂui
871 5608 1139 5661 Iordanis.

215 5676 294 5728 58.
326 5676 492 5740 Wtd.,
527 5676 765 5748 papulas,
795 5692 896 5730 non
929 5679 1079 5739 bene,
1107 5693 1200 5741 pro
1230 5696 1262 5746 ρ
1298 5679 1447 5747 palis.
1486 5678 1600 5731 Vat.
1634 5680 1693 5739 ιι,

158 5740 283 5802 ιιει..
340 5749 493 5806 Mar”
528 5740 717 5812 eius,
751 5750 938 5802 \Vcilz.
972 5788 985 5810 ,
1021 5740 1147 5801 um.
1180 5791 1192 5810 ,
1230 5740 1339 5799 ini.
1394 5749 1691 5816 Liris/usi.

1802 4786 2003 4842 coccum
2022 4782 2170 4823 vocat
2200 4782 2348 4837 poeta
2382 4772 2668 4827 initienlum
2699 4774 3024 4837 coccineum,
3054 4791 3158 4842 quo
3187 4790 3377 4839 specu-

1799 4840 1998 4962 I'atores
2024 4858 2053 4892 e
2083 4846 2310 4895 fenestra
2337 4844 2577 4909 suSpensi
2609 4844 2817 4895 l'uerunt
2843 4859 2855 4894 :
2883 4844 2949 4896 de
2980 4840 3083 4911 quo
3125 4859 3242 4911 cap.
3277 4857 3367 4898 c.l.

1834 4925 1978 4962 usue.

1834 4925 1978 4962 USIIC.

1880 4980 2086 5032 Titulus
2120 4980 2201 5033 I7.
2236 4982 2355 5032 Ald.
2382 5021 2395 5043 ,
2453 4980 2568 5033 Vat.
2602 4982 2639 5033 Β
2664 5022 2677 5041 ,
2714 4981 2871 5036 Mar..
2926 4982 3068 5041 Rat..
3126 4983 3369 5040 Samson.

1804 5050 1859 5102 In
1892 5049 2121 5113 Tltuan.,
2158 5053 2375 5104 Samson
2397 5054 2587 5103 leonem
2615 5063 2779 5103 necat.
2816 5050 2953 5114 Gis.,
2990 5053 3202 5117 Weilz.,
3231 5056 3377 5108 Sam-

1804 5122 1941 5172 son’s
1968 5121 2065 5173 lno.
2098 5123 2148 5173 In
2187 5120 2299 5173 Vat.
2336 5126 2373 5173 Α
2404 5120 2736 5174 desideratur
2768 5123 2865 5175 hoc
2897 5126 3265 5189 tetrastichon,
3298 5128 3370 5177 uti

1804 5192 1963 5243 etiam
1992 5192 2040 5241 in
2071 5190 2187 5243 Vat.
2227 5193 2263 5243 Ι.
2300 5191 2485 5243 Deerat
2524 5206 2731 5259 quoque
2763 5194 2811 5243 in
2837 5193 3019 5252 Alex..
3067 5196 3159 5245 sed
3192 5196 3367 5261 subje-

1803 5270 1945 5333 ctutn
1978 5269 2059 5313 est
2088 5261 2136 5312 in
2169 5264 2271 5315 line
2299 5262 2521 5333 paginm.
2555 5262 2799 5316 Barthius
2830 5262 3116 5315 Prudentio
3162 5266 3367 5333 adjmli-

1803 5330 2025 5382 caudnm
2056 5341 2234 5382 ienset
2256 5372 2269 5394 ,
2300 5332 2542 5398 quamvis
2580 5334 2631 5385 itt
2662 5349 2759 5386 suo
2784 5334 2968 5385 codice
3000 5334 3125 5384 illud
3160 5330 3262 5387 non
3297 5339 3375 5388 itt-

1804 5410 2028 5472 veuertt.
2082 5402 2244 5453 Abest
2290 5412 2545 5465 trieterea
2590 5406 2657 5456 ah
2702 5405 2847 5467 Eum.
2908 5411 2961 5455 ct
3020 5403 3183 5455 Palat.
3237 5408 3374 5472 ειρτιιι

1806 5470 2106 5543 Wcizinm.
2144 5472 2367 5523 Historia
2400 5474 2637 5540 exposita
2671 5484 2806 5543 patet
2847 5488 2963 5540 cap.
2996 5489 3078 5525 xtv
3109 5482 3161 5526 et
3190 5470 3375 5531 xv'Ju-

1804 5542 2000 5593 dicum.

1870 5611 1957 5663 (Π.
1988 5605 2130 5669 ᾹΙιΙ..
2163 5610 2375 5674 Weile
2405 5611 2609 5673 liuius”
2644 5612 2718 5667 Te
2742 5614 2818 5677 .l.,
2852 5618 3042 5681 asinm;
3074 5618 3183 5680 alii,
3216 5619 3371 5679 asini,

1801 5681 1940 5761 quod
1967 5694 2142 5733 veitus
2172 5692 2257 5761 cst
2285 5700 2295 5733 :
2330 5698 2446 5733 nam
2487 5699 2627 5750 smpe
2656 5686 2703 5736 in
2734 5686 2831 5739 huc
2862 5688 2974 5741 loco
3005 5704 3153 5742 sacra
3188 5690 3375 5756 pagina

1802 5765 2019 5809 asinum,
2049 5766 2152 5804 non
2183 5768 2379 5803 asinam
2413 5762 2583 5805 vocat.
