  <div class='ocr_page' id='page_1' title='image "/cluster/home/n/w/nwhite01/storage/ocr_20150623/59/hvd.32044073505257/717.png"; bbox 0 0 3960 6312; ppageno 0'>
   <div class='ocr_carea' id='block_1_1' title="bbox 608 363 3815 425">
    <p class='ocr_par' dir='ltr' id='par_1_1' title="bbox 608 363 3815 425">
     <span class='ocr_line' id='line_1_1' title="bbox 608 363 3815 425; baseline 0.003 -11"><span class='ocrx_word' id='word_1_1' title='bbox 608 364 671 416; x_wconf 72' lang='lat'><strong>:‘9</strong></span> <span class='ocrx_word' id='word_1_2' title='bbox 1686 363 1955 417; x_wconf 78' lang='lat' dir='ltr'><strong>AUREI.&quot;</strong></span> <span class='ocrx_word' id='word_1_3' title='bbox 2000 364 2363 419; x_wconf 77' lang='lat' dir='ltr'><strong>PRUDENTII</strong></span> <span class='ocrx_word' id='word_1_4' title='bbox 2403 366 2725 421; x_wconf 74' lang='lat' dir='ltr'><strong>CARMINA.</strong></span> <span class='ocrx_word' id='word_1_5' title='bbox 3740 367 3815 425; x_wconf 64' lang='grc' dir='ltr'><strong>ἰοῦ</strong></span> 
     </span>
    </p>
   </div>
   <div class='ocr_carea' id='block_1_2' title="bbox 780 470 2091 541">
    <p class='ocr_par' dir='ltr' id='par_1_2' title="bbox 780 470 2091 541">
     <span class='ocr_line' id='line_1_2' title="bbox 780 470 2091 541; baseline 0 -14"><span class='ocrx_word' id='word_1_6' title='bbox 780 472 1012 529; x_wconf 70' lang='lat' dir='ltr'><strong>Stultitia</strong></span> <span class='ocrx_word' id='word_1_7' title='bbox 1041 473 1270 529; x_wconf 76' lang='lat' dir='ltr'><strong>exundat</strong></span> <span class='ocrx_word' id='word_1_8' title='bbox 1294 472 1556 541; x_wconf 78' lang='lat' dir='ltr'><strong>lymphis,</strong></span> <span class='ocrx_word' id='word_1_9' title='bbox 1587 470 1871 527; x_wconf 85' lang='lat' dir='ltr'><strong>dulcedine</strong></span> <span class='ocrx_word' id='word_1_10' title='bbox 1904 474 2091 527; x_wconf 72' lang='lat' dir='ltr'><strong>virttis.</strong></span> 
     </span>
    </p>
   </div>
   <div class='ocr_carea' id='block_1_3' title="bbox 1137 562 1658 618">
    <p class='ocr_par' dir='ltr' id='par_1_3' title="bbox 1137 562 1658 618">
     <span class='ocr_line' id='line_1_3' title="bbox 1137 562 1658 618; baseline 0 -4"><span class='ocrx_word' id='word_1_11' title='bbox 1137 565 1221 618; x_wconf 88' lang='lat' dir='ltr'><strong>l8.</strong></span> <span class='ocrx_word' id='word_1_12' title='bbox 1253 562 1380 616; x_wconf 87' lang='lat' dir='ltr'><strong>Item</strong></span> <span class='ocrx_word' id='word_1_13' title='bbox 1422 562 1658 616; x_wconf 89' lang='lat' dir='ltr'><strong>Samson.</strong></span> 
     </span>
    </p>
   </div>
   <div class='ocr_carea' id='block_1_4' title="bbox 788 652 2177 723">
    <p class='ocr_par' dir='ltr' id='par_1_4' title="bbox 788 652 2177 723">
     <span class='ocr_line' id='line_1_4' title="bbox 788 652 2177 723; baseline 0.002 -17"><span class='ocrx_word' id='word_1_14' title='bbox 788 656 890 707; x_wconf 84' lang='lat' dir='ltr'><strong>&#39;l‘er</strong></span> <span class='ocrx_word' id='word_1_15' title='bbox 918 665 1129 707; x_wconf 85' lang='lat' dir='ltr'><strong>centum</strong></span> <span class='ocrx_word' id='word_1_16' title='bbox 1162 654 1346 720; x_wconf 82' lang='lat' dir='ltr'><strong>vulpes</strong></span> <span class='ocrx_word' id='word_1_17' title='bbox 1388 652 1609 706; x_wconf 82' lang='lat' dir='ltr'><strong>Samson</strong></span> <span class='ocrx_word' id='word_1_18' title='bbox 1649 655 1829 722; x_wconf 89' lang='lat' dir='ltr'><strong>capit,</strong></span> <span class='ocrx_word' id='word_1_19' title='bbox 1862 654 2067 723; x_wconf 80' lang='lat' dir='ltr'><strong>ignibus</strong></span> <span class='ocrx_word' id='word_1_20' title='bbox 2093 670 2177 709; x_wconf 87' lang='lat' dir='ltr'><strong>ar-</strong></span> 
     </span>
    </p>
   </div>
   <div class='ocr_carea' id='block_1_5' title="bbox 1945 744 2105 814">
    <p class='ocr_par' dir='ltr' id='par_1_5' title="bbox 1945 744 2105 814">
     <span class='ocr_line' id='line_1_5' title="bbox 1945 744 2105 814; baseline 0.006 -18"><span class='ocrx_word' id='word_1_21' title='bbox 1945 744 2105 814; x_wconf 88' lang='lat' dir='ltr'><strong>[niat,</strong></span> 
     </span>
    </p>
   </div>
   <div class='ocr_carea' id='block_1_6' title="bbox 677 830 2107 899">
    <p class='ocr_par' dir='ltr' id='par_1_6' title="bbox 677 830 2107 899">
     <span class='ocr_line' id='line_1_6' title="bbox 677 830 2107 899; baseline 0.001 -16"><span class='ocrx_word' id='word_1_22' title='bbox 677 833 742 885; x_wconf 81' lang='lat' dir='ltr'><strong>7t)</strong></span> <span class='ocrx_word' id='word_1_23' title='bbox 782 831 927 886; x_wconf 87' lang='lat' dir='ltr'><strong>Pone</strong></span> <span class='ocrx_word' id='word_1_24' title='bbox 958 830 1101 885; x_wconf 86' lang='lat' dir='ltr'><strong>faces</strong></span> <span class='ocrx_word' id='word_1_25' title='bbox 1121 831 1304 885; x_wconf 85' lang='lat' dir='ltr'><strong>caudis</strong></span> <span class='ocrx_word' id='word_1_26' title='bbox 1329 831 1680 899; x_wconf 85' lang='lat' dir='ltr'><strong>circumligat,</strong></span> <span class='ocrx_word' id='word_1_27' title='bbox 1720 834 1771 886; x_wconf 83' lang='lat' dir='ltr'><strong>in</strong></span> <span class='ocrx_word' id='word_1_28' title='bbox 1801 842 1915 887; x_wconf 86' lang='lat' dir='ltr'><strong>sata</strong></span> <span class='ocrx_word' id='word_1_29' title='bbox 1944 835 2107 887; x_wconf 90' lang='lat' dir='ltr'><strong>mittit</strong></span> 
     </span>
    </p>
   </div>
   <div class='ocr_carea' id='block_1_7' title="bbox 777 920 2176 990">
    <p class='ocr_par' dir='ltr' id='par_1_7' title="bbox 777 920 2176 990">
     <span class='ocr_line' id='line_1_7' title="bbox 777 920 2176 990; baseline 0.002 -17"><span class='ocrx_word' id='word_1_30' title='bbox 777 920 1152 990; x_wconf 79' lang='lat' dir='ltr'><strong>Allapbylum,</strong></span> <span class='ocrx_word' id='word_1_31' title='bbox 1204 929 1521 989; x_wconf 86' lang='lat' dir='ltr'><strong>segetesque</strong></span> <span class='ocrx_word' id='word_1_32' title='bbox 1570 931 1792 975; x_wconf 79' lang='lat' dir='ltr'><strong>cremat.</strong></span> <span class='ocrx_word' id='word_1_33' title='bbox 1847 924 1939 977; x_wconf 84' lang='lat' dir='ltr'><strong>Sic</strong></span> <span class='ocrx_word' id='word_1_34' title='bbox 1982 923 2176 977; x_wconf 78' lang='lat' dir='ltr'><strong>callida</strong></span> 
     </span>
    </p>
   </div>
   <div class='ocr_carea' id='block_1_8' title="bbox 1888 1010 2107 1081">
    <p class='ocr_par' dir='ltr' id='par_1_8' title="bbox 1888 1010 2107 1081">
     <span class='ocr_line' id='line_1_8' title="bbox 1888 1010 2107 1081; baseline -0.005 -15"><span class='ocrx_word' id='word_1_35' title='bbox 1888 1010 2107 1081; x_wconf 80' lang='lat' dir='ltr'><strong>[vulpes</strong></span> 
     </span>
    </p>
   </div>
   <div class='ocr_carea' id='block_1_9' title="bbox 782 1097 2173 1173">
    <p class='ocr_par' dir='ltr' id='par_1_9' title="bbox 782 1097 2173 1173">
     <span class='ocr_line' id='line_1_9' title="bbox 782 1097 2173 1173; baseline 0.005 -23"><span class='ocrx_word' id='word_1_36' title='bbox 782 1098 931 1169; x_wconf 80' lang='lat' dir='ltr'><strong>Nunc</strong></span> <span class='ocrx_word' id='word_1_37' title='bbox 957 1097 1161 1173; x_wconf 86' lang='lat' dir='ltr'><strong>heresis</strong></span> <span class='ocrx_word' id='word_1_38' title='bbox 1181 1098 1421 1151; x_wconf 85' lang='lat' dir='ltr'><strong>ﬂammas</strong></span> <span class='ocrx_word' id='word_1_39' title='bbox 1444 1099 1687 1152; x_wconf 90' lang='lat' dir='ltr'><strong>vitiorum</strong></span> <span class='ocrx_word' id='word_1_40' title='bbox 1706 1102 1907 1169; x_wconf 78' lang='lat' dir='ltr'><strong>spargit</strong></span> <span class='ocrx_word' id='word_1_41' title='bbox 1922 1102 1973 1155; x_wconf 93' lang='lat' dir='ltr'><strong>in</strong></span> <span class='ocrx_word' id='word_1_42' title='bbox 1995 1116 2173 1171; x_wconf 90' lang='lat' dir='ltr'><strong>agros.</strong></span> 
     </span>
    </p>
   </div>
   <div class='ocr_carea' id='block_1_10' title="bbox 1242 1186 1540 1241">
    <p class='ocr_par' dir='ltr' id='par_1_10' title="bbox 1242 1186 1540 1241">
     <span class='ocr_line' id='line_1_10' title="bbox 1242 1186 1540 1241; baseline 0.003 -1"><span class='ocrx_word' id='word_1_43' title='bbox 1242 1189 1326 1241; x_wconf 71' lang='lat' dir='ltr'><strong>i9.</strong></span> <span class='ocrx_word' id='word_1_44' title='bbox 1358 1186 1540 1241; x_wconf 85' lang='lat' dir='ltr'><strong>David.</strong></span> 
     </span>
    </p>
   </div>
   <div class='ocr_carea' id='block_1_11' title="bbox 786 1274 2178 1345">
    <p class='ocr_par' dir='ltr' id='par_1_11' title="bbox 786 1274 2178 1345">
     <span class='ocr_line' id='line_1_11' title="bbox 786 1274 2178 1345; baseline 0.005 -18"><span class='ocrx_word' id='word_1_45' title='bbox 786 1274 948 1329; x_wconf 81' lang='lat' dir='ltr'><strong>David</strong></span> <span class='ocrx_word' id='word_1_46' title='bbox 982 1290 1176 1345; x_wconf 88' lang='lat' dir='ltr'><strong>parvus</strong></span> <span class='ocrx_word' id='word_1_47' title='bbox 1201 1284 1317 1330; x_wconf 87' lang='lat' dir='ltr'><strong>erat</strong></span> <span class='ocrx_word' id='word_1_48' title='bbox 1339 1314 1355 1340; x_wconf 89' lang='lat'><strong>,</strong></span> <span class='ocrx_word' id='word_1_49' title='bbox 1388 1275 1610 1329; x_wconf 78' lang='lat' dir='ltr'><strong>fratrum</strong></span> <span class='ocrx_word' id='word_1_50' title='bbox 1650 1276 1870 1333; x_wconf 85' lang='lat' dir='ltr'><strong>ultimus</strong></span> <span class='ocrx_word' id='word_1_51' title='bbox 1894 1317 1909 1343; x_wconf 86' lang='lat'><strong>,</strong></span> <span class='ocrx_word' id='word_1_52' title='bbox 1934 1289 1991 1335; x_wconf 86' lang='lat' dir='ltr'><strong>et</strong></span> <span class='ocrx_word' id='word_1_53' title='bbox 2018 1280 2178 1334; x_wconf 89' lang='lat' dir='ltr'><strong>modo</strong></span> 
     </span>
    </p>
   </div>
   <div class='ocr_carea' id='block_1_12' title="bbox 1930 1367 2109 1440">
    <p class='ocr_par' dir='ltr' id='par_1_12' title="bbox 1930 1367 2109 1440">
     <span class='ocr_line' id='line_1_12' title="bbox 1930 1367 2109 1440; baseline -0.006 -16"><span class='ocrx_word' id='word_1_54' title='bbox 1930 1367 1949 1440; x_wconf 92' lang='lat'>[</span> <span class='ocrx_word' id='word_1_55' title='bbox 1960 1369 2109 1424; x_wconf 79' lang='lat' dir='ltr'><strong>Jesse</strong></span> 
     </span>
    </p>
   </div>
   <div class='ocr_carea' id='block_1_13' title="bbox 779 1455 2181 1528">
    <p class='ocr_par' dir='ltr' id='par_1_13' title="bbox 779 1455 2181 1528">
     <span class='ocr_line' id='line_1_13' title="bbox 779 1455 2181 1528; baseline 0.004 -19"><span class='ocrx_word' id='word_1_56' title='bbox 779 1457 940 1528; x_wconf 76' lang='lat'><strong>675</strong></span> <span class='ocrx_word' id='word_1_57' title='bbox 973 1455 1109 1511; x_wconf 89' lang='lat' dir='ltr'><strong>Cura</strong></span> <span class='ocrx_word' id='word_1_58' title='bbox 1135 1457 1309 1526; x_wconf 78' lang='lat' dir='ltr'><strong>gregis</strong></span> <span class='ocrx_word' id='word_1_59' title='bbox 1332 1494 1348 1521; x_wconf 92' lang='lat'><strong>,</strong></span> <span class='ocrx_word' id='word_1_60' title='bbox 1379 1457 1639 1510; x_wconf 82' lang='lat' dir='ltr'><strong>citharam</strong></span> <span class='ocrx_word' id='word_1_61' title='bbox 1669 1456 1906 1513; x_wconf 90' lang='lat' dir='ltr'><strong>formans</strong></span> <span class='ocrx_word' id='word_1_62' title='bbox 1936 1461 2001 1513; x_wconf 89' lang='lat' dir='ltr'><strong>ad</strong></span> <span class='ocrx_word' id='word_1_63' title='bbox 2040 1460 2181 1515; x_wconf 88' lang='lat' dir='ltr'><strong>ovile</strong></span> 
     </span>
    </p>
   </div>
   <div class='ocr_carea' id='block_1_14' title="bbox 1752 1548 2105 1617">
    <p class='ocr_par' dir='ltr' id='par_1_14' title="bbox 1752 1548 2105 1617">
     <span class='ocr_line' id='line_1_14' title="bbox 1752 1548 2105 1617; baseline 0.006 -19"><span class='ocrx_word' id='word_1_64' title='bbox 1752 1548 2067 1617; x_wconf 75' lang='lat' dir='ltr'><strong>[paternum</strong></span> <span class='ocrx_word' id='word_1_65' title='bbox 2091 1566 2105 1600; x_wconf 92' lang='lat'><strong>:</strong></span> 
     </span>
    </p>
   </div>
   <div class='ocr_carea' id='block_1_15' title="bbox 678 1634 2018 1703">
    <p class='ocr_par' dir='ltr' id='par_1_15' title="bbox 678 1634 2018 1703">
     <span class='ocr_line' id='line_1_15' title="bbox 678 1634 2018 1703; baseline 0.001 -14"><span class='ocrx_word' id='word_1_66' title='bbox 678 1638 745 1690; x_wconf 84' lang='lat'><strong>75</strong></span> <span class='ocrx_word' id='word_1_67' title='bbox 786 1635 913 1692; x_wconf 88' lang='lat' dir='ltr'><strong>Inde</strong></span> <span class='ocrx_word' id='word_1_68' title='bbox 939 1635 1006 1689; x_wconf 86' lang='lat' dir='ltr'><strong>ad</strong></span> <span class='ocrx_word' id='word_1_69' title='bbox 1037 1634 1255 1688; x_wconf 87' lang='lat' dir='ltr'><strong>delicias</strong></span> <span class='ocrx_word' id='word_1_70' title='bbox 1284 1634 1453 1703; x_wconf 83' lang='lat' dir='ltr'><strong>regis;</strong></span> <span class='ocrx_word' id='word_1_71' title='bbox 1486 1650 1607 1688; x_wconf 84' lang='lat' dir='ltr'><strong>mox</strong></span> <span class='ocrx_word' id='word_1_72' title='bbox 1640 1636 1856 1690; x_wconf 88' lang='lat' dir='ltr'><strong>horrida</strong></span> <span class='ocrx_word' id='word_1_73' title='bbox 1882 1637 2018 1691; x_wconf 85' lang='lat' dir='ltr'><strong>bella</strong></span> 
     </span>
    </p>
   </div>
   <div class='ocr_carea' id='block_1_16' title="bbox 780 1726 2070 1791">
    <p class='ocr_par' dir='ltr' id='par_1_16' title="bbox 780 1726 2070 1791">
     <span class='ocr_line' id='line_1_16' title="bbox 780 1726 2070 1791; baseline 0.001 -10"><span class='ocrx_word' id='word_1_74' title='bbox 780 1727 1044 1791; x_wconf 83' lang='lat' dir='ltr'><strong>Conserit,</strong></span> <span class='ocrx_word' id='word_1_75' title='bbox 1074 1734 1128 1780; x_wconf 94' lang='lat' dir='ltr'><strong>et</strong></span> <span class='ocrx_word' id='word_1_76' title='bbox 1156 1726 1311 1779; x_wconf 80' lang='lat' dir='ltr'><strong>funda</strong></span> <span class='ocrx_word' id='word_1_77' title='bbox 1336 1729 1528 1779; x_wconf 81' lang='lat' dir='ltr'><strong>sternit</strong></span> <span class='ocrx_word' id='word_1_78' title='bbox 1555 1728 1816 1781; x_wconf 78' lang='lat' dir='ltr'><strong>stridente</strong></span> <span class='ocrx_word' id='word_1_79' title='bbox 1841 1727 2070 1782; x_wconf 84' lang='lat' dir='ltr'><strong>Goliam.</strong></span> 
     </span>
    </p>
   </div>
   <div class='ocr_carea' id='block_1_17' title="bbox 1098 1816 1687 1886">
    <p class='ocr_par' dir='ltr' id='par_1_17' title="bbox 1098 1816 1687 1886">
     <span class='ocr_line' id='line_1_17' title="bbox 1098 1816 1687 1886; baseline 0 -17"><span class='ocrx_word' id='word_1_80' title='bbox 1098 1816 1188 1871; x_wconf 87' lang='grc'><strong>20.</strong></span> <span class='ocrx_word' id='word_1_81' title='bbox 1237 1816 1469 1886; x_wconf 80' lang='lat' dir='ltr'><strong>Regnum</strong></span> <span class='ocrx_word' id='word_1_82' title='bbox 1502 1817 1687 1870; x_wconf 81' lang='lat' dir='ltr'><strong>David.</strong></span> 
     </span>
    </p>
   </div>
   <div class='ocr_carea' id='block_1_18' title="bbox 782 1909 1922 1980">
    <p class='ocr_par' dir='ltr' id='par_1_18' title="bbox 782 1909 1922 1980">
     <span class='ocr_line' id='line_1_18' title="bbox 782 1909 1922 1980; baseline 0.003 -18"><span class='ocrx_word' id='word_1_83' title='bbox 782 1910 946 1980; x_wconf 80' lang='lat' dir='ltr'><strong>Regia</strong></span> <span class='ocrx_word' id='word_1_84' title='bbox 978 1909 1179 1963; x_wconf 86' lang='lat' dir='ltr'><strong>mitifici</strong></span> <span class='ocrx_word' id='word_1_85' title='bbox 1222 1909 1422 1977; x_wconf 81' lang='lat' dir='ltr'><strong>fulgent</strong></span> <span class='ocrx_word' id='word_1_86' title='bbox 1451 1909 1674 1977; x_wconf 79' lang='lat' dir='ltr'><strong>insignia</strong></span> <span class='ocrx_word' id='word_1_87' title='bbox 1709 1910 1872 1963; x_wconf 80' lang='lat' dir='ltr'><strong>David</strong></span> <span class='ocrx_word' id='word_1_88' title='bbox 1907 1929 1922 1965; x_wconf 88' lang='lat'><strong><em>:</em></strong></span> 
     </span>
    </p>
   </div>
   <div class='ocr_carea' id='block_1_19' title="bbox 782 1998 2174 2070">
    <p class='ocr_par' dir='ltr' id='par_1_19' title="bbox 782 1998 2174 2070">
     <span class='ocr_line' id='line_1_19' title="bbox 782 1998 2174 2070; baseline -0.003 -13"><span class='ocrx_word' id='word_1_89' title='bbox 782 2004 1088 2069; x_wconf 87' lang='lat' dir='ltr'><strong>Sceptrum,</strong></span> <span class='ocrx_word' id='word_1_90' title='bbox 1117 2000 1316 2063; x_wconf 90' lang='lat' dir='ltr'><strong>oleum,</strong></span> <span class='ocrx_word' id='word_1_91' title='bbox 1340 2014 1529 2062; x_wconf 89' lang='lat' dir='ltr'><strong>cornu,</strong></span> <span class='ocrx_word' id='word_1_92' title='bbox 1552 1998 1816 2067; x_wconf 88' lang='lat' dir='ltr'><strong>diadema,</strong></span> <span class='ocrx_word' id='word_1_93' title='bbox 1838 2010 1893 2055; x_wconf 88' lang='lat' dir='ltr'><strong>et</strong></span> <span class='ocrx_word' id='word_1_94' title='bbox 1917 2016 2174 2070; x_wconf 86' lang='lat' dir='ltr'><strong>purpura,</strong></span> 
     </span>
    </p>
   </div>
   <div class='ocr_carea' id='block_1_20' title="bbox 1878 2092 2104 2163">
    <p class='ocr_par' dir='ltr' id='par_1_20' title="bbox 1878 2092 2104 2163">
     <span class='ocr_line' id='line_1_20' title="bbox 1878 2092 2104 2163; baseline -0.004 -16"><span class='ocrx_word' id='word_1_95' title='bbox 1878 2092 1964 2163; x_wconf 88' lang='lat' dir='ltr'><strong>[et</strong></span> <span class='ocrx_word' id='word_1_96' title='bbox 1991 2108 2104 2147; x_wconf 88' lang='lat' dir='ltr'><strong>ara.</strong></span> 
     </span>
    </p>
   </div>
   <div class='ocr_carea' id='block_1_21' title="bbox 1706 2182 2178 2254">
    <p class='ocr_par' dir='ltr' id='par_1_21' title="bbox 1706 2182 2178 2254">
     <span class='ocr_line' id='line_1_21' title="bbox 1706 2182 2178 2254; baseline 0.006 -20"><span class='ocrx_word' id='word_1_97' title='bbox 1706 2182 1948 2251; x_wconf 80' lang='lat' dir='ltr'><strong>chlamys</strong></span> <span class='ocrx_word' id='word_1_98' title='bbox 1972 2224 1986 2247; x_wconf 93' lang='lat'><strong>,</strong></span> <span class='ocrx_word' id='word_1_99' title='bbox 2019 2196 2178 2254; x_wconf 86' lang='lat' dir='ltr'><strong>atque</strong></span> 
     </span>
    </p>
   </div>
   <div class='ocr_carea' id='block_1_22' title="bbox 1842 2274 2105 2343">
    <p class='ocr_par' dir='ltr' id='par_1_22' title="bbox 1842 2274 2105 2343">
     <span class='ocr_line' id='line_1_22' title="bbox 1842 2274 2105 2343; baseline 0.004 -17"><span class='ocrx_word' id='word_1_100' title='bbox 1842 2274 2071 2343; x_wconf 89' lang='lat' dir='ltr'><strong>[corona</strong></span> <span class='ocrx_word' id='word_1_101' title='bbox 2090 2317 2105 2337; x_wconf 85' lang='lat'><strong>,</strong></span> 
     </span>
    </p>
   </div>
   <div class='ocr_carea' id='block_1_23' title="bbox 784 2178 1651 2236">
    <p class='ocr_par' dir='ltr' id='par_1_23' title="bbox 784 2178 1651 2236">
     <span class='ocr_line' id='line_1_23' title="bbox 784 2178 1651 2236; baseline -0.006 0"><span class='ocrx_word' id='word_1_102' title='bbox 784 2185 976 2236; x_wconf 88' lang='lat' dir='ltr'><strong>Utiiiiia</strong></span> <span class='ocrx_word' id='word_1_103' title='bbox 1016 2181 1341 2236; x_wconf 87' lang='lat' dir='ltr'><strong>conveniunt</strong></span> <span class='ocrx_word' id='word_1_104' title='bbox 1380 2178 1594 2236; x_wconf 85' lang='lat' dir='ltr'><strong>Christo</strong></span> <span class='ocrx_word' id='word_1_105' title='bbox 1640 2198 1651 2231; x_wconf 88' lang='lat'>:</span> 
     </span>
    </p>
   </div>
   <div class='ocr_carea' id='block_1_24' title="bbox 2210 1844 2258 1903">
    <p class='ocr_par' dir='ltr' id='par_1_24' title="bbox 2210 1844 2258 1903">
     <span class='ocr_line' id='line_1_24' title="bbox 2210 1844 2258 1903; baseline 0 0"><span class='ocrx_word' id='word_1_106' title='bbox 2210 1844 2258 1903; x_wconf 89' lang='grc' dir='ltr'><strong>Β</strong></span> 
     </span>
    </p>
   </div>
   <div class='ocr_carea' id='block_1_25' title="bbox 2196 475 3811 545">
    <p class='ocr_par' dir='ltr' id='par_1_25' title="bbox 2196 475 3811 545">
     <span class='ocr_line' id='line_1_25' title="bbox 2196 475 3811 545; baseline 0.002 -16"><span class='ocrx_word' id='word_1_107' title='bbox 2196 487 2246 542; x_wconf 72' lang='grc' dir='ltr'><strong>Α</strong></span> <span class='ocrx_word' id='word_1_108' title='bbox 2341 477 2409 531; x_wconf 83' lang='grc'><strong>80</strong></span> <span class='ocrx_word' id='word_1_109' title='bbox 2450 475 2605 545; x_wconf 83' lang='lat' dir='ltr'><strong>Virga</strong></span> <span class='ocrx_word' id='word_1_110' title='bbox 2643 477 2953 544; x_wconf 86' lang='lat' dir='ltr'><strong>potestatis.</strong></span> <span class='ocrx_word' id='word_1_111' title='bbox 2977 477 3391 539; x_wconf 43' lang='lat' dir='ltr'><strong>cornn&#39;crucis,</strong></span> <span class='ocrx_word' id='word_1_112' title='bbox 3424 475 3562 528; x_wconf 86' lang='lat' dir='ltr'><strong>alttr</strong></span> <span class='ocrx_word' id='word_1_113' title='bbox 3629 476 3811 531; x_wconf 84' lang='lat' dir='ltr'><strong>olivum.</strong></span> 
     </span>
    </p>
   </div>
   <div class='ocr_carea' id='block_1_26' title="bbox 2738 607 3392 675">
    <p class='ocr_par' dir='ltr' id='par_1_26' title="bbox 2738 607 3392 675">
     <span class='ocr_line' id='line_1_26' title="bbox 2738 607 3392 675; baseline 0 -15"><span class='ocrx_word' id='word_1_114' title='bbox 2738 608 2828 661; x_wconf 87' lang='grc'><strong>21.</strong></span> <span class='ocrx_word' id='word_1_115' title='bbox 2862 607 3392 675; x_wconf 68' lang='grc' dir='ltr'><strong>ίΕάὶρεαιὶοἰεηιριί.</strong></span> 
     </span>
    </p>
   </div>
   <div class='ocr_carea' id='block_1_27' title="bbox 2458 720 3733 789">
    <p class='ocr_par' dir='ltr' id='par_1_27' title="bbox 2458 720 3733 789">
     <span class='ocr_line' id='line_1_27' title="bbox 2458 720 3733 789; baseline -0.002 -14"><span class='ocrx_word' id='word_1_116' title='bbox 2458 720 2708 775; x_wconf 68' lang='grc' dir='ltr'><strong>Ᾰεῖιιὶίὶεειι</strong></span> <span class='ocrx_word' id='word_1_117' title='bbox 2737 721 2996 788; x_wconf 87' lang='lat' dir='ltr'><strong>templum</strong></span> <span class='ocrx_word' id='word_1_118' title='bbox 3028 721 3284 789; x_wconf 88' lang='lat' dir='ltr'><strong>sapientia</strong></span> <span class='ocrx_word' id='word_1_119' title='bbox 3317 736 3411 789; x_wconf 88' lang='lat' dir='ltr'><strong>per</strong></span> <span class='ocrx_word' id='word_1_120' title='bbox 3438 720 3733 776; x_wconf 81' lang='lat' dir='ltr'><strong>Salomonis</strong></span> 
     </span>
    </p>
   </div>
   <div class='ocr_carea' id='block_1_28' title="bbox 2456 810 3809 881">
    <p class='ocr_par' dir='ltr' id='par_1_28' title="bbox 2456 810 3809 881">
     <span class='ocr_line' id='line_1_28' title="bbox 2456 810 3809 881; baseline -0.002 -15"><span class='ocrx_word' id='word_1_121' title='bbox 2456 811 2776 879; x_wconf 82' lang='lat' dir='ltr'><strong>Obsequium</strong></span> <span class='ocrx_word' id='word_1_122' title='bbox 2813 827 2827 863; x_wconf 90' lang='lat'><strong>:</strong></span> <span class='ocrx_word' id='word_1_123' title='bbox 2860 812 3041 879; x_wconf 77' lang='lat' dir='ltr'><strong>regina</strong></span> <span class='ocrx_word' id='word_1_124' title='bbox 3073 810 3254 864; x_wconf 80' lang='lat' dir='ltr'><strong>Austri</strong></span> <span class='ocrx_word' id='word_1_125' title='bbox 3291 825 3452 879; x_wconf 87' lang='lat' dir='ltr'><strong>grave</strong></span> <span class='ocrx_word' id='word_1_126' title='bbox 3483 812 3713 881; x_wconf 81' lang='lat' dir='ltr'><strong>congerit</strong></span> <span class='ocrx_word' id='word_1_127' title='bbox 3734 825 3809 863; x_wconf 86' lang='lat' dir='ltr'><strong>ait-</strong></span> 
     </span>
    </p>
   </div>
   <div class='ocr_carea' id='block_1_29' title="bbox 3616 900 3766 971">
    <p class='ocr_par' dir='ltr' id='par_1_29' title="bbox 3616 900 3766 971">
     <span class='ocr_line' id='line_1_29' title="bbox 3616 900 3766 971; baseline -0.013 -17"><span class='ocrx_word' id='word_1_128' title='bbox 3616 900 3766 971; x_wconf 83' lang='lat' dir='ltr'><strong>[rttm.</strong></span> 
     </span>
    </p>
   </div>
   <div class='ocr_carea' id='block_1_30' title="bbox 2461 990 3822 1060">
    <p class='ocr_par' dir='ltr' id='par_1_30' title="bbox 2461 990 3822 1060">
     <span class='ocr_line' id='line_1_30' title="bbox 2461 990 3822 1060; baseline 0 -17"><span class='ocrx_word' id='word_1_129' title='bbox 2461 991 2694 1060; x_wconf 86' lang='lat' dir='ltr'><strong>Tempus</strong></span> <span class='ocrx_word' id='word_1_130' title='bbox 2720 991 2892 1055; x_wconf 83' lang='lat' dir='ltr'><strong>adest,</strong></span> <span class='ocrx_word' id='word_1_131' title='bbox 2923 1006 3030 1060; x_wconf 89' lang='lat' dir='ltr'><strong>quo</strong></span> <span class='ocrx_word' id='word_1_132' title='bbox 3060 991 3313 1059; x_wconf 78' lang='lat' dir='ltr'><strong>templum</strong></span> <span class='ocrx_word' id='word_1_133' title='bbox 3344 990 3579 1043; x_wconf 68' lang='lat' dir='ltr'><strong>hominis</strong></span> <span class='ocrx_word' id='word_1_134' title='bbox 3610 991 3701 1043; x_wconf 87' lang='lat' dir='ltr'><strong>sub</strong></span> <span class='ocrx_word' id='word_1_135' title='bbox 3727 1006 3822 1059; x_wconf 85' lang='lat' dir='ltr'><strong>pec-</strong></span> 
     </span>
    </p>
   </div>
   <div class='ocr_carea' id='block_1_31' title="bbox 3359 1079 3769 1150">
    <p class='ocr_par' dir='ltr' id='par_1_31' title="bbox 3359 1079 3769 1150">
     <span class='ocr_line' id='line_1_31' title="bbox 3359 1079 3769 1150; baseline 0.002 -19"><span class='ocrx_word' id='word_1_136' title='bbox 3359 1079 3379 1150; x_wconf 72' lang='lat'>[</span> <span class='ocrx_word' id='word_1_137' title='bbox 3396 1091 3517 1133; x_wconf 86' lang='lat' dir='ltr'><strong>tore</strong></span> <span class='ocrx_word' id='word_1_138' title='bbox 3547 1080 3769 1132; x_wconf 83' lang='lat' dir='ltr'><strong>Christus</strong></span> 
     </span>
    </p>
   </div>
   <div class='ocr_carea' id='block_1_32' title="bbox 2461 1168 3823 1238">
    <p class='ocr_par' dir='ltr' id='par_1_32' title="bbox 2461 1168 3823 1238">
     <span class='ocr_line' id='line_1_32' title="bbox 2461 1168 3823 1238; baseline -0.002 -14"><span class='ocrx_word' id='word_1_139' title='bbox 2461 1168 2732 1231; x_wconf 57' lang='lat' dir='ltr'><strong>IEdiﬁeet,</strong></span> <span class='ocrx_word' id='word_1_140' title='bbox 2785 1168 2926 1238; x_wconf 91' lang='lat' dir='ltr'><strong>quod</strong></span> <span class='ocrx_word' id='word_1_141' title='bbox 2973 1170 3131 1223; x_wconf 76' lang='lat' dir='ltr'><strong>Graia</strong></span> <span class='ocrx_word' id='word_1_142' title='bbox 3180 1168 3388 1233; x_wconf 88' lang='lat' dir='ltr'><strong>colant,</strong></span> <span class='ocrx_word' id='word_1_143' title='bbox 3446 1170 3590 1236; x_wconf 82' lang='lat' dir='ltr'><strong>quod</strong></span> <span class='ocrx_word' id='word_1_144' title='bbox 3637 1168 3823 1221; x_wconf 82' lang='lat' dir='ltr'><strong>barbara</strong></span> 
     </span>
    </p>
   </div>
   <div class='ocr_carea' id='block_1_33' title="bbox 3561 1258 3769 1330">
    <p class='ocr_par' dir='ltr' id='par_1_33' title="bbox 3561 1258 3769 1330">
     <span class='ocr_line' id='line_1_33' title="bbox 3561 1258 3769 1330; baseline -0.024 -15"><span class='ocrx_word' id='word_1_145' title='bbox 3561 1258 3583 1330; x_wconf 86' lang='lat'>[</span> <span class='ocrx_word' id='word_1_146' title='bbox 3597 1258 3769 1315; x_wconf 83' lang='lat' dir='ltr'><strong>ditent.</strong></span> 
     </span>
    </p>
   </div>
   <div class='ocr_carea' id='block_1_34' title="bbox 2632 1347 3508 1420">
    <p class='ocr_par' dir='ltr' id='par_1_34' title="bbox 2632 1347 3508 1420">
     <span class='ocr_line' id='line_1_34' title="bbox 2632 1347 3508 1420; baseline -0.006 -17"><span class='ocrx_word' id='word_1_147' title='bbox 2632 1350 2798 1420; x_wconf 77' lang='lat'><strong>676</strong></span> <span class='ocrx_word' id='word_1_148' title='bbox 2826 1347 2916 1402; x_wconf 88' lang='grc'><strong>22.</strong></span> <span class='ocrx_word' id='word_1_149' title='bbox 2961 1347 3087 1401; x_wconf 83' lang='lat' dir='ltr'><strong>Filii</strong></span> <span class='ocrx_word' id='word_1_150' title='bbox 3121 1347 3508 1417; x_wconf 83' lang='lat' dir='ltr'><strong>prapltetarum.</strong></span> 
     </span>
    </p>
   </div>
   <div class='ocr_carea' id='block_1_35' title="bbox 2350 1478 3744 1552">
    <p class='ocr_par' dir='ltr' id='par_1_35' title="bbox 2350 1478 3744 1552">
     <span class='ocr_line' id='line_1_35' title="bbox 2350 1478 3744 1552; baseline -0.007 -13"><span class='ocrx_word' id='word_1_151' title='bbox 2350 1484 2421 1539; x_wconf 86' lang='lat'><strong>85</strong></span> <span class='ocrx_word' id='word_1_152' title='bbox 2460 1483 2618 1538; x_wconf 84' lang='lat' dir='ltr'><strong>Forte</strong></span> <span class='ocrx_word' id='word_1_153' title='bbox 2644 1486 3021 1552; x_wconf 86' lang='lat' dir='ltr'><strong>prophetarum</strong></span> <span class='ocrx_word' id='word_1_154' title='bbox 3052 1481 3160 1534; x_wconf 88' lang='lat' dir='ltr'><strong>nati</strong></span> <span class='ocrx_word' id='word_1_155' title='bbox 3187 1481 3312 1533; x_wconf 87' lang='lat' dir='ltr'><strong>dum</strong></span> <span class='ocrx_word' id='word_1_156' title='bbox 3342 1480 3486 1547; x_wconf 84' lang='lat' dir='ltr'><strong>ligna</strong></span> <span class='ocrx_word' id='word_1_157' title='bbox 3513 1478 3744 1533; x_wconf 68' lang='lat' dir='ltr'><strong>recidunt</strong></span> 
     </span>
    </p>
   </div>
   <div class='ocr_carea' id='block_1_36' title="bbox 2458 1571 3744 1642">
    <p class='ocr_par' dir='ltr' id='par_1_36' title="bbox 2458 1571 3744 1642">
     <span class='ocr_line' id='line_1_36' title="bbox 2458 1571 3744 1642; baseline -0.004 -15"><span class='ocrx_word' id='word_1_158' title='bbox 2458 1574 2722 1629; x_wconf 85' lang='lat' dir='ltr'><strong>Fluminis</strong></span> <span class='ocrx_word' id='word_1_159' title='bbox 2752 1576 2801 1628; x_wconf 92' lang='lat' dir='ltr'><strong>in</strong></span> <span class='ocrx_word' id='word_1_160' title='bbox 2833 1574 2976 1642; x_wconf 89' lang='lat' dir='ltr'><strong>ripa,</strong></span> <span class='ocrx_word' id='word_1_161' title='bbox 3002 1573 3191 1627; x_wconf 89' lang='lat' dir='ltr'><strong>cecidit</strong></span> <span class='ocrx_word' id='word_1_162' title='bbox 3220 1572 3463 1625; x_wconf 88' lang='lat' dir='ltr'><strong>discussa</strong></span> <span class='ocrx_word' id='word_1_163' title='bbox 3489 1571 3744 1639; x_wconf 79' lang='lat' dir='ltr'><strong>bipennis.</strong></span> 
     </span>
    </p>
   </div>
   <div class='ocr_carea' id='block_1_37' title="bbox 2457 1658 3826 1732">
    <p class='ocr_par' dir='ltr' id='par_1_37' title="bbox 2457 1658 3826 1732">
     <span class='ocr_line' id='line_1_37' title="bbox 2457 1658 3826 1732; baseline -0.007 -15"><span class='ocrx_word' id='word_1_164' title='bbox 2457 1662 2679 1732; x_wconf 83' lang='lat' dir='ltr'><strong>Gurgite</strong></span> <span class='ocrx_word' id='word_1_165' title='bbox 2716 1663 3053 1717; x_wconf 87' lang='lat' dir='ltr'><strong>submersum</strong></span> <span class='ocrx_word' id='word_1_166' title='bbox 3083 1670 3166 1714; x_wconf 89' lang='lat' dir='ltr'><strong>est</strong></span> <span class='ocrx_word' id='word_1_167' title='bbox 3185 1660 3383 1714; x_wconf 75' lang='lat' dir='ltr'><strong>ferrum</strong></span> <span class='ocrx_word' id='word_1_168' title='bbox 3411 1675 3426 1711; x_wconf 91' lang='lat'><strong>:</strong></span> <span class='ocrx_word' id='word_1_169' title='bbox 3458 1658 3556 1713; x_wconf 88' lang='lat' dir='ltr'><strong>sed</strong></span> <span class='ocrx_word' id='word_1_170' title='bbox 3590 1674 3706 1712; x_wconf 87' lang='lat' dir='ltr'><strong>mox</strong></span> <span class='ocrx_word' id='word_1_171' title='bbox 3735 1658 3826 1710; x_wconf 78' lang='lat' dir='ltr'><strong>leve</strong></span> 
     </span>
    </p>
   </div>
   <div class='ocr_carea' id='block_1_38' title="bbox 3560 1746 3773 1817">
    <p class='ocr_par' dir='ltr' id='par_1_38' title="bbox 3560 1746 3773 1817">
     <span class='ocr_line' id='line_1_38' title="bbox 3560 1746 3773 1817; baseline -0.005 -17"><span class='ocrx_word' id='word_1_172' title='bbox 3560 1746 3773 1817; x_wconf 86' lang='lat' dir='ltr'><strong>[lignum</strong></span> 
     </span>
    </p>
   </div>
   <div class='ocr_carea' id='block_1_39' title="bbox 2462 1835 3713 1910">
    <p class='ocr_par' dir='ltr' id='par_1_39' title="bbox 2462 1835 3713 1910">
     <span class='ocr_line' id='line_1_39' title="bbox 2462 1835 3713 1910; baseline -0.006 -15"><span class='ocrx_word' id='word_1_173' title='bbox 2462 1841 2717 1910; x_wconf 88' lang='lat' dir='ltr'><strong>lnjectum</strong></span> <span class='ocrx_word' id='word_1_174' title='bbox 2746 1842 2979 1909; x_wconf 80' lang='lat' dir='ltr'><strong>stagnis,</strong></span> <span class='ocrx_word' id='word_1_175' title='bbox 3001 1839 3200 1896; x_wconf 82' lang='lat' dir='ltr'><strong>ferrum</strong></span> <span class='ocrx_word' id='word_1_176' title='bbox 3229 1837 3540 1892; x_wconf 84' lang='lat' dir='ltr'><strong>revocabile</strong></span> <span class='ocrx_word' id='word_1_177' title='bbox 3577 1835 3713 1891; x_wconf 84' lang='lat' dir='ltr'><strong>fecit.</strong></span> 
     </span>
    </p>
   </div>
   <div class='ocr_carea' id='block_1_40' title="bbox 2751 1969 3366 2041">
    <p class='ocr_par' dir='ltr' id='par_1_40' title="bbox 2751 1969 3366 2041">
     <span class='ocr_line' id='line_1_40' title="bbox 2751 1969 3366 2041; baseline -0.002 -18"><span class='ocrx_word' id='word_1_178' title='bbox 2751 1971 2842 2027; x_wconf 79' lang='grc'><strong>23.</strong></span> <span class='ocrx_word' id='word_1_179' title='bbox 2877 1969 3153 2041; x_wconf 86' lang='lat' dir='ltr'><strong>Captivitas</strong></span> <span class='ocrx_word' id='word_1_180' title='bbox 3179 1969 3366 2023; x_wconf 86' lang='lat' dir='ltr'><strong>Israel.</strong></span> 
     </span>
    </p>
   </div>
   <div class='ocr_carea' id='block_1_41' title="bbox 2455 2100 3824 2174">
    <p class='ocr_par' dir='ltr' id='par_1_41' title="bbox 2455 2100 3824 2174">
     <span class='ocr_line' id='line_1_41' title="bbox 2455 2100 3824 2174; baseline -0.005 -13"><span class='ocrx_word' id='word_1_181' title='bbox 2455 2106 2597 2161; x_wconf 86' lang='lat' dir='ltr'><strong>Gens</strong></span> <span class='ocrx_word' id='word_1_182' title='bbox 2629 2105 2974 2160; x_wconf 74' lang='lat' dir='ltr'><strong>llebrteorum</strong></span> <span class='ocrx_word' id='word_1_183' title='bbox 3023 2106 3331 2174; x_wconf 83' lang='lat' dir='ltr'><strong>peccamine</strong></span> <span class='ocrx_word' id='word_1_184' title='bbox 3372 2114 3530 2173; x_wconf 89' lang='lat' dir='ltr'><strong>capta</strong></span> <span class='ocrx_word' id='word_1_185' title='bbox 3576 2100 3824 2171; x_wconf 84' lang='lat' dir='ltr'><strong>frequenti,</strong></span> 
     </span>
    </p>
   </div>
   <div class='ocr_carea' id='block_1_42' title="bbox 2353 2194 3772 2264">
    <p class='ocr_par' dir='ltr' id='par_1_42' title="bbox 2353 2194 3772 2264">
     <span class='ocr_line' id='line_1_42' title="bbox 2353 2194 3772 2264; baseline -0.006 -11"><span class='ocrx_word' id='word_1_186' title='bbox 2353 2197 2423 2253; x_wconf 86' lang='lat'><strong>90</strong></span> <span class='ocrx_word' id='word_1_187' title='bbox 2464 2197 2708 2251; x_wconf 84' lang='lat' dir='ltr'><strong>Fleverat</strong></span> <span class='ocrx_word' id='word_1_188' title='bbox 2732 2197 2976 2251; x_wconf 80' lang='lat' dir='ltr'><strong>exsilium</strong></span> <span class='ocrx_word' id='word_1_189' title='bbox 2995 2196 3123 2250; x_wconf 72' lang='lat' dir='ltr'><strong>dira:</strong></span> <span class='ocrx_word' id='word_1_190' title='bbox 3146 2194 3437 2264; x_wconf 84' lang='lat' dir='ltr'><strong>Babylonis</strong></span> <span class='ocrx_word' id='word_1_191' title='bbox 3463 2195 3532 2248; x_wconf 89' lang='lat' dir='ltr'><strong>ad</strong></span> <span class='ocrx_word' id='word_1_192' title='bbox 3561 2208 3736 2248; x_wconf 83' lang='lat' dir='ltr'><strong>amnes</strong></span> <span class='ocrx_word' id='word_1_193' title='bbox 3761 2210 3772 2243; x_wconf 92' lang='lat'>:</span> 
     </span>
    </p>
   </div>
   <div class='ocr_carea' id='block_1_43' title="bbox 2460 2284 3823 2354">
    <p class='ocr_par' dir='ltr' id='par_1_43' title="bbox 2460 2284 3823 2354">
     <span class='ocr_line' id='line_1_43' title="bbox 2460 2284 3823 2354; baseline -0.001 -18"><span class='ocrx_word' id='word_1_194' title='bbox 2460 2286 2593 2339; x_wconf 88' lang='lat' dir='ltr'><strong>&#39;I‘nm</strong></span> <span class='ocrx_word' id='word_1_195' title='bbox 2625 2286 2823 2352; x_wconf 86' lang='lat' dir='ltr'><strong>patrios</strong></span> <span class='ocrx_word' id='word_1_196' title='bbox 2854 2293 3070 2339; x_wconf 86' lang='lat' dir='ltr'><strong>cantare</strong></span> <span class='ocrx_word' id='word_1_197' title='bbox 3092 2284 3276 2339; x_wconf 90' lang='lat' dir='ltr'><strong>modos</strong></span> <span class='ocrx_word' id='word_1_198' title='bbox 3307 2294 3582 2354; x_wconf 69' lang='lat' dir='ltr'><strong>praecepta</strong></span> <span class='ocrx_word' id='word_1_199' title='bbox 3611 2290 3823 2347; x_wconf 80' lang='lat' dir='ltr'><strong>recusat,</strong></span> 
     </span>
    </p>
   </div>
   <div class='ocr_carea' id='block_1_44' title="bbox 1878 2363 2541 2429">
    <p class='ocr_par' dir='ltr' id='par_1_44' title="bbox 1878 2363 2541 2429">
     <span class='ocr_line' id='line_1_44' title="bbox 1878 2363 2541 2429; baseline 0.017 -11"><span class='ocrx_word' id='word_1_200' title='bbox 1878 2363 2165 2423; x_wconf 56' lang='lat' dir='ltr'><strong>GLOSSJE</strong></span> <span class='ocrx_word' id='word_1_201' title='bbox 2209 2370 2541 2429; x_wconf 81' lang='lat' dir='ltr'><strong>VETERES.</strong></span> 
     </span>
    </p>
   </div>
   <div class='ocr_carea' id='block_1_45' title="bbox 679 2452 1560 2523">
    <p class='ocr_par' dir='ltr' id='par_1_45' title="bbox 679 2452 1560 2523">
     <span class='ocr_line' id='line_1_45' title="bbox 679 2452 1560 2523; baseline -0.002 -17"><span class='ocrx_word' id='word_1_202' title='bbox 679 2456 768 2508; x_wconf 80' lang='lat'><strong>70.</strong></span> <span class='ocrx_word' id='word_1_203' title='bbox 793 2453 936 2507; x_wconf 85' lang='lat' dir='ltr'><strong>Pone</strong></span> <span class='ocrx_word' id='word_1_204' title='bbox 964 2454 1124 2517; x_wconf 84' lang='lat' dir='ltr'><strong>faces,</strong></span> <span class='ocrx_word' id='word_1_205' title='bbox 1157 2462 1290 2523; x_wconf 88' lang='lat' dir='ltr'><strong>post,</strong></span> <span class='ocrx_word' id='word_1_206' title='bbox 1311 2452 1488 2521; x_wconf 74' lang='lat' dir='ltr'><strong>juxta,</strong></span> <span class='ocrx_word' id='word_1_207' title='bbox 1522 2452 1560 2506; x_wconf 91' lang='lat' dir='ltr'><strong>l.</strong></span> 
     </span>
    </p>
   </div>
   <div class='ocr_carea' id='block_1_46' title="bbox 679 2523 1399 2592">
    <p class='ocr_par' dir='ltr' id='par_1_46' title="bbox 679 2523 1399 2592">
     <span class='ocr_line' id='line_1_46' title="bbox 679 2523 1399 2592; baseline -0.003 -16"><span class='ocrx_word' id='word_1_208' title='bbox 679 2529 768 2578; x_wconf 82' lang='lat' dir='ltr'><strong>7i.</strong></span> <span class='ocrx_word' id='word_1_209' title='bbox 794 2524 975 2592; x_wconf 78' lang='lat' dir='ltr'><strong>Vulpis</strong></span> <span class='ocrx_word' id='word_1_210' title='bbox 1006 2540 1095 2589; x_wconf 85' lang='lat' dir='ltr'><strong>pro</strong></span> <span class='ocrx_word' id='word_1_211' title='bbox 1124 2524 1326 2589; x_wconf 78' lang='lat' dir='ltr'><strong>vulpes,</strong></span> <span class='ocrx_word' id='word_1_212' title='bbox 1362 2523 1399 2575; x_wconf 93' lang='lat' dir='ltr'><strong>l.</strong></span> 
     </span>
    </p>
   </div>
   <div class='ocr_carea' id='block_1_47' title="bbox 676 2591 2176 2662">
    <p class='ocr_par' dir='ltr' id='par_1_47' title="bbox 676 2591 2176 2662">
     <span class='ocr_line' id='line_1_47' title="bbox 676 2591 2176 2662; baseline 0 -14"><span class='ocrx_word' id='word_1_213' title='bbox 676 2598 764 2649; x_wconf 72' lang='lat'><strong>72.</strong></span> <span class='ocrx_word' id='word_1_214' title='bbox 797 2591 946 2647; x_wconf 78' lang='lat' dir='ltr'><strong>Nunc</strong></span> <span class='ocrx_word' id='word_1_215' title='bbox 970 2594 1192 2655; x_wconf 83' lang='lat' dir='ltr'><strong>heresis,</strong></span> <span class='ocrx_word' id='word_1_216' title='bbox 1223 2592 1434 2655; x_wconf 85' lang='lat' dir='ltr'><strong>scilicet,</strong></span> <span class='ocrx_word' id='word_1_217' title='bbox 1460 2606 1594 2661; x_wconf 70' lang='lat' dir='ltr'><strong>quia.</strong></span> <span class='ocrx_word' id='word_1_218' title='bbox 1623 2591 1765 2646; x_wconf 82' lang='lat' dir='ltr'><strong>--ln</strong></span> <span class='ocrx_word' id='word_1_219' title='bbox 1793 2606 1971 2662; x_wconf 87' lang='lat' dir='ltr'><strong>agros,</strong></span> <span class='ocrx_word' id='word_1_220' title='bbox 2002 2596 2057 2648; x_wconf 90' lang='lat' dir='ltr'><strong>id</strong></span> <span class='ocrx_word' id='word_1_221' title='bbox 2082 2607 2176 2662; x_wconf 90' lang='lat' dir='ltr'><strong>est,</strong></span> 
     </span>
    </p>
   </div>
   <div class='ocr_carea' id='block_1_48' title="bbox 610 2663 954 2722">
    <p class='ocr_par' dir='ltr' id='par_1_48' title="bbox 610 2663 954 2722">
     <span class='ocr_line' id='line_1_48' title="bbox 610 2663 954 2722; baseline -0.006 -4"><span class='ocrx_word' id='word_1_222' title='bbox 610 2664 851 2718; x_wconf 70' lang='lat' dir='ltr'><strong>Ecclesiw</strong></span> <span class='ocrx_word' id='word_1_223' title='bbox 865 2705 879 2722; x_wconf 80' lang='lat'><strong>.</strong></span> <span class='ocrx_word' id='word_1_224' title='bbox 916 2663 954 2716; x_wconf 91' lang='lat' dir='ltr'><strong>I.</strong></span> 
     </span>
    </p>
   </div>
   <div class='ocr_carea' id='block_1_49' title="bbox 679 2731 1471 2797">
    <p class='ocr_par' dir='ltr' id='par_1_49' title="bbox 679 2731 1471 2797">
     <span class='ocr_line' id='line_1_49' title="bbox 679 2731 1471 2797; baseline -0.005 -10"><span class='ocrx_word' id='word_1_225' title='bbox 679 2735 768 2787; x_wconf 80' lang='lat'><strong>75.</strong></span> <span class='ocrx_word' id='word_1_226' title='bbox 793 2734 858 2786; x_wconf 88' lang='lat' dir='ltr'><strong>Et</strong></span> <span class='ocrx_word' id='word_1_227' title='bbox 888 2732 1065 2797; x_wconf 86' lang='lat' dir='ltr'><strong>modo,</strong></span> <span class='ocrx_word' id='word_1_228' title='bbox 1096 2742 1140 2782; x_wconf 78' lang='lat' dir='ltr'><strong>rt</strong></span> <span class='ocrx_word' id='word_1_229' title='bbox 1170 2740 1396 2792; x_wconf 85' lang='lat' dir='ltr'><strong>tantum,</strong></span> <span class='ocrx_word' id='word_1_230' title='bbox 1434 2731 1471 2783; x_wconf 93' lang='lat' dir='ltr'><strong>I.</strong></span> 
     </span>
    </p>
   </div>
   <div class='ocr_carea' id='block_1_50' title="bbox 677 2798 2180 2868">
    <p class='ocr_par' dir='ltr' id='par_1_50' title="bbox 677 2798 2180 2868">
     <span class='ocr_line' id='line_1_50' title="bbox 677 2798 2180 2868; baseline -0.001 -10"><span class='ocrx_word' id='word_1_231' title='bbox 677 2807 764 2859; x_wconf 81' lang='lat'><strong>75.</strong></span> <span class='ocrx_word' id='word_1_232' title='bbox 797 2804 923 2858; x_wconf 86' lang='lat' dir='ltr'><strong>lude</strong></span> <span class='ocrx_word' id='word_1_233' title='bbox 965 2809 1031 2855; x_wconf 85' lang='lat' dir='ltr'><strong>ad</strong></span> <span class='ocrx_word' id='word_1_234' title='bbox 1070 2802 1305 2863; x_wconf 87' lang='lat' dir='ltr'><strong>delicias,</strong></span> <span class='ocrx_word' id='word_1_235' title='bbox 1332 2799 1523 2853; x_wconf 81' lang='lat' dir='ltr'><strong>scilicet</strong></span> <span class='ocrx_word' id='word_1_236' title='bbox 1552 2798 1803 2868; x_wconf 77' lang='lat' dir='ltr'><strong>formans,</strong></span> <span class='ocrx_word' id='word_1_237' title='bbox 1830 2801 1884 2856; x_wconf 86' lang='lat' dir='ltr'><strong>id</strong></span> <span class='ocrx_word' id='word_1_238' title='bbox 1914 2811 1985 2855; x_wconf 84' lang='lat' dir='ltr'><strong>est</strong></span> <span class='ocrx_word' id='word_1_239' title='bbox 2015 2805 2180 2857; x_wconf 87' lang='lat' dir='ltr'><strong>addu-</strong></span> 
     </span>
    </p>
   </div>
   <div class='ocr_carea' id='block_1_51' title="bbox 2291 2468 2939 2601">
    <p class='ocr_par' dir='ltr' id='par_1_51' title="bbox 2291 2468 2939 2601">
     <span class='ocr_line' id='line_1_51' title="bbox 2291 2468 2484 2530; baseline 0.016 -12"><span class='ocrx_word' id='word_1_240' title='bbox 2291 2475 2421 2530; x_wconf 87' lang='lat' dir='ltr'><strong>ctus,</strong></span> <span class='ocrx_word' id='word_1_241' title='bbox 2447 2468 2484 2521; x_wconf 94' lang='lat' dir='ltr'><strong>I.</strong></span> 
     </span>
     <span class='ocr_line' id='line_1_52' title="bbox 2359 2534 2939 2601; baseline -0.007 -10"><span class='ocrx_word' id='word_1_242' title='bbox 2359 2538 2448 2591; x_wconf 89' lang='lat'><strong>80.</strong></span> <span class='ocrx_word' id='word_1_243' title='bbox 2480 2536 2653 2601; x_wconf 81' lang='lat' dir='ltr'><strong>Altar,</strong></span> <span class='ocrx_word' id='word_1_244' title='bbox 2680 2535 2869 2601; x_wconf 87' lang='lat' dir='ltr'><strong>crucis,</strong></span> <span class='ocrx_word' id='word_1_245' title='bbox 2897 2534 2939 2587; x_wconf 90' lang='lat' dir='ltr'><strong>l.</strong></span> 
     </span>
    </p>
   </div>
   <div class='ocr_carea' id='block_1_52' title="bbox 2361 2604 3817 2674">
    <p class='ocr_par' dir='ltr' id='par_1_52' title="bbox 2361 2604 3817 2674">
     <span class='ocr_line' id='line_1_53' title="bbox 2361 2604 3817 2674; baseline -0.003 -14"><span class='ocrx_word' id='word_1_246' title='bbox 2361 2606 2453 2660; x_wconf 71' lang='grc'><strong>84.</strong></span> <span class='ocrx_word' id='word_1_247' title='bbox 2484 2607 2657 2671; x_wconf 83' lang='lat' dir='ltr'><strong>Gaza,</strong></span> <span class='ocrx_word' id='word_1_248' title='bbox 2695 2606 2824 2658; x_wconf 81' lang='lat' dir='ltr'><strong>bona</strong></span> <span class='ocrx_word' id='word_1_249' title='bbox 2846 2605 3093 2674; x_wconf 76' lang='lat' dir='ltr'><strong>Operatio.</strong></span> <span class='ocrx_word' id='word_1_250' title='bbox 3122 2634 3193 2645; x_wconf 91' lang='lat'><strong><em>—</em></strong></span> <span class='ocrx_word' id='word_1_251' title='bbox 3233 2604 3465 2659; x_wconf 87' lang='lat' dir='ltr'><strong>Barbara</strong></span> <span class='ocrx_word' id='word_1_252' title='bbox 3484 2645 3501 2672; x_wconf 94' lang='lat'><strong>,</strong></span> <span class='ocrx_word' id='word_1_253' title='bbox 3532 2605 3705 2660; x_wconf 70' lang='lat' dir='ltr'><strong>inculti</strong></span> <span class='ocrx_word' id='word_1_254' title='bbox 3729 2620 3817 2657; x_wconf 63' lang='lat' dir='ltr'><strong>inoo</strong></span> 
     </span>
    </p>
   </div>
   <div class='ocr_carea' id='block_1_53' title="bbox 2288 2677 3219 2811">
    <p class='ocr_par' dir='ltr' id='par_1_53' title="bbox 2288 2677 3219 2811">
     <span class='ocr_line' id='line_1_54' title="bbox 2288 2677 2481 2730; baseline 0.01 -3"><span class='ocrx_word' id='word_1_255' title='bbox 2288 2691 2369 2730; x_wconf 87' lang='lat' dir='ltr'><strong>res</strong></span> <span class='ocrx_word' id='word_1_256' title='bbox 2443 2677 2481 2730; x_wconf 91' lang='grc' dir='ltr'><strong>Ι.</strong></span> 
     </span>
     <span class='ocr_line' id='line_1_55' title="bbox 2357 2715 3219 2811; baseline -0.005 -11"><span class='ocrx_word' id='word_1_257' title='bbox 2357 2715 2447 2800; x_wconf 68' lang='grc' dir='ltr'><strong>9ἷ).</strong></span> <span class='ocrx_word' id='word_1_258' title='bbox 2476 2745 2747 2811; x_wconf 78' lang='lat' dir='ltr'><strong>Exsilium,</strong></span> <span class='ocrx_word' id='word_1_259' title='bbox 2771 2746 2958 2803; x_wconf 84' lang='lat' dir='ltr'><strong>scilicet</strong></span> <span class='ocrx_word' id='word_1_260' title='bbox 2979 2760 3148 2809; x_wconf 86' lang='lat' dir='ltr'><strong>suum,</strong></span> <span class='ocrx_word' id='word_1_261' title='bbox 3180 2743 3219 2796; x_wconf 89' lang='grc' dir='ltr'><strong>Ι.</strong></span> 
     </span>
    </p>
   </div>
   <div class='ocr_carea' id='block_1_54' title="bbox 1926 2891 2475 2953">
    <p class='ocr_par' dir='ltr' id='par_1_54' title="bbox 1926 2891 2475 2953">
     <span class='ocr_line' id='line_1_56' title="bbox 1926 2891 2475 2953; baseline 0.011 -6"><span class='ocrx_word' id='word_1_262' title='bbox 1926 2891 2475 2953; x_wconf 72' lang='lat' dir='ltr'><strong>COMMENTARIUS.</strong></span> 
     </span>
    </p>
   </div>
   <div class='ocr_carea' id='block_1_55' title="bbox 676 2974 1853 3035">
    <p class='ocr_par' dir='ltr' id='par_1_55' title="bbox 676 2974 1853 3035">
     <span class='ocr_line' id='line_1_57' title="bbox 676 2974 1853 3035; baseline -0.003 -2"><span class='ocrx_word' id='word_1_263' title='bbox 676 2980 764 3035; x_wconf 88' lang='lat'><strong>68.</strong></span> <span class='ocrx_word' id='word_1_264' title='bbox 799 2978 960 3035; x_wconf 84' lang='lat' dir='ltr'><strong>Asino</strong></span> <span class='ocrx_word' id='word_1_265' title='bbox 990 2977 1265 3031; x_wconf 88' lang='lat' dir='ltr'><strong>stultitiam</strong></span> <span class='ocrx_word' id='word_1_266' title='bbox 1296 2974 1519 3029; x_wconf 84' lang='lat' dir='ltr'><strong>indicari</strong></span> <span class='ocrx_word' id='word_1_267' title='bbox 1544 2984 1727 3030; x_wconf 90' lang='lat' dir='ltr'><strong>notum</strong></span> <span class='ocrx_word' id='word_1_268' title='bbox 1753 2987 1853 3031; x_wconf 89' lang='lat' dir='ltr'><strong>est.</strong></span> 
     </span>
    </p>
   </div>
   <div class='ocr_carea' id='block_1_56' title="bbox 681 3044 2172 3114">
    <p class='ocr_par' dir='ltr' id='par_1_56' title="bbox 681 3044 2172 3114">
     <span class='ocr_line' id='line_1_58' title="bbox 681 3044 2172 3114; baseline -0.002 -11"><span class='ocrx_word' id='word_1_269' title='bbox 681 3054 892 3105; x_wconf 87' lang='lat' dir='ltr'><strong>Lemma</strong></span> <span class='ocrx_word' id='word_1_270' title='bbox 933 3048 1226 3101; x_wconf 86' lang='lat' dir='ltr'><strong>tetrastiehi</strong></span> <span class='ocrx_word' id='word_1_271' title='bbox 1279 3047 1362 3097; x_wconf 78' lang='lat' dir='ltr'><strong>t8.</strong></span> <span class='ocrx_word' id='word_1_272' title='bbox 1398 3044 1528 3097; x_wconf 79' lang='lat' dir='ltr'><strong>Item</strong></span> <span class='ocrx_word' id='word_1_273' title='bbox 1574 3046 1793 3114; x_wconf 82' lang='lat' dir='ltr'><strong>Samson</strong></span> <span class='ocrx_word' id='word_1_274' title='bbox 1844 3050 1894 3100; x_wconf 86' lang='lat' dir='ltr'><strong>iii</strong></span> <span class='ocrx_word' id='word_1_275' title='bbox 1948 3047 2066 3101; x_wconf 87' lang='lat' dir='ltr'><strong>Vat.</strong></span> <span class='ocrx_word' id='word_1_276' title='bbox 2099 3050 2172 3114; x_wconf 81' lang='grc' dir='ltr'><strong>Β,</strong></span> 
     </span>
    </p>
   </div>
   <div class='ocr_carea' id='block_1_57' title="bbox 608 3110 2175 3183">
    <p class='ocr_par' dir='ltr' id='par_1_57' title="bbox 608 3110 2175 3183">
     <span class='ocr_line' id='line_1_59' title="bbox 608 3110 2175 3183; baseline -0.003 -9"><span class='ocrx_word' id='word_1_277' title='bbox 608 3121 738 3175; x_wconf 74' lang='lat' dir='ltr'><strong>Mar.</strong></span> <span class='ocrx_word' id='word_1_278' title='bbox 769 3132 822 3174; x_wconf 91' lang='lat' dir='ltr'><strong>et</strong></span> <span class='ocrx_word' id='word_1_279' title='bbox 851 3123 970 3172; x_wconf 76' lang='lat' dir='ltr'><strong>liat.</strong></span> <span class='ocrx_word' id='word_1_280' title='bbox 1016 3120 1215 3183; x_wconf 83' lang='lat' dir='ltr'><strong>Aldus,</strong></span> <span class='ocrx_word' id='word_1_281' title='bbox 1243 3115 1317 3167; x_wconf 87' lang='lat' dir='ltr'><strong>De</strong></span> <span class='ocrx_word' id='word_1_282' title='bbox 1338 3116 1578 3169; x_wconf 83' lang='lat' dir='ltr'><strong>Samson.</strong></span> <span class='ocrx_word' id='word_1_283' title='bbox 1612 3110 1882 3169; x_wconf 84' lang='lat' dir='ltr'><strong>Giselinus</strong></span> <span class='ocrx_word' id='word_1_284' title='bbox 1911 3110 2175 3170; x_wconf 80' lang='lat' dir='ltr'><strong>Samsonis</strong></span> 
     </span>
    </p>
   </div>
   <div class='ocr_carea' id='block_1_58' title="bbox 606 3185 2171 3255">
    <p class='ocr_par' dir='ltr' id='par_1_58' title="bbox 606 3185 2171 3255">
     <span class='ocr_line' id='line_1_60' title="bbox 606 3185 2171 3255; baseline -0.001 -12"><span class='ocrx_word' id='word_1_285' title='bbox 606 3191 799 3254; x_wconf 79' lang='lat' dir='ltr'><strong>vulpes.</strong></span> <span class='ocrx_word' id='word_1_286' title='bbox 827 3190 1060 3251; x_wconf 89' lang='lat' dir='ltr'><strong>Tbuan.,</strong></span> <span class='ocrx_word' id='word_1_287' title='bbox 1088 3188 1309 3241; x_wconf 85' lang='lat' dir='ltr'><strong>Samson</strong></span> <span class='ocrx_word' id='word_1_288' title='bbox 1336 3185 1509 3253; x_wconf 85' lang='lat' dir='ltr'><strong>vulpes</strong></span> <span class='ocrx_word' id='word_1_289' title='bbox 1529 3188 1685 3255; x_wconf 87' lang='lat' dir='ltr'><strong>capit.</strong></span> <span class='ocrx_word' id='word_1_290' title='bbox 1710 3187 1870 3241; x_wconf 80' lang='lat' dir='ltr'><strong>Alex.</strong></span> <span class='ocrx_word' id='word_1_291' title='bbox 1890 3227 1906 3253; x_wconf 93' lang='lat'><strong>,</strong></span> <span class='ocrx_word' id='word_1_292' title='bbox 1932 3190 2171 3242; x_wconf 78' lang='lat' dir='ltr'><strong>Samson.</strong></span> 
     </span>
    </p>
   </div>
   <div class='ocr_carea' id='block_1_59' title="bbox 608 3256 1397 3330">
    <p class='ocr_par' dir='ltr' id='par_1_59' title="bbox 608 3256 1397 3330">
     <span class='ocr_line' id='line_1_61' title="bbox 608 3256 1397 3330; baseline -0.01 -15"><span class='ocrx_word' id='word_1_293' title='bbox 608 3262 821 3330; x_wconf 80' lang='lat' dir='ltr'><strong>Legesis</strong></span> <span class='ocrx_word' id='word_1_294' title='bbox 851 3273 1007 3326; x_wconf 84' lang='lat' dir='ltr'><strong>caput</strong></span> <span class='ocrx_word' id='word_1_295' title='bbox 1037 3273 1101 3310; x_wconf 90' lang='lat' dir='ltr'><strong>xv</strong></span> <span class='ocrx_word' id='word_1_296' title='bbox 1132 3256 1397 3330; x_wconf 69' lang='lat' dir='ltr'><strong>indicunt.</strong></span> 
     </span>
    </p>
   </div>
   <div class='ocr_carea' id='block_1_60' title="bbox 676 3329 1607 3397">
    <p class='ocr_par' dir='ltr' id='par_1_60' title="bbox 676 3329 1607 3397">
     <span class='ocr_line' id='line_1_62' title="bbox 676 3329 1607 3397; baseline -0.009 -14"><span class='ocrx_word' id='word_1_297' title='bbox 676 3336 763 3384; x_wconf 69' lang='lat' dir='ltr'><strong>litt.</strong></span> <span class='ocrx_word' id='word_1_298' title='bbox 793 3330 971 3397; x_wconf 59' lang='lat' dir='ltr'><strong>Egon,</strong></span> <span class='ocrx_word' id='word_1_299' title='bbox 1001 3329 1276 3397; x_wconf 75' lang='lat' dir='ltr'><strong>mendose,</strong></span> <span class='ocrx_word' id='word_1_300' title='bbox 1310 3332 1607 3377; x_wconf 86' lang='lat' dir='ltr'><strong>trecentum.</strong></span> 
     </span>
    </p>
   </div>
   <div class='ocr_carea' id='block_1_61' title="bbox 676 3394 2177 3463">
    <p class='ocr_par' dir='ltr' id='par_1_61' title="bbox 676 3394 2177 3463">
     <span class='ocr_line' id='line_1_63' title="bbox 676 3394 2177 3463; baseline -0.005 -10"><span class='ocrx_word' id='word_1_301' title='bbox 676 3402 763 3453; x_wconf 83' lang='lat' dir='ltr'><strong>7t.</strong></span> <span class='ocrx_word' id='word_1_302' title='bbox 798 3394 906 3452; x_wconf 73' lang='lat' dir='ltr'><strong>llac</strong></span> <span class='ocrx_word' id='word_1_303' title='bbox 939 3414 1068 3451; x_wconf 88' lang='lat' dir='ltr'><strong>voce</strong></span> <span class='ocrx_word' id='word_1_304' title='bbox 1113 3396 1407 3463; x_wconf 82' lang='lat' dir='ltr'><strong>allopliylus</strong></span> <span class='ocrx_word' id='word_1_305' title='bbox 1438 3408 1564 3447; x_wconf 90' lang='lat' dir='ltr'><strong>usus</strong></span> <span class='ocrx_word' id='word_1_306' title='bbox 1593 3403 1675 3446; x_wconf 87' lang='lat' dir='ltr'><strong>est</strong></span> <span class='ocrx_word' id='word_1_307' title='bbox 1707 3394 2022 3450; x_wconf 83' lang='lat' dir='ltr'><strong>Prudentius</strong></span> <span class='ocrx_word' id='word_1_308' title='bbox 2075 3396 2177 3449; x_wconf 84' lang='lat' dir='ltr'><strong>lla-</strong></span> 
     </span>
    </p>
   </div>
   <div class='ocr_carea' id='block_1_62' title="bbox 606 3463 2175 3539">
    <p class='ocr_par' dir='ltr' id='par_1_62' title="bbox 606 3463 2175 3539">
     <span class='ocr_line' id='line_1_64' title="bbox 606 3463 2175 3539; baseline -0.004 -15"><span class='ocrx_word' id='word_1_309' title='bbox 606 3471 820 3539; x_wconf 88' lang='lat' dir='ltr'><strong>martig.</strong></span> <span class='ocrx_word' id='word_1_310' title='bbox 851 3485 990 3522; x_wconf 85' lang='lat' dir='ltr'><strong>vers.</strong></span> <span class='ocrx_word' id='word_1_311' title='bbox 1020 3466 1312 3539; x_wconf 13' lang='lat' dir='ltr'><strong>500.7Vide</strong></span> <span class='ocrx_word' id='word_1_312' title='bbox 1338 3476 1519 3539; x_wconf 88' lang='lat' dir='ltr'><strong>n_otas._</strong></span> <span class='ocrx_word' id='word_1_313' title='bbox 1540 3463 1633 3516; x_wconf 87' lang='lat' dir='ltr'><strong>Hic</strong></span> <span class='ocrx_word' id='word_1_314' title='bbox 1654 3478 1747 3531; x_wconf 87' lang='lat' dir='ltr'><strong>pro</strong></span> <span class='ocrx_word' id='word_1_315' title='bbox 1773 3463 2048 3539; x_wconf 73' lang='lat' dir='ltr'><strong>Pliilistrcis</strong></span> <span class='ocrx_word' id='word_1_316' title='bbox 2079 3483 2175 3534; x_wconf 87' lang='lat' dir='ltr'><strong>po-</strong></span> 
     </span>
    </p>
   </div>
   <div class='ocr_carea' id='block_1_63' title="bbox 609 3534 2174 3604">
    <p class='ocr_par' dir='ltr' id='par_1_63' title="bbox 609 3534 2174 3604">
     <span class='ocr_line' id='line_1_65' title="bbox 609 3534 2174 3604; baseline -0.003 -11"><span class='ocrx_word' id='word_1_317' title='bbox 609 3534 986 3601; x_wconf 44' lang='lat' dir='ltr'><strong>niturfAldus,</strong></span> <span class='ocrx_word' id='word_1_318' title='bbox 1017 3549 1069 3590; x_wconf 91' lang='lat' dir='ltr'><strong>ut</strong></span> <span class='ocrx_word' id='word_1_319' title='bbox 1095 3538 1257 3604; x_wconf 85' lang='lat' dir='ltr'><strong>prima</strong></span> <span class='ocrx_word' id='word_1_320' title='bbox 1291 3537 1341 3587; x_wconf 91' lang='lat' dir='ltr'><strong>iii</strong></span> <span class='ocrx_word' id='word_1_321' title='bbox 1363 3534 1547 3604; x_wconf 81' lang='lat' dir='ltr'><strong>heresis</strong></span> <span class='ocrx_word' id='word_1_322' title='bbox 1579 3550 1680 3585; x_wconf 91' lang='lat' dir='ltr'><strong>non</strong></span> <span class='ocrx_word' id='word_1_323' title='bbox 1709 3547 1849 3585; x_wconf 84' lang='lat' dir='ltr'><strong>esset</strong></span> <span class='ocrx_word' id='word_1_324' title='bbox 1878 3535 2079 3599; x_wconf 82' lang='lat' dir='ltr'><strong>brevis,</strong></span> <span class='ocrx_word' id='word_1_325' title='bbox 2108 3543 2174 3589; x_wconf 87' lang='lat' dir='ltr'><strong>ita</strong></span> 
     </span>
    </p>
   </div>
   <div class='ocr_carea' id='block_1_64' title="bbox 608 3603 2176 3673">
    <p class='ocr_par' dir='ltr' id='par_1_64' title="bbox 608 3603 2176 3673">
     <span class='ocr_line' id='line_1_66' title="bbox 608 3603 2176 3673; baseline -0.004 -9"><span class='ocrx_word' id='word_1_326' title='bbox 608 3615 708 3663; x_wconf 86' lang='lat' dir='ltr'><strong>hos</strong></span> <span class='ocrx_word' id='word_1_327' title='bbox 737 3622 927 3663; x_wconf 89' lang='lat' dir='ltr'><strong>versus</strong></span> <span class='ocrx_word' id='word_1_328' title='bbox 956 3603 1261 3661; x_wconf 75' lang='lat' dir='ltr'><strong>reformavit</strong></span> <span class='ocrx_word' id='word_1_329' title='bbox 1292 3622 1305 3657; x_wconf 89' lang='lat'><strong>:</strong></span> <span class='ocrx_word' id='word_1_330' title='bbox 1351 3603 1679 3672; x_wconf 80' lang='lat' dir='ltr'><strong>Allaphylnm</strong></span> <span class='ocrx_word' id='word_1_331' title='bbox 1701 3646 1714 3669; x_wconf 92' lang='lat'><strong>,</strong></span> <span class='ocrx_word' id='word_1_332' title='bbox 1757 3616 2042 3673; x_wconf 80' lang='lat' dir='ltr'><strong>segetesque</strong></span> <span class='ocrx_word' id='word_1_333' title='bbox 2071 3622 2176 3658; x_wconf 87' lang='lat' dir='ltr'><strong>cre-</strong></span> 
     </span>
    </p>
   </div>
   <div class='ocr_carea' id='block_1_65' title="bbox 607 3673 2177 3745">
    <p class='ocr_par' dir='ltr' id='par_1_65' title="bbox 607 3673 2177 3745">
     <span class='ocr_line' id='line_1_67' title="bbox 607 3673 2177 3745; baseline -0.005 -12"><span class='ocrx_word' id='word_1_334' title='bbox 607 3691 732 3743; x_wconf 79' lang='lat' dir='ltr'><strong>mat,</strong></span> <span class='ocrx_word' id='word_1_335' title='bbox 760 3695 893 3732; x_wconf 86' lang='lat' dir='ltr'><strong>nunc</strong></span> <span class='ocrx_word' id='word_1_336' title='bbox 921 3677 1127 3730; x_wconf 64' lang='lat' dir='ltr'><strong>[Heresis</strong></span> <span class='ocrx_word' id='word_1_337' title='bbox 1152 3678 1325 3745; x_wconf 83' lang='lat' dir='ltr'><strong>ignes,</strong></span> <span class='ocrx_word' id='word_1_338' title='bbox 1350 3673 1553 3726; x_wconf 79' lang='lat' dir='ltr'><strong>Callida</strong></span> <span class='ocrx_word' id='word_1_339' title='bbox 1573 3689 1685 3735; x_wconf 73' lang='lat' dir='ltr'><strong>qua:</strong></span> <span class='ocrx_word' id='word_1_340' title='bbox 1716 3674 1908 3741; x_wconf 86' lang='lat' dir='ltr'><strong>vulpes,</strong></span> <span class='ocrx_word' id='word_1_341' title='bbox 1940 3676 2177 3727; x_wconf 87' lang='lat' dir='ltr'><strong>vitiorum</strong></span> 
     </span>
    </p>
   </div>
   <div class='ocr_carea' id='block_1_66' title="bbox 608 3745 2177 3819">
    <p class='ocr_par' dir='ltr' id='par_1_66' title="bbox 608 3745 2177 3819">
     <span class='ocr_line' id='line_1_68' title="bbox 608 3745 2177 3819; baseline -0.004 -15"><span class='ocrx_word' id='word_1_342' title='bbox 608 3752 802 3819; x_wconf 85' lang='lat' dir='ltr'><strong>spargit</strong></span> <span class='ocrx_word' id='word_1_343' title='bbox 845 3751 898 3800; x_wconf 91' lang='lat' dir='ltr'><strong>in</strong></span> <span class='ocrx_word' id='word_1_344' title='bbox 940 3764 1109 3819; x_wconf 85' lang='lat' dir='ltr'><strong>agros.</strong></span> <span class='ocrx_word' id='word_1_345' title='bbox 1156 3750 1470 3819; x_wconf 65' lang='lat' dir='ltr'><strong>Reclamant</strong></span> <span class='ocrx_word' id='word_1_346' title='bbox 1509 3745 1731 3819; x_wconf 84' lang='lat' dir='ltr'><strong>scripti,</strong></span> <span class='ocrx_word' id='word_1_347' title='bbox 1764 3754 1819 3795; x_wconf 88' lang='lat' dir='ltr'><strong>et</strong></span> <span class='ocrx_word' id='word_1_348' title='bbox 1849 3751 2177 3819; x_wconf 80' lang='lat' dir='ltr'><strong>consuetudo</strong></span> 
     </span>
    </p>
   </div>
   <div class='ocr_carea' id='block_1_67' title="bbox 610 3811 2175 3885">
    <p class='ocr_par' dir='ltr' id='par_1_67' title="bbox 610 3811 2175 3885">
     <span class='ocr_line' id='line_1_69' title="bbox 610 3811 2175 3885; baseline -0.006 -10"><span class='ocrx_word' id='word_1_349' title='bbox 610 3811 881 3874; x_wconf 69' lang='lat' dir='ltr'><strong>Prudentii</strong></span> <span class='ocrx_word' id='word_1_350' title='bbox 910 3861 924 3885; x_wconf 97' lang='lat'><strong>,</strong></span> <span class='ocrx_word' id='word_1_351' title='bbox 971 3811 1062 3884; x_wconf 63' lang='lat' dir='ltr'><strong>{iui</strong></span> <span class='ocrx_word' id='word_1_352' title='bbox 1094 3820 1316 3885; x_wconf 87' lang='lat' dir='ltr'><strong>primani</strong></span> <span class='ocrx_word' id='word_1_353' title='bbox 1350 3816 1400 3867; x_wconf 90' lang='lat' dir='ltr'><strong>iit</strong></span> <span class='ocrx_word' id='word_1_354' title='bbox 1449 3811 1636 3885; x_wconf 78' lang='lat' dir='ltr'><strong>heresis</strong></span> <span class='ocrx_word' id='word_1_355' title='bbox 1664 3817 2175 3885; x_wconf 85' lang='lat' dir='ltr'><strong>semper_corripuit.</strong></span> 
     </span>
    </p>
   </div>
   <div class='ocr_carea' id='block_1_68' title="bbox 610 3882 2179 3956">
    <p class='ocr_par' dir='ltr' id='par_1_68' title="bbox 610 3882 2179 3956">
     <span class='ocr_line' id='line_1_70' title="bbox 610 3882 2179 3956; baseline -0.006 -12"><span class='ocrx_word' id='word_1_356' title='bbox 610 3891 713 3944; x_wconf 82' lang='lat' dir='ltr'><strong>Pro</strong></span> <span class='ocrx_word' id='word_1_357' title='bbox 744 3882 1022 3956; x_wconf 72' lang='lat' dir='ltr'><strong>vulpes-alit</strong></span> <span class='ocrx_word' id='word_1_358' title='bbox 1052 3882 1237 3954; x_wconf 80' lang='lat' dir='ltr'><strong>vulpis,</strong></span> <span class='ocrx_word' id='word_1_359' title='bbox 1263 3896 1475 3952; x_wconf 66' lang='lat' dir='ltr'><strong>utsmpe</strong></span> <span class='ocrx_word' id='word_1_360' title='bbox 1498 3882 1697 3936; x_wconf 90' lang='lat' dir='ltr'><strong>dictum</strong></span> <span class='ocrx_word' id='word_1_361' title='bbox 1727 3893 1828 3936; x_wconf 87' lang='lat' dir='ltr'><strong>est.</strong></span> <span class='ocrx_word' id='word_1_362' title='bbox 1858 3882 2041 3948; x_wconf 83' lang='lat' dir='ltr'><strong>Fabr.,</strong></span> <span class='ocrx_word' id='word_1_363' title='bbox 2066 3898 2179 3952; x_wconf 70' lang='lat' dir='ltr'><strong>qua:</strong></span> 
     </span>
    </p>
   </div>
   <div class='ocr_carea' id='block_1_69' title="bbox 609 3960 1021 4021">
    <p class='ocr_par' dir='ltr' id='par_1_69' title="bbox 609 3960 1021 4021">
     <span class='ocr_line' id='line_1_71' title="bbox 609 3960 1021 4021; baseline -0.012 -9"><span class='ocrx_word' id='word_1_364' title='bbox 609 3961 799 4012; x_wconf 85' lang='lat' dir='ltr'><strong>callida</strong></span> <span class='ocrx_word' id='word_1_365' title='bbox 829 3960 1021 4021; x_wconf 81' lang='lat' dir='ltr'><strong>vulpes.</strong></span> 
     </span>
    </p>
   </div>
   <div class='ocr_carea' id='block_1_70' title="bbox 562 4021 2177 4087">
    <p class='ocr_par' dir='ltr' id='par_1_70' title="bbox 562 4021 2177 4087">
     <span class='ocr_line' id='line_1_72' title="bbox 562 4021 2177 4087; baseline -0.006 -3"><span class='ocrx_word' id='word_1_366' title='bbox 562 4070 574 4085; x_wconf 88' lang='lat'><strong>.</strong></span> <span class='ocrx_word' id='word_1_367' title='bbox 681 4029 887 4080; x_wconf 80' lang='lat' dir='ltr'><strong>Titulus</strong></span> <span class='ocrx_word' id='word_1_368' title='bbox 934 4027 1018 4079; x_wconf 74' lang='lat' dir='ltr'><strong>t9.</strong></span> <span class='ocrx_word' id='word_1_369' title='bbox 1070 4024 1234 4077; x_wconf 84' lang='lat' dir='ltr'><strong>David</strong></span> <span class='ocrx_word' id='word_1_370' title='bbox 1277 4025 1328 4076; x_wconf 92' lang='lat' dir='ltr'><strong>in</strong></span> <span class='ocrx_word' id='word_1_371' title='bbox 1376 4022 1497 4075; x_wconf 84' lang='lat' dir='ltr'><strong>Rat.</strong></span> <span class='ocrx_word' id='word_1_372' title='bbox 1524 4062 1539 4085; x_wconf 92' lang='lat'><strong>,</strong></span> <span class='ocrx_word' id='word_1_373' title='bbox 1570 4022 1699 4076; x_wconf 81' lang='lat' dir='ltr'><strong>Mar.</strong></span> <span class='ocrx_word' id='word_1_374' title='bbox 1726 4062 1741 4087; x_wconf 95' lang='lat'><strong>,</strong></span> <span class='ocrx_word' id='word_1_375' title='bbox 1796 4021 1937 4075; x_wconf 82' lang='lat' dir='ltr'><strong>Vatt.</strong></span> <span class='ocrx_word' id='word_1_376' title='bbox 1975 4023 2011 4075; x_wconf 86' lang='grc' dir='ltr'>Β</span> <span class='ocrx_word' id='word_1_377' title='bbox 2038 4034 2089 4076; x_wconf 89' lang='lat' dir='ltr'><strong>et</strong></span> <span class='ocrx_word' id='word_1_378' title='bbox 2138 4022 2177 4083; x_wconf 90' lang='lat' dir='ltr'><strong>l,</strong></span> 
     </span>
    </p>
   </div>
   <div class='ocr_carea' id='block_1_71' title="bbox 611 4092 2175 4161">
    <p class='ocr_par' dir='ltr' id='par_1_71' title="bbox 611 4092 2175 4161">
     <span class='ocr_line' id='line_1_73' title="bbox 611 4092 2175 4161; baseline -0.004 -11"><span class='ocrx_word' id='word_1_379' title='bbox 611 4096 841 4150; x_wconf 80' lang='lat' dir='ltr'><strong>Weitzio</strong></span> <span class='ocrx_word' id='word_1_380' title='bbox 865 4104 919 4149; x_wconf 85' lang='lat' dir='ltr'><strong>et</strong></span> <span class='ocrx_word' id='word_1_381' title='bbox 948 4096 1085 4147; x_wconf 80' lang='lat' dir='ltr'><strong>aliis.</strong></span> <span class='ocrx_word' id='word_1_382' title='bbox 1120 4094 1312 4156; x_wconf 86' lang='lat' dir='ltr'><strong>Aldus,</strong></span> <span class='ocrx_word' id='word_1_383' title='bbox 1342 4092 1502 4144; x_wconf 81' lang='lat' dir='ltr'><strong>David</strong></span> <span class='ocrx_word' id='word_1_384' title='bbox 1541 4106 1714 4161; x_wconf 85' lang='lat' dir='ltr'><strong>pastor</strong></span> <span class='ocrx_word' id='word_1_385' title='bbox 1744 4093 1912 4144; x_wconf 81' lang='lat' dir='ltr'><strong>ovium</strong></span> <span class='ocrx_word' id='word_1_386' title='bbox 1936 4094 1989 4144; x_wconf 86' lang='lat' dir='ltr'><strong>in</strong></span> <span class='ocrx_word' id='word_1_387' title='bbox 2012 4108 2175 4160; x_wconf 84' lang='lat' dir='ltr'><strong>regem</strong></span> 
     </span>
    </p>
   </div>
   <div class='ocr_carea' id='block_1_72' title="bbox 605 4162 2181 4228">
    <p class='ocr_par' dir='ltr' id='par_1_72' title="bbox 605 4162 2181 4228">
     <span class='ocr_line' id='line_1_74' title="bbox 605 4162 2181 4228; baseline -0.003 -11"><span class='ocrx_word' id='word_1_388' title='bbox 605 4166 793 4221; x_wconf 72' lang='lat' dir='ltr'><strong>evadit.</strong></span> <span class='ocrx_word' id='word_1_389' title='bbox 828 4166 1055 4225; x_wconf 78' lang='lat' dir='ltr'><strong>Tbuan.,</strong></span> <span class='ocrx_word' id='word_1_390' title='bbox 1096 4165 1255 4215; x_wconf 89' lang='lat' dir='ltr'><strong>David</strong></span> <span class='ocrx_word' id='word_1_391' title='bbox 1290 4162 1491 4214; x_wconf 76' lang='lat' dir='ltr'><strong>Goliam</strong></span> <span class='ocrx_word' id='word_1_392' title='bbox 1516 4164 1714 4213; x_wconf 81' lang='lat' dir='ltr'><strong>sternit.</strong></span> <span class='ocrx_word' id='word_1_393' title='bbox 1744 4162 2037 4228; x_wconf 80' lang='lat' dir='ltr'><strong>Glselinus,</strong></span> <span class='ocrx_word' id='word_1_394' title='bbox 2068 4166 2181 4214; x_wconf 84' lang='lat' dir='ltr'><strong>Da-</strong></span> 
     </span>
    </p>
   </div>
   <div class='ocr_carea' id='block_1_73' title="bbox 606 4233 1823 4300">
    <p class='ocr_par' dir='ltr' id='par_1_73' title="bbox 606 4233 1823 4300">
     <span class='ocr_line' id='line_1_75' title="bbox 606 4233 1823 4300; baseline -0.001 -13"><span class='ocrx_word' id='word_1_395' title='bbox 606 4236 691 4287; x_wconf 77' lang='lat' dir='ltr'><strong>vid</strong></span> <span class='ocrx_word' id='word_1_396' title='bbox 722 4243 914 4300; x_wconf 80' lang='lat' dir='ltr'><strong>pastor.</strong></span> <span class='ocrx_word' id='word_1_397' title='bbox 945 4234 1078 4298; x_wconf 74' lang='lat' dir='ltr'><strong>Lege</strong></span> <span class='ocrx_word' id='word_1_398' title='bbox 1107 4233 1237 4284; x_wconf 86' lang='lat' dir='ltr'><strong>lib.l</strong></span> <span class='ocrx_word' id='word_1_399' title='bbox 1264 4236 1461 4297; x_wconf 79' lang='lat' dir='ltr'><strong>ltegutit</strong></span> <span class='ocrx_word' id='word_1_400' title='bbox 1489 4246 1573 4300; x_wconf 86' lang='lat' dir='ltr'><strong>xvi</strong></span> <span class='ocrx_word' id='word_1_401' title='bbox 1605 4244 1657 4283; x_wconf 87' lang='lat' dir='ltr'><strong>et</strong></span> <span class='ocrx_word' id='word_1_402' title='bbox 1690 4247 1823 4286; x_wconf 89' lang='lat' dir='ltr'><strong>xvtt.</strong></span> 
     </span>
    </p>
   </div>
   <div class='ocr_carea' id='block_1_74' title="bbox 678 4299 1685 4365">
    <p class='ocr_par' dir='ltr' id='par_1_74' title="bbox 678 4299 1685 4365">
     <span class='ocr_line' id='line_1_76' title="bbox 678 4299 1685 4365; baseline -0.005 -7"><span class='ocrx_word' id='word_1_403' title='bbox 678 4306 769 4358; x_wconf 78' lang='grc'><strong>75.</strong></span> <span class='ocrx_word' id='word_1_404' title='bbox 806 4303 922 4354; x_wconf 89' lang='lat' dir='ltr'><strong>Val.</strong></span> <span class='ocrx_word' id='word_1_405' title='bbox 953 4304 1019 4365; x_wconf 87' lang='lat' dir='ltr'><strong>A,</strong></span> <span class='ocrx_word' id='word_1_406' title='bbox 1049 4300 1274 4364; x_wconf 78' lang='lat' dir='ltr'><strong>Jessem;</strong></span> <span class='ocrx_word' id='word_1_407' title='bbox 1307 4302 1495 4353; x_wconf 86' lang='lat' dir='ltr'><strong>melius</strong></span> <span class='ocrx_word' id='word_1_408' title='bbox 1523 4299 1685 4353; x_wconf 87' lang='lat' dir='ltr'><strong>Jesse.</strong></span> 
     </span>
    </p>
   </div>
   <div class='ocr_carea' id='block_1_75' title="bbox 679 4368 2182 4434">
    <p class='ocr_par' dir='ltr' id='par_1_75' title="bbox 679 4368 2182 4434">
     <span class='ocr_line' id='line_1_77' title="bbox 679 4368 2182 4434; baseline -0.003 -7"><span class='ocrx_word' id='word_1_409' title='bbox 679 4375 769 4427; x_wconf 71' lang='lat'><strong>74.</strong></span> <span class='ocrx_word' id='word_1_410' title='bbox 794 4371 1049 4425; x_wconf 80' lang='lat' dir='ltr'><strong>Weilzms</strong></span> <span class='ocrx_word' id='word_1_411' title='bbox 1087 4387 1152 4423; x_wconf 84' lang='lat' dir='ltr'><strong>ex</strong></span> <span class='ocrx_word' id='word_1_412' title='bbox 1192 4371 1347 4434; x_wconf 54' lang='lat' dir='ltr'><strong>En&#39;tll.</strong></span> <span class='ocrx_word' id='word_1_413' title='bbox 1395 4380 1541 4421; x_wconf 88' lang='lat' dir='ltr'><strong>notat</strong></span> <span class='ocrx_word' id='word_1_414' title='bbox 1582 4371 1716 4422; x_wconf 83' lang='lat' dir='ltr'><strong>lianc</strong></span> <span class='ocrx_word' id='word_1_415' title='bbox 1762 4368 2044 4422; x_wconf 79' lang='lat' dir='ltr'><strong>lectionem</strong></span> <span class='ocrx_word' id='word_1_416' title='bbox 2090 4384 2182 4422; x_wconf 82' lang='lat' dir='ltr'><strong>va-</strong></span> 
     </span>
    </p>
   </div>
   <div class='ocr_carea' id='block_1_76' title="bbox 603 4439 1892 4509">
    <p class='ocr_par' dir='ltr' id='par_1_76' title="bbox 603 4439 1892 4509">
     <span class='ocr_line' id='line_1_78' title="bbox 603 4439 1892 4509; baseline -0.007 -10"><span class='ocrx_word' id='word_1_417' title='bbox 603 4454 833 4499; x_wconf 73' lang='lat' dir='ltr'><strong>s‘tattteni</strong></span> <span class='ocrx_word' id='word_1_418' title='bbox 864 4444 1029 4503; x_wconf 82' lang='lat' dir='ltr'><strong>olive;</strong></span> <span class='ocrx_word' id='word_1_419' title='bbox 1056 4456 1153 4509; x_wconf 79' lang='lat' dir='ltr'><strong>ego</strong></span> <span class='ocrx_word' id='word_1_420' title='bbox 1182 4454 1332 4509; x_wconf 86' lang='lat' dir='ltr'><strong>voco_</strong></span> <span class='ocrx_word' id='word_1_421' title='bbox 1346 4439 1592 4509; x_wconf 85' lang='lat' dir='ltr'><strong>niciidutn</strong></span> <span class='ocrx_word' id='word_1_422' title='bbox 1616 4453 1713 4507; x_wconf 90' lang='lat' dir='ltr'><strong>pro</strong></span> <span class='ocrx_word' id='word_1_423' title='bbox 1742 4440 1892 4491; x_wconf 81' lang='lat' dir='ltr'><strong>ovile.</strong></span> 
     </span>
    </p>
   </div>
   <div class='ocr_carea' id='block_1_77' title="bbox 681 4507 2180 4576">
    <p class='ocr_par' dir='ltr' id='par_1_77' title="bbox 681 4507 2180 4576">
     <span class='ocr_line' id='line_1_79' title="bbox 681 4507 2180 4576; baseline -0.007 -7"><span class='ocrx_word' id='word_1_424' title='bbox 681 4516 767 4569; x_wconf 86' lang='lat'><strong>76.</strong></span> <span class='ocrx_word' id='word_1_425' title='bbox 803 4514 906 4566; x_wconf 75' lang='lat' dir='ltr'><strong>Alit</strong></span> <span class='ocrx_word' id='word_1_426' title='bbox 930 4507 1115 4564; x_wconf 77' lang='lat' dir='ltr'><strong>Golian</strong></span> <span class='ocrx_word' id='word_1_427' title='bbox 1134 4550 1149 4575; x_wconf 95' lang='lat'><strong>,</strong></span> <span class='ocrx_word' id='word_1_428' title='bbox 1176 4511 1266 4562; x_wconf 85' lang='lat' dir='ltr'><strong>alii</strong></span> <span class='ocrx_word' id='word_1_429' title='bbox 1294 4507 1502 4561; x_wconf 82' lang='lat' dir='ltr'><strong>Goliam</strong></span> <span class='ocrx_word' id='word_1_430' title='bbox 1524 4514 1783 4562; x_wconf 87' lang='lat' dir='ltr'><strong>scribunt.</strong></span> <span class='ocrx_word' id='word_1_431' title='bbox 1820 4508 2049 4576; x_wconf 78' lang='lat' dir='ltr'><strong>Pugnant</strong></span> <span class='ocrx_word' id='word_1_432' title='bbox 2077 4509 2180 4561; x_wconf 84' lang='lat' dir='ltr'><strong>Da-</strong></span> 
     </span>
    </p>
   </div>
   <div class='ocr_carea' id='block_1_78' title="bbox 608 4576 2179 4652">
    <p class='ocr_par' dir='ltr' id='par_1_78' title="bbox 608 4576 2179 4652">
     <span class='ocr_line' id='line_1_80' title="bbox 608 4576 2179 4652; baseline -0.004 -17"><span class='ocrx_word' id='word_1_433' title='bbox 608 4586 743 4639; x_wconf 79' lang='lat' dir='ltr'><strong>vidis</strong></span> <span class='ocrx_word' id='word_1_434' title='bbox 779 4596 929 4652; x_wconf 86' lang='lat' dir='ltr'><strong>poeta</strong></span> <span class='ocrx_word' id='word_1_435' title='bbox 961 4584 1242 4652; x_wconf 73' lang='lat' dir='ltr'><strong>descripsu</strong></span> <span class='ocrx_word' id='word_1_436' title='bbox 1289 4582 1572 4650; x_wconf 80' lang='lat' dir='ltr'><strong>l’sycltom.</strong></span> <span class='ocrx_word' id='word_1_437' title='bbox 1599 4576 1891 4652; x_wconf 30' lang='lat' dir='ltr'><strong>vers.-‘2_9t‘</strong></span> <span class='ocrx_word' id='word_1_438' title='bbox 1921 4590 2179 4652; x_wconf 83' lang='lat' dir='ltr'><strong>et_scqq.,</strong></span> 
     </span>
    </p>
   </div>
   <div class='ocr_carea' id='block_1_79' title="bbox 2285 2986 3821 3059">
    <p class='ocr_par' dir='ltr' id='par_1_79' title="bbox 2285 2986 3821 3059">
     <span class='ocr_line' id='line_1_81' title="bbox 2285 2986 3821 3059; baseline 0.001 -21"><span class='ocrx_word' id='word_1_439' title='bbox 2285 2986 2572 3059; x_wconf 43' lang='lat' dir='ltr'><strong>proualtare</strong></span> <span class='ocrx_word' id='word_1_440' title='bbox 2594 3025 2608 3049; x_wconf 93' lang='lat'><strong>,</strong></span> <span class='ocrx_word' id='word_1_441' title='bbox 2641 2986 2844 3059; x_wconf 65' lang='lat' dir='ltr'><strong>liymn.</strong></span> <span class='ocrx_word' id='word_1_442' title='bbox 2864 2987 2924 3059; x_wconf 69' lang='grc' dir='ltr'><strong>ξ.</strong></span> <span class='ocrx_word' id='word_1_443' title='bbox 2946 2986 3195 3059; x_wconf 68' lang='lat' dir='ltr'><strong>Cassiani</strong></span> <span class='ocrx_word' id='word_1_444' title='bbox 3239 3000 3382 3059; x_wconf 78' lang='lat' dir='ltr'><strong>vers.</strong></span> <span class='ocrx_word' id='word_1_445' title='bbox 3418 2988 3545 3052; x_wconf 81' lang='grc'><strong>100,</strong></span> <span class='ocrx_word' id='word_1_446' title='bbox 3578 3000 3632 3044; x_wconf 90' lang='lat' dir='ltr'><strong>et</strong></span> <span class='ocrx_word' id='word_1_447' title='bbox 3659 2989 3821 3059; x_wconf 79' lang='lat' dir='ltr'><strong>hymno</strong></span> 
     </span>
    </p>
   </div>
   <div class='ocr_carea' id='block_1_80' title="bbox 2282 3055 3822 3113">
    <p class='ocr_par' dir='ltr' id='par_1_80' title="bbox 2282 3055 3822 3113">
     <span class='ocr_line' id='line_1_82' title="bbox 2282 3055 3822 3113; baseline 0 -4"><span class='ocrx_word' id='word_1_448' title='bbox 2282 3057 2341 3109; x_wconf 84' lang='lat' dir='ltr'><strong>S.</strong></span> <span class='ocrx_word' id='word_1_449' title='bbox 2378 3056 2594 3109; x_wconf 78' lang='lat' dir='ltr'><strong>Ettlalite</strong></span> <span class='ocrx_word' id='word_1_450' title='bbox 2619 3070 2758 3109; x_wconf 88' lang='lat' dir='ltr'><strong>vers.</strong></span> <span class='ocrx_word' id='word_1_451' title='bbox 2786 3055 2910 3109; x_wconf 83' lang='grc'><strong>212.</strong></span> <span class='ocrx_word' id='word_1_452' title='bbox 2944 3057 2997 3108; x_wconf 91' lang='lat' dir='ltr'><strong>In</strong></span> <span class='ocrx_word' id='word_1_453' title='bbox 3022 3056 3293 3109; x_wconf 89' lang='lat' dir='ltr'><strong>Glossario</strong></span> <span class='ocrx_word' id='word_1_454' title='bbox 3317 3060 3539 3112; x_wconf 87' lang='lat' dir='ltr'><strong>nomine</strong></span> <span class='ocrx_word' id='word_1_455' title='bbox 3570 3055 3739 3113; x_wconf 74' lang='lat' dir='ltr'><strong>Isidori</strong></span> <span class='ocrx_word' id='word_1_456' title='bbox 3759 3068 3822 3111; x_wconf 84' lang='lat' dir='ltr'><strong>est</strong></span> 
     </span>
    </p>
   </div>
   <div class='ocr_carea' id='block_1_81' title="bbox 2281 3126 3821 3195">
    <p class='ocr_par' dir='ltr' id='par_1_81' title="bbox 2281 3126 3821 3195">
     <span class='ocr_line' id='line_1_83' title="bbox 2281 3126 3821 3195; baseline 0.003 -20"><span class='ocrx_word' id='word_1_457' title='bbox 2281 3126 2420 3176; x_wconf 88' lang='lat' dir='ltr'><strong>altar</strong></span> <span class='ocrx_word' id='word_1_458' title='bbox 2443 3136 2497 3179; x_wconf 90' lang='lat' dir='ltr'><strong>et</strong></span> <span class='ocrx_word' id='word_1_459' title='bbox 2542 3128 2723 3178; x_wconf 87' lang='lat' dir='ltr'><strong>altare.</strong></span> <span class='ocrx_word' id='word_1_460' title='bbox 2779 3126 3007 3179; x_wconf 89' lang='lat' dir='ltr'><strong>Utuntur</strong></span> <span class='ocrx_word' id='word_1_461' title='bbox 3050 3130 3147 3180; x_wconf 88' lang='lat' dir='ltr'><strong>hac</strong></span> <span class='ocrx_word' id='word_1_462' title='bbox 3194 3139 3325 3179; x_wconf 88' lang='lat' dir='ltr'><strong>voce</strong></span> <span class='ocrx_word' id='word_1_463' title='bbox 3372 3126 3660 3195; x_wconf 83' lang='lat' dir='ltr'><strong>Alcointts,</strong></span> <span class='ocrx_word' id='word_1_464' title='bbox 3711 3130 3821 3181; x_wconf 78' lang='lat' dir='ltr'><strong>Beda</strong></span> 
     </span>
    </p>
   </div>
   <div class='ocr_carea' id='block_1_82' title="bbox 2228 3195 2479 3267">
    <p class='ocr_par' dir='ltr' id='par_1_82' title="bbox 2228 3195 2479 3267">
     <span class='ocr_line' id='line_1_84' title="bbox 2228 3195 2479 3267; baseline 0 -20"><span class='ocrx_word' id='word_1_465' title='bbox 2228 3260 2235 3267; x_wconf 29' lang='grc'><strong>⁸</strong></span> <span class='ocrx_word' id='word_1_466' title='bbox 2283 3195 2479 3267; x_wconf 61' lang='lat' dir='ltr'><strong>etalii.</strong></span> 
     </span>
    </p>
   </div>
   <div class='ocr_carea' id='block_1_83' title="bbox 2203 3298 2250 3363">
    <p class='ocr_par' dir='ltr' id='par_1_83' title="bbox 2203 3298 2250 3363">
     <span class='ocr_line' id='line_1_85' title="bbox 2203 3298 2250 3363; baseline 0 -2"><span class='ocrx_word' id='word_1_467' title='bbox 2203 3298 2250 3363; x_wconf 88' lang='lat' dir='ltr'><strong>C</strong></span> 
     </span>
    </p>
   </div>
   <div class='ocr_carea' id='block_1_84' title="bbox 2353 3262 3820 3332">
    <p class='ocr_par' dir='ltr' id='par_1_84' title="bbox 2353 3262 3820 3332">
     <span class='ocr_line' id='line_1_86' title="bbox 2353 3262 3820 3332; baseline 0.005 -17"><span class='ocrx_word' id='word_1_468' title='bbox 2353 3263 2557 3316; x_wconf 76' lang='lat' dir='ltr'><strong>Titulus</strong></span> <span class='ocrx_word' id='word_1_469' title='bbox 2606 3263 2668 3316; x_wconf 82' lang='grc'><strong>21</strong></span> <span class='ocrx_word' id='word_1_470' title='bbox 2717 3271 2798 3316; x_wconf 89' lang='lat' dir='ltr'><strong>est</strong></span> <span class='ocrx_word' id='word_1_471' title='bbox 2847 3262 3150 3329; x_wconf 70' lang='lat' dir='ltr'><strong>AEdiﬁcatio</strong></span> <span class='ocrx_word' id='word_1_472' title='bbox 3198 3263 3371 3332; x_wconf 86' lang='lat' dir='ltr'><strong>templi</strong></span> <span class='ocrx_word' id='word_1_473' title='bbox 3410 3265 3465 3318; x_wconf 86' lang='lat' dir='ltr'><strong>in</strong></span> <span class='ocrx_word' id='word_1_474' title='bbox 3500 3265 3637 3320; x_wconf 79' lang='lat' dir='ltr'><strong>Vati.</strong></span> <span class='ocrx_word' id='word_1_475' title='bbox 3673 3266 3739 3328; x_wconf 87' lang='grc' dir='ltr'><strong>Β,</strong></span> <span class='ocrx_word' id='word_1_476' title='bbox 3780 3264 3820 3323; x_wconf 86' lang='lat' dir='ltr'><strong>l.</strong></span> 
     </span>
    </p>
   </div>
   <div class='ocr_carea' id='block_1_85' title="bbox 2282 3330 3822 3399">
    <p class='ocr_par' dir='ltr' id='par_1_85' title="bbox 2282 3330 3822 3399">
     <span class='ocr_line' id='line_1_87' title="bbox 2282 3330 3822 3399; baseline -0.002 -13"><span class='ocrx_word' id='word_1_477' title='bbox 2282 3333 2409 3386; x_wconf 83' lang='lat' dir='ltr'><strong>Mar.</strong></span> <span class='ocrx_word' id='word_1_478' title='bbox 2446 3373 2460 3395; x_wconf 90' lang='lat'><strong>,</strong></span> <span class='ocrx_word' id='word_1_479' title='bbox 2516 3334 2632 3385; x_wconf 80' lang='lat' dir='ltr'><strong>llat.</strong></span> <span class='ocrx_word' id='word_1_480' title='bbox 2657 3370 2671 3393; x_wconf 92' lang='lat'><strong>,</strong></span> <span class='ocrx_word' id='word_1_481' title='bbox 2702 3330 2815 3397; x_wconf 82' lang='lat' dir='ltr'><strong>Gis.</strong></span> <span class='ocrx_word' id='word_1_482' title='bbox 2842 3374 2857 3396; x_wconf 89' lang='lat'><strong>,</strong></span> <span class='ocrx_word' id='word_1_483' title='bbox 2900 3334 3131 3399; x_wconf 77' lang='lat' dir='ltr'><strong>Tbuan.,</strong></span> <span class='ocrx_word' id='word_1_484' title='bbox 3164 3330 3357 3387; x_wconf 83' lang='lat' dir='ltr'><strong>Weitz.</strong></span> <span class='ocrx_word' id='word_1_485' title='bbox 3384 3337 3574 3398; x_wconf 82' lang='lat' dir='ltr'><strong>Aldus,</strong></span> <span class='ocrx_word' id='word_1_486' title='bbox 3613 3336 3822 3390; x_wconf 80' lang='lat' dir='ltr'><strong>Salomon</strong></span> 
     </span>
    </p>
   </div>
   <div class='ocr_carea' id='block_1_86' title="bbox 2280 3403 3822 3473">
    <p class='ocr_par' dir='ltr' id='par_1_86' title="bbox 2280 3403 3822 3473">
     <span class='ocr_line' id='line_1_88' title="bbox 2280 3403 3822 3473; baseline 0.001 -20"><span class='ocrx_word' id='word_1_487' title='bbox 2280 3403 2522 3473; x_wconf 75' lang='lat' dir='ltr'><strong>templum</strong></span> <span class='ocrx_word' id='word_1_488' title='bbox 2550 3403 2769 3465; x_wconf 71' lang='lat' dir='ltr'><strong>redi/ient</strong></span> <span class='ocrx_word' id='word_1_489' title='bbox 2792 3444 2805 3467; x_wconf 94' lang='lat'><strong>,</strong></span> <span class='ocrx_word' id='word_1_490' title='bbox 2832 3415 2877 3455; x_wconf 91' lang='lat' dir='ltr'><strong>et</strong></span> <span class='ocrx_word' id='word_1_491' title='bbox 2903 3404 3078 3473; x_wconf 80' lang='lat' dir='ltr'><strong>regina</strong></span> <span class='ocrx_word' id='word_1_492' title='bbox 3097 3405 3259 3456; x_wconf 82' lang='lat' dir='ltr'><strong>austri</strong></span> <span class='ocrx_word' id='word_1_493' title='bbox 3290 3421 3503 3457; x_wconf 85' lang='lat' dir='ltr'><strong>munera</strong></span> <span class='ocrx_word' id='word_1_494' title='bbox 3531 3406 3695 3471; x_wconf 74' lang='lat' dir='ltr'><strong>aﬂ’crt.</strong></span> <span class='ocrx_word' id='word_1_495' title='bbox 3716 3403 3822 3457; x_wconf 76' lang='lat' dir='ltr'><strong>Vide</strong></span> 
     </span>
    </p>
   </div>
   <div class='ocr_carea' id='block_1_87' title="bbox 2282 3471 2930 3536">
    <p class='ocr_par' dir='ltr' id='par_1_87' title="bbox 2282 3471 2930 3536">
     <span class='ocr_line' id='line_1_89' title="bbox 2282 3471 2930 3536; baseline -0.002 -11"><span class='ocrx_word' id='word_1_496' title='bbox 2282 3473 2376 3525; x_wconf 68' lang='lat' dir='ltr'><strong>lib.</strong></span> <span class='ocrx_word' id='word_1_497' title='bbox 2401 3472 2465 3524; x_wconf 93' lang='lat' dir='ltr'><strong>Ill</strong></span> <span class='ocrx_word' id='word_1_498' title='bbox 2494 3471 2695 3536; x_wconf 66' lang='lat' dir='ltr'><strong>Regum</strong></span> <span class='ocrx_word' id='word_1_499' title='bbox 2726 3487 2774 3523; x_wconf 83' lang='lat' dir='ltr'><strong>\i‘l</strong></span> <span class='ocrx_word' id='word_1_500' title='bbox 2802 3484 2850 3524; x_wconf 88' lang='lat' dir='ltr'><strong>et</strong></span> <span class='ocrx_word' id='word_1_501' title='bbox 2877 3489 2930 3525; x_wconf 92' lang='lat' dir='ltr'><strong>x.</strong></span> 
     </span>
    </p>
   </div>
   <div class='ocr_carea' id='block_1_88' title="bbox 2351 3540 3818 3611">
    <p class='ocr_par' dir='ltr' id='par_1_88' title="bbox 2351 3540 3818 3611">
     <span class='ocr_line' id='line_1_90' title="bbox 2351 3540 3818 3611; baseline -0.001 -18"><span class='ocrx_word' id='word_1_502' title='bbox 2351 3541 2439 3593; x_wconf 82' lang='grc'><strong>85.</strong></span> <span class='ocrx_word' id='word_1_503' title='bbox 2460 3542 2615 3611; x_wconf 78' lang='lat' dir='ltr'><strong>Egui.</strong></span> <span class='ocrx_word' id='word_1_504' title='bbox 2644 3582 2658 3601; x_wconf 85' lang='lat'><strong>,</strong></span> <span class='ocrx_word' id='word_1_505' title='bbox 2699 3546 2787 3593; x_wconf 87' lang='lat' dir='ltr'><strong>sub</strong></span> <span class='ocrx_word' id='word_1_506' title='bbox 2815 3550 3038 3608; x_wconf 84' lang='lat' dir='ltr'><strong>tempore</strong></span> <span class='ocrx_word' id='word_1_507' title='bbox 3071 3540 3346 3595; x_wconf 78' lang='lat' dir='ltr'><strong>Christum.</strong></span> <span class='ocrx_word' id='word_1_508' title='bbox 3377 3543 3495 3601; x_wconf 86' lang='lat' dir='ltr'><strong>Vat.</strong></span> <span class='ocrx_word' id='word_1_509' title='bbox 3528 3546 3571 3598; x_wconf 86' lang='lat' dir='ltr'><strong>A</strong></span> <span class='ocrx_word' id='word_1_510' title='bbox 3593 3585 3605 3607; x_wconf 83' lang='lat'><strong>,</strong></span> <span class='ocrx_word' id='word_1_511' title='bbox 3633 3542 3714 3595; x_wconf 80' lang='lat' dir='ltr'><strong>sub</strong></span> <span class='ocrx_word' id='word_1_512' title='bbox 3749 3557 3818 3611; x_wconf 82' lang='lat' dir='ltr'><strong>pe-</strong></span> 
     </span>
    </p>
   </div>
   <div class='ocr_carea' id='block_1_89' title="bbox 2280 3610 3720 3676">
    <p class='ocr_par' dir='ltr' id='par_1_89' title="bbox 2280 3610 3720 3676">
     <span class='ocr_line' id='line_1_91' title="bbox 2280 3610 3720 3676; baseline 0 -13"><span class='ocrx_word' id='word_1_513' title='bbox 2280 3620 2416 3663; x_wconf 90' lang='lat' dir='ltr'><strong>ctore</strong></span> <span class='ocrx_word' id='word_1_514' title='bbox 2443 3610 2719 3663; x_wconf 80' lang='lat' dir='ltr'><strong>Christum.</strong></span> <span class='ocrx_word' id='word_1_515' title='bbox 2757 3611 2889 3664; x_wconf 85' lang='lat' dir='ltr'><strong>Vera</strong></span> <span class='ocrx_word' id='word_1_516' title='bbox 2920 3612 3093 3673; x_wconf 83' lang='lat' dir='ltr'><strong>lectio,</strong></span> <span class='ocrx_word' id='word_1_517' title='bbox 3136 3613 3227 3664; x_wconf 82' lang='lat' dir='ltr'><strong>sub</strong></span> <span class='ocrx_word' id='word_1_518' title='bbox 3258 3623 3458 3676; x_wconf 86' lang='lat' dir='ltr'><strong>pectore</strong></span> <span class='ocrx_word' id='word_1_519' title='bbox 3479 3614 3720 3667; x_wconf 83' lang='lat' dir='ltr'><strong>Christus.</strong></span> 
     </span>
    </p>
   </div>
   <div class='ocr_carea' id='block_1_90' title="bbox 2351 3678 3819 3748">
    <p class='ocr_par' dir='ltr' id='par_1_90' title="bbox 2351 3678 3819 3748">
     <span class='ocr_line' id='line_1_92' title="bbox 2351 3678 3819 3748; baseline -0.001 -15"><span class='ocrx_word' id='word_1_520' title='bbox 2351 3682 2439 3733; x_wconf 69' lang='grc'><strong>84.</strong></span> <span class='ocrx_word' id='word_1_521' title='bbox 2500 3682 2701 3743; x_wconf 80' lang='lat' dir='ltr'><strong>Aldus,</strong></span> <span class='ocrx_word' id='word_1_522' title='bbox 2746 3681 2861 3733; x_wconf 86' lang='lat' dir='ltr'><strong>Gis.</strong></span> <span class='ocrx_word' id='word_1_523' title='bbox 2912 3685 2963 3732; x_wconf 88' lang='lat' dir='ltr'><strong>itt</strong></span> <span class='ocrx_word' id='word_1_524' title='bbox 3016 3689 3181 3743; x_wconf 86' lang='lat' dir='ltr'><strong>textu,</strong></span> <span class='ocrx_word' id='word_1_525' title='bbox 3233 3681 3425 3745; x_wconf 86' lang='lat' dir='ltr'><strong>Palat.,</strong></span> <span class='ocrx_word' id='word_1_526' title='bbox 3486 3687 3659 3746; x_wconf 83' lang='lat' dir='ltr'><strong>Alex.,</strong></span> <span class='ocrx_word' id='word_1_527' title='bbox 3712 3678 3819 3748; x_wconf 70' lang='lat' dir='ltr'><strong>quod</strong></span> 
     </span>
    </p>
   </div>
   <div class='ocr_carea' id='block_1_91' title="bbox 2281 3747 3821 3817">
    <p class='ocr_par' dir='ltr' id='par_1_91' title="bbox 2281 3747 3821 3817">
     <span class='ocr_line' id='line_1_93' title="bbox 2281 3747 3821 3817; baseline -0.001 -16"><span class='ocrx_word' id='word_1_528' title='bbox 2281 3747 2440 3801; x_wconf 83' lang='lat' dir='ltr'><strong>Graia</strong></span> <span class='ocrx_word' id='word_1_529' title='bbox 2482 3753 2651 3801; x_wconf 84' lang='lat' dir='ltr'><strong>colant</strong></span> <span class='ocrx_word' id='word_1_530' title='bbox 2674 3790 2689 3812; x_wconf 96' lang='lat'><strong>,</strong></span> <span class='ocrx_word' id='word_1_531' title='bbox 2721 3755 2852 3816; x_wconf 90' lang='lat' dir='ltr'><strong>quod</strong></span> <span class='ocrx_word' id='word_1_532' title='bbox 2885 3752 3097 3801; x_wconf 84' lang='lat' dir='ltr'><strong>barbara</strong></span> <span class='ocrx_word' id='word_1_533' title='bbox 3125 3756 3302 3813; x_wconf 75' lang='lat' dir='ltr'><strong>ditent,</strong></span> <span class='ocrx_word' id='word_1_534' title='bbox 3332 3762 3385 3804; x_wconf 88' lang='lat' dir='ltr'><strong>et</strong></span> <span class='ocrx_word' id='word_1_535' title='bbox 3413 3758 3467 3804; x_wconf 85' lang='lat' dir='ltr'><strong>in</strong></span> <span class='ocrx_word' id='word_1_536' title='bbox 3496 3755 3649 3806; x_wconf 81' lang='lat' dir='ltr'><strong>Alex.</strong></span> <span class='ocrx_word' id='word_1_537' title='bbox 3679 3747 3821 3817; x_wconf 76' lang='lat' dir='ltr'><strong>glossa</strong></span> 
     </span>
    </p>
   </div>
   <div class='ocr_carea' id='block_1_92' title="bbox 2284 3817 3885 3887">
    <p class='ocr_par' dir='ltr' id='par_1_92' title="bbox 2284 3817 3885 3887">
     <span class='ocr_line' id='line_1_94' title="bbox 2284 3817 3885 3887; baseline -0.001 -17"><span class='ocrx_word' id='word_1_538' title='bbox 2284 3817 2485 3880; x_wconf 71' lang='lat' dir='ltr'><strong>GRAIA,</strong></span> <span class='ocrx_word' id='word_1_539' title='bbox 2514 3820 2567 3870; x_wconf 88' lang='lat' dir='ltr'><strong>id</strong></span> <span class='ocrx_word' id='word_1_540' title='bbox 2596 3829 2669 3871; x_wconf 82' lang='lat' dir='ltr'><strong>est</strong></span> <span class='ocrx_word' id='word_1_541' title='bbox 2698 3819 2897 3872; x_wconf 70' lang='lat' dir='ltr'><strong>Graeca.</strong></span> <span class='ocrx_word' id='word_1_542' title='bbox 2927 3821 3002 3871; x_wconf 87' lang='lat' dir='ltr'><strong>Ex</strong></span> <span class='ocrx_word' id='word_1_543' title='bbox 3047 3820 3389 3887; x_wconf 83' lang='lat' dir='ltr'><strong>Egmontlaiio</strong></span> <span class='ocrx_word' id='word_1_544' title='bbox 3419 3824 3554 3874; x_wconf 84' lang='lat' dir='ltr'><strong>citat</strong></span> <span class='ocrx_word' id='word_1_545' title='bbox 3580 3819 3818 3877; x_wconf 67' lang='lat' dir='ltr'><strong>Writzitts,</strong></span> <span class='ocrx_word' id='word_1_546' title='bbox 3882 3838 3885 3845; x_wconf 92' lang='grc'>·</span> 
     </span>
    </p>
   </div>
   <div class='ocr_carea' id='block_1_93' title="bbox 2280 3887 3819 3955">
    <p class='ocr_par' dir='ltr' id='par_1_93' title="bbox 2280 3887 3819 3955">
     <span class='ocr_line' id='line_1_95' title="bbox 2280 3887 3819 3955; baseline -0.001 -17"><span class='ocrx_word' id='word_1_547' title='bbox 2280 3889 2415 3955; x_wconf 85' lang='lat' dir='ltr'><strong>quod</strong></span> <span class='ocrx_word' id='word_1_548' title='bbox 2446 3887 2527 3951; x_wconf 89' lang='lat' dir='ltr'><strong>la,</strong></span> <span class='ocrx_word' id='word_1_549' title='bbox 2552 3891 2775 3942; x_wconf 80' lang='lat' dir='ltr'><strong>fortasse</strong></span> <span class='ocrx_word' id='word_1_550' title='bbox 2801 3892 2933 3953; x_wconf 87' lang='lat' dir='ltr'><strong>quod</strong></span> <span class='ocrx_word' id='word_1_551' title='bbox 2961 3891 3067 3948; x_wconf 83' lang='lat' dir='ltr'><strong>dia,</strong></span> <span class='ocrx_word' id='word_1_552' title='bbox 3097 3906 3215 3941; x_wconf 89' lang='lat' dir='ltr'><strong>nam</strong></span> <span class='ocrx_word' id='word_1_553' title='bbox 3244 3890 3293 3942; x_wconf 78' lang='lat' dir='ltr'><strong>i.-i</strong></span> <span class='ocrx_word' id='word_1_554' title='bbox 3329 3891 3442 3943; x_wconf 79' lang='grc' dir='ltr'><strong>ν..ι.</strong></span> <span class='ocrx_word' id='word_1_555' title='bbox 3476 3897 3517 3944; x_wconf 90' lang='lat' dir='ltr'><strong>A</strong></span> <span class='ocrx_word' id='word_1_556' title='bbox 3541 3901 3621 3945; x_wconf 90' lang='lat' dir='ltr'><strong>est</strong></span> <span class='ocrx_word' id='word_1_557' title='bbox 3646 3905 3734 3955; x_wconf 85' lang='lat' dir='ltr'><strong>quo</strong></span> <span class='ocrx_word' id='word_1_558' title='bbox 3751 3888 3819 3937; x_wconf 79' lang='lat' dir='ltr'><strong>ilia</strong></span> 
     </span>
    </p>
   </div>
   <div class='ocr_carea' id='block_1_94' title="bbox 2282 3958 3813 4027">
    <p class='ocr_par' dir='ltr' id='par_1_94' title="bbox 2282 3958 3813 4027">
     <span class='ocr_line' id='line_1_96' title="bbox 2282 3958 3813 4027; baseline 0 -18"><span class='ocrx_word' id='word_1_559' title='bbox 2282 3958 2474 4018; x_wconf 86' lang='lat' dir='ltr'><strong>colant,</strong></span> <span class='ocrx_word' id='word_1_560' title='bbox 2506 3974 2605 4025; x_wconf 89' lang='lat' dir='ltr'><strong>quo</strong></span> <span class='ocrx_word' id='word_1_561' title='bbox 2638 3958 2853 4010; x_wconf 86' lang='lat' dir='ltr'><strong>barbara</strong></span> <span class='ocrx_word' id='word_1_562' title='bbox 2884 3960 3062 4019; x_wconf 85' lang='lat' dir='ltr'><strong>ditent,</strong></span> <span class='ocrx_word' id='word_1_563' title='bbox 3091 3961 3269 4012; x_wconf 89' lang='lat' dir='ltr'><strong>nescio</strong></span> <span class='ocrx_word' id='word_1_564' title='bbox 3295 3975 3399 4027; x_wconf 87' lang='lat' dir='ltr'><strong>quo</strong></span> <span class='ocrx_word' id='word_1_565' title='bbox 3425 3976 3607 4014; x_wconf 82' lang='lat' dir='ltr'><strong>sensu.</strong></span> <span class='ocrx_word' id='word_1_566' title='bbox 3644 3960 3693 4012; x_wconf 92' lang='lat' dir='ltr'><strong>In</strong></span> <span class='ocrx_word' id='word_1_567' title='bbox 3719 3958 3813 4009; x_wconf 80' lang='lat' dir='ltr'><strong>Vat.</strong></span> 
     </span>
    </p>
   </div>
   <div class='ocr_carea' id='block_1_95' title="bbox 2283 4026 3812 4099">
    <p class='ocr_par' dir='ltr' id='par_1_95' title="bbox 2283 4026 3812 4099">
     <span class='ocr_line' id='line_1_97' title="bbox 2283 4026 3812 4099; baseline 0.004 -20"><span class='ocrx_word' id='word_1_568' title='bbox 2283 4028 2345 4099; x_wconf 81' lang='grc' dir='ltr'><strong>Ν,</strong></span> <span class='ocrx_word' id='word_1_569' title='bbox 2376 4028 2488 4090; x_wconf 77' lang='lat' dir='ltr'><strong>Quo</strong></span> <span class='ocrx_word' id='word_1_570' title='bbox 2520 4026 2658 4080; x_wconf 71' lang='lat' dir='ltr'><strong>Casa</strong></span> <span class='ocrx_word' id='word_1_571' title='bbox 2682 4031 2833 4099; x_wconf 84' lang='lat' dir='ltr'><strong>colat,</strong></span> <span class='ocrx_word' id='word_1_572' title='bbox 2858 4043 2958 4099; x_wconf 79' lang='lat' dir='ltr'><strong>quo</strong></span> <span class='ocrx_word' id='word_1_573' title='bbox 2982 4027 3203 4099; x_wconf 80' lang='lat' dir='ltr'><strong>barbara</strong></span> <span class='ocrx_word' id='word_1_574' title='bbox 3223 4026 3403 4090; x_wconf 81' lang='lat' dir='ltr'><strong>ditent,</strong></span> <span class='ocrx_word' id='word_1_575' title='bbox 3428 4040 3487 4082; x_wconf 89' lang='lat' dir='ltr'><strong>et</strong></span> <span class='ocrx_word' id='word_1_576' title='bbox 3517 4032 3686 4099; x_wconf 77' lang='lat' dir='ltr'><strong>glossa</strong></span> <span class='ocrx_word' id='word_1_577' title='bbox 3710 4028 3812 4091; x_wconf 69' lang='lat' dir='ltr'><strong>Qua.</strong></span> 
     </span>
    </p>
   </div>
   <div class='ocr_carea' id='block_1_96' title="bbox 2282 4095 3816 4163">
    <p class='ocr_par' dir='ltr' id='par_1_96' title="bbox 2282 4095 3816 4163">
     <span class='ocr_line' id='line_1_98' title="bbox 2282 4095 3816 4163; baseline -0.004 -14"><span class='ocrx_word' id='word_1_578' title='bbox 2282 4098 2335 4149; x_wconf 86' lang='lat' dir='ltr'><strong>id</strong></span> <span class='ocrx_word' id='word_1_579' title='bbox 2366 4108 2437 4149; x_wconf 76' lang='lat' dir='ltr'><strong>est</strong></span> <span class='ocrx_word' id='word_1_580' title='bbox 2485 4099 2687 4163; x_wconf 85' lang='lat' dir='ltr'><strong>templo.</strong></span> <span class='ocrx_word' id='word_1_581' title='bbox 2726 4095 2880 4161; x_wconf 78' lang='lat' dir='ltr'><strong>Urb.,</strong></span> <span class='ocrx_word' id='word_1_582' title='bbox 2909 4095 3046 4148; x_wconf 78' lang='lat' dir='ltr'><strong>Vatt.</strong></span> <span class='ocrx_word' id='word_1_583' title='bbox 3083 4100 3151 4159; x_wconf 78' lang='grc' dir='ltr'><strong>Β,</strong></span> <span class='ocrx_word' id='word_1_584' title='bbox 3186 4098 3236 4161; x_wconf 83' lang='grc'><strong>1,</strong></span> <span class='ocrx_word' id='word_1_585' title='bbox 3275 4100 3340 4163; x_wconf 85' lang='lat' dir='ltr'><strong>Q,</strong></span> <span class='ocrx_word' id='word_1_586' title='bbox 3397 4100 3478 4151; x_wconf 74' lang='lat' dir='ltr'><strong>Iso</strong></span> <span class='ocrx_word' id='word_1_587' title='bbox 3522 4095 3581 4153; x_wconf 73' lang='lat' dir='ltr'><strong>et</strong></span> <span class='ocrx_word' id='word_1_588' title='bbox 3621 4098 3701 4149; x_wconf 87' lang='lat' dir='ltr'><strong>alii</strong></span> <span class='ocrx_word' id='word_1_589' title='bbox 3722 4110 3816 4148; x_wconf 84' lang='lat' dir='ltr'><strong>cunt</strong></span> 
     </span>
    </p>
   </div>
   <div class='ocr_carea' id='block_1_97' title="bbox 2284 4166 3817 4235">
    <p class='ocr_par' dir='ltr' id='par_1_97' title="bbox 2284 4166 3817 4235">
     <span class='ocr_line' id='line_1_99' title="bbox 2284 4166 3817 4235; baseline -0.003 -16"><span class='ocrx_word' id='word_1_590' title='bbox 2284 4167 2503 4228; x_wconf 84' lang='lat' dir='ltr'><strong>Weitz.,</strong></span> <span class='ocrx_word' id='word_1_591' title='bbox 2539 4167 2684 4229; x_wconf 77' lang='lat' dir='ltr'><strong>Quod</strong></span> <span class='ocrx_word' id='word_1_592' title='bbox 2710 4166 2856 4218; x_wconf 78' lang='lat' dir='ltr'><strong>Gaza</strong></span> <span class='ocrx_word' id='word_1_593' title='bbox 2897 4168 3062 4229; x_wconf 85' lang='lat' dir='ltr'><strong>colat,</strong></span> <span class='ocrx_word' id='word_1_594' title='bbox 3101 4170 3236 4235; x_wconf 87' lang='lat' dir='ltr'><strong>quod</strong></span> <span class='ocrx_word' id='word_1_595' title='bbox 3259 4168 3471 4220; x_wconf 84' lang='lat' dir='ltr'><strong>barbara</strong></span> <span class='ocrx_word' id='word_1_596' title='bbox 3504 4170 3677 4221; x_wconf 83' lang='lat' dir='ltr'><strong>ditent.</strong></span> <span class='ocrx_word' id='word_1_597' title='bbox 3702 4167 3817 4217; x_wconf 81' lang='lat' dir='ltr'><strong>Con-</strong></span> 
     </span>
    </p>
   </div>
   <div class='ocr_carea' id='block_1_98' title="bbox 2284 4236 3814 4305">
    <p class='ocr_par' dir='ltr' id='par_1_98' title="bbox 2284 4236 3814 4305">
     <span class='ocr_line' id='line_1_100' title="bbox 2284 4236 3814 4305; baseline -0.004 -16"><span class='ocrx_word' id='word_1_598' title='bbox 2284 4250 2473 4289; x_wconf 79' lang='lat' dir='ltr'><strong>sonatit</strong></span> <span class='ocrx_word' id='word_1_599' title='bbox 2520 4237 2648 4289; x_wconf 75' lang='lat' dir='ltr'><strong>Mar.</strong></span> <span class='ocrx_word' id='word_1_600' title='bbox 2691 4237 2907 4305; x_wconf 35' lang='lat' dir='ltr'><strong>etAllat.</strong></span> <span class='ocrx_word' id='word_1_601' title='bbox 2943 4238 2996 4288; x_wconf 88' lang='lat' dir='ltr'><strong>Iit</strong></span> <span class='ocrx_word' id='word_1_602' title='bbox 3031 4238 3183 4305; x_wconf 79' lang='lat' dir='ltr'><strong>l’rag.</strong></span> <span class='ocrx_word' id='word_1_603' title='bbox 3217 4240 3349 4300; x_wconf 77' lang='lat' dir='ltr'><strong>quod</strong></span> <span class='ocrx_word' id='word_1_604' title='bbox 3381 4237 3525 4290; x_wconf 77' lang='lat' dir='ltr'><strong>Gaza</strong></span> <span class='ocrx_word' id='word_1_605' title='bbox 3549 4242 3684 4297; x_wconf 82' lang='lat' dir='ltr'><strong>colit,</strong></span> <span class='ocrx_word' id='word_1_606' title='bbox 3705 4236 3814 4305; x_wconf 75' lang='lat' dir='ltr'><strong>quod</strong></span> 
     </span>
    </p>
   </div>
   <div class='ocr_carea' id='block_1_99' title="bbox 2284 4303 3818 4373">
    <p class='ocr_par' dir='ltr' id='par_1_99' title="bbox 2284 4303 3818 4373">
     <span class='ocr_line' id='line_1_101' title="bbox 2284 4303 3818 4373; baseline -0.004 -16"><span class='ocrx_word' id='word_1_607' title='bbox 2284 4308 2499 4357; x_wconf 85' lang='lat' dir='ltr'><strong>barbara</strong></span> <span class='ocrx_word' id='word_1_608' title='bbox 2522 4310 2698 4357; x_wconf 87' lang='lat' dir='ltr'><strong>ditent.</strong></span> <span class='ocrx_word' id='word_1_609' title='bbox 2745 4303 2856 4357; x_wconf 87' lang='lat' dir='ltr'><strong>Gts.</strong></span> <span class='ocrx_word' id='word_1_610' title='bbox 2888 4306 2953 4356; x_wconf 87' lang='lat' dir='ltr'><strong>ad</strong></span> <span class='ocrx_word' id='word_1_611' title='bbox 2982 4303 3151 4373; x_wconf 56' lang='lat' dir='ltr'><strong>marg;</strong></span> <span class='ocrx_word' id='word_1_612' title='bbox 3173 4347 3186 4367; x_wconf 96' lang='lat'><strong>,</strong></span> <span class='ocrx_word' id='word_1_613' title='bbox 3223 4305 3511 4359; x_wconf 75' lang='lat' dir='ltr'><strong>Goltlastus</strong></span> <span class='ocrx_word' id='word_1_614' title='bbox 3554 4310 3602 4358; x_wconf 91' lang='lat' dir='ltr'><strong>iti</strong></span> <span class='ocrx_word' id='word_1_615' title='bbox 3626 4303 3818 4358; x_wconf 80' lang='lat' dir='ltr'><strong>Manitsli</strong></span> 
     </span>
    </p>
   </div>
   <div class='ocr_carea' id='block_1_100' title="bbox 2284 4373 3817 4443">
    <p class='ocr_par' dir='ltr' id='par_1_100' title="bbox 2284 4373 3817 4443">
     <span class='ocr_line' id='line_1_102' title="bbox 2284 4373 3817 4443; baseline -0.004 -16"><span class='ocrx_word' id='word_1_616' title='bbox 2284 4374 2500 4435; x_wconf 86' lang='lat' dir='ltr'><strong>biblieo,</strong></span> <span class='ocrx_word' id='word_1_617' title='bbox 2526 4378 2660 4443; x_wconf 86' lang='lat' dir='ltr'><strong>quod</strong></span> <span class='ocrx_word' id='word_1_618' title='bbox 2686 4373 2827 4427; x_wconf 71' lang='lat' dir='ltr'><strong>Gaza</strong></span> <span class='ocrx_word' id='word_1_619' title='bbox 2854 4376 3105 4427; x_wconf 84' lang='lat' dir='ltr'><strong>colentum</strong></span> <span class='ocrx_word' id='word_1_620' title='bbox 3137 4379 3349 4427; x_wconf 82' lang='lat' dir='ltr'><strong>barbara</strong></span> <span class='ocrx_word' id='word_1_621' title='bbox 3372 4378 3523 4428; x_wconf 86' lang='lat' dir='ltr'><strong>ditet.</strong></span> <span class='ocrx_word' id='word_1_622' title='bbox 3545 4379 3651 4429; x_wconf 89' lang='lat' dir='ltr'><strong>lloc</strong></span> <span class='ocrx_word' id='word_1_623' title='bbox 3679 4377 3817 4441; x_wconf 81' lang='lat' dir='ltr'><strong>ipsum</strong></span> 
     </span>
    </p>
   </div>
   <div class='ocr_carea' id='block_1_101' title="bbox 2288 4444 3821 4507">
    <p class='ocr_par' dir='ltr' id='par_1_101' title="bbox 2288 4444 3821 4507">
     <span class='ocr_line' id='line_1_103' title="bbox 2288 4444 3821 4507; baseline -0.002 -12"><span class='ocrx_word' id='word_1_624' title='bbox 2288 4446 2337 4496; x_wconf 89' lang='lat' dir='ltr'><strong>iii</strong></span> <span class='ocrx_word' id='word_1_625' title='bbox 2366 4446 2500 4496; x_wconf 85' lang='lat' dir='ltr'><strong>Aldo</strong></span> <span class='ocrx_word' id='word_1_626' title='bbox 2528 4459 2649 4497; x_wconf 73' lang='lat' dir='ltr'><strong>esse</strong></span> <span class='ocrx_word' id='word_1_627' title='bbox 2680 4444 2934 4498; x_wconf 72' lang='lat' dir='ltr'><strong>Wcitzius</strong></span> <span class='ocrx_word' id='word_1_628' title='bbox 2968 4448 3159 4507; x_wconf 77' lang='lat' dir='ltr'><strong>refert;</strong></span> <span class='ocrx_word' id='word_1_629' title='bbox 3205 4462 3309 4497; x_wconf 88' lang='lat' dir='ltr'><strong>non</strong></span> <span class='ocrx_word' id='word_1_630' title='bbox 3351 4457 3532 4499; x_wconf 84' lang='lat' dir='ltr'><strong>tamen</strong></span> <span class='ocrx_word' id='word_1_631' title='bbox 3577 4461 3651 4495; x_wconf 82' lang='lat' dir='ltr'><strong>sic</strong></span> <span class='ocrx_word' id='word_1_632' title='bbox 3676 4451 3821 4496; x_wconf 74' lang='lat' dir='ltr'><strong>exstat</strong></span> 
     </span>
    </p>
   </div>
   <div class='ocr_carea' id='block_1_102' title="bbox 2285 4514 3819 4580">
    <p class='ocr_par' dir='ltr' id='par_1_102' title="bbox 2285 4514 3819 4580">
     <span class='ocr_line' id='line_1_104' title="bbox 2285 4514 3819 4580; baseline -0.001 -15"><span class='ocrx_word' id='word_1_633' title='bbox 2285 4514 2337 4565; x_wconf 91' lang='lat' dir='ltr'><strong>in</strong></span> <span class='ocrx_word' id='word_1_634' title='bbox 2366 4529 2485 4568; x_wconf 85' lang='lat' dir='ltr'><strong>mea</strong></span> <span class='ocrx_word' id='word_1_635' title='bbox 2514 4515 2763 4566; x_wconf 82' lang='lat' dir='ltr'><strong>editione.</strong></span> <span class='ocrx_word' id='word_1_636' title='bbox 2794 4517 3080 4567; x_wconf 79' lang='lat' dir='ltr'><strong>Stcltardus</strong></span> <span class='ocrx_word' id='word_1_637' title='bbox 3121 4519 3279 4569; x_wconf 74' lang='lat' dir='ltr'><strong>habet</strong></span> <span class='ocrx_word' id='word_1_638' title='bbox 3318 4518 3453 4580; x_wconf 67' lang='lat' dir='ltr'><strong>quod</strong></span> <span class='ocrx_word' id='word_1_639' title='bbox 3483 4515 3627 4568; x_wconf 76' lang='lat' dir='ltr'><strong>Gaza</strong></span> <span class='ocrx_word' id='word_1_640' title='bbox 3644 4516 3819 4571; x_wconf 71' lang='lat' dir='ltr'><strong>colant,</strong></span> 
     </span>
    </p>
   </div>
   <div class='ocr_carea' id='block_1_103' title="bbox 2284 4582 3819 4652">
    <p class='ocr_par' dir='ltr' id='par_1_103' title="bbox 2284 4582 3819 4652">
     <span class='ocr_line' id='line_1_105' title="bbox 2284 4582 3819 4652; baseline -0.003 -18"><span class='ocrx_word' id='word_1_641' title='bbox 2284 4588 2420 4650; x_wconf 63' lang='lat' dir='ltr'><strong>(inor!</strong></span> <span class='ocrx_word' id='word_1_642' title='bbox 2450 4585 2664 4635; x_wconf 80' lang='lat' dir='ltr'><strong>tarbara</strong></span> <span class='ocrx_word' id='word_1_643' title='bbox 2705 4586 2884 4637; x_wconf 83' lang='lat' dir='ltr'><strong>ditent.</strong></span> <span class='ocrx_word' id='word_1_644' title='bbox 2930 4583 2984 4636; x_wconf 94' lang='lat' dir='ltr'><strong>In</strong></span> <span class='ocrx_word' id='word_1_645' title='bbox 3037 4584 3167 4636; x_wconf 76' lang='lat' dir='ltr'><strong>Vall.</strong></span> <span class='ocrx_word' id='word_1_646' title='bbox 3188 4624 3202 4647; x_wconf 93' lang='lat'><strong>,</strong></span> <span class='ocrx_word' id='word_1_647' title='bbox 3233 4590 3365 4652; x_wconf 87' lang='lat' dir='ltr'><strong>quod</strong></span> <span class='ocrx_word' id='word_1_648' title='bbox 3390 4582 3538 4636; x_wconf 75' lang='lat' dir='ltr'><strong>Gaza</strong></span> <span class='ocrx_word' id='word_1_649' title='bbox 3559 4586 3713 4646; x_wconf 82' lang='lat' dir='ltr'><strong>colat,</strong></span> <span class='ocrx_word' id='word_1_650' title='bbox 3739 4594 3819 4646; x_wconf 75' lang='lat' dir='ltr'><strong>quo</strong></span> 
     </span>
    </p>
   </div>
   <div class='ocr_carea' id='block_1_104' title="bbox 609 4648 3819 4721">
    <p class='ocr_par' dir='ltr' id='par_1_104' title="bbox 609 4648 3819 4721">
     <span class='ocr_line' id='line_1_106' title="bbox 609 4648 3819 4721; baseline -0.002 -14"><span class='ocrx_word' id='word_1_651' title='bbox 609 4657 695 4709; x_wconf 88' lang='lat' dir='ltr'><strong>tibi</strong></span> <span class='ocrx_word' id='word_1_652' title='bbox 738 4648 807 4708; x_wconf 80' lang='lat' dir='ltr'><strong>ait</strong></span> <span class='ocrx_word' id='word_1_653' title='bbox 848 4650 1051 4721; x_wconf 75' lang='lat' dir='ltr'><strong>fundali</strong></span> <span class='ocrx_word' id='word_1_654' title='bbox 1080 4652 1297 4704; x_wconf 83' lang='lat' dir='ltr'><strong>stridore</strong></span> <span class='ocrx_word' id='word_1_655' title='bbox 1319 4689 1335 4714; x_wconf 91' lang='lat'><strong>,</strong></span> <span class='ocrx_word' id='word_1_656' title='bbox 1360 4648 1505 4717; x_wconf 79' lang='lat' dir='ltr'><strong>quod</strong></span> <span class='ocrx_word' id='word_1_657' title='bbox 1540 4663 1680 4701; x_wconf 88' lang='lat' dir='ltr'><strong>nunc</strong></span> <span class='ocrx_word' id='word_1_658' title='bbox 1706 4648 1835 4700; x_wconf 85' lang='lat' dir='ltr'><strong>dicit</strong></span> <span class='ocrx_word' id='word_1_659' title='bbox 1862 4649 2023 4717; x_wconf 82' lang='lat' dir='ltr'><strong>funda</strong></span> <span class='ocrx_word' id='word_1_660' title='bbox 2058 4663 2180 4701; x_wconf 79' lang='lat' dir='ltr'><strong>siri-</strong></span> <span class='ocrx_word' id='word_1_661' title='bbox 2212 4663 2257 4718; x_wconf 84' lang='grc' dir='ltr'><strong>ι)</strong></span> <span class='ocrx_word' id='word_1_662' title='bbox 2282 4648 2497 4705; x_wconf 78' lang='lat' dir='ltr'><strong>ba:bara</strong></span> <span class='ocrx_word' id='word_1_663' title='bbox 2514 4654 2667 4716; x_wconf 86' lang='lat' dir='ltr'><strong>dicet,</strong></span> <span class='ocrx_word' id='word_1_664' title='bbox 2690 4668 2807 4705; x_wconf 90' lang='lat' dir='ltr'><strong>cuni</strong></span> <span class='ocrx_word' id='word_1_665' title='bbox 2836 4658 3009 4718; x_wconf 81' lang='lat' dir='ltr'><strong>glossa</strong></span> <span class='ocrx_word' id='word_1_666' title='bbox 3032 4648 3330 4719; x_wconf 81' lang='lat' dir='ltr'><strong>sanctiﬁcet.</strong></span> <span class='ocrx_word' id='word_1_667' title='bbox 3350 4654 3451 4707; x_wconf 79' lang='lat' dir='ltr'><strong>Sed</strong></span> <span class='ocrx_word' id='word_1_668' title='bbox 3485 4656 3617 4705; x_wconf 86' lang='lat' dir='ltr'><strong>dicet</strong></span> <span class='ocrx_word' id='word_1_669' title='bbox 3642 4652 3819 4705; x_wconf 81' lang='lat' dir='ltr'><strong>averbo</strong></span> 
     </span>
    </p>
   </div>
   <div class='ocr_carea' id='block_1_105' title="bbox 602 4728 2101 4781">
    <p class='ocr_par' dir='ltr' id='par_1_105' title="bbox 602 4728 2101 4781">
     <span class='ocr_line' id='line_1_107' title="bbox 602 4728 2101 4781; baseline -0.005 -4"><span class='ocrx_word' id='word_1_670' title='bbox 602 4728 772 4781; x_wconf 81' lang='lat' dir='ltr'><strong>dente.</strong></span> <span class='ocrx_word' id='word_1_671' title='bbox 2098 4766 2101 4769; x_wconf 75' lang='grc'>,</span> 
     </span>
    </p>
   </div>
   <div class='ocr_carea' id='block_1_106' title="bbox 680 4787 2178 4859">
    <p class='ocr_par' dir='ltr' id='par_1_106' title="bbox 680 4787 2178 4859">
     <span class='ocr_line' id='line_1_108' title="bbox 680 4787 2178 4859; baseline -0.005 -10"><span class='ocrx_word' id='word_1_672' title='bbox 680 4794 1048 4849; x_wconf 69' lang='grc' dir='ltr'><strong>Τειηειὶειιιιη</strong></span> <span class='ocrx_word' id='word_1_673' title='bbox 1094 4790 1184 4843; x_wconf 87' lang='grc'><strong>20.</strong></span> <span class='ocrx_word' id='word_1_674' title='bbox 1244 4789 1477 4859; x_wconf 83' lang='lat' dir='ltr'><strong>Regnum</strong></span> <span class='ocrx_word' id='word_1_675' title='bbox 1514 4787 1677 4845; x_wconf 88' lang='lat' dir='ltr'><strong>David</strong></span> <span class='ocrx_word' id='word_1_676' title='bbox 1720 4788 1771 4839; x_wconf 90' lang='lat' dir='ltr'><strong>iii</strong></span> <span class='ocrx_word' id='word_1_677' title='bbox 1802 4787 1949 4859; x_wconf 80' lang='lat' dir='ltr'><strong>Mar.</strong></span> <span class='ocrx_word' id='word_1_678' title='bbox 1975 4827 1989 4849; x_wconf 92' lang='lat'><strong>,</strong></span> <span class='ocrx_word' id='word_1_679' title='bbox 2035 4787 2178 4851; x_wconf 76' lang='lat' dir='ltr'><strong>Rat.,</strong></span> 
     </span>
    </p>
   </div>
   <div class='ocr_carea' id='block_1_107' title="bbox 610 4858 2177 4930">
    <p class='ocr_par' dir='ltr' id='par_1_107' title="bbox 610 4858 2177 4930">
     <span class='ocr_line' id='line_1_109' title="bbox 610 4858 2177 4930; baseline -0.005 -13"><span class='ocrx_word' id='word_1_680' title='bbox 610 4866 751 4918; x_wconf 79' lang='lat' dir='ltr'><strong>Vati.</strong></span> <span class='ocrx_word' id='word_1_681' title='bbox 781 4870 837 4930; x_wconf 82' lang='grc' dir='ltr'><strong>Β,</strong></span> <span class='ocrx_word' id='word_1_682' title='bbox 863 4865 902 4930; x_wconf 91' lang='lat' dir='ltr'><strong>l,</strong></span> <span class='ocrx_word' id='word_1_683' title='bbox 928 4863 1153 4917; x_wconf 83' lang='lat' dir='ltr'><strong>Weilzio</strong></span> <span class='ocrx_word' id='word_1_684' title='bbox 1184 4860 1391 4914; x_wconf 84' lang='lat' dir='ltr'><strong>etalits.</strong></span> <span class='ocrx_word' id='word_1_685' title='bbox 1423 4860 1608 4920; x_wconf 79' lang='lat' dir='ltr'><strong>Aldus,</strong></span> <span class='ocrx_word' id='word_1_686' title='bbox 1648 4858 1808 4930; x_wconf 78' lang='lat' dir='ltr'><strong>David</strong></span> <span class='ocrx_word' id='word_1_687' title='bbox 1834 4875 1923 4930; x_wconf 72' lang='lat' dir='ltr'><strong>rea:</strong></span> <span class='ocrx_word' id='word_1_688' title='bbox 1952 4860 2177 4926; x_wconf 82' lang='lat' dir='ltr'><strong>ungitur.</strong></span> 
     </span>
    </p>
   </div>
   <div class='ocr_carea' id='block_1_108' title="bbox 616 4927 2177 5002">
    <p class='ocr_par' dir='ltr' id='par_1_108' title="bbox 616 4927 2177 5002">
     <span class='ocr_line' id='line_1_110' title="bbox 616 4927 2177 5002; baseline -0.006 -15"><span class='ocrx_word' id='word_1_689' title='bbox 616 4927 850 4999; x_wconf 35' lang='grc' dir='ltr'><strong>ἸΙιιιωπθ</strong></span> <span class='ocrx_word' id='word_1_690' title='bbox 890 4927 977 4985; x_wconf 60' lang='grc' dir='ltr'><strong>ὀε</strong></span> <span class='ocrx_word' id='word_1_691' title='bbox 1014 4949 1168 5002; x_wconf 80' lang='lat' dir='ltr'><strong>regno</strong></span> <span class='ocrx_word' id='word_1_692' title='bbox 1196 4929 1384 4983; x_wconf 83' lang='lat' dir='ltr'><strong>David.</strong></span> <span class='ocrx_word' id='word_1_693' title='bbox 1440 4929 1736 5002; x_wconf 70' lang='lat' dir='ltr'><strong>Giselinus,</strong></span> <span class='ocrx_word' id='word_1_694' title='bbox 1767 4927 1931 5002; x_wconf 80' lang='lat' dir='ltr'><strong>David</strong></span> <span class='ocrx_word' id='word_1_695' title='bbox 1962 4943 2081 5002; x_wconf 63' lang='lat' dir='ltr'><strong>rex.</strong></span> <span class='ocrx_word' id='word_1_696' title='bbox 2110 4931 2177 5002; x_wconf 80' lang='lat' dir='ltr'><strong>_ln</strong></span> 
     </span>
    </p>
   </div>
   <div class='ocr_carea' id='block_1_109' title="bbox 613 4997 2178 5066">
    <p class='ocr_par' dir='ltr' id='par_1_109' title="bbox 613 4997 2178 5066">
     <span class='ocr_line' id='line_1_111' title="bbox 613 4997 2178 5066; baseline -0.006 -7"><span class='ocrx_word' id='word_1_697' title='bbox 613 5010 768 5060; x_wconf 78' lang='lat' dir='ltr'><strong>Alex.</strong></span> <span class='ocrx_word' id='word_1_698' title='bbox 805 4997 905 5057; x_wconf 88' lang='lat' dir='ltr'><strong>lioc</strong></span> <span class='ocrx_word' id='word_1_699' title='bbox 935 4997 1123 5057; x_wconf 78' lang='lat' dir='ltr'><strong>lemma</strong></span> <span class='ocrx_word' id='word_1_700' title='bbox 1153 5010 1209 5054; x_wconf 89' lang='lat' dir='ltr'><strong>et</strong></span> <span class='ocrx_word' id='word_1_701' title='bbox 1254 5000 1507 5053; x_wconf 88' lang='lat' dir='ltr'><strong>nonnulla</strong></span> <span class='ocrx_word' id='word_1_702' title='bbox 1539 5000 1639 5051; x_wconf 82' lang='lat' dir='ltr'><strong>alia</strong></span> <span class='ocrx_word' id='word_1_703' title='bbox 1674 4998 1944 5066; x_wconf 78' lang='lat' dir='ltr'><strong>sequentia</strong></span> <span class='ocrx_word' id='word_1_704' title='bbox 1974 4997 2178 5051; x_wconf 48' lang='lat' dir='ltr'><strong>deside‘</strong></span> 
     </span>
    </p>
   </div>
   <div class='ocr_carea' id='block_1_110' title="bbox 606 5088 812 5129">
    <p class='ocr_par' dir='ltr' id='par_1_110' title="bbox 606 5088 812 5129">
     <span class='ocr_line' id='line_1_112' title="bbox 606 5088 812 5129; baseline -0.015 0"><span class='ocrx_word' id='word_1_705' title='bbox 606 5088 812 5129; x_wconf 80' lang='lat' dir='ltr'><strong>rantur.</strong></span> 
     </span>
    </p>
   </div>
   <div class='ocr_carea' id='block_1_111' title="bbox 681 5136 2171 5211">
    <p class='ocr_par' dir='ltr' id='par_1_111' title="bbox 681 5136 2171 5211">
     <span class='ocr_line' id='line_1_113' title="bbox 681 5136 2171 5211; baseline -0.006 -13"><span class='ocrx_word' id='word_1_706' title='bbox 681 5146 767 5199; x_wconf 85' lang='lat'><strong>77.</strong></span> <span class='ocrx_word' id='word_1_707' title='bbox 798 5145 972 5211; x_wconf 67' lang='lat' dir='ltr'><strong>Egon,</strong></span> <span class='ocrx_word' id='word_1_708' title='bbox 1004 5140 1147 5193; x_wconf 81' lang='lat' dir='ltr'><strong>Vati.</strong></span> <span class='ocrx_word' id='word_1_709' title='bbox 1173 5139 1293 5211; x_wconf 5' lang='lat' dir='ltr'><strong>Aget</strong></span> <span class='ocrx_word' id='word_1_710' title='bbox 1316 5140 1380 5203; x_wconf 72' lang='grc' dir='ltr'><strong>ρ,</strong></span> <span class='ocrx_word' id='word_1_711' title='bbox 1410 5137 1590 5211; x_wconf 79' lang='lat' dir='ltr'><strong>Al_ex.,</strong></span> <span class='ocrx_word' id='word_1_712' title='bbox 1620 5136 1923 5211; x_wconf 74' lang='lat' dir='ltr'><strong>lleinsiani,</strong></span> <span class='ocrx_word' id='word_1_713' title='bbox 1956 5137 2171 5211; x_wconf 79' lang='lat' dir='ltr'><strong>initiﬁci.</strong></span> 
     </span>
    </p>
   </div>
   <div class='ocr_carea' id='block_1_112' title="bbox 610 5207 2169 5282">
    <p class='ocr_par' dir='ltr' id='par_1_112' title="bbox 610 5207 2169 5282">
     <span class='ocr_line' id='line_1_114' title="bbox 610 5207 2169 5282; baseline -0.008 -13"><span class='ocrx_word' id='word_1_714' title='bbox 610 5207 867 5282; x_wconf 65' lang='lat' dir='ltr'><strong>Plerique</strong></span> <span class='ocrx_word' id='word_1_715' title='bbox 883 5213 1049 5282; x_wconf 82' lang='lat' dir='ltr'><strong>nostri</strong></span> <span class='ocrx_word' id='word_1_716' title='bbox 1070 5209 1335 5282; x_wconf 26' lang='lat' dir='ltr'><strong>.Amiri/i‘ci,</strong></span> <span class='ocrx_word' id='word_1_717' title='bbox 1368 5220 1424 5282; x_wconf 88' lang='lat' dir='ltr'><strong>ut</strong></span> <span class='ocrx_word' id='word_1_718' title='bbox 1451 5208 1587 5282; x_wconf 66' lang='lat' dir='ltr'><strong>Vati.</strong></span> <span class='ocrx_word' id='word_1_719' title='bbox 1608 5210 1677 5282; x_wconf 68' lang='lat' dir='ltr'><strong>lt,</strong></span> <span class='ocrx_word' id='word_1_720' title='bbox 1704 5207 1955 5282; x_wconf 31' lang='lat' dir='ltr'><strong>Quibit},</strong></span> <span class='ocrx_word' id='word_1_721' title='bbox 1993 5208 2169 5282; x_wconf 78' lang='lat' dir='ltr'><strong>Prag.,</strong></span> 
     </span>
    </p>
   </div>
   <div class='ocr_carea' id='block_1_113' title="bbox 610 5274 2175 5349">
    <p class='ocr_par' dir='ltr' id='par_1_113' title="bbox 610 5274 2175 5349">
     <span class='ocr_line' id='line_1_115' title="bbox 610 5274 2175 5349; baseline -0.004 -13"><span class='ocrx_word' id='word_1_722' title='bbox 610 5274 910 5349; x_wconf 64' lang='grc' dir='ltr'><strong>ιιειιηύιίι.</strong></span> <span class='ocrx_word' id='word_1_723' title='bbox 934 5325 948 5349; x_wconf 89' lang='lat'><strong>,</strong></span> <span class='ocrx_word' id='word_1_724' title='bbox 985 5279 1146 5337; x_wconf 81' lang='lat' dir='ltr'><strong>Vall.,</strong></span> <span class='ocrx_word' id='word_1_725' title='bbox 1176 5293 1295 5329; x_wconf 84' lang='lat' dir='ltr'><strong>cunt</strong></span> <span class='ocrx_word' id='word_1_726' title='bbox 1325 5280 1468 5339; x_wconf 81' lang='lat' dir='ltr'><strong>Ald.,</strong></span> <span class='ocrx_word' id='word_1_727' title='bbox 1504 5276 1695 5331; x_wconf 84' lang='lat' dir='ltr'><strong>Weitz.</strong></span> <span class='ocrx_word' id='word_1_728' title='bbox 1715 5316 1729 5338; x_wconf 87' lang='lat'><strong>,</strong></span> <span class='ocrx_word' id='word_1_729' title='bbox 1758 5274 1999 5349; x_wconf 67' lang='lat' dir='ltr'><strong>Giselino</strong></span> <span class='ocrx_word' id='word_1_730' title='bbox 2029 5274 2175 5330; x_wconf 77' lang='lat' dir='ltr'><strong>aliis-</strong></span> 
     </span>
    </p>
   </div>
   <div class='ocr_carea' id='block_1_114' title="bbox 604 5346 2175 5422">
    <p class='ocr_par' dir='ltr' id='par_1_114' title="bbox 604 5346 2175 5422">
     <span class='ocr_line' id='line_1_116' title="bbox 604 5346 2175 5422; baseline -0.004 -18"><span class='ocrx_word' id='word_1_731' title='bbox 604 5370 710 5422; x_wconf 85' lang='lat' dir='ltr'><strong>que</strong></span> <span class='ocrx_word' id='word_1_732' title='bbox 741 5346 942 5406; x_wconf 74' lang='lat' dir='ltr'><strong>multis.</strong></span> <span class='ocrx_word' id='word_1_733' title='bbox 969 5351 1147 5422; x_wconf 71' lang='lat' dir='ltr'><strong>Itaque</strong></span> <span class='ocrx_word' id='word_1_734' title='bbox 1178 5349 1228 5398; x_wconf 89' lang='lat' dir='ltr'><strong>id</strong></span> <span class='ocrx_word' id='word_1_735' title='bbox 1283 5349 1497 5401; x_wconf 80' lang='lat' dir='ltr'><strong>retineri</strong></span> <span class='ocrx_word' id='word_1_736' title='bbox 1543 5346 1897 5422; x_wconf 31' lang='lat' dir='ltr'><strong>posset,‘licet</strong></span> <span class='ocrx_word' id='word_1_737' title='bbox 1926 5362 2175 5422; x_wconf 30' lang='grc' dir='ltr'><strong>ιιιοιιιιιθφ</strong></span> 
     </span>
    </p>
   </div>
   <div class='ocr_carea' id='block_1_115' title="bbox 608 5412 2173 5487">
    <p class='ocr_par' dir='ltr' id='par_1_115' title="bbox 608 5412 2173 5487">
     <span class='ocr_line' id='line_1_117' title="bbox 608 5412 2173 5487; baseline -0.006 -10"><span class='ocrx_word' id='word_1_738' title='bbox 608 5412 759 5487; x_wconf 60' lang='grc' dir='ltr'><strong>δέρω,</strong></span> <span class='ocrx_word' id='word_1_739' title='bbox 799 5424 962 5477; x_wconf 88' lang='lat' dir='ltr'><strong>verbo</strong></span> <span class='ocrx_word' id='word_1_740' title='bbox 1000 5412 1239 5484; x_wconf 70' lang='lat' dir='ltr'><strong>miti/iens</strong></span> <span class='ocrx_word' id='word_1_741' title='bbox 1271 5427 1477 5486; x_wconf 85' lang='lat' dir='ltr'><strong>poetam</strong></span> <span class='ocrx_word' id='word_1_742' title='bbox 1511 5412 1659 5469; x_wconf 82' lang='lat' dir='ltr'><strong>iisititt</strong></span> <span class='ocrx_word' id='word_1_743' title='bbox 1692 5415 1996 5487; x_wconf 79' lang='lat' dir='ltr'><strong>aliquando.</strong></span> <span class='ocrx_word' id='word_1_744' title='bbox 2048 5416 2173 5468; x_wconf 70' lang='lat' dir='ltr'><strong>Pas-</strong></span> 
     </span>
    </p>
   </div>
   <div class='ocr_carea' id='block_1_116' title="bbox 608 5486 2173 5557">
    <p class='ocr_par' dir='ltr' id='par_1_116' title="bbox 608 5486 2173 5557">
     <span class='ocr_line' id='line_1_118' title="bbox 608 5486 2173 5557; baseline -0.006 -10"><span class='ocrx_word' id='word_1_745' title='bbox 608 5486 835 5557; x_wconf 85' lang='lat' dir='ltr'><strong>cbalius,</strong></span> <span class='ocrx_word' id='word_1_746' title='bbox 865 5496 930 5545; x_wconf 86' lang='lat' dir='ltr'><strong>de</strong></span> <span class='ocrx_word' id='word_1_747' title='bbox 955 5489 1178 5544; x_wconf 84' lang='lat' dir='ltr'><strong>Coronis</strong></span> <span class='ocrx_word' id='word_1_748' title='bbox 1207 5502 1324 5555; x_wconf 80' lang='lat' dir='ltr'><strong>pag.</strong></span> <span class='ocrx_word' id='word_1_749' title='bbox 1355 5490 1443 5553; x_wconf 71' lang='lat' dir='ltr'><strong>s7,</strong></span> <span class='ocrx_word' id='word_1_750' title='bbox 1477 5489 1567 5540; x_wconf 79' lang='lat' dir='ltr'><strong>lili.</strong></span> <span class='ocrx_word' id='word_1_751' title='bbox 1602 5502 1640 5549; x_wconf 84' lang='grc' dir='ltr'><strong>ι,</strong></span> <span class='ocrx_word' id='word_1_752' title='bbox 1665 5502 1782 5554; x_wconf 62' lang='grc' dir='ltr'><strong>ουρ.</strong></span> <span class='ocrx_word' id='word_1_753' title='bbox 1815 5486 1901 5546; x_wconf 79' lang='lat' dir='ltr'><strong>t5,</strong></span> <span class='ocrx_word' id='word_1_754' title='bbox 1936 5488 2033 5539; x_wconf 88' lang='lat' dir='ltr'><strong>ltos</strong></span> <span class='ocrx_word' id='word_1_755' title='bbox 2058 5500 2173 5538; x_wconf 84' lang='lat' dir='ltr'><strong>ver-</strong></span> 
     </span>
    </p>
   </div>
   <div class='ocr_carea' id='block_1_117' title="bbox 609 5564 926 5615">
    <p class='ocr_par' dir='ltr' id='par_1_117' title="bbox 609 5564 926 5615">
     <span class='ocr_line' id='line_1_119' title="bbox 609 5564 926 5615; baseline 0 0"><span class='ocrx_word' id='word_1_756' title='bbox 609 5578 699 5615; x_wconf 81' lang='lat' dir='ltr'><strong>sus</strong></span> <span class='ocrx_word' id='word_1_757' title='bbox 729 5564 926 5615; x_wconf 86' lang='lat' dir='ltr'><strong>laudat.</strong></span> 
     </span>
    </p>
   </div>
   <div class='ocr_carea' id='block_1_118' title="bbox 679 5624 2173 5696">
    <p class='ocr_par' dir='ltr' id='par_1_118' title="bbox 679 5624 2173 5696">
     <span class='ocr_line' id='line_1_120' title="bbox 679 5624 2173 5696; baseline -0.006 -11"><span class='ocrx_word' id='word_1_758' title='bbox 679 5635 768 5685; x_wconf 87' lang='lat'><strong>78.</strong></span> <span class='ocrx_word' id='word_1_759' title='bbox 801 5632 958 5696; x_wconf 64' lang='lat' dir='ltr'><strong>Man,</strong></span> <span class='ocrx_word' id='word_1_760' title='bbox 995 5628 1109 5682; x_wconf 81' lang='lat' dir='ltr'><strong>Vat.</strong></span> <span class='ocrx_word' id='word_1_761' title='bbox 1142 5633 1181 5691; x_wconf 88' lang='lat' dir='ltr'><strong>l,</strong></span> <span class='ocrx_word' id='word_1_762' title='bbox 1227 5627 1415 5691; x_wconf 86' lang='lat' dir='ltr'><strong>oleum,</strong></span> <span class='ocrx_word' id='word_1_763' title='bbox 1466 5634 1512 5681; x_wconf 88' lang='lat' dir='ltr'><strong>et</strong></span> <span class='ocrx_word' id='word_1_764' title='bbox 1572 5640 1760 5688; x_wconf 86' lang='lat' dir='ltr'><strong>cornu;</strong></span> <span class='ocrx_word' id='word_1_765' title='bbox 1819 5624 2173 5691; x_wconf 88' lang='lat' dir='ltr'><strong>alii,&#39;oleuin,</strong></span> 
     </span>
    </p>
   </div>
   <div class='ocr_carea' id='block_1_119' title="bbox 607 5703 1520 5762">
    <p class='ocr_par' dir='ltr' id='par_1_119' title="bbox 607 5703 1520 5762">
     <span class='ocr_line' id='line_1_121' title="bbox 607 5703 1520 5762; baseline -0.003 -10"><span class='ocrx_word' id='word_1_766' title='bbox 607 5716 789 5762; x_wconf 76' lang='lat' dir='ltr'><strong>cornu,</strong></span> <span class='ocrx_word' id='word_1_767' title='bbox 818 5703 932 5753; x_wconf 74' lang='lat' dir='ltr'><strong>sine</strong></span> <span class='ocrx_word' id='word_1_768' title='bbox 954 5710 1020 5752; x_wconf 85' lang='lat' dir='ltr'><strong>et.</strong></span> <span class='ocrx_word' id='word_1_769' title='bbox 1502 5722 1520 5738; x_wconf 82' lang='lat'><strong>-</strong></span> 
     </span>
    </p>
   </div>
   <div class='ocr_carea' id='block_1_120' title="bbox 682 5765 2176 5832">
    <p class='ocr_par' dir='ltr' id='par_1_120' title="bbox 682 5765 2176 5832">
     <span class='ocr_line' id='line_1_122' title="bbox 682 5765 2176 5832; baseline -0.005 -9"><span class='ocrx_word' id='word_1_770' title='bbox 682 5774 765 5823; x_wconf 75' lang='lat'><strong>8&quot;.</strong></span> <span class='ocrx_word' id='word_1_771' title='bbox 804 5771 880 5822; x_wconf 85' lang='lat' dir='ltr'><strong>llo</strong></span> <span class='ocrx_word' id='word_1_772' title='bbox 903 5782 1133 5832; x_wconf 34' lang='lat' dir='ltr'><strong>unoque</strong></span> <span class='ocrx_word' id='word_1_773' title='bbox 1159 5766 1468 5819; x_wconf 79' lang='lat' dir='ltr'><strong>vocabulum</strong></span> <span class='ocrx_word' id='word_1_774' title='bbox 1495 5765 1904 5819; x_wconf 78' lang='lat' dir='ltr'><strong>Prudentiantun</strong></span> <span class='ocrx_word' id='word_1_775' title='bbox 1935 5774 2014 5820; x_wconf 88' lang='lat' dir='ltr'><strong>est</strong></span> <span class='ocrx_word' id='word_1_776' title='bbox 2044 5768 2176 5817; x_wconf 89' lang='lat' dir='ltr'><strong>altar</strong></span> 
     </span>
    </p>
   </div>
   <div class='ocr_carea' id='block_1_121' title="bbox 2282 4722 3820 4791">
    <p class='ocr_par' dir='ltr' id='par_1_121' title="bbox 2282 4722 3820 4791">
     <span class='ocr_line' id='line_1_123' title="bbox 2282 4722 3820 4791; baseline 0.001 -19"><span class='ocrx_word' id='word_1_777' title='bbox 2282 4723 2419 4786; x_wconf 86' lang='lat' dir='ltr'><strong>dico,</strong></span> <span class='ocrx_word' id='word_1_778' title='bbox 2442 4723 2604 4789; x_wconf 78' lang='lat' dir='ltr'><strong>diras,</strong></span> <span class='ocrx_word' id='word_1_779' title='bbox 2633 4732 2890 4791; x_wconf 83' lang='lat' dir='ltr'><strong>repugnat</strong></span> <span class='ocrx_word' id='word_1_780' title='bbox 2923 4724 3164 4775; x_wconf 88' lang='lat' dir='ltr'><strong>cartnttii.</strong></span> <span class='ocrx_word' id='word_1_781' title='bbox 3195 4723 3506 4777; x_wconf 85' lang='lat' dir='ltr'><strong>Gallaiidius</strong></span> <span class='ocrx_word' id='word_1_782' title='bbox 3536 4722 3673 4777; x_wconf 70' lang='lat' dir='ltr'><strong>Gaza</strong></span> <span class='ocrx_word' id='word_1_783' title='bbox 3697 4736 3820 4774; x_wconf 86' lang='lat' dir='ltr'><strong>ineti-</strong></span> 
     </span>
    </p>
   </div>
   <div class='ocr_carea' id='block_1_122' title="bbox 2282 4794 2809 4857">
    <p class='ocr_par' dir='ltr' id='par_1_122' title="bbox 2282 4794 2809 4857">
     <span class='ocr_line' id='line_1_124' title="bbox 2282 4794 2809 4857; baseline -0.004 -12"><span class='ocrx_word' id='word_1_784' title='bbox 2282 4794 2406 4845; x_wconf 89' lang='lat' dir='ltr'><strong>dum</strong></span> <span class='ocrx_word' id='word_1_785' title='bbox 2437 4808 2555 4845; x_wconf 84' lang='lat' dir='ltr'><strong>esse</strong></span> <span class='ocrx_word' id='word_1_786' title='bbox 2577 4799 2809 4857; x_wconf 80' lang='lat' dir='ltr'><strong>putabat.</strong></span> 
     </span>
    </p>
   </div>
   <div class='ocr_carea' id='block_1_123' title="bbox 2352 4859 3820 4932">
    <p class='ocr_par' dir='ltr' id='par_1_123' title="bbox 2352 4859 3820 4932">
     <span class='ocr_line' id='line_1_125' title="bbox 2352 4859 3820 4932; baseline -0.006 -17"><span class='ocrx_word' id='word_1_787' title='bbox 2352 4863 2721 4915; x_wconf 85' lang='lat' dir='ltr'><strong>Tetrasticlioti</strong></span> <span class='ocrx_word' id='word_1_788' title='bbox 2776 4862 2884 4932; x_wconf 44' lang='grc'><strong>22.</strong></span> <span class='ocrx_word' id='word_1_789' title='bbox 2923 4859 3127 4924; x_wconf 84' lang='lat' dir='ltr'><strong>Aldus,</strong></span> <span class='ocrx_word' id='word_1_790' title='bbox 3172 4861 3255 4932; x_wconf 83' lang='lat' dir='ltr'><strong>_l_)c</strong></span> <span class='ocrx_word' id='word_1_791' title='bbox 3315 4863 3435 4928; x_wconf 84' lang='lat' dir='ltr'><strong>[iliis</strong></span> <span class='ocrx_word' id='word_1_792' title='bbox 3490 4861 3820 4932; x_wconf 63' lang='lat' dir='ltr'><strong>prophetarum</strong></span> 
     </span>
    </p>
   </div>
   <div class='ocr_carea' id='block_1_124' title="bbox 2280 4929 3822 5002">
    <p class='ocr_par' dir='ltr' id='par_1_124' title="bbox 2280 4929 3822 5002">
     <span class='ocr_line' id='line_1_126' title="bbox 2280 4929 3822 5002; baseline -0.005 -19"><span class='ocrx_word' id='word_1_793' title='bbox 2280 4930 2422 5002; x_wconf 85' lang='lat' dir='ltr'><strong>ligna</strong></span> <span class='ocrx_word' id='word_1_794' title='bbox 2468 4930 3079 5002; x_wconf 77' lang='lat' dir='ltr'><strong>cwdeittibus._Weitzitts&#39;</strong></span> <span class='ocrx_word' id='word_1_795' title='bbox 3102 4971 3115 4993; x_wconf 88' lang='lat'><strong>,</strong></span> <span class='ocrx_word' id='word_1_796' title='bbox 3162 4929 3287 4983; x_wconf 80' lang='lat' dir='ltr'><strong>Filii</strong></span> <span class='ocrx_word' id='word_1_797' title='bbox 3317 4929 3680 4998; x_wconf 75' lang='lat' dir='ltr'><strong>prophetarum</strong></span> <span class='ocrx_word' id='word_1_798' title='bbox 3707 4931 3822 4997; x_wconf 79' lang='lat' dir='ltr'><strong>ligna</strong></span> 
     </span>
    </p>
   </div>
   <div class='ocr_carea' id='block_1_125' title="bbox 2280 4999 3822 5071">
    <p class='ocr_par' dir='ltr' id='par_1_125' title="bbox 2280 4999 3822 5071">
     <span class='ocr_line' id='line_1_127' title="bbox 2280 4999 3822 5071; baseline -0.005 -17"><span class='ocrx_word' id='word_1_799' title='bbox 2280 4999 2513 5059; x_wconf 61' lang='lat' dir='ltr'><strong>credunt;</strong></span> <span class='ocrx_word' id='word_1_800' title='bbox 2542 5004 2722 5055; x_wconf 70' lang='lat' dir='ltr'><strong>cmtcri</strong></span> <span class='ocrx_word' id='word_1_801' title='bbox 2746 5044 2761 5065; x_wconf 89' lang='lat'><strong>,</strong></span> <span class='ocrx_word' id='word_1_802' title='bbox 2787 4999 2911 5053; x_wconf 85' lang='lat' dir='ltr'><strong>Filii</strong></span> <span class='ocrx_word' id='word_1_803' title='bbox 2936 5004 3318 5070; x_wconf 81' lang='lat' dir='ltr'><strong>prophetarum.</strong></span> <span class='ocrx_word' id='word_1_804' title='bbox 3353 5002 3429 5055; x_wconf 83' lang='lat' dir='ltr'><strong>De</strong></span> <span class='ocrx_word' id='word_1_805' title='bbox 3456 5003 3651 5071; x_wconf 81' lang='lat' dir='ltr'><strong>quibus</strong></span> <span class='ocrx_word' id='word_1_806' title='bbox 3679 5009 3822 5066; x_wconf 82' lang='lat' dir='ltr'><strong>agitur</strong></span> 
     </span>
    </p>
   </div>
   <div class='ocr_carea' id='block_1_126' title="bbox 2282 5072 2782 5138">
    <p class='ocr_par' dir='ltr' id='par_1_126' title="bbox 2282 5072 2782 5138">
     <span class='ocr_line' id='line_1_128' title="bbox 2282 5072 2782 5138; baseline -0.006 -12"><span class='ocrx_word' id='word_1_807' title='bbox 2282 5072 2373 5126; x_wconf 75' lang='lat' dir='ltr'><strong>illi.</strong></span> <span class='ocrx_word' id='word_1_808' title='bbox 2398 5073 2458 5124; x_wconf 83' lang='lat' dir='ltr'><strong>IV</strong></span> <span class='ocrx_word' id='word_1_809' title='bbox 2485 5073 2682 5138; x_wconf 69' lang='lat' dir='ltr'><strong>“cglllll</strong></span> <span class='ocrx_word' id='word_1_810' title='bbox 2711 5087 2782 5123; x_wconf 75' lang='lat' dir='ltr'><strong>Vt.</strong></span> 
     </span>
    </p>
   </div>
   <div class='ocr_carea' id='block_1_127' title="bbox 2360 5136 3817 5209">
    <p class='ocr_par' dir='ltr' id='par_1_127' title="bbox 2360 5136 3817 5209">
     <span class='ocr_line' id='line_1_129' title="bbox 2360 5136 3817 5209; baseline 0.003 -19"><span class='ocrx_word' id='word_1_811' title='bbox 2360 5136 2583 5192; x_wconf 53' lang='lat' dir='ltr'><strong>&#39;l&#39;itulus&#39;</strong></span> <span class='ocrx_word' id='word_1_812' title='bbox 2612 5141 2697 5191; x_wconf 70' lang='grc'><strong>25.</strong></span> <span class='ocrx_word' id='word_1_813' title='bbox 2746 5139 3027 5206; x_wconf 79' lang='lat' dir='ltr'><strong>Ciiptivitas</strong></span> <span class='ocrx_word' id='word_1_814' title='bbox 3050 5137 3233 5209; x_wconf 14' lang='lat' dir='ltr'><strong>Israel,</strong></span> <span class='ocrx_word' id='word_1_815' title='bbox 3259 5141 3309 5192; x_wconf 92' lang='lat' dir='ltr'><strong>iii</strong></span> <span class='ocrx_word' id='word_1_816' title='bbox 3340 5140 3632 5209; x_wconf 85' lang='lat' dir='ltr'><strong>plerisque.</strong></span> <span class='ocrx_word' id='word_1_817' title='bbox 3656 5136 3817 5194; x_wconf 65' lang='lat' dir='ltr'><strong>Aldus.</strong></span> 
     </span>
    </p>
   </div>
   <div class='ocr_carea' id='block_1_128' title="bbox 2283 5208 3817 5278">
    <p class='ocr_par' dir='ltr' id='par_1_128' title="bbox 2283 5208 3817 5278">
     <span class='ocr_line' id='line_1_130' title="bbox 2283 5208 3817 5278; baseline 0 -18"><span class='ocrx_word' id='word_1_818' title='bbox 2283 5209 2356 5260; x_wconf 91' lang='lat' dir='ltr'><strong>De</strong></span> <span class='ocrx_word' id='word_1_819' title='bbox 2395 5209 2684 5278; x_wconf 83' lang='lat' dir='ltr'><strong>captivitate</strong></span> <span class='ocrx_word' id='word_1_820' title='bbox 2714 5209 3069 5263; x_wconf 69' lang='lat' dir='ltr'><strong>Heln-reorum.</strong></span> <span class='ocrx_word' id='word_1_821' title='bbox 3096 5208 3292 5263; x_wconf 76' lang='lat' dir='ltr'><strong>Confer</strong></span> <span class='ocrx_word' id='word_1_822' title='bbox 3314 5210 3408 5262; x_wconf 89' lang='lat' dir='ltr'><strong>lib.</strong></span> <span class='ocrx_word' id='word_1_823' title='bbox 3440 5208 3505 5263; x_wconf 70' lang='lat' dir='ltr'><strong>IV</strong></span> <span class='ocrx_word' id='word_1_824' title='bbox 3532 5208 3729 5268; x_wconf 72' lang='lat' dir='ltr'><strong>licitum</strong></span> <span class='ocrx_word' id='word_1_825' title='bbox 3749 5218 3817 5266; x_wconf 72' lang='lat' dir='ltr'><strong>II,</strong></span> 
     </span>
    </p>
   </div>
   <div class='ocr_carea' id='block_1_129' title="bbox 2279 5283 2865 5345">
    <p class='ocr_par' dir='ltr' id='par_1_129' title="bbox 2279 5283 2865 5345">
     <span class='ocr_line' id='line_1_131' title="bbox 2279 5283 2865 5345; baseline -0.003 -14"><span class='ocrx_word' id='word_1_826' title='bbox 2279 5289 2330 5331; x_wconf 88' lang='lat' dir='ltr'><strong>et</strong></span> <span class='ocrx_word' id='word_1_827' title='bbox 2358 5283 2619 5345; x_wconf 88' lang='lat' dir='ltr'><strong>psalmum</strong></span> <span class='ocrx_word' id='word_1_828' title='bbox 2650 5295 2865 5332; x_wconf 80' lang='lat' dir='ltr'><strong>cxxxvi.</strong></span> 
     </span>
    </p>
   </div>
   <div class='ocr_carea' id='block_1_130' title="bbox 2348 5346 3816 5416">
    <p class='ocr_par' dir='ltr' id='par_1_130' title="bbox 2348 5346 3816 5416">
     <span class='ocr_line' id='line_1_132' title="bbox 2348 5346 3816 5416; baseline -0.007 -14"><span class='ocrx_word' id='word_1_829' title='bbox 2348 5350 2440 5402; x_wconf 76' lang='lat'><strong>89.</strong></span> <span class='ocrx_word' id='word_1_830' title='bbox 2473 5350 2594 5401; x_wconf 69' lang='lat' dir='ltr'><strong>llaec</strong></span> <span class='ocrx_word' id='word_1_831' title='bbox 2617 5364 2827 5416; x_wconf 88' lang='lat' dir='ltr'><strong>quoque</strong></span> <span class='ocrx_word' id='word_1_832' title='bbox 2842 5363 2941 5401; x_wconf 90' lang='lat' dir='ltr'><strong>vox</strong></span> <span class='ocrx_word' id='word_1_833' title='bbox 2969 5363 3236 5415; x_wconf 79' lang='lat' dir='ltr'><strong>peccamen</strong></span> <span class='ocrx_word' id='word_1_834' title='bbox 3264 5348 3607 5401; x_wconf 80' lang='lat' dir='ltr'><strong>Prnileittititn</strong></span> <span class='ocrx_word' id='word_1_835' title='bbox 3632 5346 3816 5416; x_wconf 75' lang='lat' dir='ltr'><strong>redolet.</strong></span> 
     </span>
    </p>
   </div>
   <div class='ocr_carea' id='block_1_131' title="bbox 2352 5411 3819 5480">
    <p class='ocr_par' dir='ltr' id='par_1_131' title="bbox 2352 5411 3819 5480">
     <span class='ocr_line' id='line_1_133' title="bbox 2352 5411 3819 5480; baseline -0.004 -9"><span class='ocrx_word' id='word_1_836' title='bbox 2352 5420 2439 5471; x_wconf 82' lang='lat' dir='ltr'><strong>9U.</strong></span> <span class='ocrx_word' id='word_1_837' title='bbox 2465 5411 2676 5471; x_wconf 81' lang='lat' dir='ltr'><strong>Teolius</strong></span> <span class='ocrx_word' id='word_1_838' title='bbox 2717 5411 3017 5471; x_wconf 82' lang='lat' dir='ltr'><strong>observavit</strong></span> <span class='ocrx_word' id='word_1_839' title='bbox 3060 5418 3113 5471; x_wconf 92' lang='lat' dir='ltr'><strong>in</strong></span> <span class='ocrx_word' id='word_1_840' title='bbox 3147 5434 3253 5471; x_wconf 89' lang='lat' dir='ltr'><strong>uno</strong></span> <span class='ocrx_word' id='word_1_841' title='bbox 3284 5417 3428 5480; x_wconf 84' lang='lat' dir='ltr'><strong>Vat.,</strong></span> <span class='ocrx_word' id='word_1_842' title='bbox 3459 5426 3527 5469; x_wconf 84' lang='lat' dir='ltr'><strong>ad</strong></span> <span class='ocrx_word' id='word_1_843' title='bbox 3554 5429 3716 5471; x_wconf 86' lang='lat' dir='ltr'><strong>arces.</strong></span> <span class='ocrx_word' id='word_1_844' title='bbox 3738 5411 3819 5465; x_wconf 72' lang='lat' dir='ltr'><strong>Sed</strong></span> 
     </span>
    </p>
   </div>
   <div class='ocr_carea' id='block_1_132' title="bbox 2280 5486 3819 5554">
    <p class='ocr_par' dir='ltr' id='par_1_132' title="bbox 2280 5486 3819 5554">
     <span class='ocr_line' id='line_1_134' title="bbox 2280 5486 3819 5554; baseline -0.003 -16"><span class='ocrx_word' id='word_1_845' title='bbox 2280 5491 2344 5538; x_wconf 81' lang='lat' dir='ltr'><strong>ait</strong></span> <span class='ocrx_word' id='word_1_846' title='bbox 2372 5504 2543 5541; x_wconf 86' lang='lat' dir='ltr'><strong>amnes</strong></span> <span class='ocrx_word' id='word_1_847' title='bbox 2586 5503 2769 5540; x_wconf 86' lang='lat' dir='ltr'><strong>verum</strong></span> <span class='ocrx_word' id='word_1_848' title='bbox 2819 5497 2903 5540; x_wconf 88' lang='lat' dir='ltr'><strong>est</strong></span> <span class='ocrx_word' id='word_1_849' title='bbox 2943 5503 3007 5540; x_wconf 88' lang='lat' dir='ltr'><strong>ex</strong></span> <span class='ocrx_word' id='word_1_850' title='bbox 3040 5489 3241 5554; x_wconf 85' lang='lat' dir='ltr'><strong>psalmo</strong></span> <span class='ocrx_word' id='word_1_851' title='bbox 3272 5490 3508 5540; x_wconf 83' lang='lat' dir='ltr'><strong>laudato.</strong></span> <span class='ocrx_word' id='word_1_852' title='bbox 3538 5489 3611 5540; x_wconf 84' lang='lat' dir='ltr'><strong>De</strong></span> <span class='ocrx_word' id='word_1_853' title='bbox 3633 5495 3725 5537; x_wconf 83' lang='lat' dir='ltr'><strong>hoc</strong></span> <span class='ocrx_word' id='word_1_854' title='bbox 3749 5486 3819 5533; x_wconf 81' lang='lat' dir='ltr'><strong>lic-</strong></span> 
     </span>
    </p>
   </div>
   <div class='ocr_carea' id='block_1_133' title="bbox 2281 5557 3817 5627">
    <p class='ocr_par' dir='ltr' id='par_1_133' title="bbox 2281 5557 3817 5627">
     <span class='ocr_line' id='line_1_135' title="bbox 2281 5557 3817 5627; baseline -0.003 -19"><span class='ocrx_word' id='word_1_855' title='bbox 2281 5558 2545 5610; x_wconf 86' lang='lat' dir='ltr'><strong>itiisticliio</strong></span> <span class='ocrx_word' id='word_1_856' title='bbox 2567 5558 2694 5611; x_wconf 82' lang='lat' dir='ltr'><strong>dira:</strong></span> <span class='ocrx_word' id='word_1_857' title='bbox 2725 5557 3001 5627; x_wconf 83' lang='lat' dir='ltr'><strong>Babylonis</strong></span> <span class='ocrx_word' id='word_1_858' title='bbox 3023 5558 3091 5609; x_wconf 87' lang='lat' dir='ltr'><strong>ad</strong></span> <span class='ocrx_word' id='word_1_859' title='bbox 3118 5573 3294 5611; x_wconf 86' lang='lat' dir='ltr'><strong>amnes</strong></span> <span class='ocrx_word' id='word_1_860' title='bbox 3321 5557 3443 5611; x_wconf 86' lang='lat' dir='ltr'><strong>vide</strong></span> <span class='ocrx_word' id='word_1_861' title='bbox 3471 5558 3669 5625; x_wconf 78' lang='lat' dir='ltr'><strong>proleg.</strong></span> <span class='ocrx_word' id='word_1_862' title='bbox 3699 5566 3817 5606; x_wconf 73' lang='lat' dir='ltr'><strong>nunt.</strong></span> 
     </span>
    </p>
   </div>
   <div class='ocr_carea' id='block_1_134' title="bbox 2281 5628 2626 5688">
    <p class='ocr_par' dir='ltr' id='par_1_134' title="bbox 2281 5628 2626 5688">
     <span class='ocr_line' id='line_1_136' title="bbox 2281 5628 2626 5688; baseline 0.003 -9"><span class='ocrx_word' id='word_1_863' title='bbox 2281 5628 2366 5688; x_wconf 75' lang='grc'><strong>74,</strong></span> <span class='ocrx_word' id='word_1_864' title='bbox 2403 5629 2455 5680; x_wconf 89' lang='lat' dir='ltr'><strong>iit</strong></span> <span class='ocrx_word' id='word_1_865' title='bbox 2484 5641 2626 5680; x_wconf 86' lang='lat' dir='ltr'><strong>nota.</strong></span> 
     </span>
    </p>
   </div>
   <div class='ocr_carea' id='block_1_135' title="bbox 2349 5689 3814 5765">
    <p class='ocr_par' dir='ltr' id='par_1_135' title="bbox 2349 5689 3814 5765">
     <span class='ocr_line' id='line_1_137' title="bbox 2349 5689 3814 5765; baseline -0.006 -14"><span class='ocrx_word' id='word_1_866' title='bbox 2349 5701 2437 5751; x_wconf 78' lang='lat'><strong>9|.</strong></span> <span class='ocrx_word' id='word_1_867' title='bbox 2461 5696 2748 5751; x_wconf 86' lang='lat' dir='ltr'><strong>Sichardus</strong></span> <span class='ocrx_word' id='word_1_868' title='bbox 2772 5737 2785 5757; x_wconf 84' lang='lat'><strong>.</strong></span> <span class='ocrx_word' id='word_1_869' title='bbox 2815 5702 2939 5749; x_wconf 82' lang='lat' dir='ltr'><strong>dum</strong></span> <span class='ocrx_word' id='word_1_870' title='bbox 2965 5697 3176 5765; x_wconf 84' lang='lat' dir='ltr'><strong>patrios.</strong></span> <span class='ocrx_word' id='word_1_871' title='bbox 3211 5694 3495 5751; x_wconf 84' lang='lat' dir='ltr'><strong>Goldastns</strong></span> <span class='ocrx_word' id='word_1_872' title='bbox 3520 5695 3655 5762; x_wconf 86' lang='lat' dir='ltr'><strong>apud</strong></span> <span class='ocrx_word' id='word_1_873' title='bbox 3681 5689 3814 5743; x_wconf 72' lang='lat' dir='ltr'><strong>Writ-</strong></span> 
     </span>
    </p>
   </div>
   <div class='ocr_carea' id='block_1_136' title="bbox 2280 5765 3818 5833">
    <p class='ocr_par' dir='ltr' id='par_1_136' title="bbox 2280 5765 3818 5833">
     <span class='ocr_line' id='line_1_138' title="bbox 2280 5765 3818 5833; baseline -0.008 -15"><span class='ocrx_word' id='word_1_874' title='bbox 2280 5769 2439 5833; x_wconf 78' lang='lat' dir='ltr'><strong>xiutii,</strong></span> <span class='ocrx_word' id='word_1_875' title='bbox 2476 5767 2602 5819; x_wconf 81' lang='lat' dir='ltr'><strong>Tum</strong></span> <span class='ocrx_word' id='word_1_876' title='bbox 2647 5769 2837 5833; x_wconf 83' lang='lat' dir='ltr'><strong>patrios</strong></span> <span class='ocrx_word' id='word_1_877' title='bbox 2888 5780 3094 5820; x_wconf 82' lang='lat' dir='ltr'><strong>cantare</strong></span> <span class='ocrx_word' id='word_1_878' title='bbox 3139 5768 3314 5819; x_wconf 87' lang='lat' dir='ltr'><strong>modos</strong></span> <span class='ocrx_word' id='word_1_879' title='bbox 3346 5780 3624 5832; x_wconf 72' lang='lat' dir='ltr'><strong>prﬂ&#39;Ct&#39;pivt,</strong></span> <span class='ocrx_word' id='word_1_880' title='bbox 3656 5765 3818 5813; x_wconf 71' lang='lat' dir='ltr'><strong>rei-iisut</strong></span> 
     </span>
    </p>
   </div>
  </div>
