3960 6312
556 363 588 422 l
599 352 660 419 ﬂ

1906 669 2074 716 utare.

1906 669 2074 716 utare.

727 755 942 825 Surgit,»
960 763 1016 811 et
1042 753 1345 811 immundus
1375 761 1531 811 vocat
1557 753 1623 809 ad
1650 661 1908 826 mysterli:
1937 762 2141 825 gentes.

974 849 1139 920 688
1165 848 1255 905 48.
1295 848 1400 903 Vas
1431 849 1708 904 electionis.

731 943 830 997 llic
860 941 1016 1012 lupus
1043 951 1167 996 ante
1195 956 1361 1011 rapax
1391 942 1620 997 vestitur
1651 941 1850 996 vellere
1879 942 2027 996 molli
2061 959 2076 996 :

553 1037 656 1092 190
729 1035 924 1092 Saulus
951 1035 1042 1104 qui
1079 1032 1254 1090 fuerat
1277 1073 1293 1102 ,
1327 1032 1386 1090 lit
1413 1034 1668 1106 adempto
1701 1034 1903 1090 lumine
1932 1034 2147 1089 Paulus.

1679 348 1955 416 AURELII
1994 357 2151 416 PRUI

2238 357 2365 418 NT"
2400 358 2722 416 CARMINA.
3722 367 3799 423 111

728 474 1044 533 Conlertum
1087 473 1387 546 omnigenis
1427 472 1768 530 animalibus.
1810 473 1904 530 llle
1933 481 2145 528 recusat
2172 479 2228 536 Α

735 569 988 626 Maadere
1025 586 1040 624 :
1083 567 1178 626 sed
1221 567 1480 624 Dominus
1520 567 1675 638 jubet
1721 565 1902 621 omnia
1949 564 2147 620 munda

2431 475 2548 530 Mox
2583 473 2771 544 recipit
2802 472 2993 539 visum,
3019 472 3081 529 lit
3107 475 3406 546 apostolus,
3435 491 3495 533 ac
3523 478 3795 548 populorum

2436 566 2650 632 Doctor,
2687 576 2740 621 et
2765 581 2860 622 ore
2888 576 3074 635 potens
3105 581 3302 623 corvos
3329 580 3534 627 mutare
3560 571 3794 630 columbis.

2686 659 2780 714 49.
2812 661 3152 731 Apocalypsis
3175 659 3419 717 Joannis.

2433 756 2522 811 Bis
2549 754 2797 810 duodena
2825 768 3018 809 senum
3049 755 3206 809 sedes
3237 755 3435 824 patetis
3457 795 3472 819 ,
3497 755 3794 826 citharisque,

2431 848 2640 918 Totque
2680 861 3000 903 coronarum
3045 847 3256 918 fulgens
3289 848 3617 918 insignibus,
3648 866 3796 918 agnum

2258 939 2362 997 195
2432 939 2592 994 Cmde
2621 948 2959 994 cruentatum
2986 939 3165 995 laudat
3191 957 3204 994 :
3229 941 3318 1011 qui
3347 941 3596 997 evolvere
3626 942 3794 1011 Iibtutn,

2432 1031 2504 1088 Et
2539 1041 2744 1104 septem
2775 1034 2950 1104 potuit
2975 1032 3246 1104 signacula
3275 1033 3508 1105 pandere
3534 1035 3693 1094 solus.

1846 1145 2132 1203 GLOSSAE
2173 1145 2515 1204 VETERES.

626 1240 746 1294 188.
776 1239 975 1311 Surgit,
1011 1255 1038 1292 e
1065 1255 1264 1302 sontno,
1299 1239 1341 1311 1.

621 1311 742 1367 192.
777 1311 843 1366 Ει
870 1307 966 1366 ore
997 1319 1206 1380 potens,
1240 1309 1434 1364 scilicet
1463 1308 1544 1376 ﬁt,
1576 1307 1680 1362 lso.

2330 1240 2452 1297 195.
2483 1239 2586 1308 Qui
2610 1240 2892 1308 evolvere,
2923 1241 3002 1296 vel
3028 1241 3150 1312 quia
3176 1243 3392 1307 volvere,
3421 1242 3524 1298 lso.

1903 1399 2464 1458 COMMENTARIUS.

547 1530 669 1585 pag.
695 1515 800 1571 555
825 1523 1050 1585 etseqq.
1069 1553 1089 1585 ,_
1113 1513 1294 1568 multis
1309 1512 1620 1585 rationibus
1645 1521 1868 1585 conatus
1896 1521 1981 1568 est
2014 1528 2136 1582 per-

547 1579 798 1641 suadere.
842 1579 1260 1654 Vide'hy'mnum
1300 1584 1365 1638 10
1403 1583 1592 1644 (Satin,
1625 1593 1735 1636 not.
1767 1583 1833 1637 ad
1871 1579 2027 1638 vers.
2045 1585 2134 1639 56.

547 1658 608 1712 S.
642 1653 946 1710 Bernardus
975 1653 1280 1709 de’sublimi
1316 1654 1507 1722 anima:
1550 1655 2010 1722 contemplatione
2039 1669 2139 1709 ex-

548 1727 711 1796 plicat
737 1740 983 1796 somnum
1005 1739 1216 1792 sponsa:
1245 1725 1297 1796 in
1319 1721 1815 1796 Canticisicantic.’,
1849 1734 1905 1778 ut
1937 1725 2047 1780 dixi
2085 1726 2140 1779 in

547 1795 836 1853 comment.
873 1795 941 1849 ad
973 1809 1115 1865 vers.
1151 1796 1214 1849 77
1250 1795 1434 1865 hymn.
1469 1799 1501 1865 li
1535 1795 1780 1865 Catbent.

616 1865 825 1921 Titulus
848 1866 917 1920 48
942 1907 956 1926 .
1013 1864 1114 1920 Vas
1149 1864 1427 1920 electionis.
1470 1864 1742 1919 Giselinus
1763 1903 1778 1930 ,
1824 1864 2024 1919 Paulus
2055 1882 2140 1919 vas

547 1937 829 1992 electionis.
863 1935 1044 1990 Adisis
1069 1951 1188 2003 cap.
1231 1952 1283 1990 ιχ
1310 1936 1430 1991 Act.
1460 1946 1634 2004 apost.

619 2006 744 2062 189.
779 2007 934 2074 Prag.
967 2015 1022 2061 et
1065 1993 1212 2072 Rat,
1252 2007 1474 2061 vestitus.
1497 1993 1750 2060 'Nomina
1792 2015 1847 2060 et
1886 2005 2140 2059 adverbia
2173 1993 2221 2054 Β

547 2077 724 2133 locum
756 2087 1080 2145 praesentem
1110 2076 1562 2140 demonstrantia,
1593 2087 1650 2130 ut
1680 2078 1791 2140 hic,
1822 2077 1876 2129 in
1907 2076 1986 2129 his
2015 2077 2143 2130 tedi-

548 2149 660 2212 bus,
686 2157 740 2201 et
766 2147 982 2211 similia,
1005 2147 1295 2201 ostendunt
1323 2148 1421 2200 hos
1452 2148 1632 2202 titulos
1662 2161 1758 2216 pro
1783 2148 2000 2215 picturis
2025 2163 2142 2214 qum

549 2219 604 2272 in
649 2217 861 2286 templis
896 2216 1140 2270 exhiberi
1179 2218 1425 2272 solebant
1464 2218 1628 2272 luisse
1669 2217 2000 2284 compositos
2023 2257 2037 2280 ,
2085 2227 2143 2271 ut

547 2287 749 2342 dictum
778 2295 861 2355 est
882 2302 1030 2339 num.
1055 2286 1125 2340 66
1149 2287 1352 2355 proleg.
1387 2289 1444 2340 S.
1472 2287 1724 2341 Paulinus
1744 2287 1811 2340 de
1833 2286 2140 2355 huiusmodi

549 2358 754 2426 pictura
775 2354 894 2410 Nat.
920 2357 953 2410 9
981 2373 993 2407 :
1025 2356 1153 2422 Quae
1179 2354 1329 2426 super
1353 2358 1656 2423 exprimitur
1683 2357 1863 2420 titulis,
1897 2354 1949 2409 ut
1970 2357 2142 2411 littera

550 2433 797 2481 monstret
849 2427 999 2492 Quod
1053 2442 1235 2479 manus
1281 2428 1546 2493 explicuit.
1594 2427 1669 2480 Ex
1699 2427 1887 2481 eodem
1918 2426 2141 2483 Paulino

549 2497 862 2566 intelligitur
909 2511 1005 2550 cur
1052 2496 1280 2565 duplicis
1325 2497 1653 2552 Testamenti
1702 2499 1907 2565 pictura
1942 2498 2133 2565 duplex

549 2565 737 2638 cibus,
765 2569 882 2622 sive
919 2565 1279 2622 Dittochazum
1322 2568 1492 2637 possit
1525 2568 1781 2638 appellari
1817 2585 1828 2619 :
1865 2568 1967 2636 Qui
2005 2570 2138 2624 videt

553 2637 655 2712 huc
691 2638 1178 2712 vacuisagnoscens
1211 2654 1329 2692 vera
1371 2637 1739 2712 ﬁguris,Non
1775 2655 1936 2693 vacua
1975 2639 2136 2709 [idem

554 2709 643 2762 'ibi
665 2719 841 2780 pascat
864 2709 1092 2780 imagine
1115 2717 1350 2765 mentem.

619 2777 743 2834 190.
769 2779 947 2850 Prag.,
973 2777 1032 2848 ﬁt
1058 2778 1282 2849 dempto.

2320 1515 2444 1570 191.
2479 1514 2622 1570 Vatl.
2652 1513 2767 1580 AA,
2799 1514 2902 1579 BB,
2927 1515 2987 1583 ﬁt
3016 1517 3278 1588 apostolus
3313 1519 3688 1586 apostolorum,
3712 1536 3783 1588 per

2246 1600 2429 1656 peram
2457 1594 2511 1638 et
2539 1594 2726 1656 contra
2758 1595 3008 1656 metrum.
3052 1586 3244 1641 Paulus
3290 1588 3479 1642 doctor
3525 1586 3786 1656 pepnlorun

2247 1655 2464 1735 dicitur,
2509 1666 2566 1709 ut
2608 1655 2658 1735 in
2706 1655 2888 1726 bymn.
2933 1655 3031 1712 SS.
3055 1657 3360 1726 Apostolor.
3407 1655 3554 1714 Petri
3601 1669 3654 1714 et
3687 1662 3786 1715 Paul

2247 1727 2470 1797 gentium
2497 1727 2754 1797 magister.
3281 1766 3288 1770 —

2318 1797 2698 1871 Tetrastichon_
2722 1796 2822 1871 19ρ
2856 1799 3190 1868 Apocalypsis
3216 1799 3460 1855 Joannis.
3501 1801 3643 1858 Visio
3668 1817 3781 1871 expo

2249 1866 2394 1922 nitur
2417 1882 2483 1922 ex
2504 1868 2820 1938 Apocalypsi
2850 1866 2965 1935 cap.
3000 1866 3132 1924 tv’et
3162 1886 3210 1922 v.

2321 1938 2445 1994 195.
2481 1938 2624 2008 Ald.,
2663 1939 2794 1994 Mar.
2820 1979 2835 2001 ,
2869 1938 3025 2003 Rau,
3059 1939 3249 2008 Prag.,
3283 1940 3401 1997 Vat.
3435 1941 3511 2006 Β,
3553 1941 3605 2002 1.
3631 1942 3729 1996 Gis.
3762 1943 3797 1996 in

2249 2017 2429 2068 textu,
2474 2007 2670 2062 Weitz.
2706 2019 2761 2062 ct
2800 2009 2928 2073 alii,
2966 2011 3054 2076 qui
3080 2007 3324 2064 evolvere.
3364 2014 3522 2065 Alex.
3549 2054 3564 2077 ,
3603 2013 3797 2076 Tbuau,

2246 2077 2528 2147 lirb.,Vat.
2553 2080 2620 2145 Q,
2647 2080 2822 2148 Egm.,
2845 2081 2931 2150 qui
2960 2081 3172 2134 volvere.
3204 2082 3372 2136 Gisel.
3403 2083 3468 2135 ad
3502 2100 3686 2145 manu,
3713 2086 3799 2144 quin

2243 2150 2458 2220 volvere.
2490 2151 2705 2204 Diversa
2729 2151 2890 2206 lectio
2913 2151 2965 2204 in
2997 2151 3132 2205 Vall.
3161 2166 3214 2206 et
3239 2152 3383 2210 Vatt.
3412 2153 3480 2220 Υ,
3507 2153 3568 2216 Ζ,
3589 2154 3693 2219 AA,
3717 2154 3796 2213 RB.

2245 2218 2330 2274 CC
2352 2261 2367 2284 ,
2395 2221 2483 2293 qui
2518 2221 2727 2293 solvere.
2785 2222 2850 2276 Et
2892 2222 3065 2288 placet
3099 2222 3214 2276 hate
3242 2223 3401 2277 lectio
3425 2265 3440 2282 .
3467 2218 3594 2289 'qua:
3624 2218 3800 2293 propius

2244 2291 2452 2346 accedit
2473 2291 2539 2344 ad
2569 2292 2915 2362 Apocalypsis
2944 2293 3103 2347 verba
3142 2310 3153 2344 :
3185 2294 3399 2359 Aperire
3429 2291 3636 2359 librum,
3655 2305 3696 2348 et
3716 2291 3798 2347 sal-

2246 2376 2358 2415 vere
2387 2363 2652 2432 signacula
2685 2363 2817 2432 ejus.
2869 2365 3130 2417 Caeterum
3169 2365 3383 2433 gravior
3423 2374 3510 2420 est
3551 2366 3797 2421 auctoritas

2245 2433 2489 2487 codicum
2510 2473 2526 2496 ,
2557 2433 2610 2504 in
2641 2435 2834 2500 quibus
2869 2444 2951 2488 est
2979 2433 3201 2489 evolvere
3225 2451 3244 2489 :
3270 2446 3324 2489 et
3351 2437 3576 2489 evolvere
3601 2452 3687 2504 pro
3707 2452 3797 2499 ape-

2244 2504 2349 2557 rire
2378 2512 2523 2559 recte
2550 2503 2619 2558 de
2646 2505 2900 2575 volumine
2941 2504 3157 2558 dicitur.
3206 2505 3262 2560 ltt
3321 2506 3430 2560 Vat.
3468 2507 3526 2571 l.
3570 2503 3682 2575 pust
3708 2507 3796 2558 ulti-

2245 2588 2390 2646 tuum
2410 2588 2643 2646 versum,
2667 2574 2960 2646 Expliciunt
2982 2576 3119 2629 tituli
3140 2575 3494 2631 historiarum.
3522 2574 3581 2630 In
3599 2576 3796 2632 Goldasti

2243 2643 2484 2718 Manuali
2511 2645 2708 2718 biblico
2750 2643 2855 2702 hoc
2902 2647 3111 2716 ipsum,
3158 2657 3212 2702 et
3265 2659 3488 2717 p05tea,
3541 2649 3796 2718 Sequuntur

2241 2716 2427 2784 glossw
2457 2714 2647 2771 Isonis.

605 2901 3774 2932 W

1566 3030 2081 3108 PRIEFATIO
2156 3029 2422 3107 LIBRI
2501 3029 2786 3106 PBIMI

1429 3204 1954 3312 CONTRA
2044 3202 2918 3310 SYMMACHUM.

731 3489 896 3560 689
921 3486 1117 3542 Paulus
1140 3501 1317 3557 przeco
1347 3488 1462 3557 Dei,
1494 3490 1583 3561 qui
1624 3490 1733 3546 l‘era
1762 3494 1999 3563 gentium

730 3580 941 3635 Primus
971 3580 1136 3635 corda
1164 3596 1319 3637 sacro
1341 3583 1643 3651 perdomuit
1663 3586 1826 3656 stylo,

725 3671 995 3727 Christum
1028 3687 1124 3742 per
1151 3673 1399 3744 populos,
1424 3674 1615 3730 ritibus
1641 3677 1848 3746 asperis

2159 3503 2206 3566 C

2418 3495 2703 3560 lmmanes,
2737 3491 2950 3562 placido
2975 3490 3224 3559 dogmate
3255 3490 3567 3560 seminans,

2248 3586 2281 3639 5
2426 3585 2780 3639 lmmansueta
2807 3598 2931 3638 suas
2961 3591 3019 3637 ut
3047 3583 3379 3637 eeremonias

2433 3674 2577 3732 Gens
2611 3691 2810 3747 pagana
2842 3675 2953 3731 Deo
2973 3683 3254 3746 sperneret
3279 3675 3483 3746 agnito,

1859 3791 2147 3849 ϐίλυὸεῶ
2188 3791 2525 3850 VETERES.

624 3880 675 3938 1.
708 3882 934 3957 Paulus,
948 3882 1068 3952 quia
1093 3883 1287 3957 grande
1311 3884 1564 3957 negotium
1586 3893 1658 3937 est
1676 3885 1870 3957 vincere
1885 3887 2135 3957 vipeream

549 3955 778 4022 linguam
808 3953 935 4005 tanti
972 3955 1208 4018 oratoris,
1243 3955 1504 4021 praemisso
1550 3957 1782 4022 exemplo
1814 3953 1968 4010 Pauli
2005 3973 2134 4023 apo-

550 4025 686 4086 stoli,
713 4023 1063 4095 quemvipera
1102 4024 1392 4095 momordit,
1426 4025 1514 4078 sed
1541 4042 1642 4078 non
1671 4027 1823 4088 lwsit,
1847 4027 1995 4080 etiam
2024 4028 2133 4095 ipse

548 4095 744 4144 invocat
781 4093 1008 4144 divinant
1046 4094 1301 4146 auxilium
1347 4106 1523 4147 contra
1571 4097 1829 4164 vipereum
1858 4093 2133 4150 documen-

2245 3895 2374 3958 tuut,
2403 3887 2559 3958 Prag.

2311 3957 2364 4030 2.
2394 3959 2566 4030 Stylo,
2593 3959 2980 4030 prterlicatione,
3011 3959 3114 4014 lso.

2241 4097 2275 4149 ά
2312 4027 2366 4080 4.
2409 4027 2675 4153 ltnlmanes
2696 4070 2710 4094 ,
2744 4031 2966 4100 feroces,
3000 4032 3076 4086 vel
3103 4030 3354 4088 crudeles.
3400 4063 3473 4075 —
3497 4033 3783 4100 Seminans,

2277 4114 2448 4153 ocens.
2503 4139 2517 4153 .

2434 4139 2517 4166 ’.Ο

1910 4234 2278 4292 COMMENTA
2292 4237 2465 4294 RIUS.

617 4335 1022 4408 inscriptionem
1061 4338 1282 4408 apposui
1307 4355 1465 4406 quam
1490 4341 1649 4395 habet
1679 4343 1809 4397 Mar.
1837 4343 1894 4398 In
1914 4345 2034 4402 Vat.
2059 4349 2121 4408 Α.

546 4407 723 4461 nullus
753 4413 836 4458 est
866 4406 1066 4459 titulus.
1100 4406 1159 4460 1ιι
1196 4407 1375 4473 Alex.,
1411 4410 1601 4473 Incipit
1629 4428 1806 4467 comra
1842 4406 2126 4470 orationem

545 4475 841 4556 §ymmuchi
865 4474 1065 4556 liberal.
1109 4478 1259 4543 Ald.,
1287 4492 1466 4556 coutra
1505 4474 1876 4556 Symmachum
1921 4487 2045 4541 liber
2071 4488 2124 4543 Ι.

545 4548 725 4616 Egm.,
753 4547 942 4621 (iontra
986 4547 1315 4621 Symmacon.
1355 4547 1568 4606 Bobcr.‘
1591 4555 1756 4621 prior,
1791 4555 1981 4610 Contra
2010 4575 2128 4611 ora-

542 4621 728 4695 tionem
761 4618 1078 4695 Sicymmaclti.
1112 4618 1836 4695 ln‘llat._T,_quiglossemata
1859 4629 2121 4695 continet,

542 4689 732 4767 Contra
769 4690 1341 4767 Synnnacltun-tlilrcl.
1374 4689 1971 4767 Nunc'dcyrtefatione.
2009 4689 2122 4753 Ali;

540 4762 662 4814 cubi
687 4777 714 4812 a
746 4763 915 4828 primo
933 4761 1096 4814 verbo
1120 4761 1207 4816 hic
1229 4762 1362 4817 liber
1377 4773 1597 4818 vocatur
1621 4761 1842 4820 Paulus.
1869 4768 2001 4824 Vide
2020 4771 2124 4824 alia

540 4847 657 4900 cap.
687 4831 720 4884 4
745 4832 946 4904 proleg.
971 4831 1187 4904 luretus
1213 4842 1266 4887 et
1285 4833 1576 4904 Grangqu
1602 4840 1959 4902 peculiaribus
1980 4857 2126 4895 com-

543 4901 819 4955 mentariis
851 4901 948 4955 bos
978 4902 1141 4954 libros
1175 4901 1534 4960 illustrarunt.
1570 4901 1840 4964 Ansaldns
1873 4927 2125 4966 sermone

545 4972 726 5051 Italico
771 4972 1072 5051 convertit,
1114 4973 1180 5028 de
1212 4977 1402 5051 quibus
1433 4993 1471 5051 ac
1505 4977 1660 5051 nobis
1686 4979 1887 5034 dictum
1941 4998 2059 5051 cap.
2091 4985 2124 5038 5

542 5043 747 5122 ριόιυε.
779 5041 993 5122 nrt-tus
1009 5045 1439 5113 elegantissimos
1462 5048 1558 5122 bos
1582 5049 1745 5122 libros
1767 5052 1920 5118 dicit,
1940 5041 2125 5122 eisque

538 5112 859 5189 Symmachi
876 5112 1113 5169 rationes
1139 5129 1388 5189 accurate
1428 5118 1624 5186 refelli,
1681 5131 1842 5189 atque
1890 5112 2122 5179 convelli

537 5182 788 5263 ullirmat.
820 5182 959 5263 Usus
987 5188 1472 5263 estnvetustissimo
1488 5182 1704 5263 codice,
1734 5182 1798 5246 ex
1828 5195 1980 5263 cujus
2010 5197 2123 5250 col-

538 5252 737 5324 latione
766 5255 1052 5308 varietates
1073 5255 1365 5324 Seripturae
1391 5259 1625 5313 exhibet.

611 5323 756 5399 V.__l.
786 5324 988 5399 Nomen
1013 5341 1180 5392 prwco
1200 5323 1298 5381 Dei
1319 5330 1574 5396 apostolis
1601 5347 1629 5384 a
1662 5334 1845 5399 primis
1870 5335 2121 5390 Ecclesia:

537 5395 748 5470 sarculis
770 5395 1130 5470 uibucbatur.
1163 5395 1461 5452 ut'cernerc
1493 5401 1611 5454 licet
1646 5395 1698 5455 in
1727 5403 1841 5456 Vita
1871 5405 1927 5459 S.
1956 5407 2119 5470 Petri,

535 5479 652 5542 una:
688 5465 742 5542 S.
769 5463 1038 5542 Clementi
1088 5470 1304 5542 attribui
1348 5471 1503 5524 solet.
1549 5472 1760 5526 Smeulo
1810 5491 1863 5528 tv
1910 5463 2120 5530 videtur

535 5535 699 5612 fuisse
725 5537 775 5586 in
800 5537 1068 5590 nonnullis
1098 5539 1355 5612 Ettcleusiis
1387 5558 1585 5608 praeco,
1614 5545 1702 5612 qui
1734 5544 1916 5599 ﬁdeles
1939 5547 2003 5600 ad
2033 5562 2118 5602 ec-

534 5605 1213 5683 clesianrconvocaret._B.
1250 5605 1509 5666 Eusebius
1550 5605 1832 5683 cpi-seopus
1881 5617 2112 5670 Alexanv

534 5674 722 5750 «tritius
752 5674 801 5726 in
834 5678 1078 5750 tirutione
1106 5679 1174 5733 de
1199 5682 1291 5734 Die
1318 5674 1629 5737 dotninico':
1672 5674 1829 5738 Vocat
1863 5687 1928 5738 ad
1955 5687 2114 5741 eccle-

536 5745 670 5819 ίξῗίυη,
689 5757 852 5819 Ιηέίυω
866 5745 928 5819 έὸ
961 5750 1160 5819 κήρυξ),
1194 5765 1365 5819 omnes
1388 5768 1622 5805 somnum
1651 5757 1929 5810 obtendunt
1953 5767 1997 5811 et
2027 5758 2110 5811 in-

531 5812 850 5866 m'nn‘tatem.
863 5812 1184 5870 Prudentius
1201 5818 1715 5883 l’aulumprwconem
1737 5824 1830 5883 Dei
1851 5830 2113 5895 nominat,

2239 4352 2609 4427 Petrumvero
2641 4353 2691 4427 in
2735 4353 3048 4427 pratlatione
3079 4356 3170 4412 lib.
3206 4373 3272 4421 ll,
3305 4375 3564 4414 summum
3594 4359 3783 4427 discipu-

2239 4423 2344 4500 lum
2377 4423 2491 4500 Dei,
2525 4433 2581 4478 ut
2605 4426 2817 4500 unicum
2845 4426 3098 4500 Ecclesiae
3125 4438 3285 4500 caput
3312 4430 3518 4486 innuat.

2307 4496 2361 4567 ξ.
2390 4496 2590 4567 ριιοιι.,
2621 4499 2807 4567 placito
2832 4497 3084 4567 dogmate.

2306 4562 2358 4616 5.
2387 4562 2583 4634 Εςῐης
2618 4562 2688 4630 et,
2721 4568 2880 4634 male,
2900 4562 3009 4636 'pro
3038 4580 3114 4622 ut.
3148 4567 3268 4624 Ald.
3299 4579 3354 4624 et
3380 4571 3535 4627 Teol.
3581 4572 3783 4625 scribunt

2236 4637 2584 4702 cwrimonias;
2627 4639 2817 4694 melius
2867 4642 3209 4704 ceremonias,
3258 4651 3350 4695 aut
3388 4645 3707 4705 cerimonias,
3740 4647 3783 4692 ut

2236 4709 2758 4782 inctro_cons_ulattir.
2786 4709 3002 4763 Heinsio
3026 4727 3128 4764 non
3153 4712 3395 4778 displicet
3408 4715 3526 4782 jam
3549 4730 3739 4767 ntanstt.‘
3757 4726 3780 4760 a

2238 4775 2289 4829 in
2344 4778 2505 4844 priori
2540 4778 2681 4833 Rotl.
2716 4780 2898 4834 Potest
2943 4782 3104 4834 etiam
3147 4775 3313 4851 accipi
3360 4775 3683 4840 immansueta
3710 4798 3782 4849 pro

2236 4860 2524 4920 mansueta,
2561 4859 2618 4903 ut
2647 4853 2894 4920 infractus
2922 4867 3019 4919 pro
3063 4853 3280 4920 fractus.
3315 4852 3581 4910 Giselinus
3618 4855 3713 4915 ait.
3741 4852 3780 4903 in

2233 4919 2445 4972 excusis
2475 4919 2579 4994 duo
2608 4936 2725 4975 esse
2753 4921 2910 4994 verba
2940 4923 2993 4974 in
3025 4934 3312 4987 mansueta,
3335 4927 3479 4994 quod
3505 4927 3676 4980 vitium
3705 4938 3780 4989 plt-

2237 4998 2310 5063 tat
2344 4991 2727 5064 contigissecerx
2752 4993 2934 5060 inepto
2957 4993 3046 5064 illo
3064 5003 3118 5048 et
3145 5009 3333 5064 aspero
3355 4991 3622 5051 Scribcndi
3651 4994 3779 5048 modo

2234 5062 2586 5132 inmansueta,
2631 5063 2884 5126 inlustris,
2913 5062 3113 5130 inludo,
3147 5062 3371 5132 inradio,
3405 5077 3460 5120 et
3500 5067 3780 5122 aucmritalc

2235 5127 2460 5197 Virgilii,
2491 5130 2786 5198 Ciceronis,
2820 5134 2890 5188 M.
2923 5127 3132 5201 Scauri,
3166 5127 3447 5198 Prisciani,
3479 5139 3641 5192 Servii
3675 5151 3780 5188 Cttn-

2235 5201 2455 5272 trariam
2477 5203 2742 5257 scribendi
2781 5205 3040 5260 rationem
3075 5206 3211 5261 tueri
3238 5219 3484 5262 conatur.
3519 5209 3660 5263 Nunc
3687 5205 3776 5272 plc-

2229 5269 2382 5338 rique
2414 5271 2566 5350 aliter
2589 5276 2869 5350 sentiunt,
2905 5287 2955 5330 et
2983 5277 3278 5350 a'lpellare;
3302 5279 3512 5350 aliaque
3539 5269 3776 5350 asperiora

2229 5354 2313 5393 me
2337 5355 2442 5394 non
2471 5343 2620 5397 rivali
2656 5345 2882 5400 libenter
2911 5343 3173 5402 scribunt.

2294 5410 2345 5464 6.
2382 5412 2534 5490 M_ar.,
2567 5431 2706 5490 mens
2735 5434 2961 5490 pagana.
2994 5419 3182 5474 Melius
3203 5435 3347 5490 gens.
3379 5421 3551 5490 agitur
3577 5421 3704 5474 enim
3724 5415 3776 5469 de

2225 5486 2466 5563 {tpqslulo
2490 5487 2748 5563 gentium.
2777 5487 3024 5563 Paganus
3043 5486 3382 5563 prueibnieo
3401 5486 3455 5546 et
3475 5494 3668 5561 gentili,
3687 5490 3776 5541 sixc

2227 5553 2495 5633 idolorum
2507 5557 2736 5633 cultore,
2761 5553 3022 5633 accipitur
3043 5553 3073 5614 Ξι
3095 5561 3418 5633 Christianis
3433 5553 3770 5633 scriptoribus.

2224 5622 2442 5702 Oros-ius
2484 5627 2575 5681 lib.
2609 5645 2644 5693 ι,
2676 5645 2794 5697 cap.
2828 5633 2848 5684 1
2876 5622 2892 5685 Ξ
2922 5629 3251 5702 Prwceperas
3281 5632 3404 5686 mihi
3441 5637 3514 5687 uti
3543 5622 3773 5702 'adversus

2223 5696 2544 5771 vani/equam
2574 5696 2871 5768 pravitatem
2906 5718 3081 5756 eorum
3102 5696 3188 5771 qui
3221 5703 3378 5758 alieni
3408 5721 3437 5756 a
3466 5704 3656 5758 civitate
3681 5699 3771 5754 Dei.

2224 5779 2285 5845 ex
2307 5766 2533 5845 lucorum
2564 5766 2845 5845 agrestium
2876 5766 3134 5845 compitis,
3168 5785 3214 5826 et
3242 5775 3385 5845 pagis
3415 5775 3598 5845 pagani
3622 5784 3773 5845 υυεᾳει·

2225 5843 2330 5898 tur,
2353 5837 2454 5892 sive
2480 5829 2711 5905 gentiles,
2738 5854 2843 5900 etc.
2874 5829 3137 5900 Alii'alius
3161 5829 3580 5916 rat'ioues'hu'jus
3598 5840 3771 5914 signiﬁ-
