3960 6312
179 370 269 435 115
974 368 1178 426 LIBER
1230 370 1247 425 Ι
1293 368 1568 428 CONTRA
1612 370 2064 429 8YMMACHUM.
2106 402 2177 412 —
2220 368 2605 425 PR/EFATIO.
3316 363 3415 421 Ιιι

335 486 497 561 690
518 484 683 541 Actus
710 484 1013 540 turbinibus
1044 487 1181 543 forte
1212 488 1541 558 nigerrimis,

342 580 629 636 Hibernum
659 577 875 648 pelagus
898 578 1006 647 jam
1031 586 1143 633 rate
1164 578 1325 634 debili

345 672 411 727 Et
438 670 546 725 vim
575 668 830 738 navifragi
860 670 1154 738 pertulerat
1179 671 1311 725 noti.

176 766 237 823 10
339 763 442 821 Sed
470 778 589 818 cum
618 760 835 817 caerulei
866 762 1044 830 prmlia
1076 762 1302 832 gurgitis

344 855 598 912 Jussisset
626 852 836 907 Domini
867 851 1058 907 dextra
1086 854 1384 923 quiescere,

344 946 421 1003 Ad
452 954 667 1016 portum
696 943 910 998 ﬂuitans
938 943 1128 1013 cymba
1152 944 1431 1008 relabitur,

342 1036 685 1106 Exponitque
710 1034 829 1088 solo
859 1033 1057 1088 littoris
1086 1021 1231 1088 uvidi

343 1127 661 1183 Contractos
682 1126 863 1196 pluvio
893 1125 1089 1197 frigore
1118 1127 1369 1195 remiges.

179 1222 238 1276 15
340 1222 489 1276 Tunc
516 1219 584 1275 de
606 1218 831 1273 iittoreis
855 1218 1071 1286 sepibus
1088 1217 1247 1287 algidi

343 1312 597 1367 Arentum
620 1324 845 1381 propere
866 1309 1085 1364 brachia
1112 1309 1390 1378 palmitum

342 1402 690 1467 Convectant,
719 1402 937 1472 rapidos
957 1400 1098 1457 unde
1126 1400 1273 1456 focos
1303 1410 1531 1456 struant.

345 1495 568 1550 Fascem
596 1494 820 1564 quisque
848 1507 1003 1547 suum
1032 1493 1274 1563 congerit
1299 1493 1529 1563 ignibus,

345 1589 674 1659 Esspectans
699 1588 855 1643 calidi
886 1588 1148 1641 luxuriam
1172 1587 1328 1657 rogi.

182 1670 249 1737 2t}
346 1679 563 1748 Paulus,
594 1681 719 1736 dum
751 1680 966 1750 fragiles
987 1694 1181 1749 cogere
1207 1679 1472 1742 surculos,

341 1771 500 1846 691
530 1772 595 1827 Et
616 1771 844 1827 densere
870 1771 971 1825 foci
988 1771 1295 1840 congeriem
1325 1770 1525 1825 studet.

351 1874 620 1919 nicautam
644 1863 873 1919 cumulis
899 1863 1126 1918 inseruit
1146 1880 1390 1931 manum,

346 1953 611 2023 Tarpebat
639 1953 811 2024 glacie
833 1953 981 2022 pigra
1006 1953 1094 2008 ubi
1118 1952 1326 2022 vipera,

343 2043 642 2100 Sarmentis
663 2045 883 2115 laqueos
904 2044 1148 2114 corporis
1178 2044 1481 2114 implicans,

184 2135 248 2192 ‘35
344 2138 477 2203 Quae
510 2144 789 2206 postquam
833 2135 1060 2204 intepuit
1096 2134 1280 2190 fomite
1303 2135 1501 2202 fumeo,

344 2226 673 2296 Laxavitque
701 2225 854 2282 ferox
884 2225 1021 2281 colla
1051 2224 1297 2295 rigentia,

1764 495 1819 553 Α

2023 493 2137 549 Jam
2169 491 2312 548 flecti
2342 491 2534 555 facilis,
2562 485 2766 544 rettulit
2786 485 2850 540 ad
2881 499 3093 539 manum

2028 584 2247 640 Vibrato
2278 583 2456 652 capite
2483 580 2687 650 spicula
2715 578 2974 633 dentium.

2026 682 2327 736 "terentem
2358 677 2507 747 digiti
2536 676 2758 732 vulnere
2782 674 3069 728 mordicus.

1848 772 1918 827 30
2026 770 2466 838 Pendentemque
2496 780 2687 835 gerens
2716 764 2912 819 Paulus
2934 760 3217 817 inhorruit.

2031 861 2341 916 Exclamant
2369 857 2480 923 alii,
2513 856 2653 926 quod
2677 863 2800 911 cute
2842 854 3000 909 lividi

2027 954 2190 1007 Virus
2219 950 2552 1005 mortiferum
2582 963 2799 1016 serpere
2829 947 3135 1003 crederent.

2028 1042 2100 1097 At
2120 1056 2226 1096 non
2265 1038 2590 1108 intrepidum
2624 1045 2787 1117 terret
2815 1037 3113 1105 apostolum

2028 1134 2221 1189 Tristis
2246 1142 2353 1188 tam
2384 1131 2545 1187 subiti
2576 1131 2745 1185 forma
2779 1128 3023 1200 periculi.

1851 1226 1920 1281 55
2032 1224 2302 1281 Attollens
2322 1223 2508 1278 oculos
2532 1262 2547 1287 ,
2578 1222 2754 1277 sidera
2792 1221 3047 1289 suspicit,

2030 1316 2301 1371 Christum
2343 1315 2442 1369 sub
2478 1315 2638 1370 tacito
2654 1323 2883 1383 pectore
2905 1326 3264 1372 murmurans.

2031 1409 2195 1479 692
2226 1407 2634 1476 Escussumque
2659 1406 2843 1474 procul
2871 1406 3070 1460 decutit
3095 1398 3353 1474 aspidem.

2033 1498 2291 1565 Abiectus
2313 1496 2533 1551 coluber
2562 1496 2810 1551 verberat
2830 1510 2974 1556 aera,

2035 1592 2208 1658 Atque
2230 1589 2341 1643 oris
2364 1588 2527 1657 patuli
2563 1586 2722 1641 solvit
2741 1587 3007 1641 acumina.

1854 1684 1925 1737 40
2034 1681 2154 1735 Mox
2181 1680 2354 1734 omnis
2382 1680 2558 1733 sanies
2582 1680 2801 1743 deserit,
2833 1686 2886 1733 et
2907 1678 3077 1739 dolor,

2036 1772 2148 1827 Ceu
2172 1771 2319 1825 nullo
2346 1770 2577 1826 laceram
2605 1770 2859 1835 vulnere,
2892 1769 3167 1823 dexteram

2035 1863 2384 1930 Siccatusque
2414 1862 2555 1931 perit
2582 1862 2827 1931 vipereus
2850 1861 3026 1928 liquor

2043 1954 2279 2025 llydrum
2310 1952 2637 2023 prmcipitcm
2666 1952 2791 2007 dum
2821 1960 2965 2006 rotat
2994 1952 3248 2019 impetus,

2036 2048 2300 2100 Arsurum
2329 2044 2517 2100 mediis
2549 2043 2730 2098 intulit
2760 2043 2988 2113 ignibus.

1855 2136 1927 2191 45
2037 2135 2128 2191 Sic
2155 2149 2295 2191 nunc
2324 2145 2442 2205 post
2466 2136 2723 2203 hiemem,
2754 2137 2967 2205 vimque
2996 2135 3159 2189 trucis
3191 2134 3331 2199 freti,

2038 2228 2157 2295 Quo
2174 2228 2370 2298 iactata
2397 2228 2528 2284 ratis
2559 2238 2685 2285 tunc
2713 2228 2987 2299 sapientia:
3008 2238 3107 2291 est,

1478 2378 1765 2437 GLOSSE
1806 2380 2147 2438 VETERES.

243 2488 292 2560 7.
318 2489 503 2556 Actus,
532 2496 735 2543 auctus.
760 2516 829 2529 —
857 2487 1211 2558 Turbinibus,
1257 2492 1632 2557 tempestatibus
1651 2537 1665 2560 ,
1700 2494 1743 2547 1.

244 2559 293 2630 8.
325 2560 614 2630 Hibernum
634 2600 649 2623 ,
678 2569 1092 2629 tempestuosum.
1118 2591 1187 2600 —
1217 2560 1411 2629 Debili,
1453 2563 1675 2630 inﬁrma,
1706 2564 1744 2617 Ι.

242 2629 293 2684 9.
339 2628 652 2702 Navifragi,
675 2628 1009 2702 naufragium
1040 2632 1292 2702 facientis.
1314 2628 1711 2689 —'Pertulerat
1728 2675 1744 2701 ,

186 2714 353 2767 passus
383 2708 479 2753 est.
513 2728 583 2740 —
610 2698 752 2765 Noti,
783 2698 937 2764 venti,
972 2700 1008 2754 l.

243 2770 325 2824 10.
355 2769 573 2839 Prelio,
602 2780 958 2840 tempestatem,
986 2771 1025 2827 Ι.

250 2841 332 2894 11.
361 2841 591 2907 Dextra,
637 2851 879 2908 potestas,
914 2842 954 2895 I.

244 2909 325 2981 12.
355 2910 582 2981 Cymba,
611 2913 791 2964 cumba
821 2911 1023 2976 Latine,
1054 2910 1230 2966 erce
1258 2927 1445 2978 CVMBA,
1478 2913 1519 2967 1.

244 2980 323 3054 ili.
356 2979 695 3054 Contractus,
725 2981 986 3054 fatigatos.
1019 3012 1091 3024 —
1120 2982 1330 3052 Pluvio,
1357 2983 1593 3054 pluviali,
1630 2982 1671 3038 Ι.

244 3050 328 3122 is.
353 3051 548 3122 algidi,
577 3051 780 3122 frigidi,
810 3053 851 3106 l.

243 3120 325 3191 l6.
368 3118 623 3191 Propere,
647 3118 973 3191 festinanter.
1002 3152 1070 3163 —-
1101 3118 1358 3189 Brachia;
1378 3133 1634 3179 sarmenta
1654 3164 1668 3189 ,
1701 3121 1747 3180 l.

244 3190 326 3262 18.
349 3190 625 3262 ςοηςετίι,
653 3201 931 3262 comportat
952 3236 966 3257 ,
999 3193 1040 3248 I.

242 3260 326 3315 19.
354 3259 667 3328 Luxuriam,
697 3259 1085 3328 abundantiam,
1112 3264 1153 3319 1.

241 3330 328 3402 2|.
362 3331 699 3402 Congeriem,
726 3334 1015 3400 palmitum,
1044 3333 1084 3388 l.

242 3400 328 3473 ξι.
352 3400 595 3473 Laqueus
618 3403 917 3471 implicans,
945 3404 1234 3470 involvens,
1267 3425 1304 3459 i.

244 3471 330 3543 25.
356 3471 609 3543 lutepuit,
640 3473 874 3527 incaluit.
899 3503 971 3515 -
996 3474 1222 3539 Fomitc,
1254 3476 1391 3543 igne,
1418 3475 1460 3530 1.

242 3542 600 3667 26.lLaxavit,
629 3544 806 3599 erexit.
834 3574 906 3585 —
926 3545 1164 3614 Rigentia
1186 3585 1204 3611 ,
1236 3542 1354 3599 ante
1390 3545 1606 3617 rigentia
1658 3543 1752 3613 fri-

242 3628 305 3667 re.
360 3655 373 3667 .

186 3625 305 3682 gare,
336 3625 373 3668 I.

1931 2495 2021 2550 27.
2050 2494 2244 2551 Facilis
2262 2538 2276 2560 ,
2310 2506 2424 2565 post
2451 2497 2703 2566 calorem,
2730 2496 2772 2555 1.

1928 2567 2019 2620 28.
2054 2566 2292 2633 Spicula,
2330 2569 2591 2631 acumina,
2624 2568 2664 2621 l.

2056 2635 2344 2760 Moridicus,
2369 2638 2697 2701 mordaciter,
2727 2638 2781 2691 id
2802 2646 2875 2691 est
2914 2654 2963 2690 in
3004 2638 3321 2705 mordenda;
3349 2640 3418 2693 ad

1930 2724 1947 2758 ιν
1983 2722 2122 2760 mm.
2182 2746 2194 2757 .

1862 2722 2088 2759 verarum
2107 2748 2122 2771 ,
2157 2722 2194 2760 ι.

1940 2776 2028 2831 51.
2062 2776 2241 2847 Quod,
2268 2792 2325 2830 eo
2346 2778 2502 2847 quod.
2522 2776 2808 2843 -—Livida,
2838 2779 3007 2847 nigra,
3040 2778 3196 2832 livore
3210 2777 3417 2847 plena,l

1942 2847 2032 2918 32.
2062 2837 2416 2918 Mortiferum,
2466 2847 2735 2902 trahendo.
2774 2837 2846 2888 -'—
2890 2837 3150 2918 Serpere,
3180 2837 3433 2913 crescere,

1859 2917 1983 2971 inde
2012 2923 2240 2985 serpens,
2265 2915 2306 2969 l.

1931 2987 2021 3041 36.
2056 2988 2410 3052 Murmurans,
2440 3001 2615 3055 orans,
2642 2987 2683 3041 1.

1930 3057 2022 3110 37.
2055 3056 2331 3180 iispidem,
2362 3058 2569 3125 aspides
2597 3071 2834 3113 vocamus
2868 3072 3040 3113 omnes
3067 3067 3320 3129 serpentes
3339 3060 3440 3113 mi-

1930 3142 2027 3180 res.
2084 3168 2096 3180 .
2836 3168 2845 3177 .

1858 3142 2027 3191 nores,
2058 3142 2096 3180 ι.
2836 3168 2845 3177 .

1928 3197 2020 3271 45.
2056 3196 2321 3264 Hiemem,
2348 3207 2465 3269 post
2490 3201 2913 3268 persecutionem,
2941 3200 3058 3255 Vat.
3090 3202 3155 3257 Α.
3176 3200 3304 3255 Post
3330 3218 3442 3271 per-

1857 3268 2167 3343 secutionem
2192 3268 2823 3343 reguntetimperatorum
2850 3272 3204 3343 gravissimam
3226 3288 3245 3327 :
3275 3268 3440 3343 figura

1860 3338 2098 3407 mystica.
2123 3369 2194 3379 ——
2221 3338 2411 3394 Trucis
2440 3338 2581 3399 freti,
2612 3344 2780 3405 asperi
2807 3338 3004 3407 mundi,
3038 3341 3139 3395 lsn.

1777 3379 1825 3441 Ο
1863 3379 3290 3479 ”’⁵ἰό’.”ῑὶειίε,’ἱέἑὲἱὲεὲἓιζϊὲιῖῦὲἶἐὲἱὶἱὲὶῖἑὲἕὶεεεωε
3319 3413 3444 3467 alle-

1859 3480 2229 3553 gorizat,_qnid
2247 3479 2609 3553 signiﬁcaverit
2650 3481 2744 3534 illa
2775 3489 3062 3550 tempestas,
3089 3483 3215 3553 quid
3234 3483 3444 3537 dextera

1859 3547 2418 3675 zfguf.1;auli,quid
2464 3565 2667 3605 morsus
2703 3547 2976 3621 serpentis.
3016 3547 3445 3621 —'Sapientia3,

1984 3635 2008 3672 s
2032 3635 2070 3675 ι.
2122 3660 2137 3673 .

1984 3635 2070 3684 stt,
2095 3635 2137 3675 ι.

1540 3772 2099 3832 COMMENTARIUS.

186 3908 392 3965 sationis
426 3908 786 3981 investigant,
815 3918 869 3965 et
895 3909 1129 3981 tradunt.
1168 3908 1302 3981 Vide
1348 3919 1641 3981 comment.
1683 3910 1753 3965 ad

186 3990 315 4049 vers.
342 3980 446 4035 448
488 3978 653 4049 huius
689 3981 782 4035 lib.
816 3996 855 4046 ι,
897 3989 951 4034 et
982 3978 1369 4033 Gothofredum
1400 3980 1465 4049 a_d
1518 3982 1598 4034 tit.
1628 3981 1749 4035 cod.

186 4045 372 4119 Theod.
400 4051 467 4105 de
501 4045 751 4119 Pagauis,
782 4045 932 4117 Quod
958 4049 1033 4103 ait
1058 4048 1380 4103 Prudentius
1412 4047 1521 4103 Deo
1552 4052 1751 4119 agnito,

187 4114 394 4191 fortasse
421 4114 641 4191 respicit
671 4114 823 4174 Densi
852 4135 1080 4175 IGNOTUI
1096 4119 1528 4186 Atheniensium,
1551 4114 1619 4174 de
1646 4114 1754 4190 quo

189 4187 234 4239 in
252 4186 399 4259 Actis
419 4186 807 4259 apostolorum.

250 4257 299 4311 7.
324 4257 556 4314 Historia
588 4260 703 4315 haec
732 4262 967 4315 refertur
991 4273 1109 4327 cap.
1138 4274 1281 4313 xxvn
1326 4268 1380 4314 et
1416 4274 1577 4315 xxvnt
1630 4262 1748 4315 Act.

190 4338 343 4399 apost.
377 4329 586 4399 Virgilii
616 4338 700 4385 est
751 4330 1151 4397 Tempestatibus
1192 4340 1357 4394 actus,
1398 4338 1453 4386 et
1504 4346 1559 4385 xi
1602 4330 1755 4397 Em,

190 4395 235 4447 Ν
238 4399 338 4463 igro
361 4395 677 4453 circumdata
709 4395 911 4454 turbine
931 4417 1137 4466 corpus.

249 4468 305 4541 9.
330 4469 513 4541 Prag.,
550 4470 679 4525 Urb.
709 4472 853 4527 male
893 4472 1177 4541 naufragii.
1202 4470 1257 4525 ln
1291 4471 1563 4527 nonnullis
1586 4471 1755 4541 vulg.,

190 4540 429 4608 naufragi,
444 4540 638 4595 contra
665 4549 917 4597 metrum.

254 4599 333 4663 ll).
360 4599 575 4665 Paelice
600 4614 744 4666 venti
782 4613 833 4666 in
884 4612 1017 4665 mari
1059 4621 1281 4679 certare,
1328 4620 1382 4666 et
1412 4612 1642 4680 proeliari
1678 4611 1761 4667 di-

191 4688 387 4751 cuntur,
418 4681 558 4750 quod
588 4682 769 4735 multis
794 4682 1052 4749 exemplis
1080 4692 1245 4751 patet.

256 4750 334 4804 i2.
366 4751 614 4805 Nonnulli
661 4752 903 4805 scribunt
931 4750 1132 4806 cumba.
1160 4752 1353 4808 Portus
1379 4752 1464 4806 hic
1492 4751 1758 4808 indicatus

193 4826 264 4870 est
290 4821 465 4874 insula:
497 4822 811 4877 Melitensis.
1074 4846 1077 4849 λ

254 4888 331 4942 15.
367 4890 484 4944 Vat.
519 4892 585 4961 A,
628 4894 787 4958 male,
822 4892 1009 4947 littoris
1055 4894 1184 4947 solo.
1230 4892 1339 4948 Nec
1384 4892 1575 4948 melius
1602 4892 1759 4962 Urb.,

193 4962 378 5024 exponit
407 4964 537 5015 solo.

257 5029 336 5082 14.
369 5031 616 5086 Heinsius
639 5032 757 5086 sine
788 5033 976 5087 idonea
1009 5036 1220 5089 ratione
1243 5034 1445 5088 mavult
1475 5042 1754 5097 contactos,

194 5098 259 5148 uti
299 5102 429 5172 apud
483 5103 757 5170 Virgilium
804 5113 859 5157 et
916 5102 1226 5158 Phaedrum.
1283 5105 1514 5171 Agnovit
1569 5112 1753 5172 postea

194 5169 317 5244 a_pui_l
348 5169 624 5226 Phaedrum
656 5174 816 5244 etiam
861 5173 978 5244 legi,
1016 5174 1196 5226 Musca
1243 5169 1499 5229 contracta
1523 5169 1755 5244 frigore.

195 5233 327 5291 Teol.
358 5255 416 5293 ex
445 5245 750 5310 conjectura
779 5233 981 5297 lleinsii
1013 5245 1178 5297 edidit
1209 5253 1487 5298 contactos.
1520 5233 1758 5298 Préces-

194 5317 321 5383 serat
338 5310 610 5383 cellarius.
642 5312 882 5365 Pluvium
914 5312 1076 5380 frigus
1102 5314 1334 5368 Maronis
1354 5323 1445 5369 est
1472 5328 1527 5368 In
1556 5312 1753 5383 Georg.

370 5380 509 5445 [ἰδίη
542 5381 720 5451 Prag.,
748 5376 963 5447 Μαι-..ε
984 5376 1218 5438 littoreis.

261 5446 363 5524 ΗΞ.Δ
392 5451 611 5524 Brachia
647 5446 860 5507 'vitibus
895 5446 1157 5508 attribuit
1207 5454 1390 5524 Virgil.
1441 5469 1478 5509 ll
1528 5452 1743 5523 Georg.,

199 5510 325 5569 Tunc
347 5519 549 5573 brachia
581 5524 745 5575 tende.

361 5590 493 5663 [iam
529 5601 839 5663 exspectant,
867 5595 1041 5647 minus
1084 5593 1240 5649 bene.

254 5656 334 5734 ξι).
368 5660 551 5734 Egni._,_
565 5656 806 5734 congere,
833 5674 1105 5734 corrupte.

256 5725 339 5801 gl.
358 5725 494 5801 θιὼ,
514 5725 711 5788 ννίιιιιῖ.
730 5725 912 5800 supra,
935 5725 1122 5801 Bung.,
1147 5732 1269 5789 Urb.
1286 5774 1300 5798 ,
1321 5732 1488 5799 vulg.,
1504 5730 1742 5801 densere.

1861 3913 2067 3976 vocari,
2098 3924 2219 3980 quae
2240 3910 2560 3966 incuriosius
2576 3918 2765 3980 postea
2793 3911 3199 3981 coluber,aspis,
3230 3913 3442 3982 hydras,

1859 3982 2076 4037 dicitur.
2111 3984 2314 4036 Auctor
2338 3984 2457 4036 Act.
2489 3989 2662 4052 apost.
2696 3989 2853 4036 vocat
2894 3981 3104 4052 ἔχιδνα.
3133 3982 3339 4038 scilicet
3369 3987 3442 4039 vi.

1861 4066 2045 4123 peram
2076 4052 2353 4106 feminam.

1930 4121 2024 4177 24.
2058 4121 2177 4175 Vat.
2205 4124 2248 4176 Δ
2278 4136 2306 4174 a
2337 4120 2507 4187 prima
2540 4135 2725 4185 manu,
2750 4122 2964 4187 laqueis,
3007 4122 3165 4178 male.

1931 4193 2023 4247 54.
2056 4191 2192 4246 Cell.
2224 4200 2281 4245 et
2311 4191 2549 4263 Teolius,
2588 4195 2723 4263 jam_
2750 4192 2925 4247 subiti.
2954 4191 3109 4247 Teol.
3148 4193 3215 4247 ad
3249 4205 3443 4263 marg,

1865 4270 1970 4315 tam
1998 4263 2171 4326 subiti,
2202 4260 2342 4331 quod
2368 4260 2835 4331 habentiblerique
2863 4263 2987 4316 edd.
3019 4271 3075 4317 et
3101 4277 3230 4317 mss.

1940 4332 2029 4386 55.
2062 4330 2289 4393 Rat.,’at
2331 4332 2531 4385 tollens.
2565 4330 2679 4386 Mos
2714 4331 2799 4384 hic
2837 4332 3111 4387 attollendi
3150 4332 3345 4386 Iumina
3392 4331 3444 4386 in

1869 4402 2066 4457 coelum
2094 4403 2399 4457 communis
2437 4402 2596 4456 etiam
2624 4408 2741 4455 erat
2768 4401 3019 4457 ethnicis.
3039 4401 3184 4472 Virg.
3212 4418 3263 4457 iv
3291 4400 3442 4466 Ᾱίηη

1866 4473 2042 4525 oculos
2062 4472 2314 4527 attollere.

1945 4543 2033 4596 ⁸56.
2065 4541 2184 4595 Vat.
2219 4542 2285 4607 A,
2320 4554 2621 4610 perperam,
2656 4540 2938 4593 substracta
2963 4549 3184 4610 pectore.
3216 4538 3445 4592 Chamil-

1870 4611 2053 4667 lardus
2081 4612 2217 4665 hanc
2254 4607 2471 4679 phrasin
2509 4607 2768 4663 Christum
2800 4607 3120 4663 murmurans
3164 4608 3303 4679 ferre
3338 4622 3445 4662 non

1788 4713 1843 4774 1)
1870 4676 2450 4774 Ρρξεθῖιςὶιίῖςιὴθῑιξξϋ
2466 4679 2649 4774 xiiii-
2663 4676 3443 4774 ’ᾖξ’λῗξθίίἲξὲζηῖὲί,Ϋζθξῖἔυζι

1872 4745 1977 4806 tam
2000 4752 2129 4804 dura
2160 4764 2203 4803 et
2227 4745 2464 4813 barbara,
2491 4758 2545 4801 ut
2565 4750 2649 4801 via:
2674 4749 2881 4802 credam
2913 4748 3071 4800 alium
3091 4764 3149 4801 ea
3188 4761 3356 4797 usum.
3374 4745 3445 4798 At

1868 4836 2002 4876 vero
2034 4822 2270 4873 insolens
2291 4834 2395 4872 non
2424 4826 2506 4872 est
2539 4818 2706 4885 accipi
2730 4819 2952 4870 verbum
2976 4832 3239 4870 murmuro
3254 4814 3353 4885 hac
3372 4816 3445 4869 si-

1868 4889 2243 4959 gnificatione,
2272 4888 2475 4959 scilicet
2505 4886 2753 4956 loquendi
2783 4887 3063 4959 submissa
3082 4884 3346 4959 vo_ce,_ita
3388 4894 3445 4938 ut

1868 4954 2036 5016 sonus
2067 4960 2258 5027 aliquis
2289 4954 2587 5021 audiatur,
2608 4971 2714 5010 non
2743 4965 2917 5027 autem
2953 4956 3114 5027 verba
3145 4954 3438 5027 intelligan-

1871 5041 1976 5086 tur.
2008 5024 2231 5084 Ovidius
2258 5043 2307 5081 vt
2336 5027 2714 5094 Metamorph.,
2751 5025 2999 5093 Quodque
3024 5026 3157 5094 licet,
3185 5024 3336 5094 tacito
3362 5039 3443 5075 ve-

1870 5113 2119 5154 nerantur
2148 5113 2406 5152 murmure
2451 5092 2673 5158 numen;
2712 5105 2765 5150 et
2795 5095 2887 5152 lib.
2917 5092 3011 5158 7x1,
3040 5092 3239 5147 Flebile
3271 5093 3446 5161 lingua

1870 5171 2161 5223 Murmurat
2192 5169 2463 5222 exanimis.
2494 5166 2625 5221 Vide
2653 5164 2955 5233 Peristeph.
3002 5165 3186 5233 hymn.
3217 5163 3269 5228 1,
3300 5175 3442 5216 vers.

1869 5241 1959 5303 17,
1992 5240 2129 5293 Voce
2157 5254 2384 5292 murmur
2411 5236 2621 5305 fuderit.

1939 5301 2027 5363 37.
2062 5310 2180 5363 Vat.
2206 5310 2271 5371 A,
2302 5301 2693 5375 Egm.,Palat.,
2729 5306 2950 5375 discutit.
2978 5303 3223 5358 lleinsius
3252 5301 3436 5355 mallet

1869 5381 2088 5446 depulit,
2120 5378 2201 5431 vel
2225 5372 2456 5445 dispulit,
2485 5375 2605 5443 quia
2626 5372 3024 5446 praecessitjam
3054 5388 3335 5427 excussum.

1942 5450 2035 5503 '58.
2067 5448 2188 5502 Vat.
2220 5448 2286 5511 Α,
2310 5444 2540 5515 οωεειιιε
2562 5444 2787 5498 coluber.

1940 5520 2031 5573 41.
2062 5518 2217 5577 ΜΠ..
2251 5514 2432 5569 contra
2461 5524 2712 5577 metrum,
2744 5514 2995 5566 dextram.

1942 5591 2031 5641 4?.
2070 5590 2184 5640 Vat.
2216 5590 2281 5644 A.
2317 5586 2526 5643 vitiose,
2565 5584 2767 5649 vipreus
2794 5584 2976 5650 liquor.

1941 5658 2030 5711 46.
2066 5657 2210 5719 ΑΜ..
2247 5656 2376 5708 Mar.
2422 5668 2448 5704 a
2493 5646 2661 5719 prima
2710 5646 2888 5717 manu,
2939 5650 3055 5719 litat.
3102 5662 3208 5719 pro
3236 5646 3443 5719 diversa

1868 5728 2021 5790 lect.,
2053 5716 2331 5794 sapientia.
2366 5716 2830 5794 Alii,'sapientiw;
2876 5716 2969 5775 Sed
3017 5718 3199 5774 lleins.
3245 5716 3445 5778 nullam

253 5794 335 5849 23.
359 5790 643 5869 Grangmus
675 5790 846 5871 notat,
874 5790 1090 5870 proprie
1111 5790 1350 5873 viperam
1375 5790 1624 5857 fevm'inam
1656 5798 1743 5853 hic
1860 5790 2172 5855 varietatem
2199 5790 2594 5849 animadvertit.
