3900 6318
548 324 649 380 115

716 436 850 490 Cum
872 435 971 491 sub
1011 435 1283 492 sacricolis
1311 437 1493 490 territa
1527 437 1764 507 regibus,

722 525 818 583 Vis
847 541 1013 597 panso
1033 535 1240 597 poterat
1277 541 1494 582 currere
1516 528 1762 594 carbaso,

717 617 1067 686 Alﬂictosque
1097 631 1223 672 suos
1251 619 1465 673 turbine
1492 619 1676 676 saeculi

546 709 616 765 50
724 709 994 775 Vcctarat,
1024 711 1222 764 rabidis
1249 709 1502 766 ﬂuctibus
1527 712 1806 780 innatans,

714 799 954 853 Morsum
979 797 1284 854 vulnilicum
1316 801 1402 855 lex
1429 803 1512 871 pia
1546 803 1786 871 pertulit.

710 889 1021 945 Occultabal
1048 893 1190 945 enim
1218 907 1276 946 se
1307 892 1453 961 prius
1481 892 1721 948 abditum

709 977 869 1050 693
902 980 1078 1045 Virus,
1109 996 1206 1036 nec
1232 981 1506 1051 gravidum
1537 983 1836 1052 protulerat
1863 999 2042 1056 caput,

708 1070 1028 1126 Contentum
1052 1072 1361 1139 involucris,
1396 1082 1554 1143 atque
1577 1073 1846 1131 cubilibus

531 1163 596 1217 55
710 1164 906 1220 Subter
933 1165 1292 1233 comprimere
1330 1164 1511 1219 clausa
1541 1164 1778 1221 silentia.

708 1256 815 1312 Sed
845 1256 970 1310 dum
1001 1255 1136 1310 forte
1165 1255 1336 1312 latens
1363 1257 1612 1327 impietas
1642 1259 1804 1327 riget,

701 1349 953 1405 Dextram
974 1349 1194 1419 justitite
1214 1349 1364 1419 pigra
1394 1350 1774 1416 momorderat,

705 1440 960 1498 Succensi
984 1440 1260 1496 stomacho
1281 1437 1418 1495 fellis
1445 1439 1758 1495 inaestuans.

711 1533 848 1599 Heu,
877 1546 1036 1602 quam
1065 1530 1384 1586 catholicam
1414 1531 1484 1584 nil
1514 1546 1680 1601 prope
1713 1528 1911 1599 proluit

534 1622 602 1681 ϐο
708 1621 929 1693 Puppim
956 1635 1113 1677 nasse
1141 1621 1281 1678 sacri
1312 1621 1534 1691 remigio
1564 1623 1712 1691 styli,

707 1713 877 1783 Quem
907 1712 1101 1768 Paulus
1132 1712 1294 1766 variis
1323 1713 1572 1782 gentibus
1601 1711 1770 1766 edidit

1649 324 1740 384 Δυ
1750 324 1932 383 REI."
1968 325 2334 385 PRUDENTH
2374 327 2676 384 CARMINA
2689 367 2701 382 .
3709 322 3793 378 “6

2141 445 2196 503 Α

2394 439 2637 505 Erumpit
2663 436 2850 491 subito
2867 436 3020 493 triste
3043 437 3375 507 periculum.

2400 529 2552 593 Nam,
2585 527 2709 582 dum
2743 527 3058 597 prmcalidos
3087 527 3349 597 igniculos
3378 524 3477 581 sibi

2397 620 2676 675 Solvendis
2698 619 2915 674 adolent
2943 629 2997 674 et
3027 619 3196 685 senio,
3230 628 3284 673 et
3315 617 3457 687 gelu,

2397 712 2562 783 694
2589 712 2724 774 Dum
2755 714 2933 780 virgas
2963 712 3198 774 steriles,
3233 720 3392 779 atque
3422 706 3717 777 superﬂuas

2223 803 2288 858 70
2399 803 2653 858 Flaminis
2681 799 2746 856 de
2770 803 2889 856 lidei
2920 802 3137 871 palmite
3160 809 3528 865 concremant,

2401 894 2467 948 Ut
2491 903 2741 947 concreta
2777 891 2923 960 vagis
2954 893 3110 946 vinea
3136 891 3380 945 crinibus

2394 986 2592 1042 Silvosi
2622 986 2856 1041 illuviem
2896 995 3121 1055 poneret
3153 983 3302 1047 idoli,

2404 1079 2644 1148 Palpavit
2673 1079 2875 1133 nimius
2903 1081 3190 1147 perniciem
3224 1088 3394 1143 tepor.

2398 1169 2532 1239 Seps
2563 1170 2769 1224 insueta
2795 1169 2936 1223 subit
2961 1183 3180 1237 serpere
3206 1166 3464 1231 llexibus,

2220 1259 2288 1315 75
2402 1261 2466 1314 Et
2492 1261 2699 1313 vibrare
2722 1273 2882 1327 sagax
2912 1258 3108 1328 eloquii
3139 1267 3317 1326 caput.

2397 1351 2503 1408 Sed
2532 1351 2716 1406 dextra
2749 1353 3033 1420 impatiens
3062 1349 3300 1405 vulneris
3329 1345 3512 1402 irritos

2399 1444 2518 1499 Oris
2547 1443 2798 1498 rhetorici
2831 1443 3038 1512 depulit
3068 1441 3287 1506 halitus,

2400 1535 2635 1590 Ell‘usum
2674 1535 2871 1604 ingenii
2901 1536 3050 1589 virus
3071 1535 3303 1588 inaniter

2399 1627 2618 1680 Summa
2649 1623 2988 1680 Christicolis
3009 1624 3063 1679 in
3095 1633 3218 1680 cute
3245 1621 3499 1679 substitit.

2221 1717 2290 1772 80
2397 1717 2644 1772 Salvator
2671 1713 2884 1788 generis
2908 1716 3176 1782 Romulei,
3212 1729 3420 1782 trecor,

711 1805 810 1861 Vix
831 1816 985 1876 portu
1011 1803 1221 1876 placido
1252 1814 1361 1860 tuta
1390 1807 1669 1874 quieverat
2145 1797 2193 1856 B
2397 1807 2497 1877 Qui
2528 1809 2735 1863 cunctis
2764 1804 2973 1863 veniam
3005 1807 3101 1862 das
3131 1807 3500 1876 pereuntibus,

712 1899 932 1965 Victrix,
964 1897 1217 1954 edomitis
1250 1897 1398 1954 mille
1428 1897 1733 1953 furoribus:
2397 1903 2496 1968 Qui
2524 1899 2726 1955 nullum
2758 1899 2947 1954 statuis
2971 1914 3075 1952 non
3108 1897 3288 1966 operis
3311 1895 3385 1949 tui

709 1985 808 2044 Vix
834 1991 1053 2045 astricta
1079 1989 1189 2044 suis
1214 1989 1322 2060 jam
1355 1989 1663 2044 retinaculis
2402 1992 2698 2054 Mortalem,
2726 1987 2869 2046 facili
2903 2005 3060 2060 quem
3089 1988 3298 2043 releves
3326 2001 3506 2052 manu,

545 2079 612 2136 95
722 2079 977 2136 Vectorcs
1002 2079 1179 2136 stabili
1205 2079 1522 2138 condiderat
1549 2084 1665 2136 solo
1692 2099 1703 2133 :
2399 2081 2583 2152 Hujus,
2617 2083 2660 2138 si
2693 2081 2829 2152 potis
2844 2091 2948 2149 est,
2971 2079 3079 2151 jam
3111 2077 3448 2134 miserescito

1841 2211 2125 2269 GLOSSIE
2164 2211 2504 2269 VETERES.
3157 2229 3190 2260 ο

598 2324 690 2378 47.
724 2320 1038 2386 Sacricolis,
1069 2321 1352 2392 sacrilegis,
1386 2321 1423 2374 l.

600 2393 689 2448 48.
721 2393 976 2462 Carbasa,
1009 2393 1242 2446 doctrina
1260 2391 1614 2462 apostolorum
1639 2430 1655 2456 ,
1687 2391 1728 2444 Ι.

601 2463 690 2517 51.
734 2461 998 2528 Marsum,
1029 2459 1320 2516 hwreticani
1345 2462 1654 2515 doctrinam.
1687 2490 1756 2500 —
1795 2459 1922 2527 Pia,
1962 2460 2104 2515 Citri-

532 2534 713 2587 stiona.
739 2561 809 2572 —
841 2533 1084 2595 Pertulit,
1113 2545 1265 2602 passa
1297 2539 1400 2596 est,
1433 2533 1472 2585 I.

599 2603 689 2657 52.
720 2602 971 2656 Abditum
991 2643 1005 2668 ,
1032 2601 1122 2655 sub
1147 2601 1505 2668 Constantino,
1524 2601 1575 2668 Vl.

599 2672 687 2726 54.
723 2672 1034 2738 lnvolucris,
1062 2667 1498 2734 involutionibus,
1517 2667 1558 2726 l.

721 2743 996 2822 impietas,
1023 2735 1141 2822 φίας
1162 2741 1468 2822 intelligitur
1494 2757 1582 2822 per
1610 2741 1854 2822 viperam,
1881 2735 1929 2822 _l_.

599 2811 689 2867 58.
719 2810 1001 2878 Succensi,
1034 2810 1213 2865 invidi.
1237 2839 1308 2850 —
1335 2811 1649 2876 Stomacho,
1675 2811 1968 2874 iracundia,
2003 2810 2040 2863 1.

597 2882 686 2938 60.
719 2882 906 2946 Nasse,
939 2891 1158 2935 natasse.
1198 2882 1438 2952 -Styli,
1463 2895 1620 2937 sacra:
1641 2881 2038 2952 praedicationis,
2066 2879 2102 2935 l.

519 2978 526 2984 ν
600 2952 692 3008 61.
725 2952 920 3013 Edidit.
951 2952 1177 3021 scripsit,
1212 2952 1251 3006 l.

711 3020 1104 3106 Tltttahpnuppis,
1129 3020 1169 3076 1.

569 3088 1084 3216 d6§.lCondider'at,
1128 3092 1583 3148 commendaverat.
1635 3121 1695 3136 σ-
1748 3089 1899 3158 Solo,
1941 3090 2106 3161 ﬁrma:

608 3180 673 3216 et.
723 3178 804 3216 so.
1066 3174 1073 3181 '

533 3165 673 3230 ﬁdei,
703 3165 804 3217 lso.
1066 3174 1073 3181 ‘

597 3231 686 3288 87.
717 3231 1002 3302 lgniculos,
1035 3232 1283 3298 caritatis,
1317 3229 1358 3285 l.

597 3303 690 3360 68.
715 3300 962 3371 Ᾰόοιεηι,
1008 3302 1306 3358 incendunt.
1348 3325 1418 3343 ι·-
1471 3300 1888 3370 Saltim-mundi,
1939 3300 1992 3354 id
2032 3307 2106 3354 est

2218 2320 2496 2375 idolorum.
2519 2349 2588 2359 —
2612 2317 2770 2384 Gelu,
2801 2335 2908 2371 stne
2932 2317 3157 2370 caritatis
3186 2318 3390 2380 ardore,
3422 2317 3462 2370 Ι.

2289 2387 2380 2444 69.
2412 2389 2750 2458 Superlluas,
2786 2389 2979 2458 frigore
3008 2387 3340 2458 inﬁdelitatis,
3375 2387 3479 2440 lso.

2288 2461 2376 2515 71.
2420 2455 2703 2523 Concreto,
2736 2455 2875 2511 itala.
2906 2487 2976 2497 ——
3003 2455 3269 2526 Crinibus,
3291 2458 3478 2526 virgis,
3514 2455 3552 2509 I.

2288 2527 2378 2583 72.
2411 2528 2665 2596 Poneret,
2697 2529 2995 2594 deponeret,
3015 2525 3143 2597 Lf—
3176 2525 3325 2590 ldoli,
3357 2525 3448 2597 pro
3479 2527 3651 2592 idolii,
3675 2527 3777 2582 Mar

2241 2667 2243 2670 g
2289 2599 2379 2655 75.
2415 2587 2674 2666 Palpavit',
2724 2587 2933 2652 invenit.
3078 2587 3399 2670 [feracia-ui,
3450 2587 3697 2654 errarem.
3734 2624 3794 2640 σ-
3840 2630 3847 2644 ι

2218 2667 2416 2733 Tepor,
2447 2659 2608 2734 calor,
2635 2659 2711 2722 vel
2734 2668 3062 2738 negligentia,
3089 2659 3129 2720 Ι.

2288 2740 2376 2794 74.
2406 2741 2658 2808 Serpere,
2689 2741 2859 2806 erepit,
2891 2738 2932 2792 l.

2287 2811 2377 2864 75.
2415 2810 2642 2878 Eloquii,
2668 2811 3038 2871 horreticorttm,
3064 2807 3103 2878 lg.

2286 2879 2376 2936 76.
2407 2875 2624 2951 Dextra,
2646 2881 2875 2951 justitia.
2903 2908 2970 2918 —-
3000 2875 3203 2951 Irritus,
3234 2892 3446 2940 vacuos,
3468 2875 3510 2928 1.

2285 2951 2372 3020 77.
2406 2941 2703 3020 Bltetorici,
2735 2949 3046 3020 eloquentis,
3064 2941 3102 3002 l.

2284 3018 2374 3075 82.
2404 3019 2504 3084 Qui
2546 3016 2770 3084 nullum,
2813 3016 2896 3087 qui
2938 3019 3136 3072 nullum
3187 3016 3372 3086 fecisti,
3406 3016 3622 3083 quinon
3661 3023 3793 3084 egeat

2212 3100 2298 3143 tua
2324 3096 2512 3160 gratia,
2547 3090 2586 3143 Ι.

2285 3157 2373 3215 83.
2407 3160 2650 3222 Releves.
2682 3176 2712 3212 a
2744 3158 2983 3230 peccatis,
3015 3157 3054 3212 l.

2285 3229 2375 3285 84.
2410 3230 2598 3296 Hujus,
2617 3223 2937 3300 Symmachi,
2962 3223 3004 3282 si
3027 3238 3100 3282 est
3120 3225 3508 3300 prrcdestinatus
3533 3223 3605 3277 ad
3626 3226 3788 3288 vitam,

2212 3298 2334 3354 Vat.
2360 3303 2425 3353 A.
2453 3295 2524 3339 €—
2552 3300 2607 3354 Si
2640 3295 2798 3368 potis,
2821 3301 2863 3353 si
2890 3295 3128 3354 possibile
3145 3308 3239 3360 est,
3271 3295 3310 3352 l.

1876 3423 2435 3490 COMMENTARIUS.

595 3567 688 3622 47.
705 3567 922 3623 Juretus
949 3568 1001 3623 in
1030 3581 1127 3622 suo
1147 3568 1270 3623 cod.
1296 3567 1492 3634 reperit
1513 3564 1796 3630 sacricolis,
1819 3561 1913 3616 sed
1937 3561 2105 3634 addit,
2132 3559 2180 3623 C
2283 3561 2371 3615 65.
2392 3561 2563 3634 llat._,_
2587 3559 2882 3634 laboribus;
2911 3557 3098 3634 eadem
3137 3563 3299 3634 manu

525 3635 737 3692 delendi
762 3652 937 3708 posse,
965 3639 1105 3708 quod
1133 3641 1184 3692 in
1209 3633 1525 3708 quibusdam
1552 3635 1698 3703 vulg.
1714 3643 1802 3708 est
1821 3633 2106 3708 sacrilegis.

596 3709 686 3762 48.
713 3703 776 3762 Ιιι’
801 3703 1071 3763 nonnullis
1090 3703 1258 3777 vulgi,
1283 3709 1366 3760 vix
1388 3724 1559 3778 passo,
1589 3704 1729 3778 quod
1750 3718 1868 3778 non
1882 3713 1962 3756 est
1986 3703 2108 3778 ubi-

523 3792 626 3846 que
656 3779 1028 3848 rejiciendum.
1064 3772 1306 3834 Gilanius
1351 3772 1539 3832 contra
1570 3772 1635 3828 Ai.
1666 3774 1897 3848 Gellium
1941 3772 2108 3826 verbo

524 3845 798 3904 discessus
823 3849 1120 3919 contendit,
1139 3866 1165 3900 a
1193 3852 1365 3919 pando
1380 3863 1484 3901 non
1508 3860 1720 3914 semper
1744 3845 1845 3898 dici
1875 3857 2105 3915 passum,

521 3919 617 3972 sed
642 3919 724 3972 vel
749 3919 822 3984 id,
852 3918 933 3972 vel
956 3933 1196 3984 pansum.

591 3985 685 4043 50.
716 3983 846 4042 Mar.
869 3995 923 4042 et
955 3983 1072 4041 Rat.
1109 4002 1207 4054 pro
1234 3987 1345 4040 div.
1379 3987 1588 4052 script.,
1634 3985 1809 4054 mimis
1837 3983 2005 4054 bene,
2025 3995 2108 4037 oe-

523 4065 670 4126 Hrat
695 4071 789 4124 pro
813 4067 1052 4110 vectarat.
1089 4053 1268 4126 Prag.,
1313 4057 1457 4119 [ἰδίη
1485 4059 1642 4126 illam,
1669 4053 1893 4126 Weitzn
1919 4053 2103 4126 Fabr.,

523 4119 746 4189 Widm'.,
791 4126 930 4192 Gis.,
958 4127 1156 4195 rapidis
1172 4119 1414 4193 {melius
1467 4123 1678 4179 videtur
1717 4123 1932 4188 rabidis,
1963 4123 2105 4191 quod

521 4191 721 4246 habent
749 4194 861 4247 alii.

542 4195 721 4246 tabent
749 4195 861 4248 alii.

591 4260 681 4314 5‘2.
725 4264 814 4317 Ait
849 4263 1171 4319 Prudentius
1226 4265 1382 4318 ﬁdem
1413 4263 1772 4319 Christianam
1802 4262 1904 4316 sub
1935 4262 2103 4329 impe-

517 4332 787 4386 ratoribus
803 4333 1031 4388 ethnicis
1049 4336 1325 4400 iactatam,
1351 4343 1405 4387 et
1425 4334 1669 4388 territam
1699 4335 1884 4394 luisse,
1909 4341 1962 4386 et
1985 4340 2104 4398 post

519 4399 668 4472 illam
718 4399 1091 4471 tempestatem
1146 4405 1426 4472 pertulisse
1478 4416 1715 4472 morsum
1763 4401 2098 4455 vulniﬁcum.

520 4468 634 4525 Etsi
661 4472 802 4526 enim
819 4468 1120 4527 occultabat
1139 4468 1197 4528 se
1219 4477 1365 4528 virus
1391 4473 1629 4527 abditum
1658 4471 1979 4526 idololatria:
2001 4472 2103 4526 sub

518 4542 849 4666 Principibus
877 4541 1213 4610 Christianis,
1247 4552 1423 4598 tamen
1460 4541 1636 4610 erupit
1679 4543 1872 4597 iterum
1899 4583 1915 4606 ,
1949 4542 2098 4595 vide-

541 4622 644 4665 tcet
666 4613 719 4665 in
745 4611 987 4666 oratiOue
1007 4611 1338 4666 Svmmachi.
1359 4613 1416 4666 In
1440 4613 1565 4666 Βειι.
1581 4612 1786 4666 abrasis
1811 4612 2096 4666 prioribus.

541 4611 644 4683 icet
666 4613 719 4665 in
745 4611 987 4666 oratiOue
1007 4611 1338 4683 Symmachi.
1359 4613 1416 4668 In
1440 4613 1565 4667 Rat.
1581 4612 1786 4667 abrasis
1811 4612 2096 4683 prioribus,

520 4678 610 4754 llic
631 4691 687 4736 et
713 4697 828 4750 seq.
877 4678 1068 4738 versus
1112 4685 1181 4738 ita
1233 4683 1572 4752 legebanlur,
1611 4698 1663 4736 se
1705 4678 1847 4754 prius
1901 4682 2096 4737 abdita.

518 4747 661 4830 .Vira
689 4768 782 4806 nec
793 4747 901 4806 'nec
928 4754 1198 4823 gravidum
1239 4747 1518 4824 protulerat
1545 4747 1716 4826 caput,
1757 4755 1898 4821 quod
1926 4763 2093 4809 totum

515 4827 758 4887 ineptum
791 4832 892 4875 est.

712 4891 830 4970 Vat.
856 4893 901 4946 Α
919 4893 1097 4972 erasis
1113 4908 1244 4972 quq
1253 4895 1402 4972 prius
1427 4897 1654 4972 fuerant,
1675 4893 1979 4972 Contentum
2002 4895 2098 4972 int-

513 4958 708 5040 plicitis
747 4965 919 5040 uipera
959 4958 1191 5040 suasionis.
1224 4958 1280 5040 Id
1314 4968 1434 5021 ideo
1472 4966 1691 5040 factum,
1731 4980 1801 5040 ne
1845 4966 2001 5040 tertia
2042 4965 2094 5016 in

518 5031 797 5107 involucris
842 5031 1205 5107 corripiatur:
1239 5037 1307 5091 de
1335 5051 1442 5107 quo
1470 5036 1594 5092 vide
1633 5035 1839 5105 proleg.
1879 5035 2032 5089 Ales.
2065 5049 2097 5090 a

405 5111 407 5113 ‘
514 5099 752 5154 secunda
784 5115 943 5156 manu
970 5099 1256 5160 inuoluclis.

588 5167 680 5224 55.
710 5168 868 5243 Mar._,
898 5171 1046 5243 Bac,
1067 5174 1211 5239 Διά..
1242 5173 1511 5240 Torntes.,
1551 5175 1746 5230 Widm.
1779 5189 1962 5242 supra,
1995 5190 2096 5243 quo

515 5248 763 5306 premeret
793 5255 813 5315 _:
843 5241 1036 5315 Palat.,
1069 5259 1182 5297 cum
1213 5255 1482 5315 premeret.
1517 5247 1640 5309 Alii,
1672 5241 1857 5298 subter
1878 5241 2095 5313 compri-

516 5321 674 5382 ntere,
703 5311 1260 5379 stylo’Prudentiano,
1289 5317 1364 5368 ait
1407 5311 1678 5377 Heinsius,
1727 5317 1934 5370 scilicet
1973 5311 2094 5382 pro-

517 5373 678 5458 ducto
700 5373 1028 5458 e__postremo
1047 5373 1473 5458 incomprimere
1501 5373 1706 5440 ratione
1741 5373 1984 5438 czesurte.

584 5448 827 5529 §9._V_at.
859 5455 926 5516 Α,
955 5453 1226 5516 catholica,
1254 5448 1437 5529 male.
1483 5458 1658 5527 Egm.,
1695 5469 1848 5525 quam
1882 5465 2097 5523 prapero

519 5513 659 5600 fuit;
670 5519 808 5600 Pali,
829 5513 981 5586 quam
1011 5513 1280 5600 praperum
1303 5527 1419 5600 fuit.

593 5587 684 5668 (:50.
705 5589 809 5642 Alii
841 5587 1078 5668 puppem,
1106 5587 1198 5648 alti
1223 5587 1434 5667 puppim
1459 5595 1719 5651 scribunt.
1746 5595 2098 5659 Gis.,enasse;

439 5709 449 5716 _
496 5652 1028 5727 ..B.ejns._sttspicatur
1054 5652 1276 5723 innass'e.

587 5723 682 5784 61.
705 5723 842 5781 Rat;
859 5742 891 5782 ιι
920 5732 1092 5799 prima
1112 5747 1275 5791 manu
1301 5751 1474 5801 quam,
1499 5737 1676 5792 minus
1705 5737 1859 5792 bene.

3347 3563 3444 3624 pro
3483 3551 3591 3608 div.
3651 3556 3786 3615 lect.,

2213 3631 2492 3701 furoribus.
2519 3631 2674 3696 Man,
2703 3631 2866 3696 male,
2899 3630 3123 3682 domitis.
3158 3627 3406 3681 Fortasse
3439 3626 3722 3696 legendum
3745 3635 3786 3678 et

2211 3702 2435 3755 domitis.

2282 3771 2375 3894 611i...
2411 3771 2717 3825 Retinacula
2741 3786 2836 3838 pro
2865 3769 2991 3822 l'unc
3016 3767 3163 3821 navis
3189 3758 3787 3838 PrOpertius,V’irgiliits

2287 3858 2314 3894 a
2345 3859 2401 3894 ιι.

2209 3852 2263 3896 et
2287 3843 2401 3896 alii.

2281 3914 2369 3965 65.
2412 3912 2595 3966 Veetor
2617 3911 2810 3965 dicitur
2857 3917 2966 3962 tam
3022 3908 3108 3975 qui
3133 3907 3283 3961 vehit
3311 3921 3469 3977 quam
3500 3907 3590 3978 qui
3640 3909 3780 3963 vehi-

2211 3991 2313 4036 tur.
2348 3983 2530 4036 Heins.
2565 3982 2782 4049 conjicit
2811 3977 3095 4033 crediderat
3115 3981 3244 4030 solo.

2275 4052 2370 4107 ‘66.
2404 4053 2525 4106 Ald.
2559 4054 2726 4118 erupit
2761 4051 2950 4104 subito.

2280 4123 2368 4176 69.
2403 4123 2520 4175 Vat.
2558 4127 2622 4187 Α,
2654 4137 2768 4174 cum
2791 4122 2984 4190 virgas.

2279 4193 2364 4246 70.
2396 4192 2589 4257 Jounn,
2611 4186 2742 4258 cap.
2779 4186 2964 4254 xv,'de
3006 4186 3220 4254 palmite
3253 4188 3340 4256 qui
3371 4201 3479 4241 non
3525 4197 3703 4241 manet
3737 4191 3780 4238 lu

2209 4263 2340 4323 vite,
2370 4273 2417 4316 et
2451 4263 2501 4315 In
2534 4265 2706 4331 ignem
2741 4261 2987 4314 mittitur.

2278 4331 2365 4386 71.
2395 4325 2594 4396 οτὶηεῑ,
2617 4340 2848 4386 utcomee
2868 4331 2934 4385 de
2958 4328 3126 4384 vineis
3139 4325 3496 4398 podticeNat.
3526 4327 3590 4395 A,
3627 4328 3778 4386 male,

2207 4411 2252 4454 et
2273 4413 2526 4456 concreta.

2281 4472 2367 4526 72.
2404 4472 2459 4526 In
2507 4474 2631 4527 ttat.
2674 4471 2846 4525 audax
2886 4478 3182 4534 corrector,
3231 4468 3442 4522 abrasis
3497 4467 3777 4537 prioribus,

2204 4543 2330 4594 idoli
2360 4543 2586 4596 illuviem
2616 4553 2819 4602 poneret
2850 4541 3013 4604 impii.

2276 4612 2366 4668 75.
2401 4613 2544 4675 Rat.,
2575 4613 2767 4667 Weita.
2797 4611 3038 4664 scribunt
3066 4609 3367 4676 pernect'em.

2283 4683 2368 4737 74.
2403 4682 2477 4737 De
2500 4683 2874 4737 emendatione
2904 4681 3060 4748 hujus
3083 4693 3273 4732 versus
3305 4677 3510 4748 scilicet
3547 4693 3662 4746 seps
3693 4693 3778 4742 pro

2199 4767 2314 4816 spes
2341 4753 2504 4806 multa
2537 4769 2564 4806 a
2598 4754 2750 4806 nobis
2797 4752 2933 4805 dicta
2971 4746 3095 4804 sunt
3142 4763 3259 4816 cap.
3294 4746 3361 4802 22
3391 4749 3594 4817 proleg.
3639 4749 3774 4817 (itm-

2202 4824 2478 4876 millardus
2508 4824 2892 4891 interpretatur
2914 4837 3035 4874 sses
3066 4833 3290 4874 tamen
3316 4834 3460 4888 sepes
3489 4816 3641 4891 noro.
3664 4816 3777 4872 Cel-

2206 4894 2371 4946 Iarius
2401 4889 2854 4948 exscribitISonis
2892 4892 3122 4960 glossam
3157 4903 3390 4942 sescena
3446 4889 3616 4960 coepit.
3653 4891 3774 4940 l'nlo

2203 4964 2423 5030 intelligi
2473 4979 2630 5032 posse
2669 4965 2867 5016 insueta
2885 4958 3003 5028 fpro
3032 4969 3234 5013 assueta
3264 4974 3282 5011 :
3313 4973 3434 5012 nam
3467 4958 3774 5012 Prudentius

2205 5049 2311 5088 non
2341 5034 2509 5088 semel
2538 5033 2810 5102 usurpavit
2839 5034 3120 5085 insuescere
3148 5045 3242 5096 pro
3267 5043 3572 5102 assuescere.

2273 5105 2362 5157 84.
2401 5104 2583 5158 licius.
2633 5098 2800 5156 edidit
2849 5103 2896 5155 si
2920 5104 3051 5173 potis
3087 5110 3179 5166 est,
3215 5098 3316 5173 sed
3349 5101 3518 5173 magis
3552 5098 3769 5167 probare

2202 5173 2415 5226 videtur
2441 5175 2482 5225 si
2513 5175 2644 5242 potis
2663 5190 2735 5238 es,
2769 5168 3071 5242 quod'vidit
3098 5173 3148 5224 in
3181 5171 3350 5242 altero
3379 5168 3549 5242 Hott_.,
3582 5175 3643 5242 et
3688 5183 3771 5218 Ct-

2200 5253 2306 5297 stat
2333 5239 2576 5296 etiamin
2609 5245 2723 5296 Vat.
2755 5239 2817 5298 ΑΖ
2844 5239 2946 5297 Sed
2974 5242 3212 5310 plerique
3243 5239 3440 5293 habent
3465 5240 3508 5291 si
3538 5240 3667 5307 potis
3689 5246 3769 5299 est,

2200 5313 2340 5380 quod
2371 5313 2610 5368 defendit
2641 5312 2884 5367 Gilunius
2917 5317 2965 5366 in
2996 5311 3112 5364 Iud.
3141 5313 3295 5363 Liter.
3322 5311 3487 5362 verbo
3515 5321 3767 5380 victbus,

2203 5379 2256 5439 et
2281 5385 2499 5452 intelligi
2535 5392 2726 5450 potest,
2759 5387 2800 5437 si
2829 5384 2961 5454 potis
2981 5391 3054 5435 est
3083 5380 3424 5454 Symmachus
3447 5379 3680 5454 relatori,
3707 5381 3768 5428 et

2202 5451 2602 5508 misericordiam
2631 5451 2892 5524 consequi.
2929 5451 3170 5508 Gil’auins
3194 5452 3422 5518 esplicat
3451 5451 3495 5502 si
3527 5451 3660 5524 potis
3682 5457 3762 5524 est,

2201 5534 2260 5577 ut
2281 5526 2332 5578 in
2361 5525 2615 5578 Terentio
2640 5535 2693 5578 et
2737 5518 2989 5592 antiquis,
3027 5524 3069 5576 si
3112 5529 3292 5592 potest,
3315 5524 3354 5573 si
3385 5522 3566 5592 poterit
3611 5533 3706 5592 pro
3731 5518 3768 5569 si

2201 5594 2314 5661 ﬁeri
2361 5605 2541 5662 potest.
2590 5594 2839 5649 Heinsius
2870 5590 3031 5660 'putot
3087 5602 3212 5645 tunc
3261 5590 3547 5662 dicendum
3593 5591 3639 5641 si
3666 5599 3768 5656 pote

2201 5673 2298 5728 est,
2333 5661 2436 5717 non
2487 5667 2531 5718 si
2578 5667 2707 5732 potis
2739 5675 2831 5718 est.
2866 5664 2936 5717 At
2969 5677 3122 5731 posse
3148 5663 3306 5717 etiam
3337 5661 3510 5732 diciisi
3556 5661 3685 5725 potis
3705 5664 3766 5712 est

2204 5748 2300 5798 pro
2329 5736 2373 5790 si
2403 5735 2508 5790 ﬁeri
2529 5731 2709 5800 natast,
2741 5735 2979 5792 ostendit
3005 5733 3335 5790 Forcellinus
3365 5731 3416 5786 in
3446 5731 3584 5786 Dict.
