3900 6318
133 426 233 479 H7

308 627 486 695 Spirat
510 624 786 692 sacrilegis
808 622 1015 677 ﬂatibus
1041 620 1259 687 inscius,

310 718 640 786 Erroresque
667 728 797 770 suos
824 712 1067 769 indocilis
1091 712 1251 769 fovet.

1254 418 1257 421 λ
1296 415 1452 472 rasa
1491 416 1511 472 ι
1548 412 1820 471 CONTRA
1854 410 2308 470 svunacauu.
2821 454 2849 481 ,

136 540 201 591 85
303 533 465 605 695
492 533 822 601 Prazmptm
851 531 903 585 in
933 530 1137 585 foveam
1164 530 1457 600 prmipitis
1487 532 1605 585 viri.
1735 531 1783 589 Α

3287 398 3385 458 H8

1890 544 1891 547 ‘
1988 528 2262 594 Obtestor,
2290 527 2501 596 juoeas,
2533 538 2601 581 ne
2629 532 2767 581 cttus
2793 524 3023 592 impetus

1992 621 2251 676 Arsumm
2273 619 2461 675 mediis
2482 618 2672 674 inferat
2700 616 2929 687 ignibus.

1426 798 1712 858 GLOSS/E
1747 796 2087 857 VETERES.

202 926 293 979 85.
329 921 637 992 Praecipitis,
665 921 913 992 cadentis,
942 918 983 974 l.

203 994 292 1050 86.
320 990 527 1063 Spirat,
545 1001 755 1063 pugnat,
785 990 827 1044 l.

1889 916 1978 971 87.
2013 914 2201 977 Fovet,
2233 911 2411 975 nutrit,
2440 910 2483 964 1.

1890 986 1978 1041 88.
2014 984 2289 1047 Obtestor,
2318 997 2465 1053 rogo,
2492 990 2566 1047 ut,
2599 977 2641 1035 ι.
2674 978 2883 1045 Precor,
2919 978 3037 1032 Rat.

1464 1076 2021 1133 COMMENTARIUS.

205 1175 421 1228 87.Vat.
438 1177 477 1227 Λ
492 1190 520 1228 a
538 1176 707 1245 prima
737 1191 895 1230 manu
915 1184 1185 1245 corrupte.
1199 1172 1508 1228 indocibilis.
1526 1173 1716 1245 Diver-

136 1260 250 1297 sam
274 1245 355 1298 vel
412 1243 588 1311 potius
638 1246 960 1299 contrariam
1008 1244 1455 1312 significationem
1501 1243 1715 1299 videtur

138 1315 349 1385 habere,
380 1316 617 1367 indocilis
649 1316 830 1385 hymn.
864 1319 894 1367 5
920 1314 1098 1376 Cath.,
1122 1329 1267 1367 vers.
1312 1314 1433 1385 1H.

208 1386 299 1437 8st.
332 1384 483 1437 Redit
516 1387 579 1437 ad
609 1383 749 1440 vers.
778 1386 864 1449 M,
898 1390 1161 1448 Arsurum,
1190 1394 1296 1437 etc.
1333 1386 1384 1436 In
1414 1383 1570 1450 Mar.,
1608 1383 1717 1437 Ea:-

134 1455 285 1523 plicit
314 1455 569 1523 prtefatio.
612 1455 686 1508 De
716 1469 873 1508 causa
929 1470 1056 1509 vero
1095 1470 1193 1507 cur
1241 1454 1564 1508 Prudentius
1612 1453 1714 1507 hos

138 1521 273 1579 duos
300 1521 465 1576 libros
485 1532 667 1578 cotitra
689 1524 1063 1594 Symmachum
1088 1524 1386 1591 scripserit,
1414 1537 1716 1594 quanquam

135 1595 351 1647 animus
390 1603 471 1647 est
501 1593 873 1648 uberiusolim
916 1594 1238 1655 disserendi,
1265 1609 1427 1661 pauca
1465 1607 1605 1646 nunc
1635 1593 1719 1646 di-

134 1678 279 1718 cam.
314 1667 579 1731 Augustus
607 1671 724 1727 post
751 1665 1017 1718 Actiacam
1038 1676 1265 1732 pugnam
1293 1664 1492 1717 curiam
1524 1663 1717 1716 Juliam

135 1735 191 1788 in
238 1734 497 1787 honorem
549 1734 673 1787 Julii
701 1732 928 1787 Caesaris
957 1734 1240 1793 exstruxit,
1274 1735 1327 1786 in
1357 1747 1527 1802 eaque
1552 1733 1719 1786 collo-

135 1804 278 1856 cavit
302 1814 526 1855 statuam
559 1813 613 1857 et
640 1818 784 1857 aram
842 1803 1089 1857 Victoriae
1113 1844 1128 1867 ,
1173 1812 1229 1854 ut
1268 1812 1546 1856 senatores
1586 1803 1718 1858 illuc

135 1873 526 1927 convenientes
567 1874 719 1926 thure
767 1888 827 1925 ac
885 1888 1030 1926 mero
1084 1871 1463 1939 supplicarent.
1508 1872 1720 1927 Primus

136 1943 489 1997 Constantius
530 1943 867 1995 Constantini
909 1943 1079 2010 Magni
1113 1942 1253 1995 ﬁlius
1283 1956 1399 1995 eam
1453 1954 1598 1995 aram
1630 1942 1717 1996 di-

134 2014 273 2067 ruit:
304 2027 408 2065 non
443 2014 514 2065 ita
548 2014 714 2065 multo
743 2023 858 2079 post
890 2013 1130 2077 reposuit
1165 2012 1407 2065 Julianus
1439 2016 1717 2078 Apostata,

134 2098 232 2137 nec
272 2083 527 2136 Jovianus
554 2092 607 2135 et
633 2082 1029 2136 Valentinianus
1056 2081 1271 2142 Senior,
1294 2082 1586 2134 Christiani
1620 2083 1721 2135 itu-

135 2163 438 2220 petatores,
474 2162 833 2205 removerunt.
869 2148 1174 2215 Gratianus,
1231 2151 1589 2205 Valentiniani
1622 2151 1718 2205 Se-

132 2223 305 2275 nioris
361 2222 549 2287 ﬁlius,
594 2237 696 2275 non
741 2224 912 2275 solum
944 2222 1203 2289 ejusmodi
1235 2236 1379 2273 aram
1412 2222 1600 2286 diruit,
1623 2236 1716 2275 ve-

134 2308 256 2345 rum
282 2294 443 2344 etiam
469 2292 839 2345 sacerdotibus
871 2292 1155 2353 gentilibus
1191 2290 1446 2345 Romanis
1465 2306 1528 2345 ac
1556 2292 1719 2358 virgi-

132 2363 295 2414 nibus
324 2361 620 2414 Vestalibus
642 2363 995 2415 emolumenta
1030 2362 1269 2428 prtestari
1293 2361 1447 2413 solita
1482 2362 1712 2431 negavit.

133 2431 496 2501 Symmachus
524 2446 663 2484 anno
692 2433 797 2485 582
826 2432 1101 2497 gentilium
1150 2440 1456 2484 senatorum
1499 2432 1717 2485 nomine

134 2517 291 2554 aram
324 2501 571 2555 Victoiiaa
598 2515 648 2553 et
672 2505 1028 2554 emohnnenta
1054 2501 1387 2554 sacerdotum
1439 2501 1647 2554 restitui
1686 2515 1717 2555 a

135 2570 401 2625 Gratiano
432 2572 746 2637 postulavit;
775 2571 867 2625 sed
905 2571 1161 2624 Damasus
1186 2570 1422 2637 pontifex
1449 2570 1717 2624 Romanus

134 2641 201 2694 ad
247 2642 592 2695 Ambrosium
636 2642 1084 2695 Mediolanensem
1127 2642 1436 2709 episcopum
1477 2640 1716 2693 libellum

134 2712 375 2777 plurium
407 2721 716 2764 senatorum
736 2711 1161 2766 Christianorum
1192 2712 1353 2775 misit,
1377 2711 1465 2780 qui
1504 2711 1635 2763 nihil
1660 2725 1719 2764 se

136 2780 243 2835 tale
275 2782 535 2836 mandare
561 2782 916 2836 afﬁrmabant.
945 2782 1146 2848 Itaque,
1186 2791 1375 2850 agente
1408 2780 1713 2844 Ambrosio,

1820 1170 2174 1241 Symmachus
2202 1184 2268 1241 ne
2298 1166 2506 1241 auditus
2530 1165 2747 1241 quidem
2801 1165 2915 1241 fuit.
2966 1160 3071 1241 Sed
3096 1172 3222 1241 post
3256 1162 3399 1241 (ira-

1823 1232 1954 1295 tiani
1990 1243 2195 1294 obitum
2222 1232 2575 1299 Symmachus
2608 1236 2985 1291 Valentiniano
3010 1234 3241 1299 Juniori,
3270 1232 3401 1288 Gra-

1823 1312 1953 1365 tiani
1986 1311 2156 1373 fratri,
2188 1304 2516 1362 Relationem
2553 1322 2700 1360 suam
2752 1322 2846 1372 pro
2870 1322 2961 1361 ara
3007 1304 3256 1359 Victoria:
3310 1319 3401 1358 sa-

1823 1382 2212 1448 cerdotumque
2248 1378 2539 1447 privilegiis
2588 1377 2811 1440 ohtulit;
2851 1392 3016 1448 quam
3071 1374 3402 1437 Ambrosius,

1825 1464 2017 1504 memor
2049 1446 2335 1521 agnam,
2355 1448 2589 1521 biennio
2637 1455 2786 1521 ante_
2801 1446 2905 1521 sibi
2935 1460 2963 1521 a
2994 1446 3221 1521 Damasi)
3258 1460 3404 1521 man-

1821 1523 1983 1583 datae,
2014 1515 2212 1585 duplici
2246 1520 2426 1575 libello
2447 1517 2713 1573 refutavit.
2745 1516 3148 1571 Valentinianus
3177 1515 3405 1569 Ambro-

1827 1592 1895 1647 sii
1918 1591 2198 1645 consilium
2223 1599 2435 1644 secutus
2465 1598 2564 1651 est,
2615 1602 2785 1657 neque
2816 1587 2970 1640 aliter
3010 1585 3251 1654 profecto
3282 1585 3406 1640 fecit

1825 1660 2183 1726 Theodosius,
2213 1661 2296 1715 cui
2330 1672 2509 1728 postea
2552 1659 2784 1711 intimam
2821 1659 2917 1724 fuit
2969 1666 3173 1710 senatus
3214 1657 3403 1728 legatio

1826 1726 2369 1802 hujusmodi,_oblata,
2403 1738 2551 1802 ut_ex
2584 1728 2664 1781 his
2689 1727 2864 1802 verbis
2910 1728 3173 1780 Ambrosii
3203 1726 3407 1802 colligi-

1825 1798 1931 1866 tur,
1947 1800 2134 1856 eadem
2152 1799 2430 1853 Relatione
2449 1798 2759 1868 Symmachi
2778 1798 2860 1852 vel
2884 1810 3090 1851 summa
3142 1798 3406 1868 rationum

1825 1872 2014 1937 quibus
2033 1871 2376 1925 innitebatur.
2408 1868 2603 1921 lterum
2626 1867 3001 1922 Valentiniano
3025 1867 3219 1934 legatio
3248 1868 3407 1918 missa

1827 1936 1877 1993 in
1907 1940 2125 2004 Gallias,
2145 1940 2272 1993 nihil
2296 1948 2615 2006 extorquere
2636 1938 2825 2005 potuit,
2852 1939 3010 1991 etiam
3032 1938 3254 1990 absente
3282 1936 3407 1988 Am-

1749 1981 1799 2042 Β
2282 1981 2407 2063 vero
2452 1981 2723 2077 Rttgenius
2767 1981 3043 2077 tyirannus,
3088 2020 3208 2059 cum
3240 2009 3408 2071 genti-

1828 2081 1956 2135 lium
2005 2081 2250 2149 petitioni
2298 2079 2464 2134 semel
2516 2090 2571 2133 et
2621 2081 2810 2133 iterum
2850 2079 3140 2149 restitisset
3162 2118 3205 2149 ,Α
3233 2085 3408 2134 tamen

1827 2152 1987 2206 tertio
2012 2147 2417 2216 postulantibus
2474 2150 2679 2203 annuit.
2732 2147 3104 2211 Theodosius,
3170 2147 3409 2215 Eugenio

1828 2234 1970 2274 anno
2000 2222 2103 2275 594
2128 2220 2424 2289 profligato,
2456 2220 2571 2286 ejus
2618 2230 2733 2273 acta
2766 2234 2858 2286 pro
2879 2217 3284 2289 superstitione
3316 2231 3410 2283 pa-

1863 2306 1959 2343 aua
2011 2290 2249 2346 rescidit.
2286 2286 2415 2345 'Sub
2466 2289 2700 2344 Honorio
2732 2287 2929 2342 saeculo
2968 2303 3000 2339 v
3036 2286 3258 2340 ineunte
3287 2298 3409 2340 cum

1877 2362 1985 2414 othi
2035 2362 2235 2415 Italiam
2294 2360 2648 2420 invasissent,
2686 2356 3069 2429 Symmachus,
3123 2357 3409 2429 occasione

1826 2429 1953 2484 hinc
1983 2440 2217 2498 arrepta,
2270 2430 2455 2483 iisdem
2503 2426 2801 2483 rationibus
2842 2426 3034 2496 quibus
3076 2426 3223 2498 prius
3280 2440 3407 2498 usus

1828 2499 2021 2568 fuerat,
2056 2496 2125 2555 de
2149 2516 2236 2554 ara
2268 2499 2512 2554 Victoria:
2544 2498 2830 2567 repetenda
2855 2497 3226 2568 ageres-repit,
3257 2496 3411 2561 cujus

1829 2566 2053 2624 conatus
2079 2570 2399 2625 Prudentius
2431 2566 2639 2637 penitus
2684 2566 2961 2637 repressit.
3006 2566 3293 2637 Colligitu_r_
3313 2580 3405 2637 aun

1830 2648 1935 2695 tem
1964 2656 2030 2695 ex
2062 2640 2372 2707 Prudentio,
2403 2633 2630 2693 statuam
2678 2633 2927 2692 Victoriae
2975 2633 3223 2707 tanquam
3250 2634 3411 2707 Urbis

1828 2722 2201 2766 ornamentum
2234 2699 2431 2765 diutius
2478 2709 2838 2777 pet-mansisse
2881 2725 2892 2761 :
2935 2699 3097 2777 quod
3132 2704 3411 2777 confirmat

1824 2777 2145 2835 Claudianus
2166 2782 2217 2835 in
2242 2774 2505 2849 Panegyrl
2538 2779 2604 2833 de
2638 2793 2689 2832 vr
2719 2774 2999 2832 consulatu
3030 2774 3271 2830 Honorii.

169 2906 3391 2932 —————————_—_—————-—W

1058 3032 1582 3141 CONTRA
1660 3034 2488 3141 SYMMACHUM

1398 3233 1680 3309 LIBER
1755 3234 2159 3313 PRIMUS.

328 3499 489 3571 696
515 3499 807 3555 Credebam
837 3500 978 3554 vitiis
999 3512 1193 3568 aegram
1224 3496 1509 3566 gentilibus
1529 3494 1726 3550 Urbem
1756 3497 1800 3559 C

324 3591 440 3645 Jam
463 3592 593 3647 satis
615 3591 815 3661 antiqui
840 3590 1107 3660 pepulisse
1129 3589 1361 3659 pericula
1391 3580 1585 3653 morbi,
1626 3606 1635 3619 ι

326 3683 435 3737 Nec
461 3683 744 3752 quidquam
773 3690 975 3738 restare
997 3682 1140 3747 mali,
1166 3690 1446 3751 postquam
1469 3679 1729 3733 medicina

332 3774 592 3843 Principis
621 3775 935 3829 immodicos
958 3775 1175 3830 sedarat
1201 3773 1254 3827 in
1282 3784 1407 3826 arce
1430 3771 1661 3826 dolores.

140 3867 174 3922 Β
280 3894 285 3897 -
332 3864 740 3934 Sed,quoniam
763 3875 1016 3921 renovata
1045 3866 1161 3919 lues
1194 3863 1414 3919 turbare
1444 3863 1668 3917 salutem

328 3952 522 4011 Tentat
546 3954 905 4022 Romulidum,
946 3956 1121 4012 Patris
1162 3954 1494 4025 imploranda
1527 3950 1731 4006 medela

1494 4044 1617 4116 [est
1636 4080 1651 4105 ,

2010 3496 2090 3551 Ne
2120 3498 2258 3553 sinat
2277 3498 2495 3569 antiquo
2522 3488 2748 3555 Romam
2772 3498 3018 3571 squalere
3043 3508 3285 3566 veterno,

2014 3587 2156 3644 Neve
2196 3597 2345 3660 togas
2392 3606 2672 3660 procerum
2717 3592 3003 3664 fumoque,
3047 3598 3103 3648 et
3147 3592 3404 3663 sanguine

3155 3684 3339 3756 [tingi.

2010 3771 2245 3843 inclytus
2273 3789 2398 3844 ergo
2424 3784 2614 3842 parens
2636 3776 2840 3846 patriae,
2866 3775 3171 3831 moderator
3190 3786 3244 3830 et
3266 3775 3412 3832 orbis

1842 3863 1910 3921 10
2014 3864 2099 3919 Nil
2125 3867 2255 3934 egit,
2282 3866 2639 3936 prohibendo,
2674 3882 2833 3937 vagas
2858 3882 2927 3924 ne
2950 3868 3206 3937 pristinus
3226 3882 3385 3922 errori

2013 3954 2268 4011 Crederet
2314 3971 2433 4012 esse
2451 3958 2606 4012 deum
2628 3957 2873 4027 nigrante
2900 3960 3000 4012 sub
3022 3971 3152 4013 aere
3178 3959 3408 4013 formas:

2019 4048 2123 4102 Aut
2150 4047 2532 4104 elementorum
2560 4059 2825 4117 naturam,
2856 4066 2973 4120 quae
3000 4049 3175 4105 Patris
3195 4065 3283 4106 ars
3308 4059 3393 4106 est

1428 4153 1714 4213 GLOSS/E
1757 4156 2095 4215 VETERES.

212 4274 269 4327 1.
311 4267 556 4335 Egram,
582 4268 706 4321 dicit
737 4277 947 4338 propter
968 4268 1132 4338 idola.
1164 4265 1385 4338 Urbem,
1421 4264 1653 4332 Romam,
1682 4267 1729 4323 1.

210 4343 270 4396 4.
314 4339 596 4406 Principis,
641 4337 979 4392 Constantini.
1010 4367 1082 4379 —
1122 4337 1465 4401 Immodims,
1501 4348 1732 4406 magnos.

141 4441 211 4451 —
240 4410 307 4465 In
345 4423 484 4471 arce,
518 4409 570 4461 in
608 4409 916 4477 principatu,
941 4410 992 4461 in
1023 4408 1207 4470 Roma,
1243 4408 1280 4460 l.
1316 4407 1499 4473 Roma,
1527 4407 1640 4460 Vat.
1669 4408 1732 4461 Ἀ.

209 4483 271 4536 6.
324 4479 519 4542 Patris,
550 4478 907 4544 omnipotentis
950 4478 1063 4532 Dei.
1096 4506 1162 4517 —-
1192 4477 1418 4543 Medela,
1457 4477 1732 4544 aemilium,

140 4552 275 4677 l‘07..
309 4618 593 4688 Squalere,
618 4619 1022 4671 sordescere.-
1053 4616 1307 4682 Veterno,
1332 4616 1527 4682 morbo,
1578 4624 1742 4672 ueter-

1838 4284 1939 4338 nns
1964 4270 2167 4322 morbus
2195 4277 2267 4323 est
2295 4271 2382 4338 qui
2402 4277 2449 4322 et
2474 4270 2717 4338 intercus,
2750 4272 2792 4325 1..

1910 4336 1960 4407 8.
1996 4338 2173 4406 Tingi,
2201 4336 2383 4407 pollui,
2411 4340 2447 4395 l.

1910 4404 1964 4482 9ἶ
1994 4404 2210 4473 Parens,
2240 4408 2623 4470 Constantinus.
2652 4412 2774 4466 Rat.
2803 4410 3184 4480 Constantinus,
3215 4417 3419 4482 prepter

1840 4478 2071 4553 ηἱτζιξαηζ
2076 4482 2305 4553 pietatem
2326 4490 2467 4535 vocat
2496 4498 2609 4553 eum
2639 4492 2919 4553 parentem,
2959 4481 2998 4535 1.

1914 4548 2002 4621 if).
2032 4549 2175 4621 Egit,
2198 4553 2413 4621 profuit.
2439 4581 2507 4592 —
2535 4548 2717 4616 Error,
2741 4551 2944 4605 cultura
2969 4552 3199 4618 deorum,
3234 4550 3275 4605 I.

1916 4618 2001 4672 11.
2032 4618 2271 4684 Formas,
2300 4622 2459 4689 idola,
2490 4622 2761 4687 daznwnes,
2791 4621 2830 4675 l.

1494 4730 2056 4805 COMMENTARIUS.

222 4844 285 4915 in
338 4841 559 4915 ἥξει-,μα
589 4838 708 4915 Rat.
741 4848 933 4915 exstat_
967 4840 1357 4915 tituluanuem
1409 4840 1741 4915 a_scri_psi._ln
1769 4845 1824 4906 1)
1848 4858 2076 4913 arguens
2098 4854 2309 4901 veteres
2354 4861 2587 4902 errores.
2620 4846 2757 4901 lsoni
2798 4862 2902 4900 non
2932 4846 3218 4913 assentior,
3252 4860 3421 4915 quan-

144 4914 313 4979 Urb.,
346 4911 567 4980 Explicit
597 4911 853 4980 prologus.
908 4909 1098 4977 Incipit
1146 4909 1275 4963 liber
1324 4910 1364 4963 1.
1420 4910 1740 4979 Prudentius

144 4986 291 5039 libro
327 4982 500 5051 primo
524 4981 879 5036 idololatriam
909 4982 1201 5050 impugnat,
1230 4980 1401 5034 altero
1426 4981 1736 5051 Symmachi

144 5057 395 5108 rationes
415 5050 587 5105 diluit.

221 5125 280 5177 5.
318 5122 473 5201 Prag.
498 5120 687 5177 scribit
712 5138 806 5174 nec
824 5122 1085 5190 quitquam
1114 5159 1131 5187 ,
1158 5122 1211 5174 et
1237 5120 1314 5175 sic
1350 5132 1581 5190 semper.
1610 5120 1734 5189 Alii,

145 5210 246 5249 nec
272 5206 569 5261 quicquam.

224 5267 286 5316 4.
319 5260 582 5340 Cellarius
607 5276 727 5340 cum
761 5260 914 5340 [sene
940 5256 1632 5340 intelligitconstantinum.
1660 5258 1742 5339 Et;

149 5342 268 5387 tota
294 5333 551 5384 carminis
580 5333 719 5386 serie
754 5332 899 5384 clare
929 5330 1194 5395 colligitur
1248 5330 1388 5385 hunc
1441 5331 1738 5399 principem

149 5417 284 5459 esse
312 5400 693 5456 Theodosium.
721 5400 852 5454 Vide
878 5414 1019 5453 vers.
1050 5401 1153 5454 529
1180 5409 1233 5454 et
1262 5414 1373 5470 seq.
1414 5403 1569 5468 hujus
1594 5398 1740 5456 libri.

227 5473 288 5527 5.
320 5472 492 5525 Innuit
518 5481 691 5539 poeta.
720 5480 841 5538 post
870 5470 1229 5525 Theodosium
1265 5482 1433 5525 novos
1475 5472 1743 5526 exstitisse

151 5552 392 5600 conatus
418 5556 515 5608 pro
539 5542 860 5595 idololatria.

226 5613 287 5665 ὃ.
329 5610 531 5664 Patrem
558 5612 641 5664 hic
671 5612 910 5676 intelligo
938 5611 1104 5665 Deum
1134 5624 1252 5665 cum
1282 5610 1455 5664 lsone.

221 5684 288 5748 ,7.
316 5679 576 5735 Veternus
608 5683 745 5735 sumi
774 5682 909 5736 solet
949 5697 1045 5748 pro
1086 5694 1273 5735 simne
1312 5682 1496 5746 nimio,
1520 5679 1631 5735 sive
1660 5679 1739 5733 in-

147 5752 511 5819 expugnabili
540 5752 653 5807 fere
688 5753 989 5805 deﬁniendi
1041 5752 1378 5805 necessitate.
1414 5754 1451 5804 Α
1494 5756 1637 5803 vetus
1679 5750 1739 5804 fit

147 5834 418 5885 veternus,
441 5830 492 5875 et
519 5835 698 5891 argute
722 5827 793 5876 ait
816 5823 1130 5875 Prudentius
1143 5823 1414 5892 antiquum
1438 5829 1733 5888 veternum,

1848 4930 2003 4982 quam
2035 4931 2223 4980 aquam
2269 4918 2580 4971 intercutem
2612 4928 2923 4971 veternosum
2954 4925 3097 4971 recte
3140 4915 3276 4971 dixit
3322 4921 3421 4971 Ar-

1846 4983 2036 5037 nobius
2057 4984 2150 5038 lib.
2178 5001 2213 5049 l,
2248 4986 2299 5039 id
2327 4996 2409 5041 est
2432 4996 2689 5041 veterem.

1916 5054 1969 5108 9.
2006 5053 2193 5109 lterqu
2222 5057 2359 5111 redit
2387 5072 2566 5112 sermo
2612 5058 2678 5111 de
2720 5056 3027 5113 Theodosio
3057 5069 3162 5110 non
3188 5057 3254 5110 de
3281 5057 3417 5111 Con-

1844 5128 2097 5179 stamine.

1918 5194 2003 5249 10.
2036 5193 2149 5249 Vat.
2170 5196 2257 5258 A.,
2278 5196 2468 5268 _Egm.,
2495 5198 2631 5266 PaL,
2661 5215 2839 5268 vagus,
2862 5200 3042 5254 minus
3066 5200 3223 5253 bene.
3258 5196 3422 5249 Vocat

1846 5262 2046 5338 formas
2073 5282 2244 5333 vagas.
2278 5262 2430 5321 Riius
2457 5262 2746 5338 gentilitins
2784 5262 3000 5325 vacatur
3029 5284 3171 5324 error
3204 5278 3421 5321 veterum

1844 5332 1948 5403 leg.
1988 5337 2075 5407 ιζ,
2109 5332 2185 5389 tit.
2228 5339 2309 5401 10,
2346 5337 2438 5391 lib.
2461 5332 2533 5391 iv
2560 5338 2627 5393 de
2656 5340 2878 5407 Paganis
2904 5341 3025 5395 cod.
3057 5338 3261 5393 Theod.

1918 5398 2005 5476 ll.
2030 5398 2208 5476 Egtn.,
2237 5398 2378 5469 PaL,
2410 5409 2632 5476 credent,
2666 5398 2821 5464 male.

1918 5474 2005 5529 12.
2043 5475 2227 5537 Aldus,
2252 5477 2522 5539 mendose,
2556 5474 2756 5531 natura.
2802 5480 2965 5533 Recte
3003 5480 3201 5534 dictum
3248 5476 3420 5530 Patris

1852 5562 1935 5599 ars
1959 5548 2209 5618 est,‘quia
2230 5548 2328 5618 etsi
2363 5545 2501 5600 Deus
2535 5550 2632 5602 arti
2656 5550 2949 5618 alligandus
2975 5566 3080 5604 non
3106 5551 3193 5613 sit,
3244 5562 3417 5601 tanien

1851 5615 2078 5669 mirabili
2120 5616 2345 5670 artificio
2393 5628 2668 5684 operatur.
2710 5615 2958 5673 Paulinus
3020 5621 3137 5676 Nat.
3196 5623 3247 5685 7,
3302 5622 3424 5673 Arte

1848 5689 2111 5758 creatoris.
2141 5703 2238 5751 qua
2259 5694 2417 5758 totum
2448 5690 2644 5758 perﬁcit
2666 5692 2852 5744 orbem.
2883 5690 3018 5746 Hinc
3058 5694 3195 5748 Deus
3234 5692 3426 5756 artifex

1843 5757 2025 5812 mundi
2053 5758 2189 5812 solet
2217 5757 2414 5811 vocari.
