3900 6318
486 367 588 423 119

660 571 752 625 Vir
775 573 946 637 solus,
972 572 1057 627 cui
1082 585 1206 627 cura
1237 570 1354 639 fuit,
1385 586 1452 625 ne
1479 570 1687 641 publica
1719 585 1925 626 morum

487 665 554 719 15
668 663 821 734 Plaga
850 665 1154 719 cicatricem
1187 678 1393 720 summa
1429 663 1618 719 leviter
1642 671 1769 718 cute
1795 663 2032 717 clausam

633 758 910 823 .lluceret,
927 766 981 813 et
1016 757 1276 813 latebram
1308 756 1535 813 tabentis
1566 755 1803 811 vulneris
1821 756 1928 810 alte

660 850 1003 919 lmpressam,
1032 850 1350 921 penitusque
1376 849 1515 920 putri
1545 848 1613 904 de
1640 862 1774 919 pure
1798 860 2070 916 peresam,
2173 852 2243 908 55

660 942 853 998 Juncta
881 943 1217 1013 superficies.
1248 943 1459 998 medico
1484 941 1717 1009 fallente,
1753 940 1974 996 foveret.

662 1032 768 1088 Sed
791 1033 1018 1101 studuit,
1042 1048 1148 1104 quo
1176 1048 1302 1104 pars
1325 1031 1559 1089 hominis
1584 1030 1900 1101 generosior
1930 1030 2075 1085 intus

489 1124 555 1179 20
667 1123 905 1190 Viveret,
934 1136 1096 1195 atque
1127 1125 1360 1179 animam
1384 1122 1571 1180 lethali
1598 1130 1750 1193 peste
1779 1121 1975 1192 piatam

663 1214 856 1269 Nosset
883 1215 950 1268 ab
972 1215 1186 1270 interno
1216 1223 1383 1269 tutam
1414 1226 1637 1269 servare
1676 1226 1904 1268 veneno.

662 1306 756 1360 Illa
788 1314 1137 1377 tyrannorum
1161 1305 1343 1360 fuerat.
1360 1295 1650 1370 medicina,
1672 1303 1877 1367 videre,

662 1399 763 1467 Qui
786 1408 957 1453 status
984 1408 1110 1453 ante
1130 1398 1314 1453 oculos
1338 1396 1711 1466 praesentibus,
1740 1410 1803 1450 ac
1826 1394 2077 1465 perituris

663 1492 1007 1562 Compcteret
1036 1491 1220 1556 rebus,
1243 1504 1344 1545 nec
1368 1504 1553 1544 curam
1577 1488 1832 1543 adhibere
1861 1487 2076 1543 futuris.

490 1590 555 1644 25
668 1588 821 1654 lleu,
871 1586 1011 1642 male
1050 1584 1119 1641 de
1166 1585 1363 1654 populo
1402 1582 1615 1651 meriti,
1659 1581 1800 1636 male
1837 1581 2079 1650 patribus

1837 1673 1855 1744 [
1879 1672 2009 1740 ipsis

666 1768 926 1825 Blanditi!
954 1782 1092 1839 quos
1124 1766 1428 1838 prmeipites
1449 1765 1502 1820 in
1534 1771 1732 1819 tartara
1761 1763 1930 1831 mergi

665 1862 796 1917 Cum
815 1861 945 1915 love
967 1861 1231 1925 siverunt,
1255 1857 1419 1913 multa
1443 1865 1632 1911 etcum
1656 1854 1812 1924 plebe
1831 1854 2075 1909 deorum.
2113 1849 2160 1909 Β

670 1956 767 2007 Ast
788 1952 873 2007 hic
904 1952 1186 2021 imperium
1210 1948 1479 2019 protendit
1510 1948 1669 2002 latius
1699 1962 1816 2001 τενο

663 2048 828 2117 698
846 2047 1170 2108 Posteriore,
1198 2044 1311 2099 suis
1334 2044 1558 2112 cupiens
1588 2041 1800 2095 sancire
1824 2038 2073 2094 salutem.

496 2138 559 2193 50
667 2137 925 2191 Nimirum
951 2134 1177 2205 pulchre
1206 2134 1423 2204 quidam
1445 2133 1805 2195 doctissimus,
1836 2132 1992 2187 Esset

1603 364 1884 421 AURELII
1925 361 2289 419 PRUDENTll
2325 362 2648 423 CARMINA.

655 479 815 550 697
832 478 1131 550 Omnigeni,
1145 492 1352 534 summa
1376 491 1473 548 pro
1487 478 1765 549 majestate
1784 479 2060 534 sacraret?
2086 482 2142 543 Α

3668 360 3767 414 1Ξο

2345 477 2559 533 Publica
2599 490 2706 541 res,
2731 474 2921 545 inquit,
2948 480 3072 532 tunc
3092 474 3363 531 fortunata
3389 474 3543 546 satis,
3570 476 3619 529 si

2351 573 2448 627 Vel
2475 586 2629 640 reges
2658 579 2933 640 saperent,
2966 571 3050 625 vel
3081 580 3368 641 regnarent
3392 570 3695 638 sapientes.

2352 665 2518 719 Estne
2550 664 2639 719 ille
2669 678 2701 719 e
2725 676 2953 718 numero
2982 675 3303 732 paucorum,
3328 661 3420 733 qui
3445 661 3700 716 diadema

2353 760 2560 825 Sortiti,
2587 758 2824 814 artherize
2851 758 3133 813 coluerunt
3154 756 3349 827 dogma
3384 755 3589 826 sophia:
3608 756 3636 807 τ

2350 851 2586 920 Contigit
2606 865 2735 907 ecce
2758 851 3035 905 hominum
3063 849 3270 918 generi,
3298 849 3553 919 gentique
3576 854 3769 917 togatae

2352 945 2467 1000 Dux
2497 944 2742 1014 sapiens;
2772 943 2900 999 felix
2931 952 3129 999 nostra:
3158 957 3247 999 res
3277 942 3492 1012 publica
3520 940 3715 999 Roma:

2354 1034 2564 1091 Justitia
2595 1043 2852 1105 regnante
2878 1032 3058 1104 viget:
3084 1041 3268 1104 parete
3298 1033 3558 1103 magistro

2355 1126 2580 1196 Sceptra
2630 1125 2950 1196 gubernanti
2992 1142 3005 1177 :
3058 1132 3276 1189 monet,
3329 1131 3386 1178 ut
3442 1122 3771 1179 deterrimus

2590 1274 2593 1275 ν
3496 1212 3702 1284 [error,

2359 1308 2531 1379 thue
2553 1308 2866 1379 superstitio
2884 1316 3129 1364 veterum
3150 1306 3335 1376 procul
3355 1305 3497 1361 absit
3518 1321 3771 1370 avorum,

2177 1399 2247 1455 40
2353 1398 2465 1454 Nec
2488 1407 2638 1469 putet
2656 1412 2778 1456 esse
2801 1397 2982 1465 deum,
3003 1398 3105 1454 nisi
3124 1398 3213 1468 qui
3234 1410 3397 1467 super
3414 1397 3595 1451 omnia
3615 1411 3772 1451 sum-

3548 1490 3706 1562 [mus

2360 1582 2628 1649 Emineat,
2658 1583 2941 1653 magnique
2972 1582 3233 1637 immensa
3262 1582 3537 1638 creaverit
3564 1582 3735 1638 orbis.

2435 1674 2569 1729 Nunt
2599 1675 2791 1729 melius
2819 1672 3082 1729 Saturnus
3111 1689 3241 1729 avos
3271 1674 3480 1730 rexisse
3509 1674 3735 1730 Latinos

2355 1768 2520 1838 699
2552 1767 2831 1834 Creditur,
2864 1767 3051 1822 edictis
3084 1767 3174 1837 qui
3214 1767 3407 1822 talibus
3453 1766 3774 1822 informavit

2362 1861 2623 1929 Agrestes
2652 1860 2879 1925 animos,
2911 1867 2966 1914 et
2991 1859 3216 1915 barbara
3238 1859 3399 1914 corda
3425 1860 3668 1915 virorum
3684 1860 3709 1912 ’ἒ

2188 1948 2261 2002 45
2372 1950 2500 2006 Sum
2532 1949 2687 2015 deus,
2714 1950 2939 2004 advenio
2978 1949 3209 2020 fugiens,
3244 1950 3478 2019 praebete
3510 1950 3773 2017 latebras,

2363 2039 2640 2098 Occultate
2670 2056 2883 2111 senem,
2915 2042 3024 2095 nati
3058 2041 3267 2097 feritate
3294 2042 3509 2113 tyranni

2367 2131 2642 2202 Deiectum
2674 2134 2850 2190 solio:
2884 2134 3078 2204 placet,
3117 2132 3205 2188 hic
3229 2134 3503 2203 fugitivus,
3537 2142 3594 2189 et
3617 2132 3776 2190 exsul

1788 2264 2073 2323 GLOSSIE
2113 2264 2462 2323 VETERES.

565 2365 650 2418 11.
679 2364 857 2429 Solus,
891 2363 1105 2431 primus,
1137 2362 1178 2415 l.

566 2438 650 2489 17.
682 2436 842 2493 Pure.
877 2436 1161 2499 putredine,
1195 2432 1233 2486 1.

565 2507 654 2559 19.
690 2504 926 2567 Studuit,
956 2503 1338 2556 Constantinus.
1373 2530 1435 2540 —
1470 2501 1609 2568 Quo,
1641 2507 1718 2557 ut.
1753 2530 1819 2543 —
1842 2500 2076 2555 Genero-

500 2577 626 2638 sior,
658 2574 896 2640 nobilior,
940 2574 978 2628 I.

563 2649 653 2701 20.
689 2644 913 2711 Lethali,
945 2642 1173 2709 mortali,
1204 2642 1245 2699 1.

563 2718 654 2838 :22.
683 2717 1076 2838 Tyrannorum,
1104 2716 1426 2783 antiquorum
1446 2728 1720 2785 regum.-—
1747 2710 1977 2777 Videre,
2024 2719 2081 2765 ut

583 2796 771 2838 eretur.
830 2826 842 2838 .

503 2790 771 2840 tideretur.
804 2790 842 2839 I.

567 2828 658 2914 Et.
682 2828 1044 2924 Cohtpeteret,
1074 2853 1380 2909 conueniret.
1414 2882 1483 2893 -—
1513 2853 1765 2921 Futuris,
1796 2853 2001 2919 animle,
2036 2851 2077 2905 l.

568 2930 659 2981 28.
692 2927 811 2985 llic.
846 2926 1231 2989 Constantinus,
1269 2926 1305 2978 I.

569 3000 659 3050 99.
683 2997 831 3056 Suis.
865 2996 1126 3049 Romanis.
1155 3025 1226 3035 —
1249 2995 1497 3059 Sancire,
1527 2996 1849 3062 constituere,
1879 2994 1918 3049 Ι.

570 3067 658 3119 30,
682 3068 928 3133 Quidam,
964 3066 1137 3127 l‘lato,
1180 3065 1220 3119 Ι.

571 3136 659 3193 32.
692 3138 997 3205 Sapientes,
1028 3135 1215 3190 scilicet
1243 3152 1404 3205 reges,
1439 3136 1476 3190 1.

2257 2362 2345 2416 55.
2377 2361 2487 2427 ille,
2521 2360 2906 2427 Constantinus,
2939 2360 2980 2430 l,
3011 2361 3133 2417 Rat.
3157 2390 3229 2403 —
3260 2360 3537 2425 Diadema,
3578 2362 3774 2431 regiam

2187 2440 2503 2501 potestatem.

2257 2504 2348 2558 54.
2380 2502 2589 2567 Sortiti,
2613 2502 2888 2558 consecuti.
2917 2530 2987 2542 —
3010 2501 3291 2567 IEtherize,
3320 2502 3559 2560 calestis.
3588 2502 3626 2557 1.

2261 2573 2349 2627 55.
2380 2573 2615 2643 Togam,
2655 2574 2957 2643 paciﬁcum,
2992 2572 3029 2627 Ι.
3075 2571 3386 2643 Prudentius
3423 2583 3773 2642 contempora-

2189 2658 2313 2697 neus
2343 2644 2440 2713 fuit
2464 2641 2735 2698 Theoderii
2755 2641 2802 2697 et
2843 2642 3202 2696 Valentiniani.
3230 2642 3404 2697 Potest
3427 2653 3598 2696 autem
3612 2641 3771 2704 credi,

2190 2714 2402 2768 durasse
2428 2730 2584 2782 usque
2627 2714 2695 2765 ad
2726 2721 2936 2768 mortem
2983 2713 3272 2774 Theodosii,
3306 2717 3455 2783 cujus
3492 2714 3595 2766 duo
3639 2713 3769 2779 ﬁlii.

2193 2783 2457 2838 Honorius
2486 2793 2533 2838 et
2564 2784 2832 2847 Arcadius,
2862 2793 3204 2838 successerunt
3235 2783 3288 2835 in
3322 2784 3538 2852 imperio
3558 2798 3578 2836 :
3600 2785 3769 2835 incer-

2191 2862 2469 2925 tuiniquem
2494 2855 2677 2907 horum
2702 2856 2923 2908 nominet
2946 2855 3041 2925 ubi,
3054 2855 3146 2920 ait,
3176 2852 3417 2925 Contigit,
3444 2853 3563 2911 νει.
3591 2855 3657 2906 Α.

2262 2924 2346 2979 59.
2383 2925 2641 2990 Avornm,
2669 2924 2995 2990 Arianorum,
3027 2924 3102 2979 1.·

2262 2994 2352 3049 45.
2389 2995 2718 3058 lnfurtnavit,
2753 2996 3014 3060 instruxit,
3047 2995 3087 3047 1.

2265 3064 2353 3120 16.
2385 3066 2641 3137 Tyranni,
2667 3064 2829 3130 lovis,
2860 3064 2879 3118 l

1857 3242 2418 3300 COMMENTARIUS.

576 3366 663 3419 lii.
690 3363 901 3418 Perstat
930 3364 981 3418 in
1011 3362 1195 3416 eadem
1224 3360 1535 3428 metaphora
1571 3358 1743 3414 morbi
1781 3366 1850 3431 et,
1863 3358 2087 3414 1110111111-
2114 3357 2161 3419 C
2195 3356 2619 3431 Cmsaraugusta,
2637 3358 2725 3414 vel
2749 3358 3045 3430 Calagurri,
3069 3359 3135 3415 de
3157 3359 3430 3415 Prudentii
3461 3362 3630 3431 patria
3656 3377 3772 3418 cer-

512 3450 616 3497 nae,
647 3449 750 3504 qua
780 3446 847 3489 eo
870 3443 1107 3501 tempore
1132 3441 1379 3485 auctores
1411 3428 2050 3504 frequenter__utebantur.

581 3500 678 3556 18f
704 3504 881 3571 Egm.,
926 3500 1038 3557 Pal.
1091 3512 1274 3556 contra
1322 3508 1573 3564 metrum,
1615 3500 1809 3571 medico
1869 3501 2086 3567 favente.

510 3572 714 3629 Laudat
753 3569 1169 3636 Theodosium,
1219 3574 1359 3641 qttod
1418 3572 1672 3625 radicitus
1728 3569 2087 3624 idololatriam

509 3644 800 3710 exstirpare
823 3642 1101 3697 studuerit.

578 3709 832 3766 21⁷11111.
866 3713 929 3778 Α,
967 3712 1141 3766 Posset
1169 3711 1253 3767 ab.
1278 3710 1425 3779 Rat.,
1450 3726 1653 3765 servare
1697 3719 1918 3765 veterno.
1967 3709 2092 3763 Bar-

509 3782 652 3836 thius
676 3782 765 3836 'ih.
801 3798 871 3836 stt
900 3781 1152 3845 Advers..
1181 3797 1300 3851 cap.
1330 3781 1385 3848 8,
1427 3782 1566 3835 hunc
1596 3781 1869 3851 Prudentii
1909 3780 2086 3834 locum

510 3852 717 3920 confert
736 3865 855 3906 cum
879 3853 1036 3907 simili
1069 3854 1172 3907 alio
1190 3851 1468 3906 Claudiani
1497 3853 1587 3904 1111.
1612 3867 1647 3905 ll
1667 3852 1717 3904 in
1750 3850 2086 3920 Eutropium,

514 3919 701 3973 Ulcera
732 3926 971 3988 possessis
997 3924 1100 3976 alte
1124 3922 1321 3988 suﬂ'usa
1346 3921 1612 3985 medullis,
1641 3930 1746 3975 etc.

582 3990 673 4064 22.
697 3990 1089 4064 Chamillardus
1116 4001 1368 4064 tyrannos
1396 3992 1777 4064 interpretatur
1800 4006 1921 4047 esse
1949 3988 2091 4064 (2011-

512 4062 785 4123 stantium,
824 4060 1462 4127 Julianttm,'Valentem,
1520 4061 1943 4116 Valentinianum
1989 4060 2090 4117 Se-

512 4132 736 4190 niorcm.
762 4131 957 4186 rituum
981 4144 1219 4187 veterum
1245 4132 1525 4185 fautorem.
1560 4131 1771 4185 Teolins
1792 4131 1943 4185 addit
1976 4130 2087 4184 bla-

513 4202 810 4282 gnentinm.
854 4201 957 4282 Sed
986 4200 1655 4282 probabiliusPrUdentius
1687 4201 2093 4282 tantum_loqui-

513 4271 692 4341 turide
722 4272 959 4341 tyrannis
981 4270 1116 4340 quos
1145 4271 1480 4327 Theodosius
1525 4270 1814 4338 superavit,
1861 4270 2092 4326 Maximo

513 4350 567 4411 et
594 4340 857 4411 Eugenio.
882 4350 944 4411 et
971 4356 1103 4411 quos
1130 4342 1322 4396 iterum
1370 4350 1618 4411 tyrannos
1670 4341 1902 4410 appellat
1946 4354 2089 4411 vers.

512 4410 614 4482 MO
634 4421 687 4464 et
705 4409 828 4465 463.
855 4409 1229 4482 131001191011111
1256 4410 1470 4482 quidem
1492 4410 1672 4482 plures
1686 4409 1748 4465 ac
1763 4410 2093 4480 gravissima:

514 4481 658 4547 leges
685 4490 897 4535 exstant
925 4481 1045 4536 cod.
1068 4480 1286 4536 Theod.’
1331 4480 1406 4535 De
1434 4480 1654 4549 paganis
1686 4492 1870 4535 contra
1919 4481 2094 4535 ethni-

514 4564 696 4621 eorum
748 4550 1030 4615 sacrificia,
1085 4552 1282 4621 templa
1318 4560 1371 4605 et
1415 4550 1819 4607 simulacrorum
1865 4552 2087 4607 cultum.

514 4619 751 4691 Facilius
781 4621 994 4691 credam
1048 4619 1405 4691 Magnentium
1436 4621 1537 4676 hoc
1564 4621 1685 4678 loco
1712 4636 1816 4678 una
1844 4634 1964 4678 cum
1989 4622 2093 4678 Eu—

514 4690 671 4764 genio
696 4699 751 4764 e_t
784 4690 1014 4764 Maximo
1039 4702 1320 4764 tyrannum
1353 4691 1634 4762 appellari.

584 4760 674 4833 23.
710 4760 890 4833 Egm.,
924 4760 1200 4833 Pal.,'quis
1226 4760 1411 4817 status.

504 4870 510 4895 η
584 4831 676 4885 25.
715 4831 834 4884 Vat.
864 4833 929 4896 A,
958 4850 1047 4887 ceu
1069 4831 1231 4897 male;
1261 4834 1452 4889 melius
1484 4834 1600 4887 heu.

516 4899 919 5022 "eizégapella
944 4904 1034 4960 lib.
1062 4919 1120 4971 v,
1182 4904 1480 4979 Vulgusque
1520 4907 1776 4959 minorum
1805 4903 2105 4961 Caelicolum

538 4979 758 5037 repidat.

586 5038 675 5093 28.
724 5041 956 5115 Videtur,
996 5043 1138 5114 loqui
1179 5043 1247 5099 de
1290 5045 1396 5099 vita
1438 5056 1662 5101 aeterna.
1696 5044 1877 5115 Prag.,
1925 5042 2103 5099 minus

516 5108 676 5175 bene,
712 5114 999 5176 prtetettdit.

591 5179 698 5254 50.»
727 5180 1085 5254 Celeberrima
1141 5182 1377 5254 Platonis
1419 5186 1706 5248 sententia,
1740 5184 1806 5238 de
1850 5199 1952 5254 qua
1981 5182 2101 5237 vide

520 5248 794 5304 Barthium
826 5252 915 5306 1111.
946 5268 1037 5316 xx,
1062 5266 1180 5320 cap.
1213 5253 1299 5308 18.
1336 5255 1440 5311 Sed
1472 5266 1628 5310 caute
1667 5248 1986 5309 Prudentius
2018 5254 2099 5307 lo-

519 5320 796 5395 quitur_de
829 5322 909 5395 his
938 5322 1028 5390 qui
1053 5322 1277 5378 wtherite
1306 5326 1569 5379 coluerunt
1607 5327 1791 5395 dogma
1814 5324 2028 5395 saphiw.

587 5389 675 5447 3|.
711 5392 833 5463 Post
863 5389 1005 5447 hunc
1037 5408 1246 5448 versum
1278 5396 1331 5448 in
1388 5396 1542 5463 Prag.
1592 5389 1746 5449 deest
1778 5389 1882 5448 una
1912 5393 2098 5462 pagina

518 5469 684 5523 usque
711 5461 774 5513 ad
805 5477 947 5517 vers.
986 5464 1101 5518 H6.

586 5530 677 5585 51.
715 5531 830 5586 Vat.
865 5536 928 5594 A,
952 5534 1183 5596 aetheria,
1210 5535 1383 5588 minus
1426 5534 1584 5589 bene.

586 5601 675 5655 35.
701 5601 846 5676 Sich.
876 5610 931 5658 et
955 5603 1065 5676 Gis.
1094 5618 1111 5657 ι
1137 5603 1225 5676 ed.
1257 5605 1323 5659 ad
1355 5618 1525 5670 oram,
1559 5613 1632 5659 est
1682 5618 1847 5676 aperte
1883 5603 2099 5673 pretium

517 5679 618 5736 pro
649 5672 855 5736 contigit
875 5688 985 5725 ecce
1007 5672 1290 5730 hominum.

588 5734 675 5814 36_.
710 5734 930 5814 Romam
964 5752 1128 5814 vocat
1155 5754 1401 5814 nostram,
1436 5744 1556 5814 quia
1589 5746 1759 5814 patria
1794 5754 1910 5800 erat
1948 5756 2096 5798 com-

588 5760 675 5814 au_.
710 5760 930 5792 numam
964 5760 1112 5795 vocat
1155 5760 1401 5807 nostram,
1473 5760 1556 5797 ma
1589 5760 1759 5814 patria
1794 5760 1910 5800 erat
1948 5760 2095 5798 com-

516 5813 713 5857 munis.
748 5807 850 5860 Sed
878 5818 1052 5865 potest
1080 5810 1132 5865 id
1162 5813 1299 5868 trahi
1329 5816 1393 5867 ad
1424 5760 1713 5869 eludendas
1740 5817 1975 5870 rationes
1997 5830 2095 5877 pro

2196 3429 2452 3483 tantibus.

2377 3499 2431 3581 111
2462 3497 2607 3582 Rau,
2640 3499 2786 3568 fidet,
2809 3499 2901 3555 sed
2935 3500 3146 3555 videtur
3166 3500 3330 3558 fuisse
3358 3503 3469 3571 ﬁet.
3497 3502 3658 3558 Manu
3690 3519 3773 3556 re-

2190 3578 2435 3631 centiori,
2459 3578 2608 3639 viget.

2263 3641 2351 3696 58.
2382 3640 2551 3708 Bong.
2599 3654 2628 3693 a
2672 3639 2842 3709 prima
2887 3654 3069 3705 manu,
3107 3642 3255 3702 Rat.
3308 3643 3617 3697 teterrimus.
3652 3645 3774 3697 Ald.

2192 3710 2388 3778 aliique
2414 3710 2536 3763 edd.
2569 3718 2623 3765 et
2647 3724 2802 3773 mss.,
2821 3711 2981 3765 etiam
3014 3720 3121 3767 tres
3145 3711 3531 3773 codd.Gifanii.
3564 3722 3617 3768 et
3641 3729 3776 3768 unus

2194 3779 2381 3845 Jureti,
2411 3781 2732 3851 deterrimus,
2760 3781 2900 3850 quod
2938 3783 3138 3837 rectius
3168 3790 3320 3851 putat
3366 3782 3625 3839 Gifanins.
3662 3784 3773 3838 Gis.

2194 3852 2220 3905 1
2252 3851 2340 3904 ed.
2373 3851 2532 3905 etiam
2564 3850 2884 3916 deterrimus,
2914 3852 3007 3906 sed
3040 3855 3092 3907 111
3112 3850 3199 3907 ed.
3222 3853 3278 3919 2,
3306 3856 3609 3916 teterrimtss,
3636 3856 3773 3920 quod

2193 3928 2574 3989 expresserunt
2607 3921 2765 3976 Fabr.
2816 3931 2870 3975 et
2895 3922 3101 3986 Heins,
3132 3924 3375 3989 quamvis
3404 3924 3493 3979 hic
3525 3939 3592 3978 es
3643 3939 3772 3979 mss.

2196 3990 2327 4065 nihil
2352 3991 2705 4065 adnotaverit.
2732 3991 3036 4065 hlololatria
3060 3993 3257 4065 dicitur
3279 3994 3564 4049 deterrima
3591 4010 3776 4065 super-

2193 4059 2341 4132 stitio
2359 4061 2460 4132 leg.
2484 4059 2555 4116 9.0
2583 4060 2704 4116 cod.
2731 4061 2935 4117 Theod.
2967 4063 3034 4116 de
3060 4062 3305 4132 Paganis.

2267 4130 2357 4185 59.
2383 4130 2507 4203 Vat.
2556 4134 2620 4199 A,
2677 4140 2829 4201 atque
2862 4130 3172 4203 superstitio.
3228 4134 3396 4189 lsonis
3442 4134 3620 4203 glossa
3669 4150 3769 4189 non

2195 4200 2393 4285 piaeet.
2438 4201 2593 4285 Avos_
2620 4203 2707 4256 aio
2746 4200 2877 4285 esse
2908 4200 3555 4285 Romanos‘vetsresgvel
3601 4206 3773 4285 Italos,

2195 4271 2460 4326 idolorum
2487 4271 2742 4328 cultores.
2780 4271 2913 4327 Infra
2942 4287 3089 4328 vers.
3120 4273 3244 4329 180.
3277 4275 3403 4330 Hcce
3431 4274 3598 4329 Italos
3623 4277 3775 4329 indu-

2194 4344 2268 4396 cit
2290 4357 2430 4395 avos.

2267 4413 2359 4469 41.
2392 4411 2520 4467 Post
2547 4413 2693 4468 hunc
2716 4428 2929 4468 versum
2965 4413 3242 4480 inscriptio
3270 4421 3354 4469 est
3382 4415 3434 4469 in
3462 4416 3622 4480 Man,
3657 4416 3773 4470 Rat.

2195 4491 2249 4538 et
2274 4482 2527 4555 aliis,ADe
2550 4483 2803 4539 Saturno.
2834 4484 2997 4555 Qeest
3024 4483 3076 4537 in
3111 4482 3227 4538 Vat.
3269 4485 3334 4555 Α.
3361 4486 3463 4539 Alii
3498 4486 3561 4538 ad
3612 4501 3775 4555 marg.

2195 4553 2688 4624 notantSaturnus.
2712 4555 2827 4609 sive
2851 4551 2924 4607 De
2945 4554 3337 4619 Saturno,etita
3365 4556 3417 4608 in
3440 4556 3611 4609 titulis
3632 4551 3775 4624 seqq.

2269 4623 2578 4695 42.7Egm.,
2622 4641 2743 4678 avus
2783 4638 2878 4692 pro
2915 4639 3054 4679 avos.
3088 4624 3163 4679 De
3193 4624 3291 4678 hac
3334 4624 3507 4679 fabula
3558 4623 3777 4695 aliisque

2121 4718 2178 4780 ι)
2202 4709 2335 4780 quas
2361 4694 2974 4780 Prudentinsﬂmemora‘t
2998 4694 3586 4780 ertigentilibusnobjicit,
3619 4694 3775 4780 videri

2210 4774 2437 4835 possunt
2465 4774 2657 4831 praeter
2687 4773 2872 4831 poetas
2896 4774 2951 4835 et
2982 4774 3254 4835 poetarum
3304 4764 3625 4835 interpretes
3651 4772 3776 4819 auti-

2210 4834 2300 4904 qui
2318 4835 2622 4906 mythologi
2647 4834 3290 4906 Hyginus.,Pal:epha_tus,
3337 4834 3645 4906 Fulgentius
3668 4836 3776 4889 Pla-

2212 4904 2415 4969 ciades',
2471 4904 2796 4970 Phornutus,
2846 4904 3092 4959 Albricus
3142 4904 3513 4973 philosophus,
3567 4907 3773 4968 Aratus,

2209 4976 2587 5044 Apollodorus.
2622 4974 2664 5029 E
2698 4974 3085 5029 recentioribus
3114 4974 3166 5028 in
3194 4975 3644 5044 hocgargumento
3672 4976 3773 5030 ela-

2210 5042 2468 5099 horarum
2519 5046 2682 5099 Lilius
2725 5043 3009 5110 Gyraldus,
3054 5043 3255 5098 Natalis
3289 5042 3501 5110 Comes,
3554 5044 3774 5101 Joannes

2206 5113 2490 5177 Seldenus,
2508 5115 2742 5169 Joannes
2754 5113 3019 5169 Gerardus
3029 5114 3271 5180 Vossius,
3293 5114 3547 5170 Banierus
3562 5116 3613 5169 in
3626 5131 3774 5180 opere

2206 5182 2408 5237 Gallice
2444 5184 2587 5237 edito
2619 5184 2834 5238 Parisiis
2858 5184 3015 5245 1758.
3044 5184 3242 5251 aliique
3286 5187 3569 5240 innumeri.
3619 5186 3774 5240 lsonis

2205 5253 2591 5321 explicationes
2604 5254 2823 5325 minime
2851 5265 2975 5307 sunt
3004 5255 3427 5309 contemnendae.
3477 5256 3774 5325 Discrepant

2203 5336 2347 5395 saepe
2360 5324 2667 5395 auctoresin
2684 5324 2869 5379 eadem
2885 5325 3054 5378 fabula
3070 5326 3389 5394 exponenda
3406 5342 3421 5379 :
3438 5326 3578 5395 quod
3595 5328 3773 5381 mirum

2203 5392 2376 5449 videri
2412 5410 2515 5449 non
2536 5393 2717 5458 debet,
2751 5409 2869 5449 cum
2894 5395 2945 5448 in
2977 5392 3371 5449 narrationibus
3398 5392 3664 5452 historicis
3686 5397 3775 5452 hoc

2204 5464 2377 5533 ipsum
2398 5464 2700 5536 frequenter
2722 5464 2947 5519 accidat.
2970 5465 3187 5520 Saturni
3211 5464 3480 5536 schemata
3503 5482 3665 5536 pauca
3694 5482 3775 5521 su-

2205 5546 2448 5606 persunt.
2474 5535 2606 5605 Ejus
2631 5535 2915 5606 imaginem
2939 5537 3197 5605 integram
3220 5535 3438 5606 exhibet
3458 5535 3775 5593 1100110000-

2207 5604 2325 5661 nius
2371 5604 2657 5677 lih.ttom.
2688 5604 2970 5677 ll'Antiq.,
3021 5604 3140 5676 pag.
3191 5604 3358 5677 30.Aln
3397 5610 3627 5662 nummis
3653 5623 3775 5677 quor

2203 5689 2309 5745 que
2337 5676 2707 5732 consularibus
2727 5675 2883 5730 senili
2910 5675 3437 5746 capite’eonspicitur
3449 5691 3569 5733 cum
3594 5675 3722 5733 falce
3746 5693 3774 5735 a

2206 5754 2355 5812 tergo
2385 5748 2576 5815 posita.

2273 5817 2363 5871 45.
2403 5816 2517 5871 Vat.
2548 5817 2614 5879 A.
2644 5831 2760 5871 cum
2793 5815 2950 5881 Deus.
2983 5831 3089 5873 non
3120 5818 3274 5876 bene.
