  <div class='ocr_page' id='page_1' title='image "/cluster/home/n/w/nwhite01/storage/ocr_20150623/59/pst.000005712595/024.png"; bbox 0 0 4164 6320; ppageno 0'>
   <div class='ocr_carea' id='block_1_1' title="bbox 186 309 3536 388">
    <p class='ocr_par' dir='ltr' id='par_1_1' title="bbox 186 309 3536 388">
     <span class='ocr_line' id='line_1_1' title="bbox 186 309 3536 388; baseline 0.01 -37"><span class='ocrx_word' id='word_1_1' title='bbox 186 333 249 388; x_wconf 53' lang='lat'><strong>,5</strong></span> <span class='ocrx_word' id='word_1_2' title='bbox 1452 311 1513 365; x_wconf 74' lang='lat' dir='ltr'><strong>lN</strong></span> <span class='ocrx_word' id='word_1_3' title='bbox 1553 309 1872 367; x_wconf 65' lang='lat' dir='ltr'><strong>JOANNEM</strong></span> <span class='ocrx_word' id='word_1_4' title='bbox 1916 313 2145 373; x_wconf 80' lang='lat' dir='ltr'><strong>llOMlL.</strong></span> <span class='ocrx_word' id='word_1_5' title='bbox 2190 319 2230 374; x_wconf 90' lang='lat' dir='ltr'><strong>l.</strong></span> <span class='ocrx_word' id='word_1_6' title='bbox 3464 309 3536 364; x_wconf 66' lang='grc'><strong>26</strong></span> 
     </span>
    </p>
   </div>
   <div class='ocr_carea' id='block_1_2' title="bbox 188 423 1802 515">
    <p class='ocr_par' dir='ltr' id='par_1_2' title="bbox 188 423 1802 515">
     <span class='ocr_line' id='line_1_2' title="bbox 188 423 1802 515; baseline -0.014 -13"><span class='ocrx_word' id='word_1_7' title='bbox 188 451 344 515; x_wconf 63' lang='lat' dir='ltr'><strong>ﬁant,</strong></span> <span class='ocrx_word' id='word_1_8' title='bbox 377 456 569 499; x_wconf 77' lang='lat' dir='ltr'><strong>omnes</strong></span> <span class='ocrx_word' id='word_1_9' title='bbox 598 445 912 505; x_wconf 84' lang='lat' dir='ltr'><strong>accurrunt,</strong></span> <span class='ocrx_word' id='word_1_10' title='bbox 937 444 994 491; x_wconf 90' lang='lat' dir='ltr'><strong>ut</strong></span> <span class='ocrx_word' id='word_1_11' title='bbox 1018 433 1133 505; x_wconf 80' lang='lat' dir='ltr'><strong>ejus</strong></span> <span class='ocrx_word' id='word_1_12' title='bbox 1160 442 1385 503; x_wconf 86' lang='lat' dir='ltr'><strong>pugnas,</strong></span> <span class='ocrx_word' id='word_1_13' title='bbox 1416 435 1611 491; x_wconf 88' lang='lat' dir='ltr'><strong>artem,</strong></span> <span class='ocrx_word' id='word_1_14' title='bbox 1636 423 1802 479; x_wconf 89' lang='lat' dir='ltr'><strong>robur</strong></span> 
     </span>
    </p>
   </div>
   <div class='ocr_carea' id='block_1_3' title="bbox 189 518 1802 614">
    <p class='ocr_par' dir='ltr' id='par_1_3' title="bbox 189 518 1802 614">
     <span class='ocr_line' id='line_1_3' title="bbox 189 518 1802 614; baseline -0.018 -14"><span class='ocrx_word' id='word_1_15' title='bbox 189 550 429 614; x_wconf 78' lang='lat' dir='ltr'><strong>spectare</strong></span> <span class='ocrx_word' id='word_1_16' title='bbox 452 534 697 607; x_wconf 90' lang='lat' dir='ltr'><strong>possint;</strong></span> <span class='ocrx_word' id='word_1_17' title='bbox 721 531 951 601; x_wconf 98' lang='lat' dir='ltr'><strong>hincque</strong></span> <span class='ocrx_word' id='word_1_18' title='bbox 982 526 1159 583; x_wconf 90' lang='lat' dir='ltr'><strong>videas</strong></span> <span class='ocrx_word' id='word_1_19' title='bbox 1189 524 1597 579; x_wconf 88' lang='lat' dir='ltr'><strong>innumerorum</strong></span> <span class='ocrx_word' id='word_1_20' title='bbox 1626 518 1802 573; x_wconf 86' lang='lat' dir='ltr'><strong>homi-</strong></span> 
     </span>
    </p>
   </div>
   <div class='ocr_carea' id='block_1_4' title="bbox 189 610 1805 695">
    <p class='ocr_par' dir='ltr' id='par_1_4' title="bbox 189 610 1805 695">
     <span class='ocr_line' id='line_1_4' title="bbox 189 610 1805 695; baseline -0.016 -4"><span class='ocrx_word' id='word_1_21' title='bbox 189 610 312 691; x_wconf 78' lang='lat' dir='ltr'><strong>num</strong></span> <span class='ocrx_word' id='word_1_22' title='bbox 361 629 673 692; x_wconf 83' lang='lat' dir='ltr'><strong>theatrum,</strong></span> <span class='ocrx_word' id='word_1_23' title='bbox 722 623 813 695; x_wconf 85' lang='lat' dir='ltr'><strong>qui</strong></span> <span class='ocrx_word' id='word_1_24' title='bbox 862 622 913 677; x_wconf 93' lang='lat' dir='ltr'><strong>in</strong></span> <span class='ocrx_word' id='word_1_25' title='bbox 957 634 1017 676; x_wconf 83' lang='lat' dir='ltr'><strong>ea</strong></span> <span class='ocrx_word' id='word_1_26' title='bbox 1050 633 1111 673; x_wconf 91' lang='lat' dir='ltr'><strong>re</strong></span> <span class='ocrx_word' id='word_1_27' title='bbox 1153 625 1209 673; x_wconf 90' lang='lat' dir='ltr'><strong>et</strong></span> <span class='ocrx_word' id='word_1_28' title='bbox 1250 615 1445 670; x_wconf 88' lang='lat' dir='ltr'><strong>mentis</strong></span> <span class='ocrx_word' id='word_1_29' title='bbox 1475 621 1530 668; x_wconf 89' lang='lat' dir='ltr'><strong>et</strong></span> <span class='ocrx_word' id='word_1_30' title='bbox 1558 610 1805 682; x_wconf 84' lang='lat' dir='ltr'><strong>corporis</strong></span> 
     </span>
    </p>
   </div>
   <div class='ocr_carea' id='block_1_5' title="bbox 190 704 1802 784">
    <p class='ocr_par' dir='ltr' id='par_1_5' title="bbox 190 704 1802 784">
     <span class='ocr_line' id='line_1_5' title="bbox 190 704 1802 784; baseline -0.017 0"><span class='ocrx_word' id='word_1_31' title='bbox 190 726 364 783; x_wconf 81' lang='lat' dir='ltr'><strong>oculis</strong></span> <span class='ocrx_word' id='word_1_32' title='bbox 390 724 492 780; x_wconf 91' lang='lat' dir='ltr'><strong>toti</strong></span> <span class='ocrx_word' id='word_1_33' title='bbox 522 720 876 784; x_wconf 90' lang='lat' dir='ltr'><strong>incumbunt,</strong></span> <span class='ocrx_word' id='word_1_34' title='bbox 906 724 963 769; x_wconf 87' lang='grc' dir='ltr'><strong>ιιι</strong></span> <span class='ocrx_word' id='word_1_35' title='bbox 991 712 1120 768; x_wconf 81' lang='lat' dir='ltr'><strong>nihil</strong></span> <span class='ocrx_word' id='word_1_36' title='bbox 1147 709 1213 765; x_wconf 92' lang='lat' dir='ltr'><strong>ad</strong></span> <span class='ocrx_word' id='word_1_37' title='bbox 1242 706 1605 780; x_wconf 84' lang='lat' dir='ltr'><strong>spectaculum</strong></span> <span class='ocrx_word' id='word_1_38' title='bbox 1635 704 1802 776; x_wconf 86' lang='lat' dir='ltr'><strong>perti-</strong></span> 
     </span>
    </p>
   </div>
   <div class='ocr_carea' id='block_1_6' title="bbox 190 797 1807 889">
    <p class='ocr_par' dir='ltr' id='par_1_6' title="bbox 190 797 1807 889">
     <span class='ocr_line' id='line_1_6' title="bbox 190 797 1807 889; baseline -0.018 -12"><span class='ocrx_word' id='word_1_39' title='bbox 190 836 321 876; x_wconf 86' lang='lat' dir='ltr'><strong>nens</strong></span> <span class='ocrx_word' id='word_1_40' title='bbox 350 833 413 875; x_wconf 89' lang='lat' dir='ltr'><strong>se</strong></span> <span class='ocrx_word' id='word_1_41' title='bbox 458 814 740 889; x_wconf 76' lang='lat' dir='ltr'><strong>praeterire</strong></span> <span class='ocrx_word' id='word_1_42' title='bbox 769 809 957 881; x_wconf 82' lang='lat' dir='ltr'><strong>possit.</strong></span> <span class='ocrx_word' id='word_1_43' title='bbox 987 807 1123 862; x_wconf 89' lang='lat' dir='ltr'><strong>Tum</strong></span> <span class='ocrx_word' id='word_1_44' title='bbox 1152 805 1196 858; x_wconf 92' lang='lat' dir='ltr'><strong>si</strong></span> <span class='ocrx_word' id='word_1_45' title='bbox 1225 803 1346 874; x_wconf 83' lang='lat' dir='ltr'><strong>quis</strong></span> <span class='ocrx_word' id='word_1_46' title='bbox 1375 800 1608 855; x_wconf 78' lang='lat' dir='ltr'><strong>eximius</strong></span> <span class='ocrx_word' id='word_1_47' title='bbox 1640 797 1807 851; x_wconf 84' lang='lat' dir='ltr'><strong>musi-</strong></span> 
     </span>
    </p>
   </div>
   <div class='ocr_carea' id='block_1_7' title="bbox 187 890 1804 975">
    <p class='ocr_par' dir='ltr' id='par_1_7' title="bbox 187 890 1804 975">
     <span class='ocr_line' id='line_1_7' title="bbox 187 890 1804 975; baseline -0.019 -6"><span class='ocrx_word' id='word_1_48' title='bbox 187 927 282 969; x_wconf 84' lang='lat' dir='ltr'><strong>cus</strong></span> <span class='ocrx_word' id='word_1_49' title='bbox 299 906 696 968; x_wconf 87' lang='lat' dir='ltr'><strong>adventaverit,</strong></span> <span class='ocrx_word' id='word_1_50' title='bbox 719 904 770 958; x_wconf 90' lang='lat' dir='ltr'><strong>hi</strong></span> <span class='ocrx_word' id='word_1_51' title='bbox 794 915 983 959; x_wconf 89' lang='lat' dir='ltr'><strong>omnes</strong></span> <span class='ocrx_word' id='word_1_52' title='bbox 999 898 1248 954; x_wconf 79' lang='lat' dir='ltr'><strong>similiter</strong></span> <span class='ocrx_word' id='word_1_53' title='bbox 1264 894 1533 975; x_wconf 75' lang='lat' dir='ltr'><strong>theatrum</strong></span> <span class='ocrx_word' id='word_1_54' title='bbox 1559 890 1804 961; x_wconf 78' lang='lat' dir='ltr'><strong>implent,</strong></span> 
     </span>
    </p>
   </div>
   <div class='ocr_carea' id='block_1_8' title="bbox 192 983 1806 1074">
    <p class='ocr_par' dir='ltr' id='par_1_8' title="bbox 192 983 1806 1074">
     <span class='ocr_line' id='line_1_8' title="bbox 192 983 1806 1074; baseline -0.015 -13"><span class='ocrx_word' id='word_1_55' title='bbox 192 1005 482 1074; x_wconf 80' lang='lat' dir='ltr'><strong>missisque</strong></span> <span class='ocrx_word' id='word_1_56' title='bbox 506 999 758 1057; x_wconf 91' lang='lat' dir='ltr'><strong>omnibus</strong></span> <span class='ocrx_word' id='word_1_57' title='bbox 798 1011 918 1066; x_wconf 76' lang='lat' dir='ltr'><strong>qua:</strong></span> <span class='ocrx_word' id='word_1_58' title='bbox 947 1008 1058 1065; x_wconf 77' lang='lat' dir='ltr'><strong>prze</strong></span> <span class='ocrx_word' id='word_1_59' title='bbox 1089 990 1341 1046; x_wconf 88' lang='lat' dir='ltr'><strong>manibus</strong></span> <span class='ocrx_word' id='word_1_60' title='bbox 1367 986 1589 1050; x_wconf 90' lang='lat' dir='ltr'><strong>habent,</strong></span> <span class='ocrx_word' id='word_1_61' title='bbox 1614 983 1715 1039; x_wconf 87' lang='lat' dir='ltr'><strong>etsi</strong></span> <span class='ocrx_word' id='word_1_62' title='bbox 1742 997 1806 1037; x_wconf 90' lang='lat' dir='ltr'><strong>ea</strong></span> 
     </span>
    </p>
   </div>
   <div class='ocr_carea' id='block_1_9' title="bbox 187 1076 1807 1169">
    <p class='ocr_par' dir='ltr' id='par_1_9' title="bbox 187 1076 1807 1169">
     <span class='ocr_line' id='line_1_9' title="bbox 187 1076 1807 1169; baseline -0.017 -13"><span class='ocrx_word' id='word_1_63' title='bbox 187 1113 332 1169; x_wconf 62' lang='lat' dir='ltr'><strong>sape</strong></span> <span class='ocrx_word' id='word_1_64' title='bbox 372 1092 683 1152; x_wconf 84' lang='lat' dir='ltr'><strong>necessaria</strong></span> <span class='ocrx_word' id='word_1_65' title='bbox 710 1090 821 1147; x_wconf 92' lang='lat' dir='ltr'><strong>sint</strong></span> <span class='ocrx_word' id='word_1_66' title='bbox 848 1098 899 1145; x_wconf 91' lang='lat' dir='ltr'><strong>et</strong></span> <span class='ocrx_word' id='word_1_67' title='bbox 933 1084 1177 1158; x_wconf 87' lang='lat' dir='ltr'><strong>urgentia</strong></span> <span class='ocrx_word' id='word_1_68' title='bbox 1202 1123 1219 1150; x_wconf 91' lang='lat'><strong>,</strong></span> <span class='ocrx_word' id='word_1_69' title='bbox 1262 1093 1564 1137; x_wconf 90' lang='lat' dir='ltr'><strong>conscenso</strong></span> <span class='ocrx_word' id='word_1_70' title='bbox 1597 1076 1807 1131; x_wconf 85' lang='lat' dir='ltr'><strong>theatro</strong></span> 
     </span>
    </p>
   </div>
   <div class='ocr_carea' id='block_1_10' title="bbox 187 1177 1805 1257">
    <p class='ocr_par' dir='ltr' id='par_1_10' title="bbox 187 1177 1805 1257">
     <span class='ocr_line' id='line_1_10' title="bbox 187 1177 1805 1257; baseline -0.017 -9"><span class='ocrx_word' id='word_1_71' title='bbox 187 1192 400 1257; x_wconf 82' lang='lat' dir='ltr'><strong>sedent,</strong></span> <span class='ocrx_word' id='word_1_72' title='bbox 424 1186 773 1256; x_wconf 81' lang='lat' dir='ltr'><strong>studioseque</strong></span> <span class='ocrx_word' id='word_1_73' title='bbox 792 1190 1012 1237; x_wconf 90' lang='lat' dir='ltr'><strong>cantum</strong></span> <span class='ocrx_word' id='word_1_74' title='bbox 1032 1188 1086 1233; x_wconf 92' lang='lat' dir='ltr'><strong>et</strong></span> <span class='ocrx_word' id='word_1_75' title='bbox 1106 1177 1597 1231; x_wconf 88' lang='lat' dir='ltr'><strong>instrumentorum</strong></span> <span class='ocrx_word' id='word_1_76' title='bbox 1612 1183 1805 1224; x_wconf 89' lang='lat' dir='ltr'><strong>sonum</strong></span> 
     </span>
    </p>
   </div>
   <div class='ocr_carea' id='block_1_11' title="bbox 187 1262 1807 1355">
    <p class='ocr_par' dir='ltr' id='par_1_11' title="bbox 187 1262 1807 1355">
     <span class='ocr_line' id='line_1_11' title="bbox 187 1262 1807 1355; baseline -0.016 -12"><span class='ocrx_word' id='word_1_77' title='bbox 187 1284 560 1355; x_wconf 78' lang='lat' dir='ltr'><strong>excipientes,</strong></span> <span class='ocrx_word' id='word_1_78' title='bbox 591 1279 660 1334; x_wconf 91' lang='lat' dir='ltr'><strong>de</strong></span> <span class='ocrx_word' id='word_1_79' title='bbox 686 1286 1041 1345; x_wconf 90' lang='lat' dir='ltr'><strong>utrorumque</strong></span> <span class='ocrx_word' id='word_1_80' title='bbox 1084 1278 1356 1327; x_wconf 86' lang='lat' dir='ltr'><strong>concentu</strong></span> <span class='ocrx_word' id='word_1_81' title='bbox 1383 1267 1683 1337; x_wconf 80' lang='lat' dir='ltr'><strong>disputant.</strong></span> <span class='ocrx_word' id='word_1_82' title='bbox 1731 1262 1807 1318; x_wconf 85' lang='lat' dir='ltr'><strong>lia</strong></span> 
     </span>
    </p>
   </div>
   <div class='ocr_carea' id='block_1_12' title="bbox 188 1355 1811 1450">
    <p class='ocr_par' dir='ltr' id='par_1_12' title="bbox 188 1355 1811 1450">
     <span class='ocr_line' id='line_1_12' title="bbox 188 1355 1811 1450; baseline -0.015 -16"><span class='ocrx_word' id='word_1_83' title='bbox 188 1377 408 1450; x_wconf 82' lang='lat' dir='ltr'><strong>quidem</strong></span> <span class='ocrx_word' id='word_1_84' title='bbox 439 1372 622 1430; x_wconf 90' lang='lat' dir='ltr'><strong>multi.</strong></span> <span class='ocrx_word' id='word_1_85' title='bbox 649 1370 751 1439; x_wconf 91' lang='lat' dir='ltr'><strong>Qui</strong></span> <span class='ocrx_word' id='word_1_86' title='bbox 781 1377 960 1425; x_wconf 90' lang='lat' dir='ltr'><strong>autem</strong></span> <span class='ocrx_word' id='word_1_87' title='bbox 989 1366 1043 1421; x_wconf 92' lang='lat' dir='ltr'><strong>in</strong></span> <span class='ocrx_word' id='word_1_88' title='bbox 1067 1361 1354 1420; x_wconf 87' lang='lat' dir='ltr'><strong>rhetoricis</strong></span> <span class='ocrx_word' id='word_1_89' title='bbox 1375 1360 1529 1432; x_wconf 90' lang='lat' dir='ltr'><strong>periti</strong></span> <span class='ocrx_word' id='word_1_90' title='bbox 1550 1365 1697 1450; x_wconf 83' lang='lat' dir='ltr'><strong>sunt,</strong></span> <span class='ocrx_word' id='word_1_91' title='bbox 1729 1355 1811 1410; x_wconf 80' lang='lat' dir='ltr'><strong>id-</strong></span> 
     </span>
    </p>
   </div>
   <div class='ocr_carea' id='block_1_13' title="bbox 188 1448 1809 1541">
    <p class='ocr_par' dir='ltr' id='par_1_13' title="bbox 188 1448 1809 1541">
     <span class='ocr_line' id='line_1_13' title="bbox 188 1448 1809 1541; baseline -0.016 -15"><span class='ocrx_word' id='word_1_92' title='bbox 188 1448 363 1541; x_wconf 65' lang='lat' dir='ltr'><strong>ipsum</strong></span> <span class='ocrx_word' id='word_1_93' title='bbox 406 1482 535 1538; x_wconf 85' lang='lat' dir='ltr'><strong>erga</strong></span> <span class='ocrx_word' id='word_1_94' title='bbox 575 1462 848 1535; x_wconf 88' lang='lat' dir='ltr'><strong>sophistas</strong></span> <span class='ocrx_word' id='word_1_95' title='bbox 878 1458 954 1534; x_wconf 91' lang='lat' dir='ltr'><strong>(a)</strong></span> <span class='ocrx_word' id='word_1_96' title='bbox 992 1463 1269 1529; x_wconf 66' lang='lat' dir='ltr'><strong>praestant.</strong></span> <span class='ocrx_word' id='word_1_97' title='bbox 1301 1450 1436 1508; x_wconf 89' lang='lat' dir='ltr'><strong>Nam</strong></span> <span class='ocrx_word' id='word_1_98' title='bbox 1477 1448 1621 1521; x_wconf 88' lang='lat' dir='ltr'><strong>apud</strong></span> <span class='ocrx_word' id='word_1_99' title='bbox 1675 1450 1809 1502; x_wconf 88' lang='lat' dir='ltr'><strong>istos</strong></span> 
     </span>
    </p>
   </div>
   <div class='ocr_carea' id='block_1_14' title="bbox 188 1540 1804 1635">
    <p class='ocr_par' dir='ltr' id='par_1_14' title="bbox 188 1540 1804 1635">
     <span class='ocr_line' id='line_1_14' title="bbox 188 1540 1804 1635; baseline -0.015 -17"><span class='ocrx_word' id='word_1_100' title='bbox 188 1540 406 1635; x_wconf 84' lang='lat' dir='ltr'><strong>quoque</strong></span> <span class='ocrx_word' id='word_1_101' title='bbox 436 1560 648 1613; x_wconf 88' lang='lat' dir='ltr'><strong>theatra</strong></span> <span class='ocrx_word' id='word_1_102' title='bbox 677 1561 880 1611; x_wconf 86' lang='lat' dir='ltr'><strong>suntet</strong></span> <span class='ocrx_word' id='word_1_103' title='bbox 903 1549 1199 1615; x_wconf 82' lang='lat' dir='ltr'><strong>auditores,</strong></span> <span class='ocrx_word' id='word_1_104' title='bbox 1230 1546 1476 1616; x_wconf 85' lang='lat' dir='ltr'><strong>plausus,</strong></span> <span class='ocrx_word' id='word_1_105' title='bbox 1506 1540 1769 1611; x_wconf 87' lang='lat' dir='ltr'><strong>strepitus</strong></span> <span class='ocrx_word' id='word_1_106' title='bbox 1789 1581 1804 1606; x_wconf 92' lang='lat'><strong>,</strong></span> 
     </span>
    </p>
   </div>
   <div class='ocr_carea' id='block_1_15' title="bbox 187 1635 1805 1717">
    <p class='ocr_par' dir='ltr' id='par_1_15' title="bbox 187 1635 1805 1717">
     <span class='ocr_line' id='line_1_15' title="bbox 187 1635 1805 1717; baseline -0.017 -3"><span class='ocrx_word' id='word_1_107' title='bbox 187 1666 242 1715; x_wconf 86' lang='lat' dir='ltr'><strong>et</strong></span> <span class='ocrx_word' id='word_1_108' title='bbox 281 1656 556 1712; x_wconf 90' lang='lat' dir='ltr'><strong>dictorum</strong></span> <span class='ocrx_word' id='word_1_109' title='bbox 585 1663 820 1707; x_wconf 77' lang='lat' dir='ltr'><strong>examen</strong></span> <span class='ocrx_word' id='word_1_110' title='bbox 845 1642 1193 1717; x_wconf 85' lang='lat' dir='ltr'><strong>exquisitum.</strong></span> <span class='ocrx_word' id='word_1_111' title='bbox 1227 1639 1381 1710; x_wconf 86' lang='lat' dir='ltr'><strong>Quod</strong></span> <span class='ocrx_word' id='word_1_112' title='bbox 1414 1638 1459 1693; x_wconf 88' lang='lat' dir='ltr'><strong>si</strong></span> <span class='ocrx_word' id='word_1_113' title='bbox 1482 1635 1761 1692; x_wconf 88' lang='lat' dir='ltr'><strong>rhetorum</strong></span> <span class='ocrx_word' id='word_1_114' title='bbox 1790 1675 1805 1700; x_wconf 84' lang='lat'><strong>,</strong></span> 
     </span>
    </p>
   </div>
   <div class='ocr_carea' id='block_1_16' title="bbox 189 1726 1811 1810">
    <p class='ocr_par' dir='ltr' id='par_1_16' title="bbox 189 1726 1811 1810">
     <span class='ocr_line' id='line_1_16' title="bbox 189 1726 1811 1810; baseline -0.017 -4"><span class='ocrx_word' id='word_1_115' title='bbox 189 1748 470 1806; x_wconf 83' lang='lat' dir='ltr'><strong>tibicinum</strong></span> <span class='ocrx_word' id='word_1_116' title='bbox 498 1743 937 1810; x_wconf 88' lang='lat' dir='ltr'><strong>athletarumque</strong></span> <span class='ocrx_word' id='word_1_117' title='bbox 968 1751 1064 1792; x_wconf 90' lang='lat' dir='ltr'><strong>seu</strong></span> <span class='ocrx_word' id='word_1_118' title='bbox 1094 1742 1451 1806; x_wconf 84' lang='lat' dir='ltr'><strong>spectatores,</strong></span> <span class='ocrx_word' id='word_1_119' title='bbox 1474 1744 1571 1786; x_wconf 89' lang='lat' dir='ltr'><strong>seu</strong></span> <span class='ocrx_word' id='word_1_120' title='bbox 1598 1726 1811 1783; x_wconf 88' lang='lat' dir='ltr'><strong>audito-</strong></span> 
     </span>
    </p>
   </div>
   <div class='ocr_carea' id='block_1_17' title="bbox 190 1820 1805 1904">
    <p class='ocr_par' dir='ltr' id='par_1_17' title="bbox 190 1820 1805 1904">
     <span class='ocr_line' id='line_1_17' title="bbox 190 1820 1805 1904; baseline -0.016 -6"><span class='ocrx_word' id='word_1_121' title='bbox 190 1856 279 1899; x_wconf 86' lang='lat' dir='ltr'><strong>res</strong></span> <span class='ocrx_word' id='word_1_122' title='bbox 306 1837 472 1895; x_wconf 87' lang='lat' dir='ltr'><strong>simul</strong></span> <span class='ocrx_word' id='word_1_123' title='bbox 500 1844 556 1892; x_wconf 89' lang='lat' dir='ltr'><strong>et</strong></span> <span class='ocrx_word' id='word_1_124' title='bbox 583 1841 934 1904; x_wconf 86' lang='lat' dir='ltr'><strong>spectatores,</strong></span> <span class='ocrx_word' id='word_1_125' title='bbox 952 1843 1076 1884; x_wconf 88' lang='lat' dir='ltr'><strong>cum</strong></span> <span class='ocrx_word' id='word_1_126' title='bbox 1095 1835 1245 1882; x_wconf 87' lang='lat' dir='ltr'><strong>tanta</strong></span> <span class='ocrx_word' id='word_1_127' title='bbox 1264 1823 1453 1880; x_wconf 89' lang='lat' dir='ltr'><strong>sedent</strong></span> <span class='ocrx_word' id='word_1_128' title='bbox 1471 1820 1805 1877; x_wconf 91' lang='lat' dir='ltr'><strong>attentione:</strong></span> 
     </span>
    </p>
   </div>
   <div class='ocr_carea' id='block_1_18' title="bbox 187 1912 1810 2004">
    <p class='ocr_par' dir='ltr' id='par_1_18' title="bbox 187 1912 1810 2004">
     <span class='ocr_line' id='line_1_18' title="bbox 187 1912 1810 2004; baseline -0.014 -17"><span class='ocrx_word' id='word_1_129' title='bbox 187 1938 449 2004; x_wconf 86' lang='lat' dir='ltr'><strong>quantum</strong></span> <span class='ocrx_word' id='word_1_130' title='bbox 479 1925 666 1992; x_wconf 88' lang='lat' dir='ltr'><strong>studii,</strong></span> <span class='ocrx_word' id='word_1_131' title='bbox 698 1930 958 1996; x_wconf 85' lang='lat' dir='ltr'><strong>quantum</strong></span> <span class='ocrx_word' id='word_1_132' title='bbox 979 1918 1274 1990; x_wconf 72' lang='lat' dir='ltr'><strong>diligentia:</strong></span> <span class='ocrx_word' id='word_1_133' title='bbox 1299 1929 1397 1970; x_wconf 91' lang='lat' dir='ltr'><strong>vos</strong></span> <span class='ocrx_word' id='word_1_134' title='bbox 1425 1912 1687 2004; x_wconf 86' lang='lat' dir='ltr'><strong>adhibere</strong></span> <span class='ocrx_word' id='word_1_135' title='bbox 1710 1926 1810 2004; x_wconf 68' lang='lat' dir='ltr'><strong>par</strong></span> 
     </span>
    </p>
   </div>
   <div class='ocr_carea' id='block_1_19' title="bbox 188 2002 1813 2091">
    <p class='ocr_par' dir='ltr' id='par_1_19' title="bbox 188 2002 1813 2091">
     <span class='ocr_line' id='line_1_19' title="bbox 188 2002 1813 2091; baseline -0.016 -9"><span class='ocrx_word' id='word_1_136' title='bbox 188 2002 275 2082; x_wconf 77' lang='lat' dir='ltr'><strong>est</strong></span> <span class='ocrx_word' id='word_1_137' title='bbox 298 2066 317 2091; x_wconf 87' lang='lat'><strong>,</strong></span> <span class='ocrx_word' id='word_1_138' title='bbox 351 2037 477 2079; x_wconf 91' lang='lat' dir='ltr'><strong>cum</strong></span> <span class='ocrx_word' id='word_1_139' title='bbox 511 2020 622 2090; x_wconf 86' lang='lat' dir='ltr'><strong>jam</strong></span> <span class='ocrx_word' id='word_1_140' title='bbox 653 2032 757 2072; x_wconf 89' lang='lat' dir='ltr'><strong>non</strong></span> <span class='ocrx_word' id='word_1_141' title='bbox 790 2015 988 2071; x_wconf 83' lang='lat' dir='ltr'><strong>tibicen</strong></span> <span class='ocrx_word' id='word_1_142' title='bbox 1013 2051 1032 2079; x_wconf 89' lang='lat'><strong>,</strong></span> <span class='ocrx_word' id='word_1_143' title='bbox 1061 2026 1171 2067; x_wconf 92' lang='lat' dir='ltr'><strong>non</strong></span> <span class='ocrx_word' id='word_1_144' title='bbox 1198 2007 1438 2080; x_wconf 85' lang='lat' dir='ltr'><strong>sophista</strong></span> <span class='ocrx_word' id='word_1_145' title='bbox 1464 2046 1481 2073; x_wconf 87' lang='lat'><strong>,</strong></span> <span class='ocrx_word' id='word_1_146' title='bbox 1510 2003 1607 2060; x_wconf 89' lang='lat' dir='ltr'><strong>sed</strong></span> <span class='ocrx_word' id='word_1_147' title='bbox 1637 2003 1719 2059; x_wconf 90' lang='lat' dir='ltr'><strong>vir</strong></span> <span class='ocrx_word' id='word_1_148' title='bbox 1742 2002 1813 2058; x_wconf 90' lang='lat' dir='ltr'><strong>de</strong></span> 
     </span>
    </p>
   </div>
   <div class='ocr_carea' id='block_1_20' title="bbox 185 2096 1810 2172">
    <p class='ocr_par' dir='ltr' id='par_1_20' title="bbox 185 2096 1810 2172">
     <span class='ocr_line' id='line_1_20' title="bbox 185 2096 1810 2172; baseline -0.015 -1"><span class='ocrx_word' id='word_1_149' title='bbox 185 2115 325 2172; x_wconf 67' lang='lat' dir='ltr'><strong>caelo</strong></span> <span class='ocrx_word' id='word_1_150' title='bbox 352 2112 561 2169; x_wconf 86' lang='lat' dir='ltr'><strong>tonitru</strong></span> <span class='ocrx_word' id='word_1_151' title='bbox 585 2108 871 2165; x_wconf 84' lang='lat' dir='ltr'><strong>clariorem</strong></span> <span class='ocrx_word' id='word_1_152' title='bbox 902 2105 1159 2162; x_wconf 88' lang='lat' dir='ltr'><strong>emitteus</strong></span> <span class='ocrx_word' id='word_1_153' title='bbox 1194 2114 1387 2155; x_wconf 85' lang='lat' dir='ltr'><strong>vocem</strong></span> <span class='ocrx_word' id='word_1_154' title='bbox 1415 2098 1431 2129; x_wconf 80' lang='grc' dir='ltr'>ί</span> <span class='ocrx_word' id='word_1_155' title='bbox 1454 2139 1469 2164; x_wconf 85' lang='grc'><em>,</em></span> <span class='ocrx_word' id='word_1_156' title='bbox 1495 2096 1564 2152; x_wconf 89' lang='lat' dir='ltr'><strong>ad</strong></span> <span class='ocrx_word' id='word_1_157' title='bbox 1596 2102 1810 2164; x_wconf 88' lang='lat' dir='ltr'><strong>speeta-</strong></span> 
     </span>
    </p>
   </div>
   <div class='ocr_carea' id='block_1_21' title="bbox 185 2187 1813 2265">
    <p class='ocr_par' dir='ltr' id='par_1_21' title="bbox 185 2187 1813 2265">
     <span class='ocr_line' id='line_1_21' title="bbox 185 2187 1813 2265; baseline -0.015 -1"><span class='ocrx_word' id='word_1_158' title='bbox 185 2208 370 2264; x_wconf 86' lang='lat' dir='ltr'><strong>culum</strong></span> <span class='ocrx_word' id='word_1_159' title='bbox 398 2218 498 2258; x_wconf 89' lang='lat' dir='ltr'><strong>vos</strong></span> <span class='ocrx_word' id='word_1_160' title='bbox 518 2200 745 2258; x_wconf 75' lang='lat' dir='ltr'><strong>evocet?</strong></span> <span class='ocrx_word' id='word_1_161' title='bbox 774 2196 970 2254; x_wconf 86' lang='lat' dir='ltr'><strong>Totum</strong></span> <span class='ocrx_word' id='word_1_162' title='bbox 999 2194 1201 2265; x_wconf 84' lang='lat' dir='ltr'><strong>quippe</strong></span> <span class='ocrx_word' id='word_1_163' title='bbox 1226 2191 1414 2246; x_wconf 90' lang='lat' dir='ltr'><strong>orbem</strong></span> <span class='ocrx_word' id='word_1_164' title='bbox 1444 2188 1547 2243; x_wconf 92' lang='lat' dir='ltr'><strong>hoc</strong></span> <span class='ocrx_word' id='word_1_165' title='bbox 1574 2187 1813 2247; x_wconf 87' lang='lat' dir='ltr'><strong>clamore</strong></span> 
     </span>
    </p>
   </div>
   <div class='ocr_carea' id='block_1_22' title="bbox 186 2271 1814 2369">
    <p class='ocr_par' dir='ltr' id='par_1_22' title="bbox 186 2271 1814 2369">
     <span class='ocr_line' id='line_1_22' title="bbox 186 2271 1814 2369; baseline -0.016 -12"><span class='ocrx_word' id='word_1_166' title='bbox 186 2296 496 2369; x_wconf 79' lang='lat' dir='ltr'><strong>occupavit,</strong></span> <span class='ocrx_word' id='word_1_167' title='bbox 518 2288 953 2364; x_wconf 90' lang='lat' dir='ltr'><strong>comprehendit;</strong></span> <span class='ocrx_word' id='word_1_168' title='bbox 977 2271 1239 2358; x_wconf 81' lang='lat' dir='ltr'><strong>implevit,</strong></span> <span class='ocrx_word' id='word_1_169' title='bbox 1271 2298 1381 2339; x_wconf 89' lang='lat' dir='ltr'><strong>non</strong></span> <span class='ocrx_word' id='word_1_170' title='bbox 1410 2280 1667 2337; x_wconf 90' lang='lat' dir='ltr'><strong>clamoris</strong></span> <span class='ocrx_word' id='word_1_171' title='bbox 1700 2293 1814 2333; x_wconf 87' lang='lat' dir='ltr'><strong>nia-</strong></span> 
     </span>
    </p>
   </div>
   <div class='ocr_carea' id='block_1_23' title="bbox 185 2375 1810 2464">
    <p class='ocr_par' dir='ltr' id='par_1_23' title="bbox 185 2375 1810 2464">
     <span class='ocr_line' id='line_1_23' title="bbox 185 2375 1810 2464; baseline -0.015 -17"><span class='ocrx_word' id='word_1_172' title='bbox 185 2391 496 2464; x_wconf 84' lang='lat' dir='ltr'><strong>gnitudine,</strong></span> <span class='ocrx_word' id='word_1_173' title='bbox 518 2387 613 2443; x_wconf 89' lang='lat' dir='ltr'><strong>sed</strong></span> <span class='ocrx_word' id='word_1_174' title='bbox 646 2387 824 2456; x_wconf 88' lang='lat' dir='ltr'><strong>lingua</strong></span> <span class='ocrx_word' id='word_1_175' title='bbox 842 2398 911 2439; x_wconf 87' lang='lat' dir='ltr'><strong>ex</strong></span> <span class='ocrx_word' id='word_1_176' title='bbox 936 2382 1135 2438; x_wconf 65' lang='lat' dir='ltr'><strong>divinae</strong></span> <span class='ocrx_word' id='word_1_177' title='bbox 1158 2379 1348 2451; x_wconf 74' lang='lat' dir='ltr'><strong>gratia:</strong></span> <span class='ocrx_word' id='word_1_178' title='bbox 1368 2383 1515 2431; x_wconf 89' lang='lat' dir='ltr'><strong>motu</strong></span> <span class='ocrx_word' id='word_1_179' title='bbox 1534 2375 1810 2443; x_wconf 86' lang='lat' dir='ltr'><strong>loquente.</strong></span> 
     </span>
    </p>
   </div>
   <div class='ocr_carea' id='block_1_24' title="bbox 186 2470 1815 2554">
    <p class='ocr_par' dir='ltr' id='par_1_24' title="bbox 186 2470 1815 2554">
     <span class='ocr_line' id='line_1_24' title="bbox 186 2470 1815 2554; baseline -0.014 -15"><span class='ocrx_word' id='word_1_180' title='bbox 186 2482 459 2554; x_wconf 80' lang='lat' dir='ltr'><strong>Quodque</strong></span> <span class='ocrx_word' id='word_1_181' title='bbox 483 2480 682 2535; x_wconf 89' lang='lat' dir='ltr'><strong>mirum</strong></span> <span class='ocrx_word' id='word_1_182' title='bbox 713 2484 837 2544; x_wconf 88' lang='lat' dir='ltr'><strong>est,</strong></span> <span class='ocrx_word' id='word_1_183' title='bbox 877 2483 1058 2531; x_wconf 87' lang='lat' dir='ltr'><strong>tantus</strong></span> <span class='ocrx_word' id='word_1_184' title='bbox 1092 2471 1183 2527; x_wconf 90' lang='lat' dir='ltr'><strong>ille</strong></span> <span class='ocrx_word' id='word_1_185' title='bbox 1226 2470 1433 2526; x_wconf 88' lang='lat' dir='ltr'><strong>clamor</strong></span> <span class='ocrx_word' id='word_1_186' title='bbox 1456 2508 1471 2534; x_wconf 93' lang='lat'><strong>,</strong></span> <span class='ocrx_word' id='word_1_187' title='bbox 1519 2480 1625 2521; x_wconf 92' lang='lat' dir='ltr'><strong>non</strong></span> <span class='ocrx_word' id='word_1_188' title='bbox 1655 2479 1815 2535; x_wconf 88' lang='lat' dir='ltr'><strong>asper</strong></span> 
     </span>
    </p>
   </div>
   <div class='ocr_carea' id='block_1_25' title="bbox 186 2560 1817 2641">
    <p class='ocr_par' dir='ltr' id='par_1_25' title="bbox 186 2560 1817 2641">
     <span class='ocr_line' id='line_1_25' title="bbox 186 2560 1817 2641; baseline -0.012 -8"><span class='ocrx_word' id='word_1_189' title='bbox 186 2586 292 2641; x_wconf 90' lang='lat' dir='ltr'><strong>est,</strong></span> <span class='ocrx_word' id='word_1_190' title='bbox 329 2590 440 2630; x_wconf 90' lang='lat' dir='ltr'><strong>non</strong></span> <span class='ocrx_word' id='word_1_191' title='bbox 469 2571 741 2639; x_wconf 77' lang='lat' dir='ltr'><strong>insuavis,</strong></span> <span class='ocrx_word' id='word_1_192' title='bbox 775 2567 871 2625; x_wconf 89' lang='lat' dir='ltr'><strong>sed</strong></span> <span class='ocrx_word' id='word_1_193' title='bbox 901 2565 1050 2623; x_wconf 91' lang='lat' dir='ltr'><strong>omni</strong></span> <span class='ocrx_word' id='word_1_194' title='bbox 1082 2564 1288 2621; x_wconf 89' lang='lat' dir='ltr'><strong>musica</strong></span> <span class='ocrx_word' id='word_1_195' title='bbox 1316 2560 1599 2618; x_wconf 88' lang='lat' dir='ltr'><strong>harmonia</strong></span> <span class='ocrx_word' id='word_1_196' title='bbox 1620 2560 1817 2631; x_wconf 62' lang='lat' dir='ltr'><strong>jucuno</strong></span> 
     </span>
    </p>
   </div>
   <div class='ocr_carea' id='block_1_26' title="bbox 187 2652 1815 2730">
    <p class='ocr_par' dir='ltr' id='par_1_26' title="bbox 187 2652 1815 2730">
     <span class='ocr_line' id='line_1_26' title="bbox 187 2652 1815 2730; baseline -0.011 -5"><span class='ocrx_word' id='word_1_197' title='bbox 187 2670 315 2725; x_wconf 89' lang='lat' dir='ltr'><strong>dior</strong></span> <span class='ocrx_word' id='word_1_198' title='bbox 369 2676 426 2723; x_wconf 90' lang='lat' dir='ltr'><strong>et</strong></span> <span class='ocrx_word' id='word_1_199' title='bbox 470 2661 887 2721; x_wconf 87' lang='lat' dir='ltr'><strong>desiderabilior</strong></span> <span class='ocrx_word' id='word_1_200' title='bbox 955 2657 1322 2730; x_wconf 89' lang='lat' dir='ltr'><strong>captandique</strong></span> <span class='ocrx_word' id='word_1_201' title='bbox 1382 2653 1647 2724; x_wconf 88' lang='lat' dir='ltr'><strong>majorem</strong></span> <span class='ocrx_word' id='word_1_202' title='bbox 1706 2652 1815 2707; x_wconf 90' lang='lat' dir='ltr'><strong>vim</strong></span> 
     </span>
    </p>
   </div>
   <div class='ocr_carea' id='block_1_27' title="bbox 191 2746 1820 2830">
    <p class='ocr_par' dir='ltr' id='par_1_27' title="bbox 191 2746 1820 2830">
     <span class='ocr_line' id='line_1_27' title="bbox 191 2746 1820 2830; baseline -0.01 -12"><span class='ocrx_word' id='word_1_203' title='bbox 191 2761 440 2818; x_wconf 85' lang='lat' dir='ltr'><strong>habens:</strong></span> <span class='ocrx_word' id='word_1_204' title='bbox 463 2766 726 2830; x_wconf 71' lang='lat' dir='ltr'><strong>prmterea</strong></span> <span class='ocrx_word' id='word_1_205' title='bbox 754 2754 1130 2810; x_wconf 83' lang='lat' dir='ltr'><strong>sanctissimus</strong></span> <span class='ocrx_word' id='word_1_206' title='bbox 1158 2758 1280 2817; x_wconf 92' lang='lat' dir='ltr'><strong>est,</strong></span> <span class='ocrx_word' id='word_1_207' title='bbox 1305 2756 1361 2804; x_wconf 89' lang='lat' dir='ltr'><strong>et</strong></span> <span class='ocrx_word' id='word_1_208' title='bbox 1384 2746 1677 2803; x_wconf 90' lang='lat' dir='ltr'><strong>admodum</strong></span> <span class='ocrx_word' id='word_1_209' title='bbox 1711 2756 1820 2801; x_wconf 89' lang='lat' dir='ltr'><strong>tre-</strong></span> 
     </span>
    </p>
   </div>
   <div class='ocr_carea' id='block_1_28' title="bbox 189 2840 1820 2921">
    <p class='ocr_par' dir='ltr' id='par_1_28' title="bbox 189 2840 1820 2921">
     <span class='ocr_line' id='line_1_28' title="bbox 189 2840 1820 2921; baseline -0.012 -7"><span class='ocrx_word' id='word_1_210' title='bbox 189 2856 430 2914; x_wconf 84' lang='lat' dir='ltr'><strong>mendas</strong></span> <span class='ocrx_word' id='word_1_211' title='bbox 452 2896 471 2921; x_wconf 91' lang='lat'><strong>,</strong></span> <span class='ocrx_word' id='word_1_212' title='bbox 498 2862 581 2909; x_wconf 91' lang='lat' dir='ltr'><strong>tot</strong></span> <span class='ocrx_word' id='word_1_213' title='bbox 606 2849 824 2907; x_wconf 84' lang='lat' dir='ltr'><strong>arcanis</strong></span> <span class='ocrx_word' id='word_1_214' title='bbox 852 2849 1048 2921; x_wconf 90' lang='lat' dir='ltr'><strong>plenus</strong></span> <span class='ocrx_word' id='word_1_215' title='bbox 1069 2889 1083 2911; x_wconf 88' lang='lat'><strong>,</strong></span> <span class='ocrx_word' id='word_1_216' title='bbox 1119 2854 1198 2901; x_wconf 91' lang='lat' dir='ltr'><strong>tot</strong></span> <span class='ocrx_word' id='word_1_217' title='bbox 1226 2845 1366 2901; x_wconf 85' lang='lat' dir='ltr'><strong>bona</strong></span> <span class='ocrx_word' id='word_1_218' title='bbox 1393 2840 1685 2899; x_wconf 82' lang='lat' dir='ltr'><strong>conferens</strong></span> <span class='ocrx_word' id='word_1_219' title='bbox 1712 2883 1727 2905; x_wconf 94' lang='lat'><strong>,</strong></span> <span class='ocrx_word' id='word_1_220' title='bbox 1762 2849 1820 2895; x_wconf 91' lang='lat' dir='ltr'><strong>ut</strong></span> 
     </span>
    </p>
   </div>
   <div class='ocr_carea' id='block_1_29' title="bbox 189 2941 1819 3021">
    <p class='ocr_par' dir='ltr' id='par_1_29' title="bbox 189 2941 1819 3021">
     <span class='ocr_line' id='line_1_29' title="bbox 189 2941 1819 3021; baseline -0.008 -19"><span class='ocrx_word' id='word_1_221' title='bbox 189 2949 284 3021; x_wconf 85' lang='lat' dir='ltr'><strong>qni</strong></span> <span class='ocrx_word' id='word_1_222' title='bbox 314 2947 607 3018; x_wconf 73' lang='lat' dir='ltr'><strong>diligenter</strong></span> <span class='ocrx_word' id='word_1_223' title='bbox 636 2943 787 2999; x_wconf 92' lang='lat' dir='ltr'><strong>illum</strong></span> <span class='ocrx_word' id='word_1_224' title='bbox 813 2941 1094 3011; x_wconf 82' lang='lat' dir='ltr'><strong>excipiunt</strong></span> <span class='ocrx_word' id='word_1_225' title='bbox 1118 2947 1282 3008; x_wconf 83' lang='lat' dir='ltr'><strong>atque</strong></span> <span class='ocrx_word' id='word_1_226' title='bbox 1306 2944 1637 2993; x_wconf 83' lang='lat' dir='ltr'><strong>conservant</strong></span> <span class='ocrx_word' id='word_1_227' title='bbox 1662 2977 1676 3001; x_wconf 89' lang='lat'><strong>,</strong></span> <span class='ocrx_word' id='word_1_228' title='bbox 1710 2948 1819 2989; x_wconf 91' lang='lat' dir='ltr'><strong>nou</strong></span> 
     </span>
    </p>
   </div>
   <div class='ocr_carea' id='block_1_30' title="bbox 190 3028 1823 3115">
    <p class='ocr_par' dir='ltr' id='par_1_30' title="bbox 190 3028 1823 3115">
     <span class='ocr_line' id='line_1_30' title="bbox 190 3028 1823 3115; baseline -0.009 -17"><span class='ocrx_word' id='word_1_229' title='bbox 190 3044 301 3115; x_wconf 80' lang='lat' dir='ltr'><strong>jam</strong></span> <span class='ocrx_word' id='word_1_230' title='bbox 337 3040 585 3097; x_wconf 84' lang='lat' dir='ltr'><strong>homines</strong></span> <span class='ocrx_word' id='word_1_231' title='bbox 610 3038 739 3102; x_wconf 86' lang='lat' dir='ltr'><strong>sint,</strong></span> <span class='ocrx_word' id='word_1_232' title='bbox 763 3049 871 3091; x_wconf 89' lang='lat' dir='ltr'><strong>non</strong></span> <span class='ocrx_word' id='word_1_233' title='bbox 887 3035 999 3106; x_wconf 88' lang='lat' dir='ltr'><strong>jam</strong></span> <span class='ocrx_word' id='word_1_234' title='bbox 1028 3036 1081 3090; x_wconf 92' lang='lat' dir='ltr'><strong>in</strong></span> <span class='ocrx_word' id='word_1_235' title='bbox 1112 3043 1255 3089; x_wconf 90' lang='lat' dir='ltr'><strong>terra</strong></span> <span class='ocrx_word' id='word_1_236' title='bbox 1284 3040 1571 3096; x_wconf 89' lang='lat' dir='ltr'><strong>maneant;</strong></span> <span class='ocrx_word' id='word_1_237' title='bbox 1604 3028 1703 3085; x_wconf 90' lang='lat' dir='ltr'><strong>sed</strong></span> <span class='ocrx_word' id='word_1_238' title='bbox 1728 3044 1823 3084; x_wconf 89' lang='lat' dir='ltr'><strong>su-</strong></span> 
     </span>
    </p>
   </div>
   <div class='ocr_carea' id='block_1_31' title="bbox 192 3120 1819 3206">
    <p class='ocr_par' dir='ltr' id='par_1_31' title="bbox 192 3120 1819 3206">
     <span class='ocr_line' id='line_1_31' title="bbox 192 3120 1819 3206; baseline -0.01 -16"><span class='ocrx_word' id='word_1_239' title='bbox 192 3150 294 3206; x_wconf 87' lang='lat' dir='ltr'><strong>pra</strong></span> <span class='ocrx_word' id='word_1_240' title='bbox 325 3132 606 3189; x_wconf 72' lang='lat' dir='ltr'><strong>smlaria</strong></span> <span class='ocrx_word' id='word_1_241' title='bbox 630 3129 815 3184; x_wconf 86' lang='lat' dir='ltr'><strong>omnia</strong></span> <span class='ocrx_word' id='word_1_242' title='bbox 841 3136 896 3182; x_wconf 90' lang='lat' dir='ltr'><strong>et</strong></span> <span class='ocrx_word' id='word_1_243' title='bbox 922 3142 1045 3182; x_wconf 90' lang='lat' dir='ltr'><strong>cum</strong></span> <span class='ocrx_word' id='word_1_244' title='bbox 1068 3124 1279 3195; x_wconf 79' lang='lat' dir='ltr'><strong>angelis</strong></span> <span class='ocrx_word' id='word_1_245' title='bbox 1300 3134 1503 3180; x_wconf 87' lang='lat' dir='ltr'><strong>sortem</strong></span> <span class='ocrx_word' id='word_1_246' title='bbox 1536 3120 1819 3189; x_wconf 87' lang='lat' dir='ltr'><strong>habentes,</strong></span> 
     </span>
    </p>
   </div>
   <div class='ocr_carea' id='block_1_32' title="bbox 191 3212 1818 3295">
    <p class='ocr_par' dir='ltr' id='par_1_32' title="bbox 191 3212 1818 3295">
     <span class='ocr_line' id='line_1_32' title="bbox 191 3212 1818 3295; baseline -0.01 -12"><span class='ocrx_word' id='word_1_247' title='bbox 191 3236 403 3283; x_wconf 81' lang='lat' dir='ltr'><strong>terram</strong></span> <span class='ocrx_word' id='word_1_248' title='bbox 436 3222 589 3295; x_wconf 88' lang='lat' dir='ltr'><strong>quasi</strong></span> <span class='ocrx_word' id='word_1_249' title='bbox 618 3220 813 3278; x_wconf 73' lang='lat' dir='ltr'><strong>cadum</strong></span> <span class='ocrx_word' id='word_1_250' title='bbox 847 3218 1107 3275; x_wconf 91' lang='lat' dir='ltr'><strong>incolant.</strong></span> <span class='ocrx_word' id='word_1_251' title='bbox 1137 3216 1353 3273; x_wconf 86' lang='lat' dir='ltr'><strong>Etenim</strong></span> <span class='ocrx_word' id='word_1_252' title='bbox 1394 3214 1486 3271; x_wconf 89' lang='lat' dir='ltr'><strong>ille</strong></span> <span class='ocrx_word' id='word_1_253' title='bbox 1510 3213 1730 3269; x_wconf 89' lang='lat' dir='ltr'><strong>tonitrui</strong></span> <span class='ocrx_word' id='word_1_254' title='bbox 1762 3212 1818 3267; x_wconf 87' lang='lat' dir='ltr'><strong>ll-</strong></span> 
     </span>
    </p>
   </div>
   <div class='ocr_carea' id='block_1_33' title="bbox 190 3306 1822 3392">
    <p class='ocr_par' dir='ltr' id='par_1_33' title="bbox 190 3306 1822 3392">
     <span class='ocr_line' id='line_1_33' title="bbox 190 3306 1822 3392; baseline -0.011 -14"><span class='ocrx_word' id='word_1_255' title='bbox 190 3319 310 3378; x_wconf 81' lang='lat' dir='ltr'><strong>lius</strong></span> <span class='ocrx_word' id='word_1_256' title='bbox 334 3316 528 3392; x_wconf 66' lang='lat' dir='ltr'><strong>(Herc.</strong></span> <span class='ocrx_word' id='word_1_257' title='bbox 558 3315 611 3370; x_wconf 76' lang='grc' dir='ltr'><strong>ὃ.</strong></span> <span class='ocrx_word' id='word_1_258' title='bbox 648 3313 762 3386; x_wconf 70' lang='grc' dir='ltr'><strong>ιῖ).</strong></span> <span class='ocrx_word' id='word_1_259' title='bbox 782 3310 999 3367; x_wconf 89' lang='lat' dir='ltr'><strong>Christo</strong></span> <span class='ocrx_word' id='word_1_260' title='bbox 1020 3310 1282 3377; x_wconf 86' lang='lat' dir='ltr'><strong>dilectus,</strong></span> <span class='ocrx_word' id='word_1_261' title='bbox 1308 3309 1560 3365; x_wconf 85' lang='lat' dir='ltr'><strong>columna</strong></span> <span class='ocrx_word' id='word_1_262' title='bbox 1579 3306 1822 3361; x_wconf 90' lang='lat' dir='ltr'><strong>omnium</strong></span> 
     </span>
    </p>
   </div>
   <div class='ocr_carea' id='block_1_34' title="bbox 191 3398 1820 3485">
    <p class='ocr_par' dir='ltr' id='par_1_34' title="bbox 191 3398 1820 3485">
     <span class='ocr_line' id='line_1_34' title="bbox 191 3398 1820 3485; baseline -0.009 -16"><span class='ocrx_word' id='word_1_263' title='bbox 191 3428 330 3485; x_wconf 70' lang='lat' dir='ltr'><strong>quae</strong></span> <span class='ocrx_word' id='word_1_264' title='bbox 357 3407 407 3467; x_wconf 86' lang='lat' dir='ltr'><strong>in</strong></span> <span class='ocrx_word' id='word_1_265' title='bbox 436 3410 571 3466; x_wconf 90' lang='lat' dir='ltr'><strong>orbe</strong></span> <span class='ocrx_word' id='word_1_266' title='bbox 600 3416 729 3464; x_wconf 90' lang='lat' dir='ltr'><strong>sunt</strong></span> <span class='ocrx_word' id='word_1_267' title='bbox 754 3404 1144 3469; x_wconf 82' lang='lat' dir='ltr'><strong>Ecclesiarum,</strong></span> <span class='ocrx_word' id='word_1_268' title='bbox 1173 3403 1264 3474; x_wconf 89' lang='lat' dir='ltr'><strong>qui</strong></span> <span class='ocrx_word' id='word_1_269' title='bbox 1291 3402 1408 3457; x_wconf 72' lang='lat' dir='ltr'><strong>czeli</strong></span> <span class='ocrx_word' id='word_1_270' title='bbox 1431 3400 1612 3457; x_wconf 90' lang='lat' dir='ltr'><strong>claves</strong></span> <span class='ocrx_word' id='word_1_271' title='bbox 1632 3398 1820 3468; x_wconf 89' lang='lat' dir='ltr'><strong>habet,</strong></span> 
     </span>
    </p>
   </div>
   <div class='ocr_carea' id='block_1_35' title="bbox 190 3493 1821 3580">
    <p class='ocr_par' dir='ltr' id='par_1_35' title="bbox 190 3493 1821 3580">
     <span class='ocr_line' id='line_1_35' title="bbox 190 3493 1821 3580; baseline -0.01 -16"><span class='ocrx_word' id='word_1_272' title='bbox 190 3508 291 3580; x_wconf 87' lang='lat' dir='ltr'><strong>qui</strong></span> <span class='ocrx_word' id='word_1_273' title='bbox 317 3504 386 3562; x_wconf 88' lang='lat' dir='ltr'><strong>de</strong></span> <span class='ocrx_word' id='word_1_274' title='bbox 412 3504 582 3560; x_wconf 86' lang='lat' dir='ltr'><strong>calice</strong></span> <span class='ocrx_word' id='word_1_275' title='bbox 609 3500 808 3557; x_wconf 87' lang='lat' dir='ltr'><strong>Christi</strong></span> <span class='ocrx_word' id='word_1_276' title='bbox 842 3499 1008 3566; x_wconf 92' lang='lat' dir='ltr'><strong>bibit,</strong></span> <span class='ocrx_word' id='word_1_277' title='bbox 1040 3506 1096 3554; x_wconf 89' lang='lat' dir='ltr'><strong>et</strong></span> <span class='ocrx_word' id='word_1_278' title='bbox 1125 3496 1244 3567; x_wconf 86' lang='lat' dir='ltr'><strong>ejus</strong></span> <span class='ocrx_word' id='word_1_279' title='bbox 1280 3496 1547 3566; x_wconf 84' lang='lat' dir='ltr'><strong>baptismo</strong></span> <span class='ocrx_word' id='word_1_280' title='bbox 1579 3493 1821 3564; x_wconf 79' lang='lat' dir='ltr'><strong>baptiza-</strong></span> 
     </span>
    </p>
   </div>
   <div class='ocr_carea' id='block_1_36' title="bbox 192 3585 1823 3668">
    <p class='ocr_par' dir='ltr' id='par_1_36' title="bbox 192 3585 1823 3668">
     <span class='ocr_line' id='line_1_36' title="bbox 192 3585 1823 3668; baseline -0.007 -11"><span class='ocrx_word' id='word_1_281' title='bbox 192 3611 289 3657; x_wconf 88' lang='lat' dir='ltr'><strong>tus</strong></span> <span class='ocrx_word' id='word_1_282' title='bbox 318 3606 438 3667; x_wconf 87' lang='lat' dir='ltr'><strong>est,</strong></span> <span class='ocrx_word' id='word_1_283' title='bbox 470 3596 564 3668; x_wconf 89' lang='lat' dir='ltr'><strong>qui</strong></span> <span class='ocrx_word' id='word_1_284' title='bbox 596 3609 718 3651; x_wconf 88' lang='lat' dir='ltr'><strong>cum</strong></span> <span class='ocrx_word' id='word_1_285' title='bbox 744 3607 941 3666; x_wconf 86' lang='lat' dir='ltr'><strong>magna</strong></span> <span class='ocrx_word' id='word_1_286' title='bbox 971 3590 1163 3649; x_wconf 86' lang='lat' dir='ltr'><strong>llducia</strong></span> <span class='ocrx_word' id='word_1_287' title='bbox 1197 3604 1359 3662; x_wconf 88' lang='lat' dir='ltr'><strong>supra</strong></span> <span class='ocrx_word' id='word_1_288' title='bbox 1393 3598 1581 3660; x_wconf 87' lang='lat' dir='ltr'><strong>pectus</strong></span> <span class='ocrx_word' id='word_1_289' title='bbox 1610 3585 1823 3645; x_wconf 84' lang='lat' dir='ltr'><strong>Domini</strong></span> 
     </span>
    </p>
   </div>
   <div class='ocr_carea' id='block_1_37' title="bbox 192 3684 1822 3759">
    <p class='ocr_par' dir='ltr' id='par_1_37' title="bbox 192 3684 1822 3759">
     <span class='ocr_line' id='line_1_37' title="bbox 192 3684 1822 3759; baseline -0.007 -10"><span class='ocrx_word' id='word_1_290' title='bbox 192 3691 476 3757; x_wconf 85' lang='lat' dir='ltr'><strong>recubuit,</strong></span> <span class='ocrx_word' id='word_1_291' title='bbox 507 3688 598 3745; x_wconf 89' lang='lat' dir='ltr'><strong>hic</strong></span> <span class='ocrx_word' id='word_1_292' title='bbox 630 3688 740 3759; x_wconf 92' lang='lat' dir='ltr'><strong>jam</strong></span> <span class='ocrx_word' id='word_1_293' title='bbox 766 3702 866 3742; x_wconf 88' lang='lat' dir='ltr'><strong>nos</strong></span> <span class='ocrx_word' id='word_1_294' title='bbox 885 3684 1159 3753; x_wconf 77' lang='lat' dir='ltr'><strong>convenit;</strong></span> <span class='ocrx_word' id='word_1_295' title='bbox 1184 3701 1289 3739; x_wconf 93' lang='lat' dir='ltr'><strong>non</strong></span> <span class='ocrx_word' id='word_1_296' title='bbox 1322 3684 1554 3739; x_wconf 78' lang='lat' dir='ltr'><strong>fabulam</strong></span> <span class='ocrx_word' id='word_1_297' title='bbox 1582 3692 1822 3749; x_wconf 89' lang='lat' dir='ltr'><strong>acturus,</strong></span> 
     </span>
    </p>
   </div>
   <div class='ocr_carea' id='block_1_38' title="bbox 195 3776 1828 3854">
    <p class='ocr_par' dir='ltr' id='par_1_38' title="bbox 195 3776 1828 3854">
     <span class='ocr_line' id='line_1_38' title="bbox 195 3776 1828 3854; baseline -0.007 -11"><span class='ocrx_word' id='word_1_298' title='bbox 195 3800 319 3843; x_wconf 88' lang='lat' dir='ltr'><strong>non</strong></span> <span class='ocrx_word' id='word_1_299' title='bbox 352 3791 673 3854; x_wconf 82' lang='lat' dir='ltr'><strong>personatus</strong></span> <span class='ocrx_word' id='word_1_300' title='bbox 701 3779 912 3836; x_wconf 88' lang='lat' dir='ltr'><strong>accedit</strong></span> <span class='ocrx_word' id='word_1_301' title='bbox 941 3777 1146 3854; x_wconf 83' lang='lat' dir='ltr'><strong>(neque</strong></span> <span class='ocrx_word' id='word_1_302' title='bbox 1174 3778 1319 3835; x_wconf 92' lang='lat' dir='ltr'><strong>enim</strong></span> <span class='ocrx_word' id='word_1_303' title='bbox 1352 3778 1477 3831; x_wconf 88' lang='lat' dir='ltr'><strong>talia</strong></span> <span class='ocrx_word' id='word_1_304' title='bbox 1509 3776 1828 3848; x_wconf 86' lang='lat' dir='ltr'><strong>loqunturus</strong></span> 
     </span>
    </p>
   </div>
   <div class='ocr_carea' id='block_1_39' title="bbox 194 3871 1829 3949">
    <p class='ocr_par' dir='ltr' id='par_1_39' title="bbox 194 3871 1829 3949">
     <span class='ocr_line' id='line_1_39' title="bbox 194 3871 1829 3949; baseline -0.006 -13"><span class='ocrx_word' id='word_1_305' title='bbox 194 3878 345 3949; x_wconf 85' lang='lat' dir='ltr'><strong>est),</strong></span> <span class='ocrx_word' id='word_1_306' title='bbox 374 3890 483 3932; x_wconf 88' lang='lat' dir='ltr'><strong>non</strong></span> <span class='ocrx_word' id='word_1_307' title='bbox 520 3875 578 3931; x_wconf 88' lang='lat' dir='ltr'><strong>in</strong></span> <span class='ocrx_word' id='word_1_308' title='bbox 603 3883 917 3946; x_wconf 74' lang='lat' dir='ltr'><strong>suggestum</strong></span> <span class='ocrx_word' id='word_1_309' title='bbox 947 3872 1214 3939; x_wconf 86' lang='lat' dir='ltr'><strong>ascendit,</strong></span> <span class='ocrx_word' id='word_1_310' title='bbox 1241 3888 1346 3927; x_wconf 91' lang='lat' dir='ltr'><strong>non</strong></span> <span class='ocrx_word' id='word_1_311' title='bbox 1375 3871 1710 3927; x_wconf 77' lang='lat' dir='ltr'><strong>orchestram</strong></span> <span class='ocrx_word' id='word_1_312' title='bbox 1736 3887 1829 3940; x_wconf 87' lang='lat' dir='ltr'><strong>pe-</strong></span> 
     </span>
    </p>
   </div>
   <div class='ocr_carea' id='block_1_40' title="bbox 192 3964 1829 4041">
    <p class='ocr_par' dir='ltr' id='par_1_40' title="bbox 192 3964 1829 4041">
     <span class='ocr_line' id='line_1_40' title="bbox 192 3964 1829 4041; baseline -0.005 -12"><span class='ocrx_word' id='word_1_313' title='bbox 192 3973 272 4029; x_wconf 88' lang='lat' dir='ltr'><strong>de</strong></span> <span class='ocrx_word' id='word_1_314' title='bbox 303 3967 559 4041; x_wconf 88' lang='lat' dir='ltr'><strong>percutit,</strong></span> <span class='ocrx_word' id='word_1_315' title='bbox 583 3982 690 4023; x_wconf 91' lang='lat' dir='ltr'><strong>non</strong></span> <span class='ocrx_word' id='word_1_316' title='bbox 714 3981 878 4022; x_wconf 90' lang='lat' dir='ltr'><strong>aurea</strong></span> <span class='ocrx_word' id='word_1_317' title='bbox 908 3965 1126 4021; x_wconf 90' lang='lat' dir='ltr'><strong>indutus</strong></span> <span class='ocrx_word' id='word_1_318' title='bbox 1152 3973 1238 4021; x_wconf 88' lang='lat' dir='ltr'><strong>est</strong></span> <span class='ocrx_word' id='word_1_319' title='bbox 1263 3975 1435 4030; x_wconf 83' lang='lat' dir='ltr'><strong>veste;</strong></span> <span class='ocrx_word' id='word_1_320' title='bbox 1465 3964 1561 4019; x_wconf 85' lang='lat' dir='ltr'><strong>sed</strong></span> <span class='ocrx_word' id='word_1_321' title='bbox 1590 3965 1829 4036; x_wconf 75' lang='lat' dir='ltr'><strong>ingredi-</strong></span> 
     </span>
    </p>
   </div>
   <div class='ocr_carea' id='block_1_41' title="bbox 197 4056 1827 4131">
    <p class='ocr_par' dir='ltr' id='par_1_41' title="bbox 197 4056 1827 4131">
     <span class='ocr_line' id='line_1_41' title="bbox 197 4056 1827 4131; baseline -0.004 -12"><span class='ocrx_word' id='word_1_322' title='bbox 197 4076 297 4119; x_wconf 91' lang='lat' dir='ltr'><strong>tur</strong></span> <span class='ocrx_word' id='word_1_323' title='bbox 313 4077 439 4118; x_wconf 87' lang='lat' dir='ltr'><strong>cum</strong></span> <span class='ocrx_word' id='word_1_324' title='bbox 462 4058 753 4131; x_wconf 73' lang='lat' dir='ltr'><strong>singularis</strong></span> <span class='ocrx_word' id='word_1_325' title='bbox 771 4058 1192 4130; x_wconf 87' lang='lat' dir='ltr'><strong>pulchritudinis</strong></span> <span class='ocrx_word' id='word_1_326' title='bbox 1210 4058 1431 4113; x_wconf 89' lang='lat' dir='ltr'><strong>amictu.</strong></span> <span class='ocrx_word' id='word_1_327' title='bbox 1448 4056 1665 4113; x_wconf 87' lang='lat' dir='ltr'><strong>Christo</strong></span> <span class='ocrx_word' id='word_1_328' title='bbox 1682 4059 1827 4113; x_wconf 88' lang='lat' dir='ltr'><strong>enim</strong></span> 
     </span>
    </p>
   </div>
   <div class='ocr_carea' id='block_1_42' title="bbox 197 4147 1834 4223">
    <p class='ocr_par' dir='ltr' id='par_1_42' title="bbox 197 4147 1834 4223">
     <span class='ocr_line' id='line_1_42' title="bbox 197 4147 1834 4223; baseline -0.005 -11"><span class='ocrx_word' id='word_1_329' title='bbox 197 4153 434 4212; x_wconf 82' lang='lat' dir='ltr'><strong>indutus</strong></span> <span class='ocrx_word' id='word_1_330' title='bbox 463 4150 799 4222; x_wconf 87' lang='lat' dir='ltr'><strong>conspicitur</strong></span> <span class='ocrx_word' id='word_1_331' title='bbox 819 4148 974 4223; x_wconf 80' lang='lat' dir='ltr'><strong>(Gal.</strong></span> <span class='ocrx_word' id='word_1_332' title='bbox 1020 4150 1075 4206; x_wconf 73' lang='grc' dir='ltr'><strong>ὅ.</strong></span> <span class='ocrx_word' id='word_1_333' title='bbox 1102 4148 1221 4219; x_wconf 73' lang='grc'><strong>27),</strong></span> <span class='ocrx_word' id='word_1_334' title='bbox 1252 4147 1419 4219; x_wconf 87' lang='lat' dir='ltr'><strong>pedes</strong></span> <span class='ocrx_word' id='word_1_335' title='bbox 1447 4151 1704 4220; x_wconf 70' lang='lat' dir='ltr'><strong>specioso:</strong></span> <span class='ocrx_word' id='word_1_336' title='bbox 1722 4150 1834 4205; x_wconf 86' lang='lat' dir='ltr'><strong>cal-</strong></span> 
     </span>
    </p>
   </div>
   <div class='ocr_carea' id='block_1_43' title="bbox 198 4238 1829 4318">
    <p class='ocr_par' dir='ltr' id='par_1_43' title="bbox 198 4238 1829 4318">
     <span class='ocr_line' id='line_1_43' title="bbox 198 4238 1829 4318; baseline -0.005 -12"><span class='ocrx_word' id='word_1_337' title='bbox 198 4258 402 4306; x_wconf 79' lang='lat' dir='ltr'><strong>ceatus</strong></span> <span class='ocrx_word' id='word_1_338' title='bbox 431 4247 637 4303; x_wconf 88' lang='lat' dir='ltr'><strong>habens</strong></span> <span class='ocrx_word' id='word_1_339' title='bbox 665 4245 719 4302; x_wconf 91' lang='lat' dir='ltr'><strong>in</strong></span> <span class='ocrx_word' id='word_1_340' title='bbox 742 4244 1143 4318; x_wconf 64' lang='lat' dir='ltr'><strong>praeparatione</strong></span> <span class='ocrx_word' id='word_1_341' title='bbox 1174 4245 1439 4315; x_wconf 83' lang='lat' dir='ltr'><strong>evangelii</strong></span> <span class='ocrx_word' id='word_1_342' title='bbox 1472 4244 1619 4316; x_wconf 88' lang='lat' dir='ltr'><strong>pacis</strong></span> <span class='ocrx_word' id='word_1_343' title='bbox 1650 4238 1829 4315; x_wconf 83' lang='lat' dir='ltr'><strong>(Rom.</strong></span> 
     </span>
    </p>
   </div>
   <div class='ocr_carea' id='block_1_44' title="bbox 202 4335 1827 4412">
    <p class='ocr_par' dir='ltr' id='par_1_44' title="bbox 202 4335 1827 4412">
     <span class='ocr_line' id='line_1_44' title="bbox 202 4335 1827 4412; baseline -0.003 -15"><span class='ocrx_word' id='word_1_344' title='bbox 202 4344 304 4399; x_wconf 80' lang='grc' dir='ltr'><strong>ιο.</strong></span> <span class='ocrx_word' id='word_1_345' title='bbox 344 4342 430 4412; x_wconf 80' lang='grc'><strong>15)</strong></span> <span class='ocrx_word' id='word_1_346' title='bbox 460 4356 477 4407; x_wconf 88' lang='lat'><strong>;</strong></span> <span class='ocrx_word' id='word_1_347' title='bbox 507 4353 647 4394; x_wconf 83' lang='lat' dir='ltr'><strong>zona</strong></span> <span class='ocrx_word' id='word_1_348' title='bbox 675 4353 784 4393; x_wconf 90' lang='lat' dir='ltr'><strong>non</strong></span> <span class='ocrx_word' id='word_1_349' title='bbox 814 4344 1004 4409; x_wconf 86' lang='lat' dir='ltr'><strong>pectus</strong></span> <span class='ocrx_word' id='word_1_350' title='bbox 1027 4377 1043 4403; x_wconf 88' lang='lat'><strong>,</strong></span> <span class='ocrx_word' id='word_1_351' title='bbox 1074 4335 1170 4392; x_wconf 88' lang='lat' dir='ltr'><strong>sed</strong></span> <span class='ocrx_word' id='word_1_352' title='bbox 1224 4335 1435 4391; x_wconf 85' lang='lat' dir='ltr'><strong>lumbos</strong></span> <span class='ocrx_word' id='word_1_353' title='bbox 1466 4335 1793 4407; x_wconf 70' lang='lat' dir='ltr'><strong>prmeinctus</strong></span> <span class='ocrx_word' id='word_1_354' title='bbox 1812 4378 1827 4403; x_wconf 89' lang='lat'><strong>,</strong></span> 
     </span>
    </p>
   </div>
   <div class='ocr_carea' id='block_1_45' title="bbox 201 4429 1831 4504">
    <p class='ocr_par' dir='ltr' id='par_1_45' title="bbox 201 4429 1831 4504">
     <span class='ocr_line' id='line_1_45' title="bbox 201 4429 1831 4504; baseline -0.004 -14"><span class='ocrx_word' id='word_1_355' title='bbox 201 4446 329 4489; x_wconf 88' lang='lat' dir='ltr'><strong>non</strong></span> <span class='ocrx_word' id='word_1_356' title='bbox 358 4447 421 4487; x_wconf 89' lang='lat' dir='ltr'><strong>ex</strong></span> <span class='ocrx_word' id='word_1_357' title='bbox 442 4443 712 4504; x_wconf 88' lang='lat' dir='ltr'><strong>purpurea</strong></span> <span class='ocrx_word' id='word_1_358' title='bbox 744 4429 887 4501; x_wconf 90' lang='lat' dir='ltr'><strong>pelle</strong></span> <span class='ocrx_word' id='word_1_359' title='bbox 912 4470 927 4494; x_wconf 90' lang='lat'><strong>,</strong></span> <span class='ocrx_word' id='word_1_360' title='bbox 966 4444 1143 4500; x_wconf 88' lang='lat' dir='ltr'><strong>neque</strong></span> <span class='ocrx_word' id='word_1_361' title='bbox 1170 4443 1404 4498; x_wconf 89' lang='lat' dir='ltr'><strong>superne</strong></span> <span class='ocrx_word' id='word_1_362' title='bbox 1433 4444 1569 4483; x_wconf 92' lang='lat' dir='ltr'><strong>auro</strong></span> <span class='ocrx_word' id='word_1_363' title='bbox 1598 4442 1788 4484; x_wconf 86' lang='lat' dir='ltr'><strong>ornata</strong></span> <span class='ocrx_word' id='word_1_364' title='bbox 1816 4471 1831 4495; x_wconf 94' lang='lat'><strong>,</strong></span> 
     </span>
    </p>
   </div>
   <div class='ocr_carea' id='block_1_46' title="bbox 201 4518 1836 4593">
    <p class='ocr_par' dir='ltr' id='par_1_46' title="bbox 201 4518 1836 4593">
     <span class='ocr_line' id='line_1_46' title="bbox 201 4518 1836 4593; baseline -0.003 -12"><span class='ocrx_word' id='word_1_365' title='bbox 201 4524 317 4581; x_wconf 85' lang='lat' dir='ltr'><strong>sed</strong></span> <span class='ocrx_word' id='word_1_366' title='bbox 354 4524 463 4593; x_wconf 90' lang='lat' dir='ltr'><strong>ipsa</strong></span> <span class='ocrx_word' id='word_1_367' title='bbox 496 4522 730 4578; x_wconf 88' lang='lat' dir='ltr'><strong>veritate</strong></span> <span class='ocrx_word' id='word_1_368' title='bbox 757 4528 1011 4577; x_wconf 84' lang='lat' dir='ltr'><strong>contexta</strong></span> <span class='ocrx_word' id='word_1_369' title='bbox 1041 4530 1096 4577; x_wconf 87' lang='lat' dir='ltr'><strong>et</strong></span> <span class='ocrx_word' id='word_1_370' title='bbox 1124 4520 1465 4577; x_wconf 89' lang='lat' dir='ltr'><strong>concinnata.</strong></span> <span class='ocrx_word' id='word_1_371' title='bbox 1500 4518 1649 4575; x_wconf 86' lang='lat' dir='ltr'><strong>Talis</strong></span> <span class='ocrx_word' id='word_1_372' title='bbox 1691 4536 1836 4576; x_wconf 91' lang='lat' dir='ltr'><strong>nunc</strong></span> 
     </span>
    </p>
   </div>
   <div class='ocr_carea' id='block_1_47' title="bbox 205 4613 1836 4686">
    <p class='ocr_par' dir='ltr' id='par_1_47' title="bbox 205 4613 1836 4686">
     <span class='ocr_line' id='line_1_47' title="bbox 205 4613 1836 4686; baseline -0.004 -11"><span class='ocrx_word' id='word_1_373' title='bbox 205 4618 381 4675; x_wconf 84' lang='lat' dir='ltr'><strong>nobis</strong></span> <span class='ocrx_word' id='word_1_374' title='bbox 416 4616 643 4674; x_wconf 79' lang='lat' dir='ltr'><strong>offertur</strong></span> <span class='ocrx_word' id='word_1_375' title='bbox 664 4615 785 4673; x_wconf 87' lang='lat' dir='ltr'><strong>sine</strong></span> <span class='ocrx_word' id='word_1_376' title='bbox 812 4616 959 4671; x_wconf 84' lang='lat' dir='ltr'><strong>larva</strong></span> <span class='ocrx_word' id='word_1_377' title='bbox 989 4634 1003 4671; x_wconf 90' lang='lat'><strong>:</strong></span> <span class='ocrx_word' id='word_1_378' title='bbox 1036 4615 1180 4671; x_wconf 89' lang='lat' dir='ltr'><strong>nulla</strong></span> <span class='ocrx_word' id='word_1_379' title='bbox 1211 4614 1357 4670; x_wconf 90' lang='lat' dir='ltr'><strong>enim</strong></span> <span class='ocrx_word' id='word_1_380' title='bbox 1390 4613 1531 4684; x_wconf 87' lang='lat' dir='ltr'><strong>apud</strong></span> <span class='ocrx_word' id='word_1_381' title='bbox 1562 4614 1737 4686; x_wconf 90' lang='lat' dir='ltr'><strong>ipsum</strong></span> <span class='ocrx_word' id='word_1_382' title='bbox 1763 4616 1836 4670; x_wconf 90' lang='lat' dir='ltr'><strong>si-</strong></span> 
     </span>
    </p>
   </div>
   <div class='ocr_carea' id='block_1_48' title="bbox 206 4708 1839 4779">
    <p class='ocr_par' dir='ltr' id='par_1_48' title="bbox 206 4708 1839 4779">
     <span class='ocr_line' id='line_1_48' title="bbox 206 4708 1839 4779; baseline -0.004 -8"><span class='ocrx_word' id='word_1_383' title='bbox 206 4714 470 4779; x_wconf 83' lang='lat' dir='ltr'><strong>mulatio,</strong></span> <span class='ocrx_word' id='word_1_384' title='bbox 499 4712 644 4767; x_wconf 86' lang='lat' dir='ltr'><strong>nulla</strong></span> <span class='ocrx_word' id='word_1_385' title='bbox 676 4710 821 4766; x_wconf 83' lang='lat' dir='ltr'><strong>ﬁctio</strong></span> <span class='ocrx_word' id='word_1_386' title='bbox 844 4710 925 4767; x_wconf 88' lang='lat' dir='ltr'><strong>vel</strong></span> <span class='ocrx_word' id='word_1_387' title='bbox 956 4709 1155 4775; x_wconf 81' lang='lat' dir='ltr'><strong>fabula;</strong></span> <span class='ocrx_word' id='word_1_388' title='bbox 1188 4709 1281 4764; x_wconf 91' lang='lat' dir='ltr'><strong>sed</strong></span> <span class='ocrx_word' id='word_1_389' title='bbox 1315 4708 1461 4763; x_wconf 91' lang='lat' dir='ltr'><strong>nudo</strong></span> <span class='ocrx_word' id='word_1_390' title='bbox 1487 4708 1665 4779; x_wconf 87' lang='lat' dir='ltr'><strong>capite</strong></span> <span class='ocrx_word' id='word_1_391' title='bbox 1689 4751 1704 4776; x_wconf 95' lang='lat'><strong>,</strong></span> <span class='ocrx_word' id='word_1_392' title='bbox 1738 4726 1839 4765; x_wconf 83' lang='lat' dir='ltr'><strong>titt-</strong></span> 
     </span>
    </p>
   </div>
   <div class='ocr_carea' id='block_1_49' title="bbox 206 4801 1835 4875">
    <p class='ocr_par' dir='ltr' id='par_1_49' title="bbox 206 4801 1835 4875">
     <span class='ocr_line' id='line_1_49' title="bbox 206 4801 1835 4875; baseline -0.007 -8"><span class='ocrx_word' id='word_1_393' title='bbox 206 4811 351 4867; x_wconf 81' lang='lat' dir='ltr'><strong>dam</strong></span> <span class='ocrx_word' id='word_1_394' title='bbox 381 4806 596 4862; x_wconf 84' lang='lat' dir='ltr'><strong>nuntiat</strong></span> <span class='ocrx_word' id='word_1_395' title='bbox 635 4805 942 4861; x_wconf 82' lang='lat' dir='ltr'><strong>veritatem.</strong></span> <span class='ocrx_word' id='word_1_396' title='bbox 973 4803 1160 4875; x_wconf 85' lang='lat' dir='ltr'><strong>Neque</strong></span> <span class='ocrx_word' id='word_1_397' title='bbox 1191 4817 1315 4857; x_wconf 92' lang='lat' dir='ltr'><strong>cum</strong></span> <span class='ocrx_word' id='word_1_398' title='bbox 1356 4803 1534 4872; x_wconf 86' lang='lat' dir='ltr'><strong>reipsa</strong></span> <span class='ocrx_word' id='word_1_399' title='bbox 1561 4801 1701 4855; x_wconf 89' lang='lat' dir='ltr'><strong>alios</strong></span> <span class='ocrx_word' id='word_1_400' title='bbox 1730 4802 1835 4866; x_wconf 90' lang='lat' dir='ltr'><strong>sit,</strong></span> 
     </span>
    </p>
   </div>
   <div class='ocr_carea' id='block_1_50' title="bbox 207 4894 1842 4965">
    <p class='ocr_par' dir='ltr' id='par_1_50' title="bbox 207 4894 1842 4965">
     <span class='ocr_line' id='line_1_50' title="bbox 207 4894 1842 4965; baseline -0.004 -7"><span class='ocrx_word' id='word_1_401' title='bbox 207 4904 328 4958; x_wconf 83' lang='lat' dir='ltr'><strong>alia</strong></span> <span class='ocrx_word' id='word_1_402' title='bbox 361 4916 424 4956; x_wconf 85' lang='lat' dir='ltr'><strong>ex</strong></span> <span class='ocrx_word' id='word_1_403' title='bbox 458 4898 669 4963; x_wconf 87' lang='lat' dir='ltr'><strong>habitu,</strong></span> <span class='ocrx_word' id='word_1_404' title='bbox 696 4897 891 4965; x_wconf 85' lang='lat' dir='ltr'><strong>oculis,</strong></span> <span class='ocrx_word' id='word_1_405' title='bbox 922 4910 1058 4952; x_wconf 88' lang='lat' dir='ltr'><strong>voce</strong></span> <span class='ocrx_word' id='word_1_406' title='bbox 1086 4895 1426 4952; x_wconf 87' lang='lat' dir='ltr'><strong>auditoribus</strong></span> <span class='ocrx_word' id='word_1_407' title='bbox 1450 4894 1719 4961; x_wconf 88' lang='lat' dir='ltr'><strong>suadebit;</strong></span> <span class='ocrx_word' id='word_1_408' title='bbox 1741 4910 1842 4952; x_wconf 79' lang='lat' dir='ltr'><strong>nec</strong></span> 
     </span>
    </p>
   </div>
   <div class='ocr_carea' id='block_1_51' title="bbox 207 4987 1838 5059">
    <p class='ocr_par' dir='ltr' id='par_1_51' title="bbox 207 4987 1838 5059">
     <span class='ocr_line' id='line_1_51' title="bbox 207 4987 1838 5059; baseline -0.006 -6"><span class='ocrx_word' id='word_1_409' title='bbox 207 4990 603 5053; x_wconf 73' lang='lat' dir='ltr'><strong>instrumentis</strong></span> <span class='ocrx_word' id='word_1_410' title='bbox 628 4989 695 5045; x_wconf 90' lang='lat' dir='ltr'><strong>ad</strong></span> <span class='ocrx_word' id='word_1_411' title='bbox 744 4990 860 5044; x_wconf 70' lang='lat' dir='ltr'><strong>haec</strong></span> <span class='ocrx_word' id='word_1_412' title='bbox 886 4988 1182 5044; x_wconf 89' lang='lat' dir='ltr'><strong>nuntianda</strong></span> <span class='ocrx_word' id='word_1_413' title='bbox 1213 5003 1352 5059; x_wconf 82' lang='lat' dir='ltr'><strong>Opus</strong></span> <span class='ocrx_word' id='word_1_414' title='bbox 1383 4988 1580 5054; x_wconf 91' lang='lat' dir='ltr'><strong>habet,</strong></span> <span class='ocrx_word' id='word_1_415' title='bbox 1612 5002 1719 5042; x_wconf 91' lang='lat' dir='ltr'><strong>non</strong></span> <span class='ocrx_word' id='word_1_416' title='bbox 1760 4987 1838 5043; x_wconf 88' lang='lat' dir='ltr'><strong>ci—</strong></span> 
     </span>
    </p>
   </div>
   <div class='ocr_carea' id='block_1_52' title="bbox 212 5082 1841 5156">
    <p class='ocr_par' dir='ltr' id='par_1_52' title="bbox 212 5082 1841 5156">
     <span class='ocr_line' id='line_1_52' title="bbox 212 5082 1841 5156; baseline -0.004 -12"><span class='ocrx_word' id='word_1_417' title='bbox 212 5091 381 5144; x_wconf 81' lang='lat' dir='ltr'><strong>thara</strong></span> <span class='ocrx_word' id='word_1_418' title='bbox 409 5129 425 5155; x_wconf 91' lang='lat'><strong>,</strong></span> <span class='ocrx_word' id='word_1_419' title='bbox 458 5100 565 5141; x_wconf 91' lang='lat' dir='ltr'><strong>non</strong></span> <span class='ocrx_word' id='word_1_420' title='bbox 597 5086 713 5156; x_wconf 80' lang='lat' dir='ltr'><strong>lyra</strong></span> <span class='ocrx_word' id='word_1_421' title='bbox 742 5126 758 5151; x_wconf 91' lang='lat'><strong>,</strong></span> <span class='ocrx_word' id='word_1_422' title='bbox 791 5100 895 5139; x_wconf 92' lang='lat' dir='ltr'><strong>non</strong></span> <span class='ocrx_word' id='word_1_423' title='bbox 925 5084 1033 5139; x_wconf 90' lang='lat' dir='ltr'><strong>alio</strong></span> <span class='ocrx_word' id='word_1_424' title='bbox 1079 5086 1270 5155; x_wconf 86' lang='lat' dir='ltr'><strong>quovis</strong></span> <span class='ocrx_word' id='word_1_425' title='bbox 1299 5082 1672 5153; x_wconf 88' lang='lat' dir='ltr'><strong>hujuscemodi</strong></span> <span class='ocrx_word' id='word_1_426' title='bbox 1698 5100 1713 5149; x_wconf 93' lang='lat'><strong>;</strong></span> <span class='ocrx_word' id='word_1_427' title='bbox 1744 5083 1841 5137; x_wconf 88' lang='lat' dir='ltr'><strong>sed</strong></span> 
     </span>
    </p>
   </div>
   <div class='ocr_carea' id='block_1_53' title="bbox 213 5176 1843 5249">
    <p class='ocr_par' dir='ltr' id='par_1_53' title="bbox 213 5176 1843 5249">
     <span class='ocr_line' id='line_1_53' title="bbox 213 5176 1843 5249; baseline -0.004 -12"><span class='ocrx_word' id='word_1_428' title='bbox 213 5181 410 5237; x_wconf 84' lang='lat' dir='ltr'><strong>omnia</strong></span> <span class='ocrx_word' id='word_1_429' title='bbox 454 5193 549 5249; x_wconf 83' lang='lat' dir='ltr'><strong>per</strong></span> <span class='ocrx_word' id='word_1_430' title='bbox 597 5178 834 5249; x_wconf 81' lang='lat' dir='ltr'><strong>linguam</strong></span> <span class='ocrx_word' id='word_1_431' title='bbox 874 5185 1131 5247; x_wconf 89' lang='lat' dir='ltr'><strong>operatur</strong></span> <span class='ocrx_word' id='word_1_432' title='bbox 1155 5218 1168 5240; x_wconf 89' lang='lat'><strong>,</strong></span> <span class='ocrx_word' id='word_1_433' title='bbox 1199 5187 1255 5232; x_wconf 88' lang='lat' dir='ltr'><strong>et</strong></span> <span class='ocrx_word' id='word_1_434' title='bbox 1281 5177 1473 5247; x_wconf 89' lang='lat' dir='ltr'><strong>quavis</strong></span> <span class='ocrx_word' id='word_1_435' title='bbox 1518 5177 1726 5231; x_wconf 87' lang='lat' dir='ltr'><strong>cithara</strong></span> <span class='ocrx_word' id='word_1_436' title='bbox 1759 5176 1843 5231; x_wconf 86' lang='lat' dir='ltr'><strong>vel</strong></span> 
     </span>
    </p>
   </div>
   <div class='ocr_carea' id='block_1_54' title="bbox 212 5269 1846 5342">
    <p class='ocr_par' dir='ltr' id='par_1_54' title="bbox 212 5269 1846 5342">
     <span class='ocr_line' id='line_1_54' title="bbox 212 5269 1846 5342; baseline -0.001 -14"><span class='ocrx_word' id='word_1_437' title='bbox 212 5274 434 5328; x_wconf 83' lang='lat' dir='ltr'><strong>musica</strong></span> <span class='ocrx_word' id='word_1_438' title='bbox 484 5272 791 5327; x_wconf 87' lang='lat' dir='ltr'><strong>suaviorem</strong></span> <span class='ocrx_word' id='word_1_439' title='bbox 838 5271 1216 5342; x_wconf 90' lang='lat' dir='ltr'><strong>utilioremque</strong></span> <span class='ocrx_word' id='word_1_440' title='bbox 1260 5284 1447 5326; x_wconf 89' lang='lat' dir='ltr'><strong>vocem</strong></span> <span class='ocrx_word' id='word_1_441' title='bbox 1495 5270 1716 5326; x_wconf 89' lang='lat' dir='ltr'><strong>emittit.</strong></span> <span class='ocrx_word' id='word_1_442' title='bbox 1748 5269 1846 5326; x_wconf 85' lang='lat' dir='ltr'><strong>Est</strong></span> 
     </span>
    </p>
   </div>
   <div class='ocr_carea' id='block_1_55' title="bbox 213 5395 1842 5462">
    <p class='ocr_par' dir='ltr' id='par_1_55' title="bbox 213 5395 1842 5462">
     <span class='ocr_line' id='line_1_55' title="bbox 213 5395 1842 5462; baseline -0.004 -9"><span class='ocrx_word' id='word_1_443' title='bbox 213 5414 364 5453; x_wconf 67' lang='lat' dir='ltr'><strong>nam</strong></span> <span class='ocrx_word' id='word_1_444' title='bbox 385 5399 739 5451; x_wconf 80' lang='lat' dir='ltr'><strong>Commentarii</strong></span> <span class='ocrx_word' id='word_1_445' title='bbox 767 5406 978 5462; x_wconf 86' lang='lat' dir='ltr'><strong>partem,</strong></span> <span class='ocrx_word' id='word_1_446' title='bbox 1000 5402 1137 5448; x_wconf 87' lang='lat' dir='ltr'><strong>inter</strong></span> <span class='ocrx_word' id='word_1_447' title='bbox 1159 5396 1484 5462; x_wconf 84' lang='lat' dir='ltr'><strong>homilias,et</strong></span> <span class='ocrx_word' id='word_1_448' title='bbox 1503 5395 1707 5462; x_wconf 78' lang='lat' dir='ltr'><strong>quidem</strong></span> <span class='ocrx_word' id='word_1_449' title='bbox 1725 5398 1842 5460; x_wconf 87' lang='lat' dir='ltr'><strong>jure</strong></span> 
     </span>
    </p>
   </div>
   <div class='ocr_carea' id='block_1_56' title="bbox 215 5458 1840 5523">
    <p class='ocr_par' dir='ltr' id='par_1_56' title="bbox 215 5458 1840 5523">
     <span class='ocr_line' id='line_1_56' title="bbox 215 5458 1840 5523; baseline -0.003 -10"><span class='ocrx_word' id='word_1_450' title='bbox 215 5464 431 5520; x_wconf 78' lang='lat' dir='ltr'><strong>merito,</strong></span> <span class='ocrx_word' id='word_1_451' title='bbox 452 5458 799 5523; x_wconf 74' lang='lat' dir='ltr'><strong>recensentes,</strong></span> <span class='ocrx_word' id='word_1_452' title='bbox 826 5461 958 5510; x_wconf 83' lang='lat' dir='ltr'><strong>tituli</strong></span> <span class='ocrx_word' id='word_1_453' title='bbox 983 5464 1140 5511; x_wconf 82' lang='lat' dir='ltr'><strong>instar</strong></span> <span class='ocrx_word' id='word_1_454' title='bbox 1160 5461 1378 5510; x_wconf 86' lang='lat' dir='ltr'><strong>habent:</strong></span> <span class='ocrx_word' id='word_1_455' title='bbox 1403 5458 1537 5523; x_wconf 70' lang='grc' dir='ltr'><strong>ὁμιλξ</strong></span> <span class='ocrx_word' id='word_1_456' title='bbox 1552 5458 1637 5521; x_wconf 85' lang='grc' dir='ltr'><strong>α’;</strong></span> <span class='ocrx_word' id='word_1_457' title='bbox 1664 5458 1840 5510; x_wconf 72' lang='lat' dir='ltr'><strong>nerei.</strong></span> 
     </span>
    </p>
   </div>
   <div class='ocr_carea' id='block_1_57' title="bbox 217 5521 1459 5590">
    <p class='ocr_par' dir='ltr' id='par_1_57' title="bbox 217 5521 1459 5590">
     <span class='ocr_line' id='line_1_57' title="bbox 217 5521 1459 5590; baseline -0.001 -17"><span class='ocrx_word' id='word_1_458' title='bbox 217 5538 373 5584; x_wconf 80' lang='lat' dir='ltr'><strong>vero,</strong></span> <span class='ocrx_word' id='word_1_459' title='bbox 396 5525 451 5573; x_wconf 87' lang='lat' dir='ltr'><strong>in</strong></span> <span class='ocrx_word' id='word_1_460' title='bbox 468 5521 952 5590; x_wconf 76' lang='lat' dir='ltr'><strong>superscriotionem</strong></span> <span class='ocrx_word' id='word_1_461' title='bbox 977 5523 1128 5590; x_wconf 81' lang='lat' dir='ltr'><strong>etfert</strong></span> <span class='ocrx_word' id='word_1_462' title='bbox 1154 5521 1459 5590; x_wconf 70' lang='lat' dir='ltr'><strong>:npooiutov.</strong></span> 
     </span>
    </p>
   </div>
   <div class='ocr_carea' id='block_1_58' title="bbox 290 5586 1843 5653">
    <p class='ocr_par' dir='ltr' id='par_1_58' title="bbox 290 5586 1843 5653">
     <span class='ocr_line' id='line_1_58' title="bbox 290 5586 1843 5653; baseline 0.002 -15"><span class='ocrx_word' id='word_1_463' title='bbox 290 5590 373 5653; x_wconf 85' lang='lat' dir='ltr'><strong>(a)</strong></span> <span class='ocrx_word' id='word_1_464' title='bbox 394 5588 645 5653; x_wconf 70' lang='lat' dir='ltr'><strong>Sophisla</strong></span> <span class='ocrx_word' id='word_1_465' title='bbox 666 5586 965 5653; x_wconf 77' lang='lat' dir='ltr'><strong>dicebantur</strong></span> <span class='ocrx_word' id='word_1_466' title='bbox 991 5586 1241 5653; x_wconf 68' lang='lat' dir='ltr'><strong>rhetores;</strong></span> <span class='ocrx_word' id='word_1_467' title='bbox 1268 5591 1452 5638; x_wconf 77' lang='lat' dir='ltr'><strong>artium</strong></span> <span class='ocrx_word' id='word_1_468' title='bbox 1480 5591 1703 5651; x_wconf 81' lang='lat' dir='ltr'><strong>magistri</strong></span> <span class='ocrx_word' id='word_1_469' title='bbox 1725 5629 1737 5653; x_wconf 93' lang='lat'><strong>,</strong></span> <span class='ocrx_word' id='word_1_470' title='bbox 1762 5606 1843 5641; x_wconf 83' lang='lat' dir='ltr'><strong>sa-</strong></span> 
     </span>
    </p>
   </div>
   <div class='ocr_carea' id='block_1_59' title="bbox 218 5648 1841 5719">
    <p class='ocr_par' dir='ltr' id='par_1_59' title="bbox 218 5648 1841 5719">
     <span class='ocr_line' id='line_1_59' title="bbox 218 5648 1841 5719; baseline -0.001 -18"><span class='ocrx_word' id='word_1_471' title='bbox 218 5648 698 5719; x_wconf 78' lang='lat' dir='ltr'><strong>piéntes,doctores</strong></span> <span class='ocrx_word' id='word_1_472' title='bbox 720 5663 734 5711; x_wconf 88' lang='lat'><strong>;</strong></span> <span class='ocrx_word' id='word_1_473' title='bbox 761 5648 1167 5719; x_wconf 37' lang='lat' dir='ltr'><strong>amantem-ipsa</strong></span> <span class='ocrx_word' id='word_1_474' title='bbox 1183 5664 1279 5719; x_wconf 81' lang='lat' dir='ltr'><strong>vox</strong></span> <span class='ocrx_word' id='word_1_475' title='bbox 1301 5648 1639 5719; x_wconf 51' lang='lat' dir='ltr'><strong>aliquando—in</strong></span> <span class='ocrx_word' id='word_1_476' title='bbox 1663 5648 1841 5719; x_wconf 72' lang='lat' dir='ltr'><strong>malam</strong></span> 
     </span>
    </p>
   </div>
   <div class='ocr_carea' id='block_1_60' title="bbox 218 5711 1840 5828">
    <p class='ocr_par' dir='ltr' id='par_1_60' title="bbox 218 5711 1840 5828">
     <span class='ocr_line' id='line_1_60' title="bbox 218 5711 1840 5828; baseline 0.003 -65"><span class='ocrx_word' id='word_1_477' title='bbox 218 5711 427 5828; x_wconf 38' lang='grc' dir='ltr'><strong>ξιτ-ἔθη]</strong></span> <span class='ocrx_word' id='word_1_478' title='bbox 450 5714 710 5825; x_wconf 58' lang='lat' dir='ltr'><strong>aeclipltur,</strong></span> <span class='ocrx_word' id='word_1_479' title='bbox 732 5726 820 5776; x_wconf 88' lang='lat' dir='ltr'><strong>pro</strong></span> <span class='ocrx_word' id='word_1_480' title='bbox 840 5713 900 5763; x_wconf 80' lang='lat' dir='ltr'><strong>iis</strong></span> <span class='ocrx_word' id='word_1_481' title='bbox 916 5711 1001 5775; x_wconf 88' lang='lat' dir='ltr'><strong>qni</strong></span> <span class='ocrx_word' id='word_1_482' title='bbox 1019 5711 1269 5763; x_wconf 81' lang='lat' dir='ltr'><strong>simulatis</strong></span> <span class='ocrx_word' id='word_1_483' title='bbox 1286 5711 1562 5765; x_wconf 80' lang='lat' dir='ltr'><strong>ratiociniis</strong></span> <span class='ocrx_word' id='word_1_484' title='bbox 1583 5717 1840 5768; x_wconf 83' lang='lat' dir='ltr'><strong>veritatem</strong></span> 
     </span>
     <span class='ocr_line' id='line_1_61' title="bbox 354 5790 559 5828; baseline -0.015 0"><span class='ocrx_word' id='word_1_485' title='bbox 354 5790 512 5828; x_wconf 85' lang='lat' dir='ltr'><strong>ruueu</strong></span> <span class='ocrx_word' id='word_1_486' title='bbox 546 5812 559 5825; x_wconf 92' lang='lat'><strong>.</strong></span> 
     </span>
    </p>
   </div>
   <div class='ocr_carea' id='block_1_61' title="bbox 294 5784 559 5841">
    <p class='ocr_par' dir='ltr' id='par_1_61' title="bbox 294 5784 559 5841">
     <span class='ocr_line' id='line_1_62' title="bbox 294 5784 559 5841; baseline -0.008 -14"><span class='ocrx_word' id='word_1_487' title='bbox 294 5784 559 5841; x_wconf 78' lang='lat' dir='ltr'><strong>torquent.</strong></span> 
     </span>
    </p>
   </div>
   <div class='ocr_carea' id='block_1_62' title="bbox 293 5834 1557 5898">
    <p class='ocr_par' dir='ltr' id='par_1_62' title="bbox 293 5834 1557 5898">
     <span class='ocr_line' id='line_1_63' title="bbox 293 5834 1557 5898; baseline 0 -7"><span class='ocrx_word' id='word_1_488' title='bbox 293 5843 312 5874; x_wconf 80' lang='grc' dir='ltr'><strong>ι</strong></span> <span class='ocrx_word' id='word_1_489' title='bbox 344 5834 478 5891; x_wconf 66' lang='lat' dir='ltr'><strong>linus</strong></span> <span class='ocrx_word' id='word_1_490' title='bbox 504 5840 679 5898; x_wconf 84' lang='lat' dir='ltr'><strong>habet.</strong></span> <span class='ocrx_word' id='word_1_491' title='bbox 703 5852 821 5894; x_wconf 75' lang='lat' dir='ltr'><strong>uoce</strong></span> <span class='ocrx_word' id='word_1_492' title='bbox 846 5834 1114 5893; x_wconf 78' lang='lat' dir='ltr'><strong>clariorem</strong></span> <span class='ocrx_word' id='word_1_493' title='bbox 1132 5836 1353 5893; x_wconf 82' lang='lat' dir='ltr'><strong>emittens</strong></span> <span class='ocrx_word' id='word_1_494' title='bbox 1373 5852 1557 5895; x_wconf 74' lang='lat' dir='ltr'><strong>vocem.</strong></span> 
     </span>
    </p>
   </div>
   <div class='ocr_carea' id='block_1_63' title="bbox 1917 422 3538 500">
    <p class='ocr_par' dir='ltr' id='par_1_63' title="bbox 1917 422 3538 500">
     <span class='ocr_line' id='line_1_64' title="bbox 1917 422 3538 500; baseline -0.003 -18"><span class='ocrx_word' id='word_1_495' title='bbox 1917 428 1992 484; x_wconf 91' lang='lat' dir='ltr'><strong>illi</strong></span> <span class='ocrx_word' id='word_1_496' title='bbox 2017 430 2383 500; x_wconf 88' lang='lat' dir='ltr'><strong>proscenium,</strong></span> <span class='ocrx_word' id='word_1_497' title='bbox 2415 431 2605 486; x_wconf 84' lang='lat' dir='ltr'><strong>c:elmn</strong></span> <span class='ocrx_word' id='word_1_498' title='bbox 2636 431 2844 496; x_wconf 86' lang='lat' dir='ltr'><strong>totum;</strong></span> <span class='ocrx_word' id='word_1_499' title='bbox 2876 427 3171 495; x_wconf 87' lang='lat' dir='ltr'><strong>theatrum,</strong></span> <span class='ocrx_word' id='word_1_500' title='bbox 3204 422 3388 490; x_wconf 88' lang='lat' dir='ltr'><strong>orbis;</strong></span> <span class='ocrx_word' id='word_1_501' title='bbox 3413 438 3538 492; x_wconf 73' lang='lat' dir='ltr'><strong>spr—</strong></span> 
     </span>
    </p>
   </div>
   <div class='ocr_carea' id='block_1_64' title="bbox 1912 507 3535 593">
    <p class='ocr_par' dir='ltr' id='par_1_64' title="bbox 1912 507 3535 593">
     <span class='ocr_line' id='line_1_65' title="bbox 1912 507 3535 593; baseline -0.006 -17"><span class='ocrx_word' id='word_1_502' title='bbox 1912 528 2152 578; x_wconf 86' lang='lat' dir='ltr'><strong>etatores</strong></span> <span class='ocrx_word' id='word_1_503' title='bbox 2177 532 2230 577; x_wconf 91' lang='lat' dir='ltr'><strong>et</strong></span> <span class='ocrx_word' id='word_1_504' title='bbox 2261 522 2539 578; x_wconf 88' lang='lat' dir='ltr'><strong>auditores</strong></span> <span class='ocrx_word' id='word_1_505' title='bbox 2563 562 2579 590; x_wconf 89' lang='lat'><strong>,</strong></span> <span class='ocrx_word' id='word_1_506' title='bbox 2610 538 2801 578; x_wconf 87' lang='lat' dir='ltr'><strong>omnes</strong></span> <span class='ocrx_word' id='word_1_507' title='bbox 2822 519 3022 593; x_wconf 86' lang='lat' dir='ltr'><strong>angeli,</strong></span> <span class='ocrx_word' id='word_1_508' title='bbox 3048 529 3101 576; x_wconf 91' lang='lat' dir='ltr'><strong>et</strong></span> <span class='ocrx_word' id='word_1_509' title='bbox 3127 507 3190 575; x_wconf 75' lang='lat' dir='ltr'><strong>ex</strong></span> <span class='ocrx_word' id='word_1_510' title='bbox 3224 515 3535 571; x_wconf 61' lang='lat' dir='ltr'><strong>hominibus</strong></span> 
     </span>
    </p>
   </div>
   <div class='ocr_carea' id='block_1_65' title="bbox 1912 608 3537 685">
    <p class='ocr_par' dir='ltr' id='par_1_65' title="bbox 1912 608 3537 685">
     <span class='ocr_line' id='line_1_66' title="bbox 1912 608 3537 685; baseline -0.002 -18"><span class='ocrx_word' id='word_1_511' title='bbox 1912 621 2175 684; x_wconf 92' lang='lat' dir='ltr'><strong>quotquot</strong></span> <span class='ocrx_word' id='word_1_512' title='bbox 2215 614 2392 685; x_wconf 86' lang='lat' dir='ltr'><strong>angeli</strong></span> <span class='ocrx_word' id='word_1_513' title='bbox 2420 624 2581 681; x_wconf 91' lang='lat' dir='ltr'><strong>sunt,</strong></span> <span class='ocrx_word' id='word_1_514' title='bbox 2610 622 2705 670; x_wconf 86' lang='lat' dir='ltr'><strong>aut</strong></span> <span class='ocrx_word' id='word_1_515' title='bbox 2742 614 2856 670; x_wconf 80' lang='lat' dir='ltr'><strong>fieri</strong></span> <span class='ocrx_word' id='word_1_516' title='bbox 2896 612 3139 683; x_wconf 88' lang='lat' dir='ltr'><strong>cupiunt.</strong></span> <span class='ocrx_word' id='word_1_517' title='bbox 3175 608 3239 665; x_wconf 80' lang='lat' dir='ltr'><strong>lli</strong></span> <span class='ocrx_word' id='word_1_518' title='bbox 3300 622 3537 674; x_wconf 82' lang='lat' dir='ltr'><strong>namque</strong></span> 
     </span>
    </p>
   </div>
   <div class='ocr_carea' id='block_1_66' title="bbox 1913 701 3538 779">
    <p class='ocr_par' dir='ltr' id='par_1_66' title="bbox 1913 701 3538 779">
     <span class='ocr_line' id='line_1_67' title="bbox 1913 701 3538 779; baseline -0.003 -18"><span class='ocrx_word' id='word_1_519' title='bbox 1913 706 2012 761; x_wconf 91' lang='lat' dir='ltr'><strong>soli</strong></span> <span class='ocrx_word' id='word_1_520' title='bbox 2045 718 2271 779; x_wconf 89' lang='lat' dir='ltr'><strong>possunt</strong></span> <span class='ocrx_word' id='word_1_521' title='bbox 2321 706 2461 763; x_wconf 84' lang='lat' dir='ltr'><strong>hanc</strong></span> <span class='ocrx_word' id='word_1_522' title='bbox 2489 707 2831 763; x_wconf 89' lang='lat' dir='ltr'><strong>harmoniam</strong></span> <span class='ocrx_word' id='word_1_523' title='bbox 2862 715 3119 763; x_wconf 89' lang='lat' dir='ltr'><strong>accurate</strong></span> <span class='ocrx_word' id='word_1_524' title='bbox 3145 701 3367 758; x_wconf 87' lang='lat' dir='ltr'><strong>auribus</strong></span> <span class='ocrx_word' id='word_1_525' title='bbox 3408 716 3538 772; x_wconf 88' lang='lat' dir='ltr'><strong>pcr-</strong></span> 
     </span>
    </p>
   </div>
   <div class='ocr_carea' id='block_1_67' title="bbox 1912 794 3540 871">
    <p class='ocr_par' dir='ltr' id='par_1_67' title="bbox 1912 794 3540 871">
     <span class='ocr_line' id='line_1_68' title="bbox 1912 794 3540 871; baseline -0.002 -18"><span class='ocrx_word' id='word_1_526' title='bbox 1912 798 2117 866; x_wconf 86' lang='lat' dir='ltr'><strong>cipere,</strong></span> <span class='ocrx_word' id='word_1_527' title='bbox 2150 810 2201 855; x_wconf 91' lang='lat' dir='ltr'><strong>et</strong></span> <span class='ocrx_word' id='word_1_528' title='bbox 2225 801 2484 871; x_wconf 89' lang='lat' dir='ltr'><strong>operibus</strong></span> <span class='ocrx_word' id='word_1_529' title='bbox 2510 800 2794 868; x_wconf 78' lang='lat' dir='ltr'><strong>exhibere,</strong></span> <span class='ocrx_word' id='word_1_530' title='bbox 2825 809 2991 870; x_wconf 90' lang='lat' dir='ltr'><strong>atque</strong></span> <span class='ocrx_word' id='word_1_531' title='bbox 3019 796 3319 861; x_wconf 88' lang='lat' dir='ltr'><strong>auditores,</strong></span> <span class='ocrx_word' id='word_1_532' title='bbox 3349 794 3540 866; x_wconf 82' lang='lat' dir='ltr'><strong>quales</strong></span> 
     </span>
    </p>
   </div>
   <div class='ocr_carea' id='block_1_68' title="bbox 1910 888 3539 964">
    <p class='ocr_par' dir='ltr' id='par_1_68' title="bbox 1910 888 3539 964">
     <span class='ocr_line' id='line_1_69' title="bbox 1910 888 3539 964; baseline -0.002 -18"><span class='ocrx_word' id='word_1_533' title='bbox 1910 902 2165 964; x_wconf 88' lang='lat' dir='ltr'><strong>oportet,</strong></span> <span class='ocrx_word' id='word_1_534' title='bbox 2196 908 2320 949; x_wconf 91' lang='lat' dir='ltr'><strong>esse</strong></span> <span class='ocrx_word' id='word_1_535' title='bbox 2352 895 2391 949; x_wconf 83' lang='grc'><strong>¹.</strong></span> <span class='ocrx_word' id='word_1_536' title='bbox 2426 896 2530 949; x_wconf 89' lang='lat' dir='ltr'><strong>Alii</strong></span> <span class='ocrx_word' id='word_1_537' title='bbox 2577 910 2705 950; x_wconf 83' lang='lat' dir='ltr'><strong>vero</strong></span> <span class='ocrx_word' id='word_1_538' title='bbox 2732 909 2927 949; x_wconf 90' lang='lat' dir='ltr'><strong>omnes</strong></span> <span class='ocrx_word' id='word_1_539' title='bbox 2948 936 2962 959; x_wconf 94' lang='lat'><strong>,</strong></span> <span class='ocrx_word' id='word_1_540' title='bbox 3007 907 3109 948; x_wconf 90' lang='lat' dir='ltr'><strong>ceu</strong></span> <span class='ocrx_word' id='word_1_541' title='bbox 3131 890 3392 956; x_wconf 77' lang='lat' dir='ltr'><strong>infantes,</strong></span> <span class='ocrx_word' id='word_1_542' title='bbox 3418 888 3539 962; x_wconf 82' lang='lat' dir='ltr'><strong>[an-</strong></span> 
     </span>
    </p>
   </div>
   <div class='ocr_carea' id='block_1_69' title="bbox 1913 980 3543 1056">
    <p class='ocr_par' dir='ltr' id='par_1_69' title="bbox 1913 980 3543 1056">
     <span class='ocr_line' id='line_1_70' title="bbox 1913 980 3543 1056; baseline -0.002 -18"><span class='ocrx_word' id='word_1_543' title='bbox 1913 983 2070 1039; x_wconf 89' lang='lat' dir='ltr'><strong>diunt</strong></span> <span class='ocrx_word' id='word_1_544' title='bbox 2092 986 2333 1056; x_wconf 88' lang='lat' dir='ltr'><strong>quidem,</strong></span> <span class='ocrx_word' id='word_1_545' title='bbox 2359 1002 2459 1043; x_wconf 90' lang='lat' dir='ltr'><strong>nec</strong></span> <span class='ocrx_word' id='word_1_546' title='bbox 2493 996 2671 1042; x_wconf 91' lang='lat' dir='ltr'><strong>tamen</strong></span> <span class='ocrx_word' id='word_1_547' title='bbox 2700 986 2891 1043; x_wconf 55' lang='lat' dir='ltr'><strong>audita,</strong></span> <span class='ocrx_word' id='word_1_548' title='bbox 2912 984 3243 1056; x_wconf 87' lang='lat' dir='ltr'><strong>intelligunt,</strong></span> <span class='ocrx_word' id='word_1_549' title='bbox 3267 980 3392 1055; x_wconf 91' lang='lat' dir='ltr'><strong>sed]</strong></span> <span class='ocrx_word' id='word_1_550' title='bbox 3424 981 3543 1052; x_wconf 60' lang='lat' dir='ltr'><strong>plae-</strong></span> 
     </span>
    </p>
   </div>
   <div class='ocr_carea' id='block_1_70' title="bbox 1914 1078 3545 1149">
    <p class='ocr_par' dir='ltr' id='par_1_70' title="bbox 1914 1078 3545 1149">
     <span class='ocr_line' id='line_1_71' title="bbox 1914 1078 3545 1149; baseline -0.002 -16"><span class='ocrx_word' id='word_1_551' title='bbox 1914 1080 2089 1133; x_wconf 87' lang='lat' dir='ltr'><strong>centis</strong></span> <span class='ocrx_word' id='word_1_552' title='bbox 2121 1079 2533 1149; x_wconf 84' lang='lat' dir='ltr'><strong>puerilibusqne</strong></span> <span class='ocrx_word' id='word_1_553' title='bbox 2563 1080 2703 1136; x_wconf 88' lang='lat' dir='ltr'><strong>ludis</strong></span> <span class='ocrx_word' id='word_1_554' title='bbox 2728 1081 2919 1135; x_wconf 89' lang='lat' dir='ltr'><strong>intenti</strong></span> <span class='ocrx_word' id='word_1_555' title='bbox 2945 1087 3074 1134; x_wconf 90' lang='lat' dir='ltr'><strong>sunt</strong></span> <span class='ocrx_word' id='word_1_556' title='bbox 3104 1096 3116 1131; x_wconf 92' lang='lat'><strong>:</strong></span> <span class='ocrx_word' id='word_1_557' title='bbox 3144 1078 3214 1132; x_wconf 88' lang='lat' dir='ltr'><strong>ita</strong></span> <span class='ocrx_word' id='word_1_558' title='bbox 3250 1078 3301 1131; x_wconf 89' lang='lat' dir='ltr'><strong>hi</strong></span> <span class='ocrx_word' id='word_1_559' title='bbox 3324 1089 3545 1147; x_wconf 67' lang='lat' dir='ltr'><strong>quoque</strong></span> 
     </span>
    </p>
   </div>
   <div class='ocr_carea' id='block_1_71' title="bbox 1914 1168 3549 1246">
    <p class='ocr_par' dir='ltr' id='par_1_71' title="bbox 1914 1168 3549 1246">
     <span class='ocr_line' id='line_1_72' title="bbox 1914 1168 3549 1246; baseline -0.001 -22"><span class='ocrx_word' id='word_1_560' title='bbox 1914 1169 2069 1233; x_wconf 86' lang='lat' dir='ltr'><strong>risui,</strong></span> <span class='ocrx_word' id='word_1_561' title='bbox 2100 1168 2313 1226; x_wconf 88' lang='lat' dir='ltr'><strong>deliciis</strong></span> <span class='ocrx_word' id='word_1_562' title='bbox 2334 1213 2347 1235; x_wconf 85' lang='lat'><strong>,</strong></span> <span class='ocrx_word' id='word_1_563' title='bbox 2380 1172 2575 1242; x_wconf 90' lang='lat' dir='ltr'><strong>opibus</strong></span> <span class='ocrx_word' id='word_1_564' title='bbox 2597 1213 2611 1238; x_wconf 87' lang='lat'><strong>,</strong></span> <span class='ocrx_word' id='word_1_565' title='bbox 2644 1172 2906 1243; x_wconf 79' lang='lat' dir='ltr'><strong>potentia:</strong></span> <span class='ocrx_word' id='word_1_566' title='bbox 2935 1170 3126 1235; x_wconf 89' lang='lat' dir='ltr'><strong>dediti,</strong></span> <span class='ocrx_word' id='word_1_567' title='bbox 3153 1171 3436 1246; x_wconf 82' lang='lat' dir='ltr'><strong>ventrique</strong></span> <span class='ocrx_word' id='word_1_568' title='bbox 3468 1168 3549 1222; x_wconf 80' lang='lat' dir='ltr'><strong>vi-</strong></span> 
     </span>
    </p>
   </div>
   <div class='ocr_carea' id='block_1_72' title="bbox 1913 1260 3545 1332">
    <p class='ocr_par' dir='ltr' id='par_1_72' title="bbox 1913 1260 3545 1332">
     <span class='ocr_line' id='line_1_73' title="bbox 1913 1260 3545 1332; baseline -0.001 -17"><span class='ocrx_word' id='word_1_569' title='bbox 1913 1272 2125 1328; x_wconf 84' lang='lat' dir='ltr'><strong>ventes,</strong></span> <span class='ocrx_word' id='word_1_570' title='bbox 2152 1262 2293 1317; x_wconf 89' lang='lat' dir='ltr'><strong>dicta</strong></span> <span class='ocrx_word' id='word_1_571' title='bbox 2318 1263 2536 1332; x_wconf 87' lang='lat' dir='ltr'><strong>quidem</strong></span> <span class='ocrx_word' id='word_1_572' title='bbox 2568 1263 2838 1319; x_wconf 85' lang='lat' dir='ltr'><strong>interdum</strong></span> <span class='ocrx_word' id='word_1_573' title='bbox 2870 1262 3117 1329; x_wconf 90' lang='lat' dir='ltr'><strong>audiunt;</strong></span> <span class='ocrx_word' id='word_1_574' title='bbox 3139 1262 3236 1317; x_wconf 90' lang='lat' dir='ltr'><strong>sed</strong></span> <span class='ocrx_word' id='word_1_575' title='bbox 3264 1260 3398 1316; x_wconf 89' lang='lat' dir='ltr'><strong>nihil</strong></span> <span class='ocrx_word' id='word_1_576' title='bbox 3426 1276 3545 1315; x_wconf 85' lang='lat' dir='ltr'><strong>ma-</strong></span> 
     </span>
    </p>
   </div>
   <div class='ocr_carea' id='block_1_73' title="bbox 1912 1352 3545 1426">
    <p class='ocr_par' dir='ltr' id='par_1_73' title="bbox 1912 1352 3545 1426">
     <span class='ocr_line' id='line_1_74' title="bbox 1912 1352 3545 1426; baseline 0.002 -20"><span class='ocrx_word' id='word_1_577' title='bbox 1912 1367 2076 1423; x_wconf 88' lang='lat' dir='ltr'><strong>gnum</strong></span> <span class='ocrx_word' id='word_1_578' title='bbox 2105 1357 2188 1408; x_wconf 90' lang='lat' dir='ltr'><strong>vel</strong></span> <span class='ocrx_word' id='word_1_579' title='bbox 2221 1356 2455 1410; x_wconf 89' lang='lat' dir='ltr'><strong>sublime</strong></span> <span class='ocrx_word' id='word_1_580' title='bbox 2481 1356 2743 1426; x_wconf 91' lang='lat' dir='ltr'><strong>operibus</strong></span> <span class='ocrx_word' id='word_1_581' title='bbox 2780 1354 3044 1411; x_wconf 71' lang='lat' dir='ltr'><strong>exhibeant</strong></span> <span class='ocrx_word' id='word_1_582' title='bbox 3063 1397 3077 1419; x_wconf 88' lang='lat'><strong>,</strong></span> <span class='ocrx_word' id='word_1_583' title='bbox 3108 1354 3252 1426; x_wconf 89' lang='lat' dir='ltr'><strong>quod</strong></span> <span class='ocrx_word' id='word_1_584' title='bbox 3282 1369 3344 1410; x_wconf 87' lang='lat' dir='ltr'><strong>se</strong></span> <span class='ocrx_word' id='word_1_585' title='bbox 3373 1352 3545 1410; x_wconf 86' lang='lat' dir='ltr'><strong>semel</strong></span> 
     </span>
    </p>
   </div>
   <div class='ocr_carea' id='block_1_74' title="bbox 1914 1446 3546 1523">
    <p class='ocr_par' dir='ltr' id='par_1_74' title="bbox 1914 1446 3546 1523">
     <span class='ocr_line' id='line_1_75' title="bbox 1914 1446 3546 1523; baseline 0 -22"><span class='ocrx_word' id='word_1_586' title='bbox 1914 1446 2151 1502; x_wconf 89' lang='lat' dir='ltr'><strong>lateritio</strong></span> <span class='ocrx_word' id='word_1_587' title='bbox 2174 1450 2328 1519; x_wconf 89' lang='lat' dir='ltr'><strong>operi</strong></span> <span class='ocrx_word' id='word_1_588' title='bbox 2375 1460 2431 1505; x_wconf 91' lang='lat' dir='ltr'><strong>et</strong></span> <span class='ocrx_word' id='word_1_589' title='bbox 2457 1450 2571 1505; x_wconf 91' lang='lat' dir='ltr'><strong>luto</strong></span> <span class='ocrx_word' id='word_1_590' title='bbox 2603 1449 2934 1506; x_wconf 89' lang='lat' dir='ltr'><strong>dediderint.</strong></span> <span class='ocrx_word' id='word_1_591' title='bbox 2965 1448 3107 1505; x_wconf 80' lang='lat' dir='ltr'><strong>Huic</strong></span> <span class='ocrx_word' id='word_1_592' title='bbox 3152 1448 3415 1523; x_wconf 25' lang='lat' dir='ltr'><strong>apostolo.</strong></span> <span class='ocrx_word' id='word_1_593' title='bbox 3447 1448 3546 1503; x_wconf 84' lang='lat' dir='ltr'><strong>ad-</strong></span> 
     </span>
    </p>
   </div>
   <div class='ocr_carea' id='block_1_75' title="bbox 1915 1545 3542 1616">
    <p class='ocr_par' dir='ltr' id='par_1_75' title="bbox 1915 1545 3542 1616">
     <span class='ocr_line' id='line_1_76' title="bbox 1915 1545 3542 1616; baseline 0.002 -19"><span class='ocrx_word' id='word_1_594' title='bbox 1915 1550 2061 1597; x_wconf 76' lang='lat' dir='ltr'><strong>ataut</strong></span> <span class='ocrx_word' id='word_1_595' title='bbox 2087 1557 2339 1613; x_wconf 80' lang='lat' dir='ltr'><strong>superna:</strong></span> <span class='ocrx_word' id='word_1_596' title='bbox 2368 1546 2620 1613; x_wconf 85' lang='lat' dir='ltr'><strong>virtutes,</strong></span> <span class='ocrx_word' id='word_1_597' title='bbox 2651 1546 2798 1600; x_wconf 91' lang='lat' dir='ltr'><strong>illius</strong></span> <span class='ocrx_word' id='word_1_598' title='bbox 2827 1545 3023 1600; x_wconf 77' lang='lat' dir='ltr'><strong>anim-.e</strong></span> <span class='ocrx_word' id='word_1_599' title='bbox 3058 1545 3542 1616; x_wconf 86' lang='lat' dir='ltr'><strong>pulchritudinem,</strong></span> 
     </span>
    </p>
   </div>
   <div class='ocr_carea' id='block_1_76' title="bbox 1916 1635 3545 1709">
    <p class='ocr_par' dir='ltr' id='par_1_76' title="bbox 1916 1635 3545 1709">
     <span class='ocr_line' id='line_1_77' title="bbox 1916 1635 3545 1709; baseline 0.002 -22"><span class='ocrx_word' id='word_1_600' title='bbox 1916 1635 2255 1706; x_wconf 86' lang='lat' dir='ltr'><strong>prudentiam</strong></span> <span class='ocrx_word' id='word_1_601' title='bbox 2289 1638 2613 1709; x_wconf 88' lang='lat' dir='ltr'><strong>virtutisque</strong></span> <span class='ocrx_word' id='word_1_602' title='bbox 2641 1638 2879 1709; x_wconf 89' lang='lat' dir='ltr'><strong>speciem</strong></span> <span class='ocrx_word' id='word_1_603' title='bbox 2908 1638 3171 1693; x_wconf 86' lang='lat' dir='ltr'><strong>mirantes</strong></span> <span class='ocrx_word' id='word_1_604' title='bbox 3197 1678 3213 1704; x_wconf 87' lang='lat'><strong>,</strong></span> <span class='ocrx_word' id='word_1_605' title='bbox 3257 1653 3353 1708; x_wconf 84' lang='lat' dir='ltr'><strong>per</strong></span> <span class='ocrx_word' id='word_1_606' title='bbox 3384 1653 3545 1707; x_wconf 88' lang='lat' dir='ltr'><strong>quam</strong></span> 
     </span>
    </p>
   </div>
   <div class='ocr_carea' id='block_1_77' title="bbox 1916 1729 3552 1803">
    <p class='ocr_par' dir='ltr' id='par_1_77' title="bbox 1916 1729 3552 1803">
     <span class='ocr_line' id='line_1_78' title="bbox 1916 1729 3552 1803; baseline 0.002 -20"><span class='ocrx_word' id='word_1_607' title='bbox 1916 1730 2095 1801; x_wconf 85' lang='lat' dir='ltr'><strong>ipsum</strong></span> <span class='ocrx_word' id='word_1_608' title='bbox 2124 1729 2401 1787; x_wconf 91' lang='lat' dir='ltr'><strong>Christum</strong></span> <span class='ocrx_word' id='word_1_609' title='bbox 2433 1733 2691 1798; x_wconf 73' lang='lat' dir='ltr'><strong>attraxit,</strong></span> <span class='ocrx_word' id='word_1_610' title='bbox 2733 1741 2789 1788; x_wconf 91' lang='lat' dir='ltr'><strong>et</strong></span> <span class='ocrx_word' id='word_1_611' title='bbox 2814 1732 3157 1803; x_wconf 86' lang='lat' dir='ltr'><strong>spiritualcm</strong></span> <span class='ocrx_word' id='word_1_612' title='bbox 3187 1733 3399 1803; x_wconf 87' lang='lat' dir='ltr'><strong>accepit</strong></span> <span class='ocrx_word' id='word_1_613' title='bbox 3428 1749 3552 1803; x_wconf 81' lang='lat' dir='ltr'><strong>gra-</strong></span> 
     </span>
    </p>
   </div>
   <div class='ocr_carea' id='block_1_78' title="bbox 1919 1822 3553 1896">
    <p class='ocr_par' dir='ltr' id='par_1_78' title="bbox 1919 1822 3553 1896">
     <span class='ocr_line' id='line_1_79' title="bbox 1919 1822 3553 1896; baseline 0.003 -20"><span class='ocrx_word' id='word_1_614' title='bbox 1919 1823 2069 1878; x_wconf 89' lang='lat' dir='ltr'><strong>tiam.</strong></span> <span class='ocrx_word' id='word_1_615' title='bbox 2107 1822 2321 1879; x_wconf 85' lang='lat' dir='ltr'><strong>Etenim</strong></span> <span class='ocrx_word' id='word_1_616' title='bbox 2356 1840 2455 1879; x_wconf 90' lang='lat' dir='ltr'><strong>ccu</strong></span> <span class='ocrx_word' id='word_1_617' title='bbox 2490 1824 2662 1896; x_wconf 76' lang='lat' dir='ltr'><strong>lyram</strong></span> <span class='ocrx_word' id='word_1_618' title='bbox 2690 1825 2981 1896; x_wconf 88' lang='lat' dir='ltr'><strong>quamdam</strong></span> <span class='ocrx_word' id='word_1_619' title='bbox 3013 1824 3318 1896; x_wconf 89' lang='lat' dir='ltr'><strong>speciosam</strong></span> <span class='ocrx_word' id='word_1_620' title='bbox 3352 1825 3553 1896; x_wconf 84' lang='lat' dir='ltr'><strong>lapillis</strong></span> 
     </span>
    </p>
   </div>
   <div class='ocr_carea' id='block_1_79' title="bbox 1917 1913 3555 1988">
    <p class='ocr_par' dir='ltr' id='par_1_79' title="bbox 1917 1913 3555 1988">
     <span class='ocr_line' id='line_1_80' title="bbox 1917 1913 3555 1988; baseline 0.002 -20"><span class='ocrx_word' id='word_1_621' title='bbox 1917 1913 2210 1987; x_wconf 89' lang='lat' dir='ltr'><strong>aureisque</strong></span> <span class='ocrx_word' id='word_1_622' title='bbox 2260 1915 2456 1973; x_wconf 77' lang='lat' dir='ltr'><strong>(idibus</strong></span> <span class='ocrx_word' id='word_1_623' title='bbox 2486 1927 2733 1972; x_wconf 87' lang='lat' dir='ltr'><strong>ornatam</strong></span> <span class='ocrx_word' id='word_1_624' title='bbox 2761 1960 2776 1985; x_wconf 93' lang='lat'><strong>,</strong></span> <span class='ocrx_word' id='word_1_625' title='bbox 2810 1918 2891 1974; x_wconf 91' lang='lat' dir='ltr'><strong>sic</strong></span> <span class='ocrx_word' id='word_1_626' title='bbox 2936 1918 3176 1973; x_wconf 88' lang='lat' dir='ltr'><strong>animam</strong></span> <span class='ocrx_word' id='word_1_627' title='bbox 3218 1932 3555 1988; x_wconf 87' lang='lat' dir='ltr'><strong>componens</strong></span> 
     </span>
    </p>
   </div>
   <div class='ocr_carea' id='block_1_80' title="bbox 1918 2006 3553 2081">
    <p class='ocr_par' dir='ltr' id='par_1_80' title="bbox 1918 2006 3553 2081">
     <span class='ocr_line' id='line_1_81' title="bbox 1918 2006 3553 2081; baseline 0.002 -20"><span class='ocrx_word' id='word_1_628' title='bbox 1918 2020 2073 2061; x_wconf 91' lang='lat' dir='ltr'><strong>suam</strong></span> <span class='ocrx_word' id='word_1_629' title='bbox 2098 2047 2115 2072; x_wconf 93' lang='lat'><strong>,</strong></span> <span class='ocrx_word' id='word_1_630' title='bbox 2160 2006 2211 2062; x_wconf 91' lang='lat' dir='ltr'><strong>id</strong></span> <span class='ocrx_word' id='word_1_631' title='bbox 2240 2006 2423 2064; x_wconf 82' lang='lat' dir='ltr'><strong>eii&#39;ecit</strong></span> <span class='ocrx_word' id='word_1_632' title='bbox 2454 2016 2513 2064; x_wconf 90' lang='lat' dir='ltr'><strong>ut</strong></span> <span class='ocrx_word' id='word_1_633' title='bbox 2554 2023 2811 2081; x_wconf 87' lang='lat' dir='ltr'><strong>maguum</strong></span> <span class='ocrx_word' id='word_1_634' title='bbox 2856 2018 2913 2066; x_wconf 88' lang='lat' dir='ltr'><strong>et</strong></span> <span class='ocrx_word' id='word_1_635' title='bbox 2950 2008 3230 2065; x_wconf 75' lang='lat' dir='ltr'><strong>excelsum</strong></span> <span class='ocrx_word' id='word_1_636' title='bbox 3277 2009 3553 2081; x_wconf 88' lang='lat' dir='ltr'><strong>quidpiam</strong></span> 
     </span>
    </p>
   </div>
   <div class='ocr_carea' id='block_1_81' title="bbox 1920 2098 2395 2169">
    <p class='ocr_par' dir='ltr' id='par_1_81' title="bbox 1920 2098 2395 2169">
     <span class='ocr_line' id='line_1_82' title="bbox 1920 2098 2395 2169; baseline 0.006 -14"><span class='ocrx_word' id='word_1_637' title='bbox 1920 2098 2126 2169; x_wconf 90' lang='lat' dir='ltr'><strong>Spiritu</strong></span> <span class='ocrx_word' id='word_1_638' title='bbox 2155 2111 2395 2158; x_wconf 89' lang='lat' dir='ltr'><strong>sonaret.</strong></span> 
     </span>
    </p>
   </div>
   <div class='ocr_carea' id='block_1_82' title="bbox 1992 2192 3559 2268">
    <p class='ocr_par' dir='ltr' id='par_1_82' title="bbox 1992 2192 3559 2268">
     <span class='ocr_line' id='line_1_83' title="bbox 1992 2192 3559 2268; baseline 0.003 -22"><span class='ocrx_word' id='word_1_639' title='bbox 1992 2192 2047 2246; x_wconf 75' lang='lat'><strong>9..</strong></span> <span class='ocrx_word' id='word_1_640' title='bbox 2076 2192 2300 2249; x_wconf 78' lang='lat' dir='ltr'><strong>Joannis</strong></span> <span class='ocrx_word' id='word_1_641' title='bbox 2329 2195 2638 2251; x_wconf 78' lang='lat' dir='ltr'><strong>sublimitas.</strong></span> <span class='ocrx_word' id='word_1_642' title='bbox 2673 2195 2947 2263; x_wconf 83' lang='lat' dir='ltr'><strong>Quomodo</strong></span> <span class='ocrx_word' id='word_1_643' title='bbox 2989 2195 3309 2268; x_wconf 79' lang='lat' dir='ltr'><strong>evangelium</strong></span> <span class='ocrx_word' id='word_1_644' title='bbox 3344 2196 3456 2266; x_wconf 81' lang='lat' dir='ltr'><strong>ejus</strong></span> <span class='ocrx_word' id='word_1_645' title='bbox 3493 2197 3559 2251; x_wconf 85' lang='lat' dir='ltr'><strong>sit</strong></span> 
     </span>
    </p>
   </div>
   <div class='ocr_carea' id='block_1_83' title="bbox 1920 2289 3557 2363">
    <p class='ocr_par' dir='ltr' id='par_1_83' title="bbox 1920 2289 3557 2363">
     <span class='ocr_line' id='line_1_84' title="bbox 1920 2289 3557 2363; baseline 0.003 -21"><span class='ocrx_word' id='word_1_646' title='bbox 1920 2289 2258 2345; x_wconf 82' lang='lat' dir='ltr'><strong>audiendum.</strong></span> <span class='ocrx_word' id='word_1_647' title='bbox 2288 2320 2360 2332; x_wconf 91' lang='lat'><strong>-—</strong></span> <span class='ocrx_word' id='word_1_648' title='bbox 2391 2290 2579 2363; x_wconf 86' lang='lat' dir='ltr'><strong>Itaque</strong></span> <span class='ocrx_word' id='word_1_649' title='bbox 2611 2309 2719 2347; x_wconf 90' lang='lat' dir='ltr'><strong>non</strong></span> <span class='ocrx_word' id='word_1_650' title='bbox 2765 2301 2824 2347; x_wconf 92' lang='lat' dir='ltr'><strong>ut</strong></span> <span class='ocrx_word' id='word_1_651' title='bbox 2856 2292 3173 2362; x_wconf 87' lang='lat' dir='ltr'><strong>piseatoris,</strong></span> <span class='ocrx_word' id='word_1_652' title='bbox 3213 2306 3315 2349; x_wconf 90' lang='lat' dir='ltr'><strong>uec</strong></span> <span class='ocrx_word' id='word_1_653' title='bbox 3361 2300 3418 2347; x_wconf 92' lang='lat' dir='ltr'><strong>ut</strong></span> <span class='ocrx_word' id='word_1_654' title='bbox 3461 2292 3557 2347; x_wconf 88' lang='lat' dir='ltr'><strong>lilii</strong></span> 
     </span>
    </p>
   </div>
   <div class='ocr_carea' id='block_1_84' title="bbox 1922 2381 3551 2457">
    <p class='ocr_par' dir='ltr' id='par_1_84' title="bbox 1922 2381 3551 2457">
     <span class='ocr_line' id='line_1_85' title="bbox 1922 2381 3551 2457; baseline 0.002 -20"><span class='ocrx_word' id='word_1_655' title='bbox 1922 2381 2196 2448; x_wconf 74' lang='lat' dir='ltr'><strong>Zebedtei.</strong></span> <span class='ocrx_word' id='word_1_656' title='bbox 2222 2384 2317 2441; x_wconf 89' lang='lat' dir='ltr'><strong>sed</strong></span> <span class='ocrx_word' id='word_1_657' title='bbox 2342 2386 2533 2457; x_wconf 90' lang='lat' dir='ltr'><strong>utejus</strong></span> <span class='ocrx_word' id='word_1_658' title='bbox 2550 2386 2639 2457; x_wconf 93' lang='lat' dir='ltr'><strong>qui</strong></span> <span class='ocrx_word' id='word_1_659' title='bbox 2665 2386 2929 2457; x_wconf 84' lang='lat' dir='ltr'><strong>profunda</strong></span> <span class='ocrx_word' id='word_1_660' title='bbox 2960 2386 3055 2442; x_wconf 87' lang='lat' dir='ltr'><strong>Dei</strong></span> <span class='ocrx_word' id='word_1_661' title='bbox 3085 2387 3258 2457; x_wconf 90' lang='lat' dir='ltr'><strong>novit,</strong></span> <span class='ocrx_word' id='word_1_662' title='bbox 3284 2386 3551 2456; x_wconf 90' lang='lat' dir='ltr'><strong>Spiritum</strong></span> 
     </span>
    </p>
   </div>
   <div class='ocr_carea' id='block_1_85' title="bbox 1922 2475 3558 2550">
    <p class='ocr_par' dir='ltr' id='par_1_85' title="bbox 1922 2475 3558 2550">
     <span class='ocr_line' id='line_1_86' title="bbox 1922 2475 3558 2550; baseline 0.004 -20"><span class='ocrx_word' id='word_1_663' title='bbox 1922 2475 2046 2531; x_wconf 92' lang='lat' dir='ltr'><strong>dico</strong></span> <span class='ocrx_word' id='word_1_664' title='bbox 2071 2477 2212 2532; x_wconf 90' lang='lat' dir='ltr'><strong>hanc</strong></span> <span class='ocrx_word' id='word_1_665' title='bbox 2241 2478 2419 2550; x_wconf 78' lang='lat' dir='ltr'><strong>lyram</strong></span> <span class='ocrx_word' id='word_1_666' title='bbox 2443 2480 2772 2549; x_wconf 87' lang='lat' dir='ltr'><strong>pulsantem,</strong></span> <span class='ocrx_word' id='word_1_667' title='bbox 2805 2481 2887 2535; x_wconf 90' lang='lat' dir='ltr'><strong>sic</strong></span> <span class='ocrx_word' id='word_1_668' title='bbox 2905 2480 3213 2536; x_wconf 83' lang='lat' dir='ltr'><strong>audiamus.</strong></span> <span class='ocrx_word' id='word_1_669' title='bbox 3237 2479 3382 2535; x_wconf 87' lang='lat' dir='ltr'><strong>Nihil</strong></span> <span class='ocrx_word' id='word_1_670' title='bbox 3412 2481 3558 2537; x_wconf 71' lang='lat' dir='ltr'><strong>enim</strong></span> 
     </span>
    </p>
   </div>
   <div class='ocr_carea' id='block_1_86' title="bbox 1923 2568 3558 2647">
    <p class='ocr_par' dir='ltr' id='par_1_86' title="bbox 1923 2568 3558 2647">
     <span class='ocr_line' id='line_1_87' title="bbox 1923 2568 3558 2647; baseline 0.006 -25"><span class='ocrx_word' id='word_1_671' title='bbox 1923 2568 2224 2624; x_wconf 90' lang='lat' dir='ltr'><strong>humanum</strong></span> <span class='ocrx_word' id='word_1_672' title='bbox 2256 2571 2424 2638; x_wconf 93' lang='lat' dir='ltr'><strong>dicet,</strong></span> <span class='ocrx_word' id='word_1_673' title='bbox 2456 2573 2553 2628; x_wconf 89' lang='lat' dir='ltr'><strong>sed</strong></span> <span class='ocrx_word' id='word_1_674' title='bbox 2581 2573 2844 2645; x_wconf 89' lang='lat' dir='ltr'><strong>quidquid</strong></span> <span class='ocrx_word' id='word_1_675' title='bbox 2877 2575 3131 2646; x_wconf 88' lang='lat' dir='ltr'><strong>loquetur</strong></span> <span class='ocrx_word' id='word_1_676' title='bbox 3157 2590 3223 2630; x_wconf 84' lang='lat' dir='ltr'><strong>ex</strong></span> <span class='ocrx_word' id='word_1_677' title='bbox 3252 2576 3558 2647; x_wconf 88' lang='lat' dir='ltr'><strong>spirituali-</strong></span> 
     </span>
    </p>
   </div>
   <div class='ocr_carea' id='block_1_87' title="bbox 1925 2661 3561 2737">
    <p class='ocr_par' dir='ltr' id='par_1_87' title="bbox 1925 2661 3561 2737">
     <span class='ocr_line' id='line_1_88' title="bbox 1925 2661 3561 2737; baseline 0.004 -20"><span class='ocrx_word' id='word_1_678' title='bbox 1925 2661 2026 2717; x_wconf 91' lang='lat' dir='ltr'><strong>bus</strong></span> <span class='ocrx_word' id='word_1_679' title='bbox 2052 2661 2266 2734; x_wconf 86' lang='lat' dir='ltr'><strong>abyssis</strong></span> <span class='ocrx_word' id='word_1_680' title='bbox 2294 2662 2546 2720; x_wconf 89' lang='lat' dir='ltr'><strong>haustum</strong></span> <span class='ocrx_word' id='word_1_681' title='bbox 2578 2675 2685 2733; x_wconf 89' lang='lat' dir='ltr'><strong>est,</strong></span> <span class='ocrx_word' id='word_1_682' title='bbox 2721 2682 2787 2721; x_wconf 84' lang='lat' dir='ltr'><strong>ex</strong></span> <span class='ocrx_word' id='word_1_683' title='bbox 2815 2668 3031 2722; x_wconf 89' lang='lat' dir='ltr'><strong>arcanis</strong></span> <span class='ocrx_word' id='word_1_684' title='bbox 3052 2667 3182 2733; x_wconf 89' lang='lat' dir='ltr'><strong>illis,</strong></span> <span class='ocrx_word' id='word_1_685' title='bbox 3214 2683 3335 2737; x_wconf 72' lang='lat' dir='ltr'><strong>qua:</strong></span> <span class='ocrx_word' id='word_1_686' title='bbox 3363 2684 3432 2724; x_wconf 88' lang='lat' dir='ltr'><strong>ne</strong></span> <span class='ocrx_word' id='word_1_687' title='bbox 3460 2685 3561 2725; x_wconf 84' lang='lat' dir='ltr'><strong>an-</strong></span> 
     </span>
    </p>
   </div>
   <div class='ocr_carea' id='block_1_88' title="bbox 1926 2754 3563 2828">
    <p class='ocr_par' dir='ltr' id='par_1_88' title="bbox 1926 2754 3563 2828">
     <span class='ocr_line' id='line_1_89' title="bbox 1926 2754 3563 2828; baseline 0.005 -19"><span class='ocrx_word' id='word_1_688' title='bbox 1926 2754 2030 2825; x_wconf 86' lang='lat' dir='ltr'><strong>geli</strong></span> <span class='ocrx_word' id='word_1_689' title='bbox 2055 2754 2297 2825; x_wconf 90' lang='lat' dir='ltr'><strong>quidem,</strong></span> <span class='ocrx_word' id='word_1_690' title='bbox 2328 2768 2619 2828; x_wconf 90' lang='lat' dir='ltr'><strong>antequam</strong></span> <span class='ocrx_word' id='word_1_691' title='bbox 2647 2758 2736 2813; x_wconf 90' lang='lat' dir='ltr'><strong>illa</strong></span> <span class='ocrx_word' id='word_1_692' title='bbox 2771 2759 2988 2825; x_wconf 76' lang='lat' dir='ltr'><strong>fierent,</strong></span> <span class='ocrx_word' id='word_1_693' title='bbox 3019 2768 3306 2816; x_wconf 88' lang='lat' dir='ltr'><strong>noverant.</strong></span> <span class='ocrx_word' id='word_1_694' title='bbox 3337 2761 3473 2816; x_wconf 85' lang='lat' dir='ltr'><strong>Nam</strong></span> <span class='ocrx_word' id='word_1_695' title='bbox 3506 2770 3563 2818; x_wconf 93' lang='lat' dir='ltr'><strong>et</strong></span> 
     </span>
    </p>
   </div>
   <div class='ocr_carea' id='block_1_89' title="bbox 1929 2849 3560 2926">
    <p class='ocr_par' dir='ltr' id='par_1_89' title="bbox 1929 2849 3560 2926">
     <span class='ocr_line' id='line_1_90' title="bbox 1929 2849 3560 2926; baseline 0.006 -23"><span class='ocrx_word' id='word_1_696' title='bbox 1929 2849 2032 2919; x_wconf 93' lang='lat' dir='ltr'><strong>ipsi</strong></span> <span class='ocrx_word' id='word_1_697' title='bbox 2065 2849 2350 2906; x_wconf 90' lang='lat' dir='ltr'><strong>uobiscum</strong></span> <span class='ocrx_word' id='word_1_698' title='bbox 2377 2866 2474 2921; x_wconf 90' lang='lat' dir='ltr'><strong>per</strong></span> <span class='ocrx_word' id='word_1_699' title='bbox 2501 2852 2727 2909; x_wconf 80' lang='lat' dir='ltr'><strong>Joannis</strong></span> <span class='ocrx_word' id='word_1_700' title='bbox 2758 2868 2982 2921; x_wconf 89' lang='lat' dir='ltr'><strong>vocem,</strong></span> <span class='ocrx_word' id='word_1_701' title='bbox 3006 2862 3063 2911; x_wconf 89' lang='lat' dir='ltr'><strong>et</strong></span> <span class='ocrx_word' id='word_1_702' title='bbox 3092 2870 3189 2926; x_wconf 91' lang='lat' dir='ltr'><strong>per</strong></span> <span class='ocrx_word' id='word_1_703' title='bbox 3213 2871 3314 2911; x_wconf 89' lang='lat' dir='ltr'><strong>nos</strong></span> <span class='ocrx_word' id='word_1_704' title='bbox 3350 2856 3560 2913; x_wconf 77' lang='lat' dir='ltr'><strong>didice-</strong></span> 
     </span>
    </p>
   </div>
   <div class='ocr_carea' id='block_1_90' title="bbox 1928 2946 3564 3021">
    <p class='ocr_par' dir='ltr' id='par_1_90' title="bbox 1928 2946 3564 3021">
     <span class='ocr_line' id='line_1_91' title="bbox 1928 2946 3564 3021; baseline 0.005 -23"><span class='ocrx_word' id='word_1_705' title='bbox 1928 2952 2057 2998; x_wconf 88' lang='lat' dir='ltr'><strong>runt</strong></span> <span class='ocrx_word' id='word_1_706' title='bbox 2084 2958 2147 2999; x_wconf 87' lang='lat' dir='ltr'><strong>ea</strong></span> <span class='ocrx_word' id='word_1_707' title='bbox 2173 2960 2296 3016; x_wconf 73' lang='lat' dir='ltr'><strong>qua:</strong></span> <span class='ocrx_word' id='word_1_708' title='bbox 2326 2961 2428 3001; x_wconf 87' lang='lat' dir='ltr'><strong>nos</strong></span> <span class='ocrx_word' id='word_1_709' title='bbox 2457 2946 2731 3001; x_wconf 84' lang='lat' dir='ltr'><strong>novimus.</strong></span> <span class='ocrx_word' id='word_1_710' title='bbox 2767 2947 2833 3001; x_wconf 88' lang='lat' dir='ltr'><strong>Et</strong></span> <span class='ocrx_word' id='word_1_711' title='bbox 2862 2947 2965 3003; x_wconf 93' lang='lat' dir='ltr'><strong>hoc</strong></span> <span class='ocrx_word' id='word_1_712' title='bbox 2986 2964 3205 3019; x_wconf 86' lang='lat' dir='ltr'><strong>quoque</strong></span> <span class='ocrx_word' id='word_1_713' title='bbox 3234 2950 3564 3021; x_wconf 84' lang='lat' dir='ltr'><strong>signiﬁcavit</strong></span> 
     </span>
    </p>
   </div>
   <div class='ocr_carea' id='block_1_91' title="bbox 1927 3035 3563 3113">
    <p class='ocr_par' dir='ltr' id='par_1_91' title="bbox 1927 3035 3563 3113">
     <span class='ocr_line' id='line_1_92' title="bbox 1927 3035 3563 3113; baseline -0.001 -22"><span class='ocrx_word' id='word_1_714' title='bbox 1927 3035 2071 3091; x_wconf 83' lang='lat' dir='ltr'><strong>alius</strong></span> <span class='ocrx_word' id='word_1_715' title='bbox 2092 3035 2375 3107; x_wconf 86' lang='lat' dir='ltr'><strong>apostolus</strong></span> <span class='ocrx_word' id='word_1_716' title='bbox 2407 3036 2492 3092; x_wconf 88' lang='lat' dir='ltr'><strong>his</strong></span> <span class='ocrx_word' id='word_1_717' title='bbox 2533 3037 2751 3093; x_wconf 87' lang='lat' dir='ltr'><strong>verbis:</strong></span> <span class='ocrx_word' id='word_1_718' title='bbox 2782 3036 2851 3094; x_wconf 88' lang='lat' dir='ltr'><strong>Ut</strong></span> <span class='ocrx_word' id='word_1_719' title='bbox 2885 3038 3170 3093; x_wconf 83' lang='lat' dir='ltr'><strong>innotescat</strong></span> <span class='ocrx_word' id='word_1_720' title='bbox 3199 3056 3337 3094; x_wconf 81' lang='lat' dir='ltr'><strong>nunc</strong></span> <span class='ocrx_word' id='word_1_721' title='bbox 3366 3041 3563 3113; x_wconf 85' lang='lat' dir='ltr'><strong>princi.</strong></span> 
     </span>
    </p>
   </div>
   <div class='ocr_carea' id='block_1_92' title="bbox 1931 3128 3567 3203">
    <p class='ocr_par' dir='ltr' id='par_1_92' title="bbox 1931 3128 3567 3203">
     <span class='ocr_line' id='line_1_93' title="bbox 1931 3128 3567 3203; baseline 0.006 -22"><span class='ocrx_word' id='word_1_722' title='bbox 1931 3128 2136 3196; x_wconf 84' lang='lat' dir='ltr'><strong>patibus</strong></span> <span class='ocrx_word' id='word_1_723' title='bbox 2167 3138 2214 3183; x_wconf 85' lang='lat' dir='ltr'><strong>et</strong></span> <span class='ocrx_word' id='word_1_724' title='bbox 2246 3128 2583 3198; x_wconf 79' lang='lat' dir='ltr'><strong>potestatibus</strong></span> <span class='ocrx_word' id='word_1_725' title='bbox 2633 3146 2725 3201; x_wconf 78' lang='lat' dir='ltr'><strong>per</strong></span> <span class='ocrx_word' id='word_1_726' title='bbox 2770 3128 3059 3186; x_wconf 70' lang='lat' dir='ltr'><strong>Ecclesiam</strong></span> <span class='ocrx_word' id='word_1_727' title='bbox 3099 3131 3436 3203; x_wconf 75' lang='lat' dir='ltr'><strong>multiformis</strong></span> <span class='ocrx_word' id='word_1_728' title='bbox 3482 3151 3567 3189; x_wconf 83' lang='lat' dir='ltr'><strong>sa-</strong></span> 
     </span>
    </p>
   </div>
   <div class='ocr_carea' id='block_1_93' title="bbox 1931 3219 3568 3296">
    <p class='ocr_par' dir='ltr' id='par_1_93' title="bbox 1931 3219 3568 3296">
     <span class='ocr_line' id='line_1_94' title="bbox 1931 3219 3568 3296; baseline 0.005 -22"><span class='ocrx_word' id='word_1_729' title='bbox 1931 3221 2126 3292; x_wconf 84' lang='lat' dir='ltr'><strong>pientia</strong></span> <span class='ocrx_word' id='word_1_730' title='bbox 2146 3219 2247 3276; x_wconf 80' lang='lat' dir='ltr'><strong>Dei</strong></span> <span class='ocrx_word' id='word_1_731' title='bbox 2285 3220 2505 3293; x_wconf 78' lang='lat' dir='ltr'><strong>(Ephes.</strong></span> <span class='ocrx_word' id='word_1_732' title='bbox 2537 3223 2591 3277; x_wconf 85' lang='lat'><strong>‘5.</strong></span> <span class='ocrx_word' id='word_1_733' title='bbox 2622 3222 2736 3294; x_wconf 81' lang='lat' dir='ltr'><strong>l0).</strong></span> <span class='ocrx_word' id='word_1_734' title='bbox 2768 3222 2825 3278; x_wconf 80' lang='lat' dir='ltr'><strong>Si</strong></span> <span class='ocrx_word' id='word_1_735' title='bbox 2854 3238 2986 3294; x_wconf 88' lang='lat' dir='ltr'><strong>ergo</strong></span> <span class='ocrx_word' id='word_1_736' title='bbox 3011 3224 3347 3295; x_wconf 89' lang='lat' dir='ltr'><strong>principatus</strong></span> <span class='ocrx_word' id='word_1_737' title='bbox 3372 3268 3385 3288; x_wconf 87' lang='lat'><strong>,</strong></span> <span class='ocrx_word' id='word_1_738' title='bbox 3412 3234 3568 3296; x_wconf 85' lang='lat' dir='ltr'><strong>pote-</strong></span> 
     </span>
    </p>
   </div>
   <div class='ocr_carea' id='block_1_94' title="bbox 1929 3315 3565 3389">
    <p class='ocr_par' dir='ltr' id='par_1_94' title="bbox 1929 3315 3565 3389">
     <span class='ocr_line' id='line_1_95' title="bbox 1929 3315 3565 3389; baseline 0.004 -20"><span class='ocrx_word' id='word_1_739' title='bbox 1929 3324 2119 3381; x_wconf 86' lang='lat' dir='ltr'><strong>states,</strong></span> <span class='ocrx_word' id='word_1_740' title='bbox 2143 3315 2442 3373; x_wconf 89' lang='lat' dir='ltr'><strong>Cherubim</strong></span> <span class='ocrx_word' id='word_1_741' title='bbox 2471 3326 2525 3373; x_wconf 90' lang='lat' dir='ltr'><strong>et</strong></span> <span class='ocrx_word' id='word_1_742' title='bbox 2556 3316 2842 3388; x_wconf 83' lang='lat' dir='ltr'><strong>Serapltim</strong></span> <span class='ocrx_word' id='word_1_743' title='bbox 2878 3320 2995 3375; x_wconf 71' lang='lat' dir='ltr'><strong>lucc</strong></span> <span class='ocrx_word' id='word_1_744' title='bbox 3024 3335 3120 3389; x_wconf 87' lang='lat' dir='ltr'><strong>per</strong></span> <span class='ocrx_word' id='word_1_745' title='bbox 3145 3318 3448 3375; x_wconf 88' lang='lat' dir='ltr'><strong>Ecclesiam</strong></span> <span class='ocrx_word' id='word_1_746' title='bbox 3477 3320 3565 3375; x_wconf 89' lang='lat' dir='ltr'><strong>di-</strong></span> 
     </span>
    </p>
   </div>
   <div class='ocr_carea' id='block_1_95' title="bbox 1932 3405 3569 3483">
    <p class='ocr_par' dir='ltr' id='par_1_95' title="bbox 1932 3405 3569 3483">
     <span class='ocr_line' id='line_1_96' title="bbox 1932 3405 3569 3483; baseline 0.003 -21"><span class='ocrx_word' id='word_1_747' title='bbox 1932 3405 2180 3463; x_wconf 91' lang='lat' dir='ltr'><strong>dicerunt</strong></span> <span class='ocrx_word' id='word_1_748' title='bbox 2204 3450 2218 3474; x_wconf 89' lang='lat'><strong>,</strong></span> <span class='ocrx_word' id='word_1_749' title='bbox 2254 3409 2431 3479; x_wconf 86' lang='lat' dir='ltr'><strong>palam</strong></span> <span class='ocrx_word' id='word_1_750' title='bbox 2461 3420 2546 3480; x_wconf 73' lang='lat' dir='ltr'><strong>est</strong></span> <span class='ocrx_word' id='word_1_751' title='bbox 2587 3410 2709 3465; x_wconf 81' lang='lat' dir='ltr'><strong>illos</strong></span> <span class='ocrx_word' id='word_1_752' title='bbox 2738 3426 2930 3483; x_wconf 88' lang='lat' dir='ltr'><strong>magna</strong></span> <span class='ocrx_word' id='word_1_753' title='bbox 2961 3428 3084 3466; x_wconf 91' lang='lat' dir='ltr'><strong>cum</strong></span> <span class='ocrx_word' id='word_1_754' title='bbox 3114 3410 3416 3467; x_wconf 77' lang='lat' dir='ltr'><strong>attentione</strong></span> <span class='ocrx_word' id='word_1_755' title='bbox 3452 3413 3569 3467; x_wconf 74' lang='lat' dir='ltr'><strong>iure</strong></span> 
     </span>
    </p>
   </div>
   <div class='ocr_carea' id='block_1_96' title="bbox 1932 3501 3564 3583">
    <p class='ocr_par' dir='ltr' id='par_1_96' title="bbox 1932 3501 3564 3583">
     <span class='ocr_line' id='line_1_97' title="bbox 1932 3501 3564 3583; baseline 0.001 -23"><span class='ocrx_word' id='word_1_756' title='bbox 1932 3501 2243 3563; x_wconf 87' lang='lat' dir='ltr'><strong>edidicisse.</strong></span> <span class='ocrx_word' id='word_1_757' title='bbox 2273 3501 2435 3565; x_wconf 88' lang='lat' dir='ltr'><strong>Certe</strong></span> <span class='ocrx_word' id='word_1_758' title='bbox 2488 3523 2593 3565; x_wconf 90' lang='lat' dir='ltr'><strong>non</strong></span> <span class='ocrx_word' id='word_1_759' title='bbox 2632 3522 2802 3582; x_wconf 85' lang='lat' dir='ltr'><strong>parvo</strong></span> <span class='ocrx_word' id='word_1_760' title='bbox 2847 3506 2975 3563; x_wconf 87' lang='lat' dir='ltr'><strong>hinc</strong></span> <span class='ocrx_word' id='word_1_761' title='bbox 2999 3507 3216 3569; x_wconf 84' lang='lat' dir='ltr'><strong>honore</strong></span> <span class='ocrx_word' id='word_1_762' title='bbox 3257 3508 3564 3583; x_wconf 75' lang='lat' dir='ltr'><strong>alticimnr,</strong></span> 
     </span>
    </p>
   </div>
   <div class='ocr_carea' id='block_1_97' title="bbox 1934 3601 3564 3680">
    <p class='ocr_par' dir='ltr' id='par_1_97' title="bbox 1934 3601 3564 3680">
     <span class='ocr_line' id='line_1_98' title="bbox 1934 3601 3564 3680; baseline 0.006 -25"><span class='ocrx_word' id='word_1_763' title='bbox 1934 3601 2078 3672; x_wconf 91' lang='lat' dir='ltr'><strong>quod</strong></span> <span class='ocrx_word' id='word_1_764' title='bbox 2123 3603 2300 3674; x_wconf 85' lang='lat' dir='ltr'><strong>angeli</strong></span> <span class='ocrx_word' id='word_1_765' title='bbox 2334 3618 2395 3659; x_wconf 92' lang='lat' dir='ltr'><strong>ea</strong></span> <span class='ocrx_word' id='word_1_766' title='bbox 2424 3604 2710 3660; x_wconf 89' lang='lat' dir='ltr'><strong>nobiscum</strong></span> <span class='ocrx_word' id='word_1_767' title='bbox 2760 3605 3006 3674; x_wconf 89' lang='lat' dir='ltr'><strong>audiant,</strong></span> <span class='ocrx_word' id='word_1_768' title='bbox 3040 3624 3163 3679; x_wconf 79' lang='lat' dir='ltr'><strong>qua:</strong></span> <span class='ocrx_word' id='word_1_769' title='bbox 3192 3608 3509 3680; x_wconf 83' lang='lat' dir='ltr'><strong>ignorabant</strong></span> <span class='ocrx_word' id='word_1_770' title='bbox 3551 3629 3564 3665; x_wconf 93' lang='lat'><strong>:</strong></span> 
     </span>
    </p>
   </div>
   <div class='ocr_carea' id='block_1_98' title="bbox 1933 3694 3568 3772">
    <p class='ocr_par' dir='ltr' id='par_1_98' title="bbox 1933 3694 3568 3772">
     <span class='ocr_line' id='line_1_99' title="bbox 1933 3694 3568 3772; baseline 0.006 -23"><span class='ocrx_word' id='word_1_771' title='bbox 1933 3694 2076 3765; x_wconf 90' lang='lat' dir='ltr'><strong>quod</strong></span> <span class='ocrx_word' id='word_1_772' title='bbox 2105 3702 2286 3751; x_wconf 91' lang='lat' dir='ltr'><strong>autem</strong></span> <span class='ocrx_word' id='word_1_773' title='bbox 2314 3696 2477 3752; x_wconf 87' lang='lat' dir='ltr'><strong>etiam</strong></span> <span class='ocrx_word' id='word_1_774' title='bbox 2510 3712 2607 3768; x_wconf 91' lang='lat' dir='ltr'><strong>per</strong></span> <span class='ocrx_word' id='word_1_775' title='bbox 2632 3714 2752 3765; x_wconf 89' lang='lat' dir='ltr'><strong>nos,</strong></span> <span class='ocrx_word' id='word_1_776' title='bbox 2790 3699 3030 3755; x_wconf 91' lang='lat' dir='ltr'><strong>nondum</strong></span> <span class='ocrx_word' id='word_1_777' title='bbox 3063 3700 3238 3756; x_wconf 84' lang='lat' dir='ltr'><strong>dicam</strong></span> <span class='ocrx_word' id='word_1_778' title='bbox 3269 3701 3568 3772; x_wconf 89' lang='lat' dir='ltr'><strong>quomodo.</strong></span> 
     </span>
    </p>
   </div>
   <div class='ocr_carea' id='block_1_99' title="bbox 1935 3785 3569 3860">
    <p class='ocr_par' dir='ltr' id='par_1_99' title="bbox 1935 3785 3569 3860">
     <span class='ocr_line' id='line_1_100' title="bbox 1935 3785 3569 3860; baseline 0.005 -19"><span class='ocrx_word' id='word_1_779' title='bbox 1935 3785 2162 3843; x_wconf 78' lang='lat' dir='ltr'><strong>Multum</strong></span> <span class='ocrx_word' id='word_1_780' title='bbox 2207 3803 2339 3860; x_wconf 89' lang='lat' dir='ltr'><strong>ergo</strong></span> <span class='ocrx_word' id='word_1_781' title='bbox 2380 3789 2739 3846; x_wconf 88' lang='lat' dir='ltr'><strong>adhibeamus</strong></span> <span class='ocrx_word' id='word_1_782' title='bbox 2768 3805 2892 3847; x_wconf 89' lang='lat' dir='ltr'><strong>cum</strong></span> <span class='ocrx_word' id='word_1_783' title='bbox 2936 3792 3203 3848; x_wconf 90' lang='lat' dir='ltr'><strong>modestia</strong></span> <span class='ocrx_word' id='word_1_784' title='bbox 3246 3794 3527 3851; x_wconf 89' lang='lat' dir='ltr'><strong>silentium</strong></span> <span class='ocrx_word' id='word_1_785' title='bbox 3554 3836 3569 3859; x_wconf 88' lang='lat'><strong>,</strong></span> 
     </span>
    </p>
   </div>
   <div class='ocr_carea' id='block_1_100' title="bbox 1935 3881 3570 3961">
    <p class='ocr_par' dir='ltr' id='par_1_100' title="bbox 1935 3881 3570 3961">
     <span class='ocr_line' id='line_1_101' title="bbox 1935 3881 3570 3961; baseline 0.008 -25"><span class='ocrx_word' id='word_1_786' title='bbox 1935 3896 2043 3937; x_wconf 91' lang='lat' dir='ltr'><strong>non</strong></span> <span class='ocrx_word' id='word_1_787' title='bbox 2071 3881 2234 3939; x_wconf 91' lang='lat' dir='ltr'><strong>hodie</strong></span> <span class='ocrx_word' id='word_1_788' title='bbox 2261 3892 2493 3948; x_wconf 86' lang='lat' dir='ltr'><strong>tantum,</strong></span> <span class='ocrx_word' id='word_1_789' title='bbox 2525 3895 2614 3940; x_wconf 89' lang='lat' dir='ltr'><strong>aut</strong></span> <span class='ocrx_word' id='word_1_790' title='bbox 2644 3902 2713 3941; x_wconf 94' lang='lat' dir='ltr'><strong>eo</strong></span> <span class='ocrx_word' id='word_1_791' title='bbox 2734 3886 3021 3945; x_wconf 80' lang='lat' dir='ltr'><strong>dumtaxat</strong></span> <span class='ocrx_word' id='word_1_792' title='bbox 3049 3905 3158 3961; x_wconf 91' lang='lat' dir='ltr'><strong>quo</strong></span> <span class='ocrx_word' id='word_1_793' title='bbox 3187 3890 3438 3948; x_wconf 90' lang='lat' dir='ltr'><strong>audimus</strong></span> <span class='ocrx_word' id='word_1_794' title='bbox 3458 3892 3570 3957; x_wconf 86' lang='lat' dir='ltr'><strong>die,</strong></span> 
     </span>
    </p>
   </div>
   <div class='ocr_carea' id='block_1_101' title="bbox 1937 3975 3573 4055">
    <p class='ocr_par' dir='ltr' id='par_1_101' title="bbox 1937 3975 3573 4055">
     <span class='ocr_line' id='line_1_102' title="bbox 1937 3975 3573 4055; baseline 0.007 -25"><span class='ocrx_word' id='word_1_795' title='bbox 1937 3975 2031 4031; x_wconf 88' lang='lat' dir='ltr'><strong>sed</strong></span> <span class='ocrx_word' id='word_1_796' title='bbox 2062 3990 2160 4046; x_wconf 90' lang='lat' dir='ltr'><strong>per</strong></span> <span class='ocrx_word' id='word_1_797' title='bbox 2192 3984 2360 4032; x_wconf 91' lang='lat' dir='ltr'><strong>totam</strong></span> <span class='ocrx_word' id='word_1_798' title='bbox 2395 3978 2581 4045; x_wconf 89' lang='lat' dir='ltr'><strong>vitam;</strong></span> <span class='ocrx_word' id='word_1_799' title='bbox 2612 3980 2737 4051; x_wconf 87' lang='lat' dir='ltr'><strong>quia</strong></span> <span class='ocrx_word' id='word_1_800' title='bbox 2768 3980 2922 4036; x_wconf 90' lang='lat' dir='ltr'><strong>illum</strong></span> <span class='ocrx_word' id='word_1_801' title='bbox 2952 3982 3102 4037; x_wconf 91' lang='lat' dir='ltr'><strong>omni</strong></span> <span class='ocrx_word' id='word_1_802' title='bbox 3134 3993 3381 4055; x_wconf 86' lang='lat' dir='ltr'><strong>tempore</strong></span> <span class='ocrx_word' id='word_1_803' title='bbox 3409 3984 3573 4041; x_wconf 87' lang='lat' dir='ltr'><strong>audi-</strong></span> 
     </span>
    </p>
   </div>
   <div class='ocr_carea' id='block_1_102' title="bbox 1939 4068 3571 4150">
    <p class='ocr_par' dir='ltr' id='par_1_102' title="bbox 1939 4068 3571 4150">
     <span class='ocr_line' id='line_1_103' title="bbox 1939 4068 3571 4150; baseline 0.006 -25"><span class='ocrx_word' id='word_1_804' title='bbox 1939 4084 2000 4126; x_wconf 88' lang='lat' dir='ltr'><strong>re</strong></span> <span class='ocrx_word' id='word_1_805' title='bbox 2031 4070 2368 4127; x_wconf 80' lang='lat' dir='ltr'><strong>fructuosum</strong></span> <span class='ocrx_word' id='word_1_806' title='bbox 2399 4068 2500 4128; x_wconf 71' lang='lat' dir='ltr'><strong>est.</strong></span> <span class='ocrx_word' id='word_1_807' title='bbox 2533 4072 2666 4128; x_wconf 78' lang='lat' dir='ltr'><strong>Nam</strong></span> <span class='ocrx_word' id='word_1_808' title='bbox 2697 4074 2743 4129; x_wconf 86' lang='lat' dir='ltr'><strong>si</strong></span> <span class='ocrx_word' id='word_1_809' title='bbox 2771 4080 2835 4129; x_wconf 80' lang='lat' dir='ltr'><strong>e’a</strong></span> <span class='ocrx_word' id='word_1_810' title='bbox 2866 4090 2988 4145; x_wconf 73' lang='lat' dir='ltr'><strong>quae</strong></span> <span class='ocrx_word' id='word_1_811' title='bbox 3011 4076 3065 4131; x_wconf 91' lang='lat' dir='ltr'><strong>in</strong></span> <span class='ocrx_word' id='word_1_812' title='bbox 3092 4077 3237 4146; x_wconf 83' lang='lat' dir='ltr'><strong>regia</strong></span> <span class='ocrx_word' id='word_1_813' title='bbox 3264 4087 3529 4150; x_wconf 89' lang='lat' dir='ltr'><strong>geruntur</strong></span> <span class='ocrx_word' id='word_1_814' title='bbox 3554 4121 3571 4145; x_wconf 88' lang='lat'><strong>,</strong></span> 
     </span>
    </p>
   </div>
   <div class='ocr_carea' id='block_1_103' title="bbox 1938 4165 3573 4241">
    <p class='ocr_par' dir='ltr' id='par_1_103' title="bbox 1938 4165 3573 4241">
     <span class='ocr_line' id='line_1_104' title="bbox 1938 4165 3573 4241; baseline 0.005 -21"><span class='ocrx_word' id='word_1_815' title='bbox 1938 4165 2082 4222; x_wconf 90' lang='lat' dir='ltr'><strong>scire</strong></span> <span class='ocrx_word' id='word_1_816' title='bbox 2108 4173 2380 4236; x_wconf 87' lang='lat' dir='ltr'><strong>optamus;</strong></span> <span class='ocrx_word' id='word_1_817' title='bbox 2414 4181 2611 4236; x_wconf 86' lang='lat' dir='ltr'><strong>nempe</strong></span> <span class='ocrx_word' id='word_1_818' title='bbox 2642 4165 2772 4236; x_wconf 91' lang='lat' dir='ltr'><strong>quid</strong></span> <span class='ocrx_word' id='word_1_819' title='bbox 2802 4165 3103 4237; x_wconf 87' lang='lat' dir='ltr'><strong>Imperator</strong></span> <span class='ocrx_word' id='word_1_820' title='bbox 3131 4168 3311 4237; x_wconf 80' lang='lat' dir='ltr'><strong>iaciat,</strong></span> <span class='ocrx_word' id='word_1_821' title='bbox 3344 4170 3471 4241; x_wconf 88' lang='lat' dir='ltr'><strong>quid</strong></span> <span class='ocrx_word' id='word_1_822' title='bbox 3500 4170 3573 4229; x_wconf 87' lang='lat' dir='ltr'><strong>de</strong></span> 
     </span>
    </p>
   </div>
   <div class='ocr_carea' id='block_1_104' title="bbox 1944 4256 3573 4328">
    <p class='ocr_par' dir='ltr' id='par_1_104' title="bbox 1944 4256 3573 4328">
     <span class='ocr_line' id='line_1_105' title="bbox 1944 4256 3573 4328; baseline 0.004 -17"><span class='ocrx_word' id='word_1_823' title='bbox 1944 4256 2173 4312; x_wconf 87' lang='lat' dir='ltr'><strong>subditis</strong></span> <span class='ocrx_word' id='word_1_824' title='bbox 2198 4257 2484 4323; x_wconf 87' lang='lat' dir='ltr'><strong>consulat,</strong></span> <span class='ocrx_word' id='word_1_825' title='bbox 2516 4258 2729 4313; x_wconf 88' lang='lat' dir='ltr'><strong>etiamsi</strong></span> <span class='ocrx_word' id='word_1_826' title='bbox 2760 4273 2907 4328; x_wconf 72' lang='lat' dir='ltr'><strong>stupe</strong></span> <span class='ocrx_word' id='word_1_827' title='bbox 2946 4257 3000 4313; x_wconf 92' lang='lat' dir='ltr'><strong>id</strong></span> <span class='ocrx_word' id='word_1_828' title='bbox 3044 4259 3177 4315; x_wconf 91' lang='lat' dir='ltr'><strong>nihil</strong></span> <span class='ocrx_word' id='word_1_829' title='bbox 3204 4261 3271 4316; x_wconf 90' lang='lat' dir='ltr'><strong>ad</strong></span> <span class='ocrx_word' id='word_1_830' title='bbox 3313 4277 3413 4317; x_wconf 90' lang='lat' dir='ltr'><strong>nos</strong></span> <span class='ocrx_word' id='word_1_831' title='bbox 3442 4265 3573 4318; x_wconf 85' lang='lat' dir='ltr'><strong>atti-</strong></span> 
     </span>
    </p>
   </div>
   <div class='ocr_carea' id='block_1_105' title="bbox 1942 4350 3572 4425">
    <p class='ocr_par' dir='ltr' id='par_1_105' title="bbox 1942 4350 3572 4425">
     <span class='ocr_line' id='line_1_106' title="bbox 1942 4350 3572 4425; baseline 0.003 -20"><span class='ocrx_word' id='word_1_832' title='bbox 1942 4359 2069 4405; x_wconf 88' lang='lat' dir='ltr'><strong>neat</strong></span> <span class='ocrx_word' id='word_1_833' title='bbox 2100 4365 2114 4425; x_wconf 83' lang='lat'><strong>;</strong></span> <span class='ocrx_word' id='word_1_834' title='bbox 2147 4350 2322 4405; x_wconf 86' lang='lat' dir='ltr'><strong>multo</strong></span> <span class='ocrx_word' id='word_1_835' title='bbox 2350 4350 2521 4421; x_wconf 89' lang='lat' dir='ltr'><strong>magis</strong></span> <span class='ocrx_word' id='word_1_836' title='bbox 2559 4366 2681 4420; x_wconf 75' lang='lat' dir='ltr'><strong>qua:</strong></span> <span class='ocrx_word' id='word_1_837' title='bbox 2715 4350 2858 4405; x_wconf 91' lang='lat' dir='ltr'><strong>Deus</strong></span> <span class='ocrx_word' id='word_1_838' title='bbox 2887 4350 3026 4406; x_wconf 82' lang='lat' dir='ltr'><strong>dixit</strong></span> <span class='ocrx_word' id='word_1_839' title='bbox 3050 4352 3242 4409; x_wconf 89' lang='lat' dir='ltr'><strong>audire</strong></span> <span class='ocrx_word' id='word_1_840' title='bbox 3271 4356 3572 4425; x_wconf 88' lang='lat' dir='ltr'><strong>optandum</strong></span> 
     </span>
    </p>
   </div>
   <div class='ocr_carea' id='block_1_106' title="bbox 1941 4443 3576 4519">
    <p class='ocr_par' dir='ltr' id='par_1_106' title="bbox 1941 4443 3576 4519">
     <span class='ocr_line' id='line_1_107' title="bbox 1941 4443 3576 4519; baseline 0.003 -19"><span class='ocrx_word' id='word_1_841' title='bbox 1941 4454 2027 4500; x_wconf 87' lang='lat' dir='ltr'><strong>est</strong></span> <span class='ocrx_word' id='word_1_842' title='bbox 2055 4460 2070 4497; x_wconf 91' lang='lat'><strong>:</strong></span> <span class='ocrx_word' id='word_1_843' title='bbox 2102 4458 2224 4499; x_wconf 91' lang='lat' dir='ltr'><strong>cum</strong></span> <span class='ocrx_word' id='word_1_844' title='bbox 2269 4443 2506 4499; x_wconf 81' lang='lat' dir='ltr'><strong>maxime</strong></span> <span class='ocrx_word' id='word_1_845' title='bbox 2556 4443 2647 4497; x_wconf 88' lang='lat' dir='ltr'><strong>illa</strong></span> <span class='ocrx_word' id='word_1_846' title='bbox 2690 4444 2873 4497; x_wconf 88' lang='lat' dir='ltr'><strong>omnia</strong></span> <span class='ocrx_word' id='word_1_847' title='bbox 2901 4444 2971 4499; x_wconf 89' lang='lat' dir='ltr'><strong>ad</strong></span> <span class='ocrx_word' id='word_1_848' title='bbox 3013 4460 3113 4500; x_wconf 87' lang='lat' dir='ltr'><strong>nos</strong></span> <span class='ocrx_word' id='word_1_849' title='bbox 3144 4447 3576 4519; x_wconf 69' lang='lat' dir='ltr'><strong>spcctent..ﬂ:i:c</strong></span> 
     </span>
    </p>
   </div>
   <div class='ocr_carea' id='block_1_107' title="bbox 1944 4537 3577 4613">
    <p class='ocr_par' dir='ltr' id='par_1_107' title="bbox 1944 4537 3577 4613">
     <span class='ocr_line' id='line_1_108' title="bbox 1944 4537 3577 4613; baseline 0.004 -20"><span class='ocrx_word' id='word_1_850' title='bbox 1944 4552 2109 4609; x_wconf 90' lang='lat' dir='ltr'><strong>porro</strong></span> <span class='ocrx_word' id='word_1_851' title='bbox 2135 4547 2327 4593; x_wconf 89' lang='lat' dir='ltr'><strong>cuncta</strong></span> <span class='ocrx_word' id='word_1_852' title='bbox 2360 4547 2616 4593; x_wconf 89' lang='lat' dir='ltr'><strong>accurate</strong></span> <span class='ocrx_word' id='word_1_853' title='bbox 2643 4538 2734 4593; x_wconf 91' lang='lat' dir='ltr'><strong>ille</strong></span> <span class='ocrx_word' id='word_1_854' title='bbox 2766 4537 2923 4595; x_wconf 91' lang='lat' dir='ltr'><strong>nobis</strong></span> <span class='ocrx_word' id='word_1_855' title='bbox 2953 4540 3264 4609; x_wconf 85' lang='lat' dir='ltr'><strong>enarrabit,</strong></span> <span class='ocrx_word' id='word_1_856' title='bbox 3311 4543 3456 4613; x_wconf 90' lang='lat' dir='ltr'><strong>quod</strong></span> <span class='ocrx_word' id='word_1_857' title='bbox 3489 4559 3577 4600; x_wconf 82' lang='lat' dir='ltr'><strong>re-</strong></span> 
     </span>
    </p>
   </div>
   <div class='ocr_carea' id='block_1_108' title="bbox 1944 4628 3579 4704">
    <p class='ocr_par' dir='ltr' id='par_1_108' title="bbox 1944 4628 3579 4704">
     <span class='ocr_line' id='line_1_109' title="bbox 1944 4628 3579 4704; baseline 0.004 -20"><span class='ocrx_word' id='word_1_858' title='bbox 1944 4629 2026 4701; x_wconf 90' lang='lat' dir='ltr'><strong>gis</strong></span> <span class='ocrx_word' id='word_1_859' title='bbox 2052 4631 2261 4685; x_wconf 90' lang='lat' dir='ltr'><strong>amicns</strong></span> <span class='ocrx_word' id='word_1_860' title='bbox 2302 4629 2393 4694; x_wconf 89' lang='lat' dir='ltr'><strong>sit,</strong></span> <span class='ocrx_word' id='word_1_861' title='bbox 2425 4630 2535 4684; x_wconf 91' lang='lat' dir='ltr'><strong>imo</strong></span> <span class='ocrx_word' id='word_1_862' title='bbox 2562 4628 2707 4700; x_wconf 92' lang='lat' dir='ltr'><strong>quod</strong></span> <span class='ocrx_word' id='word_1_863' title='bbox 2739 4644 2925 4701; x_wconf 87' lang='lat' dir='ltr'><strong>regem</strong></span> <span class='ocrx_word' id='word_1_864' title='bbox 2956 4631 3010 4685; x_wconf 92' lang='lat' dir='ltr'><strong>in</strong></span> <span class='ocrx_word' id='word_1_865' title='bbox 3041 4646 3103 4687; x_wconf 90' lang='lat' dir='ltr'><strong>se</strong></span> <span class='ocrx_word' id='word_1_866' title='bbox 3130 4632 3446 4704; x_wconf 88' lang='lat' dir='ltr'><strong>loquentem</strong></span> <span class='ocrx_word' id='word_1_867' title='bbox 3477 4633 3579 4691; x_wconf 86' lang='lat' dir='ltr'><strong>ha-</strong></span> 
     </span>
    </p>
   </div>
   <div class='ocr_carea' id='block_1_109' title="bbox 1945 4723 3575 4799">
    <p class='ocr_par' dir='ltr' id='par_1_109' title="bbox 1945 4723 3575 4799">
     <span class='ocr_line' id='line_1_110' title="bbox 1945 4723 3575 4799; baseline 0.003 -17"><span class='ocrx_word' id='word_1_868' title='bbox 1945 4726 2073 4782; x_wconf 90' lang='lat' dir='ltr'><strong>beat</strong></span> <span class='ocrx_word' id='word_1_869' title='bbox 2100 4725 2393 4794; x_wconf 87' lang='lat' dir='ltr'><strong>omniaque</strong></span> <span class='ocrx_word' id='word_1_870' title='bbox 2415 4723 2597 4779; x_wconf 91' lang='lat' dir='ltr'><strong>abillo</strong></span> <span class='ocrx_word' id='word_1_871' title='bbox 2619 4723 2823 4788; x_wconf 88' lang='lat' dir='ltr'><strong>audiat,</strong></span> <span class='ocrx_word' id='word_1_872' title='bbox 2857 4740 2979 4795; x_wconf 74' lang='lat' dir='ltr'><strong>qua:</strong></span> <span class='ocrx_word' id='word_1_873' title='bbox 3001 4725 3090 4780; x_wconf 91' lang='lat' dir='ltr'><strong>ille</strong></span> <span class='ocrx_word' id='word_1_874' title='bbox 3106 4741 3134 4780; x_wconf 91' lang='lat' dir='ltr'><strong>a</strong></span> <span class='ocrx_word' id='word_1_875' title='bbox 3157 4726 3317 4783; x_wconf 85' lang='lat' dir='ltr'><strong>Patre</strong></span> <span class='ocrx_word' id='word_1_876' title='bbox 3338 4730 3532 4799; x_wconf 85' lang='lat' dir='ltr'><strong>accipit</strong></span> <span class='ocrx_word' id='word_1_877' title='bbox 3562 4750 3575 4787; x_wconf 93' lang='lat'><strong>:</strong></span> 
     </span>
    </p>
   </div>
   <div class='ocr_carea' id='block_1_110' title="bbox 1948 4814 3581 4892">
    <p class='ocr_par' dir='ltr' id='par_1_110' title="bbox 1948 4814 3581 4892">
     <span class='ocr_line' id='line_1_111' title="bbox 1948 4814 3581 4892; baseline 0.003 -20"><span class='ocrx_word' id='word_1_878' title='bbox 1948 4834 2071 4873; x_wconf 89' lang='lat' dir='ltr'><strong>nam</strong></span> <span class='ocrx_word' id='word_1_879' title='bbox 2115 4816 2191 4872; x_wconf 91' lang='lat' dir='ltr'><strong>ait</strong></span> <span class='ocrx_word' id='word_1_880' title='bbox 2215 4859 2229 4883; x_wconf 90' lang='lat'><strong>,</strong></span> <span class='ocrx_word' id='word_1_881' title='bbox 2288 4814 2391 4871; x_wconf 86' lang='lat' dir='ltr'><strong>Vos</strong></span> <span class='ocrx_word' id='word_1_882' title='bbox 2418 4817 2530 4871; x_wconf 74' lang='lat' dir='ltr'><strong>dixi</strong></span> <span class='ocrx_word' id='word_1_883' title='bbox 2556 4818 2752 4872; x_wconf 86' lang='lat' dir='ltr'><strong>amicos</strong></span> <span class='ocrx_word' id='word_1_884' title='bbox 2775 4859 2789 4883; x_wconf 88' lang='lat'><strong>,</strong></span> <span class='ocrx_word' id='word_1_885' title='bbox 2840 4818 2962 4889; x_wconf 85' lang='lat' dir='ltr'><strong>quia</strong></span> <span class='ocrx_word' id='word_1_886' title='bbox 3001 4821 3177 4873; x_wconf 85' lang='lat' dir='ltr'><strong>omnia</strong></span> <span class='ocrx_word' id='word_1_887' title='bbox 3202 4836 3317 4892; x_wconf 61' lang='lat' dir='ltr'><strong>quia</strong></span> <span class='ocrx_word' id='word_1_888' title='bbox 3348 4822 3523 4875; x_wconf 74' lang='lat' dir='ltr'><strong>audivi</strong></span> <span class='ocrx_word' id='word_1_889' title='bbox 3549 4840 3581 4877; x_wconf 80' lang='grc' dir='ltr'><strong>ιι</strong></span> 
     </span>
    </p>
   </div>
   <div class='ocr_carea' id='block_1_111' title="bbox 1950 4908 3583 4986">
    <p class='ocr_par' dir='ltr' id='par_1_111' title="bbox 1950 4908 3583 4986">
     <span class='ocr_line' id='line_1_112' title="bbox 1950 4908 3583 4986; baseline 0.004 -21"><span class='ocrx_word' id='word_1_890' title='bbox 1950 4908 2109 4965; x_wconf 85' lang='lat' dir='ltr'><strong>Patre</strong></span> <span class='ocrx_word' id='word_1_891' title='bbox 2138 4926 2272 4977; x_wconf 87' lang='lat' dir='ltr'><strong>meo,</strong></span> <span class='ocrx_word' id='word_1_892' title='bbox 2306 4919 2430 4965; x_wconf 80' lang='lat' dir='ltr'><strong>nota</strong></span> <span class='ocrx_word' id='word_1_893' title='bbox 2457 4910 2555 4983; x_wconf 78' lang='lat' dir='ltr'><strong>feci</strong></span> <span class='ocrx_word' id='word_1_894' title='bbox 2571 4911 2712 4965; x_wconf 78' lang='lat' dir='ltr'><strong>vobis</strong></span> <span class='ocrx_word' id='word_1_895' title='bbox 2745 4909 2927 4983; x_wconf 81' lang='lat' dir='ltr'><strong>(Joan.</strong></span> <span class='ocrx_word' id='word_1_896' title='bbox 2960 4912 3051 4969; x_wconf 82' lang='grc'><strong>15.</strong></span> <span class='ocrx_word' id='word_1_897' title='bbox 3076 4913 3190 4986; x_wconf 78' lang='grc'><strong>15).</strong></span> <span class='ocrx_word' id='word_1_898' title='bbox 3214 4914 3583 4982; x_wconf 71' lang='grc' dir='ltr'><strong>ρυρηιιιάιιιοο</strong></span> 
     </span>
    </p>
   </div>
   <div class='ocr_carea' id='block_1_112' title="bbox 1944 5002 3582 5080">
    <p class='ocr_par' dir='ltr' id='par_1_112' title="bbox 1944 5002 3582 5080">
     <span class='ocr_line' id='line_1_113' title="bbox 1944 5002 3582 5080; baseline 0.004 -21"><span class='ocrx_word' id='word_1_899' title='bbox 1944 5002 2077 5059; x_wconf 91' lang='lat' dir='ltr'><strong>dum</strong></span> <span class='ocrx_word' id='word_1_900' title='bbox 2108 5002 2272 5075; x_wconf 88' lang='lat' dir='ltr'><strong>igitur</strong></span> <span class='ocrx_word' id='word_1_901' title='bbox 2294 5044 2309 5069; x_wconf 93' lang='lat'><strong>,</strong></span> <span class='ocrx_word' id='word_1_902' title='bbox 2352 5002 2399 5058; x_wconf 88' lang='lat' dir='ltr'><strong>si</strong></span> <span class='ocrx_word' id='word_1_903' title='bbox 2429 5016 2592 5073; x_wconf 90' lang='lat' dir='ltr'><strong>quem</strong></span> <span class='ocrx_word' id='word_1_904' title='bbox 2617 5018 2649 5058; x_wconf 93' lang='lat' dir='ltr'><strong>e</strong></span> <span class='ocrx_word' id='word_1_905' title='bbox 2677 5018 2894 5059; x_wconf 89' lang='lat' dir='ltr'><strong>summo</strong></span> <span class='ocrx_word' id='word_1_906' title='bbox 2922 5004 3059 5060; x_wconf 64' lang='lat' dir='ltr'><strong>casio</strong></span> <span class='ocrx_word' id='word_1_907' title='bbox 3089 5021 3322 5076; x_wconf 89' lang='lat' dir='ltr'><strong>pronum</strong></span> <span class='ocrx_word' id='word_1_908' title='bbox 3354 5022 3582 5080; x_wconf 87' lang='lat' dir='ltr'><strong>repente</strong></span> 
     </span>
    </p>
   </div>
   <div class='ocr_carea' id='block_1_113' title="bbox 1948 5093 3584 5165">
    <p class='ocr_par' dir='ltr' id='par_1_113' title="bbox 1948 5093 3584 5165">
     <span class='ocr_line' id='line_1_114' title="bbox 1948 5093 3584 5165; baseline 0.006 -16"><span class='ocrx_word' id='word_1_909' title='bbox 1948 5095 2280 5159; x_wconf 89' lang='lat' dir='ltr'><strong>videremus,</strong></span> <span class='ocrx_word' id='word_1_910' title='bbox 2310 5095 2397 5165; x_wconf 92' lang='lat' dir='ltr'><strong>qui</strong></span> <span class='ocrx_word' id='word_1_911' title='bbox 2426 5093 2770 5165; x_wconf 88' lang='lat' dir='ltr'><strong>promitteret</strong></span> <span class='ocrx_word' id='word_1_912' title='bbox 2790 5110 2851 5151; x_wconf 91' lang='lat' dir='ltr'><strong>se</strong></span> <span class='ocrx_word' id='word_1_913' title='bbox 2882 5095 3042 5151; x_wconf 92' lang='lat' dir='ltr'><strong>nobis</strong></span> <span class='ocrx_word' id='word_1_914' title='bbox 3066 5097 3305 5153; x_wconf 70' lang='lat' dir='ltr'><strong>etulestia</strong></span> <span class='ocrx_word' id='word_1_915' title='bbox 3330 5111 3584 5159; x_wconf 86' lang='lat' dir='ltr'><strong>accurate</strong></span> 
     </span>
    </p>
   </div>
   <div class='ocr_carea' id='block_1_114' title="bbox 1950 5186 3584 5264">
    <p class='ocr_par' dir='ltr' id='par_1_114' title="bbox 1950 5186 3584 5264">
     <span class='ocr_line' id='line_1_115' title="bbox 1950 5186 3584 5264; baseline 0.004 -22"><span class='ocrx_word' id='word_1_916' title='bbox 1950 5186 2241 5253; x_wconf 88' lang='lat' dir='ltr'><strong>dicturum,</strong></span> <span class='ocrx_word' id='word_1_917' title='bbox 2270 5201 2463 5242; x_wconf 88' lang='lat' dir='ltr'><strong>omnes</strong></span> <span class='ocrx_word' id='word_1_918' title='bbox 2494 5202 2910 5243; x_wconf 89' lang='lat' dir='ltr'><strong>accurreremus</strong></span> <span class='ocrx_word' id='word_1_919' title='bbox 2938 5205 2951 5241; x_wconf 90' lang='lat'><strong>:</strong></span> <span class='ocrx_word' id='word_1_920' title='bbox 2987 5190 3057 5245; x_wconf 91' lang='lat' dir='ltr'><strong>ita</strong></span> <span class='ocrx_word' id='word_1_921' title='bbox 3087 5207 3231 5247; x_wconf 90' lang='lat' dir='ltr'><strong>nunc</strong></span> <span class='ocrx_word' id='word_1_922' title='bbox 3251 5208 3470 5264; x_wconf 90' lang='lat' dir='ltr'><strong>quoque</strong></span> <span class='ocrx_word' id='word_1_923' title='bbox 3497 5196 3584 5250; x_wconf 73' lang='lat' dir='ltr'><strong>af-</strong></span> 
     </span>
    </p>
   </div>
   <div class='ocr_carea' id='block_1_115' title="bbox 1952 5277 3583 5357">
    <p class='ocr_par' dir='ltr' id='par_1_115' title="bbox 1952 5277 3583 5357">
     <span class='ocr_line' id='line_1_116' title="bbox 1952 5277 3583 5357; baseline 0.006 -22"><span class='ocrx_word' id='word_1_924' title='bbox 1952 5277 2080 5335; x_wconf 80' lang='lat' dir='ltr'><strong>fecti</strong></span> <span class='ocrx_word' id='word_1_925' title='bbox 2110 5279 2303 5335; x_wconf 88' lang='lat' dir='ltr'><strong>simus.</strong></span> <span class='ocrx_word' id='word_1_926' title='bbox 2335 5280 2411 5338; x_wconf 87' lang='lat' dir='ltr'><strong>Ex</strong></span> <span class='ocrx_word' id='word_1_927' title='bbox 2444 5280 2581 5335; x_wconf 73' lang='lat' dir='ltr'><strong>caelo</strong></span> <span class='ocrx_word' id='word_1_928' title='bbox 2611 5296 2849 5351; x_wconf 90' lang='lat' dir='ltr'><strong>namque</strong></span> <span class='ocrx_word' id='word_1_929' title='bbox 2879 5283 2961 5337; x_wconf 90' lang='lat' dir='ltr'><strong>vir</strong></span> <span class='ocrx_word' id='word_1_930' title='bbox 2988 5283 3079 5339; x_wconf 93' lang='lat' dir='ltr'><strong>ille</strong></span> <span class='ocrx_word' id='word_1_931' title='bbox 3107 5299 3208 5339; x_wconf 90' lang='lat' dir='ltr'><strong>nos</strong></span> <span class='ocrx_word' id='word_1_932' title='bbox 3238 5285 3536 5357; x_wconf 89' lang='lat' dir='ltr'><strong>alloquitur</strong></span> <span class='ocrx_word' id='word_1_933' title='bbox 3567 5306 3583 5344; x_wconf 92' lang='lat'><strong>:</strong></span> 
     </span>
    </p>
   </div>
   <div class='ocr_carea' id='block_1_116' title="bbox 1953 5372 3585 5450">
    <p class='ocr_par' dir='ltr' id='par_1_116' title="bbox 1953 5372 3585 5450">
     <span class='ocr_line' id='line_1_117' title="bbox 1953 5372 3585 5450; baseline 0.006 -23"><span class='ocrx_word' id='word_1_934' title='bbox 1953 5386 2062 5427; x_wconf 93' lang='lat' dir='ltr'><strong>non</strong></span> <span class='ocrx_word' id='word_1_935' title='bbox 2088 5373 2233 5427; x_wconf 90' lang='lat' dir='ltr'><strong>enim</strong></span> <span class='ocrx_word' id='word_1_936' title='bbox 2262 5380 2346 5429; x_wconf 89' lang='lat' dir='ltr'><strong>est</strong></span> <span class='ocrx_word' id='word_1_937' title='bbox 2366 5388 2433 5428; x_wconf 83' lang='lat' dir='ltr'><strong>ex</strong></span> <span class='ocrx_word' id='word_1_938' title='bbox 2466 5372 2570 5429; x_wconf 92' lang='lat' dir='ltr'><strong>hoc</strong></span> <span class='ocrx_word' id='word_1_939' title='bbox 2598 5373 2824 5442; x_wconf 92' lang='lat' dir='ltr'><strong>mundo,</strong></span> <span class='ocrx_word' id='word_1_940' title='bbox 2851 5384 2909 5429; x_wconf 92' lang='lat' dir='ltr'><strong>ut</strong></span> <span class='ocrx_word' id='word_1_941' title='bbox 2934 5376 3099 5431; x_wconf 91' lang='lat' dir='ltr'><strong>etiam</strong></span> <span class='ocrx_word' id='word_1_942' title='bbox 3129 5376 3262 5433; x_wconf 91' lang='lat' dir='ltr'><strong>dicit</strong></span> <span class='ocrx_word' id='word_1_943' title='bbox 3290 5379 3404 5450; x_wconf 88' lang='lat' dir='ltr'><strong>ipse</strong></span> <span class='ocrx_word' id='word_1_944' title='bbox 3424 5380 3585 5436; x_wconf 85' lang='lat' dir='ltr'><strong>Chri-</strong></span> 
     </span>
    </p>
   </div>
   <div class='ocr_carea' id='block_1_117' title="bbox 1953 5466 3585 5545">
    <p class='ocr_par' dir='ltr' id='par_1_117' title="bbox 1953 5466 3585 5545">
     <span class='ocr_line' id='line_1_118' title="bbox 1953 5466 3585 5545; baseline 0.006 -23"><span class='ocrx_word' id='word_1_945' title='bbox 1953 5474 2070 5523; x_wconf 87' lang='lat' dir='ltr'><strong>stus</strong></span> <span class='ocrx_word' id='word_1_946' title='bbox 2101 5484 2115 5521; x_wconf 90' lang='lat'><strong>:</strong></span> <span class='ocrx_word' id='word_1_947' title='bbox 2158 5468 2261 5521; x_wconf 81' lang='lat' dir='ltr'><strong>Vos</strong></span> <span class='ocrx_word' id='word_1_948' title='bbox 2288 5466 2352 5522; x_wconf 84' lang='lat' dir='ltr'><strong>de</strong></span> <span class='ocrx_word' id='word_1_949' title='bbox 2378 5467 2475 5523; x_wconf 82' lang='lat' dir='ltr'><strong>hoc</strong></span> <span class='ocrx_word' id='word_1_950' title='bbox 2504 5468 2698 5522; x_wconf 78' lang='lat' dir='ltr'><strong>mundo</strong></span> <span class='ocrx_word' id='word_1_951' title='bbox 2740 5486 2844 5524; x_wconf 80' lang='lat' dir='ltr'><strong>non</strong></span> <span class='ocrx_word' id='word_1_952' title='bbox 2869 5472 2989 5526; x_wconf 80' lang='lat' dir='ltr'><strong>estis</strong></span> <span class='ocrx_word' id='word_1_953' title='bbox 3020 5469 3205 5545; x_wconf 71' lang='lat' dir='ltr'><strong>(Joau.</strong></span> <span class='ocrx_word' id='word_1_954' title='bbox 3238 5473 3329 5532; x_wconf 81' lang='grc'><strong>15.</strong></span> <span class='ocrx_word' id='word_1_955' title='bbox 3359 5473 3450 5545; x_wconf 77' lang='lat' dir='ltr'><strong>l9)</strong></span> <span class='ocrx_word' id='word_1_956' title='bbox 3480 5491 3497 5542; x_wconf 71' lang='grc' dir='ltr'>ς</span> <span class='ocrx_word' id='word_1_957' title='bbox 3528 5485 3585 5532; x_wconf 89' lang='lat' dir='ltr'><strong>et</strong></span> 
     </span>
    </p>
   </div>
   <div class='ocr_carea' id='block_1_118' title="bbox 1955 5560 3587 5641">
    <p class='ocr_par' dir='ltr' id='par_1_118' title="bbox 1955 5560 3587 5641">
     <span class='ocr_line' id='line_1_119' title="bbox 1955 5560 3587 5641; baseline 0.005 -25"><span class='ocrx_word' id='word_1_958' title='bbox 1955 5560 2297 5618; x_wconf 88' lang='lat' dir='ltr'><strong>Paracletum</strong></span> <span class='ocrx_word' id='word_1_959' title='bbox 2327 5565 2381 5616; x_wconf 90' lang='lat' dir='ltr'><strong>in</strong></span> <span class='ocrx_word' id='word_1_960' title='bbox 2430 5576 2492 5619; x_wconf 90' lang='lat' dir='ltr'><strong>se</strong></span> <span class='ocrx_word' id='word_1_961' title='bbox 2537 5562 2848 5634; x_wconf 87' lang='lat' dir='ltr'><strong>loquentem</strong></span> <span class='ocrx_word' id='word_1_962' title='bbox 2883 5563 3086 5636; x_wconf 87' lang='lat' dir='ltr'><strong>habet,</strong></span> <span class='ocrx_word' id='word_1_963' title='bbox 3119 5564 3320 5641; x_wconf 85' lang='lat' dir='ltr'><strong>ubique</strong></span> <span class='ocrx_word' id='word_1_964' title='bbox 3346 5582 3587 5640; x_wconf 55' lang='lat' dir='ltr'><strong>prteseuv</strong></span> 
     </span>
    </p>
   </div>
   <div class='ocr_carea' id='block_1_119' title="bbox 2024 5718 3587 5789">
    <p class='ocr_par' dir='ltr' id='par_1_119' title="bbox 2024 5718 3587 5789">
     <span class='ocr_line' id='line_1_120' title="bbox 2024 5718 3587 5789; baseline 0.006 -22"><span class='ocrx_word' id='word_1_965' title='bbox 2024 5719 2209 5789; x_wconf 39' lang='lat' dir='ltr'><strong>‘HHtee,</strong></span> <span class='ocrx_word' id='word_1_966' title='bbox 2231 5718 2667 5789; x_wconf 21' lang='grc' dir='ltr'><strong>⁸(ιιιιιιᾳκιιιιιξίιονιεδ</strong></span> <span class='ocrx_word' id='word_1_967' title='bbox 2688 5758 2700 5781; x_wconf 85' lang='grc'><strong><em>,</em></strong></span> <span class='ocrx_word' id='word_1_968' title='bbox 2728 5720 2899 5780; x_wconf 80' lang='lat' dir='ltr'><strong>quales</strong></span> <span class='ocrx_word' id='word_1_969' title='bbox 2921 5727 3142 5789; x_wconf 77' lang='lat' dir='ltr'><strong>oportet,</strong></span> <span class='ocrx_word' id='word_1_970' title='bbox 3169 5734 3273 5789; x_wconf 66' lang='lat' dir='ltr'><strong>esse</strong></span> <span class='ocrx_word' id='word_1_971' title='bbox 3289 5759 3302 5783; x_wconf 93' lang='lat'><strong>,</strong></span> <span class='ocrx_word' id='word_1_972' title='bbox 3328 5722 3511 5789; x_wconf 82' lang='lat' dir='ltr'><strong>desunt</strong></span> <span class='ocrx_word' id='word_1_973' title='bbox 3539 5724 3587 5777; x_wconf 91' lang='lat' dir='ltr'><strong>iu</strong></span> 
     </span>
    </p>
   </div>
   <div class='ocr_carea' id='block_1_120' title="bbox 1955 5780 3587 5847">
    <p class='ocr_par' dir='ltr' id='par_1_120' title="bbox 1955 5780 3587 5847">
     <span class='ocr_line' id='line_1_121' title="bbox 1955 5780 3587 5847; baseline 0.006 -19"><span class='ocrx_word' id='word_1_974' title='bbox 1955 5780 2120 5847; x_wconf 81' lang='lat' dir='ltr'><strong>savil.,</strong></span> <span class='ocrx_word' id='word_1_975' title='bbox 2145 5789 2197 5832; x_wconf 88' lang='lat' dir='ltr'><strong>et</strong></span> <span class='ocrx_word' id='word_1_976' title='bbox 2230 5784 2278 5832; x_wconf 90' lang='lat' dir='ltr'><strong>iu</strong></span> <span class='ocrx_word' id='word_1_977' title='bbox 2305 5780 2603 5847; x_wconf 80' lang='lat' dir='ltr'><strong>quibusdam</strong></span> <span class='ocrx_word' id='word_1_978' title='bbox 2650 5780 2757 5835; x_wconf 76' lang='lat' dir='ltr'><strong>Itss.</strong></span> <span class='ocrx_word' id='word_1_979' title='bbox 2802 5792 2918 5842; x_wconf 73' lang='lat' dir='ltr'><strong>Quae</strong></span> <span class='ocrx_word' id='word_1_980' title='bbox 2951 5780 3106 5847; x_wconf 75' lang='lat' dir='ltr'><strong>paulo</strong></span> <span class='ocrx_word' id='word_1_981' title='bbox 3129 5780 3359 5837; x_wconf 71' lang='lat' dir='ltr'><strong>inferius</strong></span> <span class='ocrx_word' id='word_1_982' title='bbox 3396 5786 3587 5839; x_wconf 73' lang='lat' dir='ltr'><strong>uncinis</strong></span> 
     </span>
    </p>
   </div>
   <div class='ocr_carea' id='block_1_121' title="bbox 1956 5842 3121 5913">
    <p class='ocr_par' dir='ltr' id='par_1_121' title="bbox 1956 5842 3121 5913">
     <span class='ocr_line' id='line_1_122' title="bbox 1956 5842 3121 5913; baseline 0.004 -17"><span class='ocrx_word' id='word_1_983' title='bbox 1956 5842 2268 5908; x_wconf 76' lang='lat' dir='ltr'><strong>clauduntur,</strong></span> <span class='ocrx_word' id='word_1_984' title='bbox 2294 5842 2646 5897; x_wconf 75' lang='lat' dir='ltr'><strong>desiderantur</strong></span> <span class='ocrx_word' id='word_1_985' title='bbox 2671 5848 2721 5898; x_wconf 87' lang='lat' dir='ltr'><strong>in</strong></span> <span class='ocrx_word' id='word_1_986' title='bbox 2743 5854 2849 5897; x_wconf 73' lang='lat' dir='ltr'><strong>Mss.</strong></span> <span class='ocrx_word' id='word_1_987' title='bbox 2875 5842 3121 5913; x_wconf 77' lang='lat' dir='ltr'><strong>plurimis.</strong></span> 
     </span>
    </p>
   </div>
  </div>
