4164 6320
525 1743 545 1770 δ

631 371 704 428 ῃ
1352 345 1407 401 S.
1448 337 1727 399 JOANNIS
1764 326 2244 393 CIIRYSOSTOMI
2284 321 2603 384 ARCNIEP.
2643 316 3186 378 CONSTANTIXOP.

634 492 763 542 tem,
793 473 879 545 qui
913 444 983 526 ita
1012 465 1160 524 novit
1184 474 1393 545 eaquae
1415 458 1512 513 Dei
1534 464 1679 519 sunt,
1703 463 1762 508 ut
1785 450 1962 507 anima
1984 444 2230 545 hominis

635 583 724 622 res
751 535 878 620 suas
901 561 1068 623 novit;
1095 539 1353 627 Spiritum
1383 563 1579 619 nempe
1607 545 1906 603 sanctitatis
1928 583 1942 609 ,
1971 535 2232 612 Spiritum

634 667 839 713 rectum
858 694 873 716 ,
903 651 994 724 qui
1023 649 1202 718 dirigit
1228 654 1283 702 et
1305 643 1454 700 ducit
1483 643 1534 696 in
1576 639 1769 696 cadum
1792 679 1805 702 ,
1834 636 1924 708 qui
1955 645 2125 692 novos
2145 629 2238 684 dat

635 747 844 810 oculos,
873 722 964 816 qui
995 742 1046 798 id
1075 740 1239 798 efﬁcit
1261 747 1320 794 ut
1349 736 1523 793 futura
1548 745 1817 804 tamquam
1847 725 2126 800 praesentia
2158 722 2238 778 vi-

634 841 860 897 deamus
885 879 901 906 ,
933 845 988 893 et
1016 837 1067 891 in
1097 847 1260 890 carne
1288 829 1523 887 callestia
1565 829 1893 882 intueamur.
1930 821 2031 877 Per
2069 827 2235 874 totam

633 948 768 1006 ergo
791 933 954 987 vitam
983 942 1084 985 nos
1109 927 1158 982 ei
1181 924 1368 981 sedato
1389 931 1444 980 et
1467 921 1758 992 tranquillo
1781 918 1962 974 animo
1985 913 2235 970 exhibea-

639 1003 790 1081 tntis:
811 1035 971 1079 nemo
987 1022 1241 1091 ignavus,
1275 1030 1433 1072 nemo
1454 1013 1870 1075 somniculosus,
1905 1007 1988 1062 vel
2020 1003 2244 1061 maculis

642 1129 922 1188 respersus
949 1111 1037 1166 hic
1055 1116 1268 1165 maneat
1289 1106 1412 1162 :sed
1430 1106 1483 1160 in
1501 1104 1693 1160 eteium
1706 1117 1810 1159 nos
1827 1097 2238 1163 transferamus,

642 1209 731 1264 ubi
749 1205 1077 1277 evangelista
1092 1203 1327 1273 loquitur
1350 1201 1415 1255 iis
1436 1199 1525 1270 qui
1544 1198 1666 1253 istic
1682 1200 2092 1251 convcrsantur.
2106 1190 2160 1246 Si
2189 1190 2243 1243 in

645 1311 789 1355 terra
821 1309 1155 1360 maneamus,
1194 1291 1321 1347 hinc
1348 1289 1480 1346 nihil
1509 1289 1640 1344 lucri
1664 1286 1945 1343 referimus
1978 1303 1991 1338 :
2024 1281 2248 1337 Joannis

643 1389 844 1460 quippe
871 1384 1153 1455 disciplina
1172 1382 1305 1438 nihil
1325 1381 1518 1436 attinet
1534 1378 1600 1434 ad
1617 1392 1735 1446 eos,
1759 1375 1851 1447 qui
1877 1391 1908 1428 a
1932 1373 2038 1428 vita
2070 1372 2250 1444 porcis

646 1481 804 1550 digna
824 1493 930 1535 non
954 1476 1251 1540 absistunt,
1285 1470 1738 1542 quemadmodum
1766 1466 1899 1523 nihil
1924 1466 2150 1520 attinent
2180 1460 2249 1518 ad

614 1561 618 1566 ’
649 1587 772 1624 num
804 1583 891 1624 res
913 1567 1185 1623 humanae.
1213 1564 1436 1620 Tonitru
1458 1562 1698 1633 quidem,
1732 1557 2065 1615 inconditum
2089 1553 2249 1610 emit-

651 1670 770 1715 lens
802 1673 995 1714 sonum
1017 1699 1034 1725 ,
1079 1655 1292 1712 animos
1335 1663 1550 1710 nostros
1589 1649 1997 1723 pcrterrefacit;
2028 1645 2252 1703 Joannis

650 1761 842 1827 autem
861 1766 965 1805 vox
995 1750 1265 1805 neminem
1288 1746 1525 1802 ﬁdelium
1557 1745 1759 1810 turbat,
1794 1743 1902 1798 imo
1931 1756 1996 1797 ex
2023 1737 2255 1795 tumultu

651 1854 707 1900 et
737 1842 1140 1916 perturbatione
1167 1842 1388 1909 eximit,
1419 1839 1655 1910 solisque
1683 1835 2019 1893 dmmonibus
2063 1831 2255 1888 terrori

655 1944 761 2000 est,
789 1943 845 1992 et
869 1935 1174 1991 dzemonum
1195 1930 1479 1994 servis._Ut
1505 1929 1782 1987 videamus
1809 1941 1937 1998 ergo
1968 1940 2078 1998 quo
2103 1932 2259 1996 pacto

661 2027 783 2083 illos
812 2035 1031 2091 terreat,
1059 2037 1117 2083 et
1139 2026 1320 2081 animo
1349 2024 1606 2080 sileamus
1633 2031 1690 2078 et
1718 2037 1831 2082 ore,
1862 2019 2046 2076 animo
2079 2028 2259 2074 tamen

657 2118 910 2174 maxime.
943 2118 1202 2186 Quaenam
1233 2115 1433 2170 utilitas
1452 2154 1466 2179 ,
1497 2129 1620 2168 eum
1654 2120 1865 2167 tacente
1894 2125 2019 2176 ore,
2047 2108 2261 2164 animus

664 2207 1054 2263 tumultuatur?
1085 2207 1293 2262 Annua:
1339 2206 1574 2276 quietem
1604 2215 1791 2273 qutero
1815 2241 1831 2266 ,
1860 2199 1986 2272 quia
2027 2201 2261 2255 animam

661 2301 966 2358 audientem
997 2309 1212 2369 exopto.
1245 2295 1397 2352 Nulla
1439 2309 1572 2364 ergo
1610 2308 1709 2349 nos
1737 2298 2076 2349 commoveat
2100 2304 2265 2362 pecu-

664 2394 768 2447 nia:
791 2391 1079 2461 cupiditas,
1113 2389 1292 2446 nullus
1311 2387 1498 2459 gloria:
1528 2400 1700 2449 amor,
1729 2399 1837 2440 non
1859 2383 1954 2438 ine
1984 2382 2225 2454 tyrannis
2245 2423 2263 2449 ,

663 2500 770 2538 non
795 2483 1022 2538 aliorum
1045 2481 1335 2538 affectuum
1358 2477 1636 2534 tumultus.
1659 2475 1774 2532 Non
1797 2483 1974 2546 potest
1997 2473 2139 2530 enim
2157 2488 2266 2530 non

665 2587 922 2648 purgatus
946 2575 1160 2632 auditus
1187 2573 1457 2629 dictorum
1497 2569 1906 2634 sublimitatem,
1939 2577 1997 2623 ut
2022 2582 2121 2638 par
2143 2575 2224 2621 est
2247 2605 2264 2631 ,

671 2672 754 2726 vui
804 2684 1034 2742 capere,
1084 2667 1172 2724 vel
1221 2681 1473 2722 arcanam
1526 2673 1583 2721 et
1627 2661 1963 2719 tremendam
2008 2659 2268 2716 horumce

669 2765 1048 2836 mysteriorum
1071 2762 1356 2826 rationem,
1388 2767 1721 2829 exterasque
1750 2757 1978 2810 virtutes
2004 2767 2192 2809 omnes
2214 2753 2266 2806 in

671 2858 754 2910 bis
785 2855 1018 2911 oraculis
1060 2859 1343 2910 contentas
1382 2846 1633 2906 accurate
1661 2859 2008 2918 cognoscere.
2037 2842 2092 2900 Si
2123 2843 2268 2898 enim

671 2948 799 3004 tibia
830 2955 880 3003 et
912 2945 1116 3002 cithara
1158 2942 1343 2999 ludere
1373 2955 1533 2998 nemo
1572 2939 1857 3001 didicerit,
1903 2937 2006 2992 nisi
2045 2936 2109 2990 iis
2153 2935 2267 2989 ani-

674 3054 817 3095 mum
844 3036 1172 3100 adhibuerit,
1193 3034 1463 3105 quomodo
1489 3034 1744 3104 mysticas
1763 3043 1924 3085 voces
1941 3028 2060 3100 quis
2078 3025 2273 3083 sedens

672 3129 872 3192 audiat,
903 3129 947 3183 si
977 3128 1186 3182 animus
1216 3127 1267 3181 in
1294 3124 1520 3195 segnitie
1544 3122 1744 3193 degat?

743 3223 795 3277 5.
846 3220 971 3275 ideo
1008 3219 1253 3275 Christus
1299 3218 1381 3271 his
1417 3229 1514 3270 nos
1558 3214 1734 3270 verbis
1774 3212 2062 3268 admonet:
2099 3209 2276 3265 Nolite

669 3316 793 3368 dare
821 3322 998 3368 sancta
1023 3310 1264 3373 canibus,
1297 3325 1458 3375 neque
1497 3305 1782 3378 projiciatis
1817 3304 2129 3374 margaritas
2158 3311 2277 3357 ante

671 3421 853 3474 porcos
888 3406 904 3472 (
931 3402 1120 3458 Matth.
1155 3402 1211 3457 7.
1243 3400 1336 3473 6).
1371 3401 1681 3471 Margaritas
1706 3398 1821 3454 inec
1847 3397 2010 3453 verba
2043 3397 2271 3465 voeavit,

672 3498 798 3552 licet
826 3496 942 3551 luce
970 3494 1272 3566 margaritis
1300 3492 1455 3564 longe
1495 3491 1811 3562 pretiosiora
1841 3491 1985 3555 sint,
2025 3489 2146 3561 quia
2177 3491 2277 3544 hae

674 3590 897 3644 materia
944 3587 1090 3642 nulla
1136 3585 1496 3657 praestantior.
1550 3584 1674 3640 Ideo
1722 3583 1914 3638 horum
1963 3595 2273 3638 sermonum

671 3680 987 3735 suavitatem
1000 3678 1148 3734 melli
1173 3691 1487 3747 comparare
1502 3677 1661 3740 solet,
1686 3690 1791 3731 nou
1809 3675 1952 3747 quod
1978 3675 2084 3729 mei
2107 3674 2276 3742 ipsam

675 3787 888 3842 :equare
941 3770 1131 3841 possit,
1153 3769 1250 3825 sed
1303 3768 1443 3840 quod
1496 3769 1626 3823 nihil
1674 3768 1833 3824 melle
1881 3766 2089 3822 dulcius
2135 3766 2277 3836 apud

673 3879 774 3918 uos
813 3863 902 3918 sit.
942 3862 1074 3917 Nam
1115 3861 1259 3932 quod
1289 3870 1698 3932 et-gemmarum
1728 3859 1978 3929 pretium.
2016 3866 2072 3913 et
2102 3858 2278 3914 mellis

673 3956 987 4010 suavitatem
1020 3955 1179 4024 longo
1209 3952 1490 4008 intervallo
1517 3962 1792 4023 superent,
1812 3951 1933 4005 audi
1959 3950 2275 4022 prophetam

676 4048 794 4103 ha-c
815 4057 1145 4101 asscrentem
1169 4045 1251 4101 his
1277 4045 1454 4100 verbis
1479 4061 1492 4101 :
1526 4043 1894 4100 Desiderabilia
1918 4061 2070 4115 super
2095 4062 2276 4099 aurum

669 4150 721 4193 et
761 4140 984 4210 lapidem
1025 4139 1298 4214 pretiosum
1328 4137 1573 4201 multum,
1621 4146 1666 4191 et
1705 4137 1939 4206 dulciora
1981 4152 2135 4205 super
2179 4139 2280 4191 mel

672 4241 720 4286 et
765 4231 983 4302 [ιιυωη(
1018 4228 1164 4284 Psal.
1212 4229 1298 4284 18.
1339 4229 1427 4284 ii.
1474 4228 1617 4296 12);
1666 4228 1760 4283 sed
1801 4228 1936 4282 bene
1975 4228 2279 4284 valentibus

676 4333 916 4388 tantum;
949 4323 1069 4378 ideo
1089 4320 1357 4386 subdidit,
1389 4320 1594 4376 Etenim
1617 4336 1789 4374 servus
1814 4329 1931 4373 tuus
1953 4321 2171 4376 custodit
2195 4337 2276 4375 ea.

675 4415 745 4470 Et
776 4415 900 4470 alibi
927 4429 1174 4485 quoque,
1205 4427 1327 4469 cum
1359 4412 1533 4468 dulcia
1573 4411 1834 4478 dixisset,
1867 4411 2105 4478 addidit,
2137 4411 2281 4466 Fau-

671 4509 814 4562 cibus
841 4509 985 4564 meis.
1021 4507 1186 4573 Quam
1207 4507 1400 4572 dulcia,
1435 4503 1627 4576 inquit,
1657 4504 1892 4577 faucibus
1920 4506 2044 4559 meis
2077 4504 2280 4575 eloquia

672 4609 761 4653 tuo
781 4617 800 4664 ,-
824 4610 876 4654 et
922 4599 1300 4655 excellentiam
1330 4597 1557 4654 efferens
1587 4596 1769 4661 addit,
1800 4596 1972 4667 Super
1998 4596 2098 4650 met
2122 4607 2166 4650 et
2193 4596 2303 4665 [ηο-

673 4709 793 4746 unm
815 4695 891 4747 ori
923 4711 1030 4747 meo
1059 4691 1548 4761 (Psat.il8.103),
1572 4692 1694 4762 quia
1724 4706 1853 4746 sana
1885 4699 2062 4747 mente
2085 4691 2276 4761 pot-di-

676 4795 762 4839 tus
797 4794 930 4840 erat.
958 4784 1037 4840 Ne
1067 4785 1242 4855 itaque
1275 4785 1462 4839 morbo
1501 4784 1674 4840 affecti
1703 4784 1819 4840 iure
1861 4784 2136 4853 adeamus,
2181 4784 2276 4840 sed

674 4886 794 4946 post
849 4886 1197 4947 expurgatum
1238 4877 1506 4943 animum,
1563 4876 1704 4931 hunc
1748 4876 1925 4932 cibum
1978 4891 2274 4934 sumamus.

676 4969 802 5023 ideo
846 4983 1077 5038 namque
1120 4977 1196 5023 tot
1240 4969 1420 5024 verbis
1450 4969 1741 5039 prmmiSsis
1780 4969 2017 5024 nondum
2065 4970 2130 5024 ad
2163 4968 2278 5026 hrce

671 5063 999 5117 devenerant
1019 5103 1036 5128 ,
1061 5071 1120 5116 ut
1157 5062 1350 5133 singuli
1383 5065 1527 5116 onmi
1555 5063 1780 5131 depulso
1811 5063 2032 5130 morbo,
2060 5079 2122 5119 ac
2152 5063 2195 5119 si
2225 5065 2277 5119 in

672 5155 862 5210 escium
893 5156 1191 5220 intrarent,
1226 5156 1304 5210 sic
1330 5155 1429 5220 ira,
1450 5156 1616 5225 curis,
1640 5157 2090 5213 sollicitudinibus
2111 5168 2276 5214 crete-

676 5247 857 5316 risque
910 5247 1074 5300 animi
1125 5247 1403 5304 affectibus
1471 5249 1620 5303 vacui
1675 5248 2103 5320 ingrederentur.
2159 5249 2275 5306 Non

678 5352 964 5406 possumus
984 5338 1127 5394 enim
1155 5338 1279 5394 hinc
1303 5339 1426 5409 quid
1458 5356 1704 5411 magnum
1744 5343 1973 5405 lucrari,
2007 5342 2106 5398 nisi
2133 5345 2276 5413 prius

677 5432 909 5487 animam
940 5435 1008 5487 ita
1041 5433 1462 5504 purgaverimus.
1492 5433 1601 5490 Nec
1629 5435 1760 5490 mihi
1782 5436 1902 5507 quis
1923 5435 2085 5501 dicat,
2114 5437 2273 5494 breve

678 5535 891 5596 tempus
937 5527 1077 5583 inter
1122 5527 1260 5583 hanc
1313 5538 1368 5584 et
1409 5538 1720 5599 sequentem
1767 5531 2082 5585 concionem
2130 5547 2270 5589 esse.

681 5615 828 5672 Licet
851 5618 1000 5675 enim
1037 5633 1145 5673 non
1193 5619 1367 5674 solum
1408 5619 1615 5675 dierum
1662 5621 1898 5690 quinque
1942 5622 2137 5691 Spatio,
2179 5623 2271 5678 sed

679 5713 836 5766 etiam
886 5728 992 5767 nuo
1039 5710 1299 5783 temporis
1344 5723 1618 5769 momento
1659 5717 1822 5768 vitam
1859 5723 2021 5769 lotam
2067 5726 2272 5772 mutare

678 5805 1072 5877 Quid,’1na-so,
1109 5807 1315 5862 latrone
1345 5818 1394 5860 et
1429 5807 1692 5863 lmmieida
1723 5808 2044 5865 scelestius?
2087 5825 2264 5864 annon

3864 312 3946 367 ‘28

2343 449 2643 499 extremum
2671 436 2775 491 hoc
2800 430 3161 504 improbitatis
3179 441 3351 501 genus
3380 426 3504 482 est?
3533 429 3778 482 Attamen
3810 426 3953 480 latrn

2343 535 2433 588 ille
2458 533 2526 588 ad
2553 543 2823 586 summum
2849 527 3061 581 virtutis
3085 523 3294 594 apicem
3316 523 3500 576 statim
3525 521 3789 591 pervenit.
3819 530 3869 574 et
3899 522 3951 575 in

2345 623 2647 696 paradisum
2688 619 2857 684 abiit,
2903 630 3005 672 nec
3047 613 3293 686 plurimis
3320 612 3531 676 diebus,
3581 625 3682 666 nee
3727 609 3955 665 dimidio

2344 716 2432 772 die
2460 728 2594 786 opus
2621 711 2837 777 habuit,
2865 709 2961 766 sed
2994 707 3144 764 brevi
3192 713 3402 761 tantum
3427 711 3724 759 momento.
3769 702 3957 771 Itaque

2346 810 2472 866 licet
2496 814 2716 876 repente
2746 803 2964 869 mutari,
2994 810 3048 857 et
3077 814 3302 855 aureum
3333 812 3398 854 ex
3446 796 3592 852 luteo
3627 794 3788 851 efﬁci.
3818 795 3956 850 Cum

2348 902 2493 957 cnim
2521 913 2692 969 neque
2721 904 2914 961 virtus,
2963 907 3138 962 neque
3186 891 3374 946 vitium
3413 903 3478 944 ex
3526 895 3716 942 natura
3764 886 3954 952 insint,

2351 994 2524 1049 facilis
2558 998 2643 1048 est
2672 991 2928 1055 mutatio,
2959 987 3105 1042 omni
3137 984 3462 1040 necessitate
3489 981 3678 1037 libera.
3705 980 3765 1036 Si
3786 981 3963 1034 volae-

2349 1088 2463 1141 ritis
2507 1095 2555 1140 et
2600 1084 2861 1140 audieritis
2909 1099 3023 1147 me,
3059 1079 3266 1151 inquit,
3315 1078 3447 1134 bona
3489 1085 3637 1131 terra:
3687 1074 3964 1130 comedetis

2355 1177 2375 1250 (
2404 1176 2534 1231 lsai.
2568 1178 2616 1232 i.
2655 1175 2779 1248 i9).
2819 1174 3004 1230 Viden‘
3031 1172 3146 1229 sola
3193 1186 3330 1240 opus
3376 1185 3500 1225 esse
3529 1169 3835 1224 voluntate:
3871 1181 3969 1220 vo-

2357 1271 2595 1333 hmtate.
2638 1272 2854 1340 inquam
2881 1309 2894 1331 ,
2942 1282 3049 1323 non
3089 1265 3297 1337 vulgari
3329 1262 3418 1319 illa
3450 1276 3571 1333 quae
3601 1259 3966 1331 plurimorum

2355 1374 2439 1421 est
2459 1408 2471 1427 ,
2500 1364 2596 1421 sed
2627 1361 2888 1433 diligenti.
2918 1360 3044 1418 Scio
3065 1360 3263 1431 quippe
3300 1369 3491 1412 omnes
3517 1355 3568 1409 in
3609 1353 3798 1409 caelum
3829 1367 3969 1406 avo-

2359 1457 2472 1514 lare
2523 1455 2705 1520 velle;
2763 1453 2857 1509 sed
2909 1452 3159 1507 voluntas
3213 1448 3470 1520 operibus
3511 1444 3814 1503 exhibenda
3861 1453 3968 1499 cst.

2360 1547 2633 1619 Siquidem
2657 1554 2927 1602 mercator
2949 1543 3061 1600 vult
3105 1543 3401 1606 ditescere,
3430 1554 3605 1611 neque
3631 1538 3882 1594 voluntas
3915 1537 3970 1593 in

2359 1639 2685 1711 cogitatione
2713 1645 2917 1693 tantum
2943 1633 3223 1699 consistit;
3249 1632 3344 1688 sed
3371 1632 3549 1688 navim
3577 1639 3746 1701 parat,
3777 1638 3974 1683 nautas

2361 1735 2526 1806 cogit,
2572 1733 2989 1805 gubernatorem
3039 1731 3304 1796 accersit,
3351 1728 3670 1798 caaterisque
3716 1727 3974 1782 omnibus

2367 1827 2542 1883 navim
2573 1825 2825 1889 instruit,
2852 1839 3043 1880 aurum
3084 1830 3376 1888 mutuatur,
3420 1820 3642 1892 pelagus
3670 1819 3885 1891 trajicit,
3920 1819 3973 1873 in

2365 1914 2701 1991 peregrinam
2723 1926 2920 1973 terram
2948 1915 3330 1987 proﬁciscitur,
3355 1913 3594 1984 pericula
3615 1911 3781 1969 multa
3803 1909 3974 1976 subit,

2365 2011 2578 2082 aliaque
2621 2009 2845 2080 plurima
2876 2008 3097 2081 patitur,
3129 2021 3253 2078 quze
3292 2012 3492 2061 norunt
3537 2005 3570 2059 ii
3597 2004 3689 2076 qui
3721 2002 3979 2073 navigare

2365 2104 2562 2161 solent.
2602 2103 2676 2159 ita
2704 2118 2806 2159 nos
2842 2111 3056 2174 oportet
3083 2100 3411 2156 voluntatem
3438 2097 3714 2155 exhibere.
3744 2095 3979 2167 Naviga-

2368 2213 2489 2254 mus
2518 2206 2572 2254 et
2598 2211 2698 2253 nos
2723 2210 2955 2268 quoque,
2986 2209 3097 2250 non
3121 2194 3191 2251 ab
3213 2193 3321 2248 alia
3348 2190 3402 2247 in
3429 2191 3589 2246 aliam
3619 2198 3842 2255 terram,
3874 2188 3976 2245 sed

2369 2309 2401 2350 a
2448 2302 2591 2351 terra
2641 2293 2694 2348 in
2741 2291 2953 2348 uelum.
2998 2289 3109 2346 Nos
3154 2302 3285 2360 ergo
3329 2293 3514 2343 mente
3557 2298 3880 2356 apparemus
3910 2281 3983 2338 ad

2371 2386 2836 2461 gubernationem,
2863 2399 2984 2456 quae
3026 2398 3125 2439 nos
3163 2395 3398 2452 superne
3441 2379 3633 2443 ducat,
3675 2391 3742 2437 ac
3789 2383 3985 2432 nautas

2373 2480 2752 2551 obsequentes,
2773 2477 3091 2547 ﬁrmamque
3113 2474 3290 2530 navim
3313 2472 3471 2528 nobis
3488 2484 3889 2542 comparemus,
3913 2484 3984 2524 ue

2373 2572 2679 2629 calamitate
2707 2569 2938 2642 quadam
2985 2566 3236 2624 saeculari
3283 2567 3366 2622 vel
3413 2563 3670 2621 nuestitia
3699 2561 3988 2632 demerga-

2374 2681 2517 2732 mnr,
2541 2679 2679 2720 neve
2703 2663 3024 2735 arrogantiae
3053 2661 3244 2733 spiritu
3281 2658 3592 2726 efferamur,
3623 2656 3720 2713 sed
3754 2657 3902 2712 leves
3931 2663 3990 2711 et

2375 2755 2609 2827 expediti
2641 2754 2831 2809 simus.
2855 2753 2912 2810 Si
2941 2754 3010 2808 ita
3031 2753 3207 2808 navim
3228 2793 3244 2820 ,
3269 2750 3687 2822 gubernatorem
3710 2756 3768 2804 et
3790 2757 3990 2802 nautas

2376 2863 2648 2921 paremus,
2677 2845 2915 2904 secundo
2941 2853 3103 2901 vento
3127 2843 3514 2914 navigabimus,
3535 2839 3838 2911 Filiumque
3868 2839 3990 2904 Dei,

2377 2958 2562 2999 verum
2595 2942 3043 3014 gubernatorem,
3083 2937 3149 2994 ad
3198 2951 3297 2992 nos
3345 2934 3698 3001 attrahemus,
3733 2932 3825 3004 qui
3877 2947 3990 2988 non

2381 3037 2522 3091 siuet
2551 3035 2806 3105 scapham
2838 3042 3076 3088 nostram
3108 3029 3348 3101 demergi
3379 3047 3392 3083 :
3423 3028 3518 3084 sed
3564 3027 3688 3083 licet
3715 3027 3989 3082 inmtmeri

2381 3128 2587 3198 Spircnt
2613 3126 2793 3191 venti,
2822 3132 3013 3179 ventos
3048 3123 3136 3178 ille
3165 3121 3465 3191 increpabit
3492 3129 3547 3174 et
3585 3133 3755 3184 mare,
3788 3127 3846 3174 et
3873 3121 3993 3174 vice

2382 3222 2632 3294 procellae
2662 3219 3102 3290 tranquillitatem
3131 3217 3328 3273 efﬁciet
3354 3229 3624 3286 magnam.

2453 3317 2507 3372 4.
2551 3313 2836 3382 Descriptio
2872 3312 3261 3381 dispositionum
3295 3324 3410 3382 qua:
3443 3308 3511 3361 ad
3539 3305 3855 3378 evangelium
3896 3322 3991 3361 tm-

2382 3408 2624 3465 diendum
2644 3409 2986 3476 requiruntur.
3017 3404 3354 3458 Tlteatrorum
3383 3400 3672 3471 spectacula
3719 3398 3994 3470 fugienda.

2385 3499 2560 3556 Paetis
2577 3516 2689 3554 cum
2709 3497 2818 3553 Deo
2833 3507 2880 3553 et
2913 3496 3143 3552 Ecclesia
3156 3495 3293 3549 initis
3313 3491 3573 3549 standum.
3592 3491 3823 3545 Attentas
3840 3507 3997 3547 aures

2384 3593 2728 3664 prtebendum.
2756 3621 2828 3633 -—
2847 3589 2938 3646 Sic
2966 3587 3262 3658 comparati
3288 3586 3355 3640 ad
3396 3593 3707 3656 sequentem
3750 3581 3999 3637 accedite

2384 3685 2700 3738 concionem
2723 3722 2741 3746 ,
2769 3682 2814 3737 si
2841 3692 3017 3736 tamen
3045 3678 3272 3749 cupiatis
3301 3677 3432 3733 utile
3459 3675 3731 3747 quidpiam
3764 3675 3961 3729 audire
3982 3715 3999 3739 ,

2385 3784 2441 3832 et
2483 3777 2535 3831 ln
2582 3783 2762 3831 mente
2806 3787 3090 3842 reponere.
3140 3770 3310 3826 Nemo
3357 3770 3426 3824 sit
3471 3769 3576 3832 via,
3630 3783 3787 3823 nemo
3817 3779 3997 3837 petra,

2385 3884 2545 3926 nemo
2572 3867 2739 3936 spinis
2787 3865 3047 3937 repletus.
3097 3863 3377 3919 Faciamus
3411 3876 3509 3917 nos
3538 3862 3683 3932 ipsos
3721 3862 3996 3918 novales;

2386 3962 2568 4026 sicque
2603 3960 2770 4016 lihcnt
2812 3959 2991 4012 animo
3017 3956 3223 4012 semina
3259 3956 3551 4024 jaciemus,
3582 3955 3626 4008 si
3659 3967 3851 4022 nempe
3886 3963 4000 4009 ter-

2387 4072 2500 4109 ram
2529 4069 2716 4124 puram
2747 4052 3058 4116 videamus;
3102 4050 3185 4104 sin
3210 4059 3399 4104 contra
3430 4058 3701 4119 petrosam
3731 4057 3784 4103 ct
3826 4063 3999 4119 aspc-

2388 4162 2503 4203 ram
2524 4188 2540 4212 ,
2571 4144 2834 4217 ignoscite
2875 4144 2920 4198 si
2951 4142 3184 4198 nolimus
3227 4140 3424 4196 frustra
3466 4142 3753 4197 laborare:
3787 4156 3918 4196 nam
3953 4143 3998 4197 si

2396 4253 2427 4294 a
2449 4238 2682 4294 serendo
2704 4238 3050 4304 desistentes,
3096 4236 3424 4306 coeperimus
3479 4234 3662 4305 spinas
3719 4233 3961 4290 evellere
3982 4277 3998 4301 ,

2390 4342 2517 4387 tunc
2578 4339 2833 4386 extremae
2861 4327 3151 4386 dementire.
3195 4338 3338 4385 esset
3385 4329 3435 4382 in
3489 4339 3686 4383 terram
3735 4327 3998 4383 incultam

2389 4424 2594 4480 semina
2622 4424 2822 4494 jacere.
2856 4422 3026 4492 iiujus
3052 4422 3332 4477 eoneionis
3357 4421 3682 4486 auditorem,
3728 4436 3835 4476 non
3865 4421 4002 4477 licet

2387 4531 2589 4572 mensa:
2641 4514 3033 4570 diemoniorum
3079 4529 3198 4571 esse
3249 4516 3584 4586 participem.
3641 4512 3794 4582 Quod
3845 4515 4001 4570 enim

2386 4609 2716 4664 Consortium
2739 4607 3000 4677 justitiam
3033 4607 3173 4662 inter
3197 4616 3248 4662 et
3273 4606 3652 4676 iniquitatem?
3677 4605 3797 4660 Stas
3825 4604 3967 4659 Joan
3986 4637 4004 4649 ο

2389 4699 2472 4754 nis
2493 4699 2723 4764 auditor,
2753 4712 2817 4753 ae
2841 4713 2936 4768 per
2958 4699 3103 4753 illum
3125 4714 3186 4755 ea
3211 4714 3330 4769 qua:
3351 4699 3582 4768 Spiritus
3605 4707 3730 4753 sunt
3756 4697 4000 4754 ediseis:

2387 4802 2443 4847 et
2489 4798 2672 4862 postea
2712 4789 2956 4846 abscedis
2986 4791 3319 4846 'meretriees
3372 4791 3683 4854 auditurus,
3735 4789 4002 4848 obscaena

2389 4885 2706 4955 loquentes,
2737 4883 3075 4938 obscoeniora
3103 4893 3554 4954 reprtesentantcs
3586 4883 3713 4956 (α),
3760 4893 3816 4940 et
3863 4885 4004 4941 effc-

2389 4979 2620 5032 miuatos
2647 4977 2733 5047 qui
2780 4991 2839 5032 se
2871 4986 3057 5031 mutuo
3090 4977 3260 5045 alapis
3291 4976 3548 5031 credunt?
3578 4977 3860 5043 Quomodo
3893 4993 3998 5046 po-

2390 5072 2517 5126 teris
2545 5071 2711 5142 probe
2735 5070 2875 5124 ablui
2900 5080 2954 5124 ct
2977 5072 3210 5139 purgari,
3243 5071 3294 5124 in
3327 5078 3473 5124 tanto
3497 5085 3655 5126 caeno
3684 5061 4005 5128 volutatus?

2386 5164 2527 5234 Quid
2554 5179 2687 5233 Opus
2728 5172 2811 5217 est
2837 5163 3245 5219 obscaanitatem
3280 5163 3424 5218 illam
3473 5172 3638 5218 totam
3685 5164 4001 5220 minutatim

2389 5257 2708 5311 recensere?
2735 5253 2925 5311 Omnia
2949 5257 3053 5312 illic
3082 5257 3242 5320 risus,
3266 5259 3445 5312 omnia
3473 5258 3841 5328 opprobrium,
3862 5273 4005 5314 con-

2388 5350 2645 5410 tumelim,
2673 5348 2895 5403 dicteria
2922 5349 3134 5404 :omnia
3157 5348 3460 5416 dissolutio,
3492 5350 3670 5405 omnia
3699 5351 3998 5421 pernicies.

2389 5442 2526 5496 liceo
2581 5440 2814 5509 prtedico
2867 5451 2924 5495 et
2977 5441 3238 5496 annuntio
3281 5442 3534 5498 omnibus
3581 5443 3771 5497 vobis:
3830 5457 4000 5497 nemo

2385 5550 2597 5602 eorum,
2644 5535 2732 5605 qui
2769 5534 2867 5589 hac
2894 5551 3076 5590 mensa
3111 5533 3382 5603 fruuntur,
3417 5536 3649 5590 animam
3691 5551 3842 5592 suam
3873 5540 3999 5593 exi-

2437 5691 2510 5762 (α)
2548 5690 3007 5765 lt‘igtrionu'm‘more
3044 5695 3090 5765 lu
3111 5692 3312 5762 theatro
3334 5702 3752 5765 reprmseutantes
3771 5732 3783 5756 ,
3805 5694 3997 5765 inqua;

2383 5754 2540 5866 :tl't'pia
2581 5750 2888 5864 tliteatrallum
2921 5754 3234 5804 meretricum
3261 5750 3540 5816 spectacula
3582 5770 3714 5820 smpe
3742 5750 3995 5806 invehitur

2411 5854 2421 5866 .
2443 5828 2592 5878 irysos
2616 5827 2769 5863 omns.
