4164 6320
170 323 236 382 ξε)
1345 319 1409 375 IN
1448 318 1763 375 JOANNE.“

1879 313 2042 370 )MhL.
2091 315 2149 369 l1.
2196 316 2270 370 :tl.
2305 320 2345 385 ξ.

181 444 319 502 tlosis
350 443 460 498 illis
506 439 844 514 spectaculis
874 448 1202 508 corrumpal.
1249 435 1340 491 Illa
1385 438 1585 506 quippe
1614 435 1798 490 omnia

180 539 304 593 dicta
335 546 393 591 et
443 534 622 600 facta,
674 548 872 605 pompa
919 534 1155 586 satanica
1209 538 1352 584 sunt.
1401 530 1562 584 Scitis
1615 540 1796 582 autem

181 638 432 701 quotquot
460 628 656 683 initiati
683 627 818 682 estis
839 669 853 692 ,
886 641 1005 696 qua:
1028 634 1184 694 pacta
1215 622 1496 692 nobiscum
1528 619 1793 682 inieritis;

179 725 276 781 imo
313 737 440 792 qua:
482 737 607 776 cum
649 719 898 778 Christo,
938 716 1157 786 quando
1179 715 1270 771 ille
1304 715 1421 784 ipse
1464 720 1548 767 est
1576 712 1664 782 qui
1699 725 1796 765 vos

181 818 380 874 initiat:
427 815 559 887 quid
605 815 681 870 illi
727 812 1004 877 dixeritis;
1034 826 1156 882 qum
1201 810 1271 866 de
1318 808 1557 864 salanica
1598 820 1793 876 pompa

177 928 286 967 cum
336 910 433 964 illo
481 910 644 965 verba
674 905 1006 968 habueritis;
1039 900 1315 973 quomodo
1368 911 1424 956 et
1476 907 1684 954 satana:
1738 905 1792 949 et

176 1003 373 1072 angelis
402 1001 524 1070 ejus
551 999 710 1054 simul
740 995 1251 1054 abrenuntiaveritis
1271 1036 1286 1059 ,
1316 991 1791 1063 promiseritisqne

177 1112 260 1150 vos
306 1094 373 1150 ad
430 1094 519 1148 illa
566 1109 671 1147 non
714 1091 1020 1152 dcﬂcxuros
1066 1090 1235 1145 esse?
1283 1086 1608 1142 'l'imeudum
1657 1097 1790 1152 ergo

173 1189 457 1244 admodum
513 1201 580 1243 ue
610 1188 732 1256 quis
779 1185 864 1241 his
894 1184 1106 1240 violatis
1158 1181 1631 1253 promissionibus,
1665 1192 1788 1232 sese

173 1280 250 1332 his
278 1278 562 1348 indignum
597 1277 867 1348 mysteriis
908 1274 1172 1330 olfecerit.
1208 1275 1403 1328 Annon
1458 1270 1609 1324 vides
1653 1283 1788 1339 quo-

172 1371 324 1424 modo
374 1371 430 1424 111
463 1369 897 1440 regiiszcdibus,
931 1383 1036 1422 non
1070 1365 1104 1421 ii
1137 1366 1227 1436 qui
1263 1364 1314 1418 in
1346 1364 1529 1431 aliquo
1554 1360 1788 1417 011³011(Ιο-

169 1472 285 1517 runt
305 1505 322 1528 ,
351 1461 450 1517 sed
478 1462 568 1532 qui
603 1461 656 1516 in
689 1459 896 1516 honore
924 1458 1217 1523 habentur,
1242 1454 1462 1512 consilii
1494 1453 1786 1522 participes

169 1555 532 1618 adt-occatur,
585 1563 642 1608 et
700 1553 839 1609 inter
887 1552 1092 1606 amicos
1142 1551 1288 1620 regis
1343 1545 1786 1602 constituantur?

167 1648 392 1719 Legatus
440 1647 600 1703 nobis
628 1646 697 1702 de
735 1646 870 1701 caelo
921 1645 1101 1707 venit,
1129 1642 1200 1698 ab
1243 1643 1362 1712 ipso
1402 1641 1517 1695 Deo
1562 1638 1778 1701 missus,

161 1741 231 1796 de
265 1740 594 1796 necessariis
623 1754 724 1795 nos
761 1738 924 1794 rebus
949 1733 1350 1807 alioquuturus.
1399 1733 1471 1787 At
1519 1745 1615 1786 vos
1644 1729 1779 1785 nihil

164 1843 414 1889 curantes
439 1831 632 1888 audire
672 1831 799 1903 quid
825 1831 974 1895 velit,
1009 1827 1207 1900 quidve
1255 1826 1526 1898 loquatur,
1573 1823 1704 1879 sede
1731 1823 1777 1876 is

1445 1962 1774 1973 Μ

1127 1966 1390 1976 *κν-ο...-

1779 1962 1933 1970 -ιιοοο-ρ-
1946 1963 2048 1970 ’,ἡ

3480 327 3551 383 50

1903 431 2104 489 mimos
2131 432 2438 488 audientes.
2466 431 2538 487 Et
2565 441 2698 504 quot
2727 444 3056 507 quartusque
3084 435 3401 496 fulminibus
3429 442 3546 497 hiut:

1905 524 2066 597 digna
2111 541 2216 580 non
2266 526 2505 581 fuerint?
2556 524 2626 581 Ut
2673 526 2821 581 enim
2876 543 2982 583 non
3033 529 3170 585 licet
3217 533 3544 602 participare

1872 649 1878 656 -
1907 606 2529 672 mensmdmmoniorum
2553 660 2568 684 ,
2601 619 2680 672 sic
2710 635 2811 673 nec
2843 619 2934 673 illa
2979 619 3316 679 dmntoniaca
3347 625 3541 681 audire

1903 710 1984 765 fas
2009 719 2112 776 est,
2149 726 2323 781 neque
2347 711 2565 766 sordida
2598 722 2749 766 veste
2772 711 2839 766 ad
2869 711 3072 769 lautam
3114 715 3258 771 illam
3290 732 3540 776 mensam

1903 812 1982 858 tul
2033 805 2192 860 bonis
2237 804 2494 860 refertam
2543 806 2846 871 acc-edere,
2894 822 3059 878 quam
3110 812 3389 879 apparavit
3423 813 3542 883 ipse

1903 899 2065 954 Deus.
2116 898 2289 955 Tanta
2322 901 2468 956 enim
2509 900 2628 970 ejus
2673 901 2756 956 vis
2800 911 2918 965 est,
2970 909 3028 957 ttt
3068 913 3292 973 repente
3339 920 3440 959 nos
3471 907 3538 960 ad

1896 993 2098 1048 cwlum
2143 994 2316 1064 ipsum
2349 995 2561 1064 rapiat:
2593 995 2641 1050 si
2675 1005 2854 1051 tamen
2885 995 3032 1065 vigili
3062 1005 3246 1050 mente
3281 999 3534 1053 attenda-

1900 1104 2040 1144 mus.
2086 1089 2273 1160 Neqne
2300 1089 2446 1145 enim
2479 1089 2571 1160 qui
2599 1089 2800 1144 divinis
2829 1090 3180 1146 sermonibus
3217 1089 3534 1161 frequenter

1899 1184 2174 1239 institutus
2202 1193 2314 1252 est,
2338 1185 2389 1239 in
2419 1183 2522 1240 hoc
2547 1183 2637 1239 vili
2663 1193 2805 1238 statu
2831 1193 3013 1238 manet
3045 1202 3056 1238 :
3085 1182 3182 1246 sed
3214 1186 3526 1240 necessario

1895 1279 2075 1332 statim
2098 1278 2302 1343 evolat,
2331 1287 2386 1332 et
2415 1277 2705 1332 sublimem
2731 1277 2882 1332 illmn
2909 1279 3043 1348 petit
3064 1279 3266 1346 locum,
3297 1278 3530 1334 immen-

1893 1369 2078 1438 sisqne
2126 1369 2330 1438 potitur
2379 1369 2689 1425 thesauris:
2739 1384 2877 1439 quos
2933 1370 3136 1425 utinam
3192 1385 3291 1425 nos
3336 1386 3530 1429 omnes

1891 1476 2311 1532 consequamur,
2369 1464 2541 1535 gratia
2599 1472 2654 1520 et
2703 1463 3041 1534 benignitate
3098 1465 3310 1522 Domini
3358 1467 3528 1521 nostri

1889 1554 2017 1610 .lesu
2061 1555 2301 1623 Christi,
2338 1571 2434 1626 per
2474 1572 2636 1626 quem
2685 1566 2738 1612 et
2782 1571 2907 1611 cum
2957 1572 3066 1628 quo
3117 1557 3264 1613 Patti
3318 1557 3525 1630 gloria,

1890 1662 2104 1718 unaque
2133 1657 2322 1702 saneto
2351 1647 2597 1718 Spiritui,
2629 1664 2776 1704 nunc
2803 1659 2857 1703 et
2883 1663 3123 1720 semper,
3149 1661 3203 1704 et
3235 1650 3288 1704 111
3319 1651 3522 1705 01001110

1887 1740 2232 1796 seculorum.
2261 1742 2432 1796 Amen
2445 1783 2458 1794 .

2051 1962 2326 1969 ...ψ-..-

1601 2035 1956 2098 HOMILIA
2005 2038 2086 2098 ll.

363 2222 500 2276 Car.
527 2221 576 2275 1.
613 2235 665 2273 v.
700 2220 748 2273 l.
782 2216 844 2270 In
883 2214 1137 2287 principio
1165 2221 1276 2267 erat
1303 2207 1547 2263 Verbum.

226 2317 271 2370 1.
297 2314 360 2371 Si
406 2314 644 2370 Jonnnes
677 2327 774 2366 nos
800 2310 1177 2380 alloqnuturus
1205 2312 1350 2359 esset
1371 2344 1385 2367 ,
1431 2310 1486 2356 et
1515 2315 1612 2355 sua
1641 2315 1768 2353 nar-

156 2419 388 2473 raturus,
414 2421 446 2461 e
475 2420 539 2460 re
568 2403 728 2468 foret,
753 2401 871 2473 ejus
892 2415 1065 2473 genus
1086 2441 1100 2464 ,
1137 2397 1365 2470 patriam
1398 2402 1452 2448 et
1482 2392 1768 2449 educatio-

156 2516 270 2556 nem
300 2512 613 2555 recensere.
646 2495 781 2564 Quia
822 2510 951 2550 vero
998 2507 1106 2548 non
1153 2492 1300 2562 ipse,
1352 2487 1449 2543 sed
1482 2501 1578 2556 per
1619 2483 1769 2540 illum

155 2593 286 2646 Deus
315 2591 614 2645 humanam
645 2588 936 2659 alloquitur
966 2595 1239 2649 naturam,
1271 2579 1604 2653 superﬂuum
1634 2577 1768 2632 mihi

155 2686 355 2740 videtur
388 2683 508 2738 haec
545 2681 883 2752 disquirere;
922 2680 1030 2734 imo
1069 2693 1200 2734 vero
1229 2677 1279 2732 id
1305 2692 1412 2730 non
1442 2687 1769 2744 supervaca-

153 2796 304 2834 neum
333 2777 519 2842 fuerit,
555 2775 649 2831 sed
681 2774 837 2830 valde
861 2772 1250 2828 necessarium.
1283 2767 1416 2824 Cum
1458 2767 1602 2823 enim
1632 2764 1770 2820 didi-

152 2872 280 2927 ceris
310 2871 475 2942 quis,
526 2866 670 2924 unde
690 2908 706 2934 ,
737 2882 766 2921 a
807 2866 1003 2937 quibus
1032 2875 1186 2918 ortus
1207 2904 1221 2928 ,
1255 2861 1431 2933 qualis
1459 2859 1542 2915 vir
1571 2858 1766 2921 fuerit,

151 2962 448 3034 deindeque
496 2960 734 3016 audieris
775 2958 892 3029 ejus
919 2973 1104 3013 vocem
1134 2953 1640 3027 philosophiamque
1681 2961 1767 3005 to-

152 3068 286 3120 tam,
316 3066 448 3110 tunc
481 3053 650 3124 probe
679 3053 820 3109 scies
848 3051 964 3107 lucc
1005 3049 1166 3106 verba
1196 3063 1302 3102 non
1340 3047 1457 3118 ejus
1497 3059 1640 3110 esse,
1670 3042 1766 3097 sed

151 3150 337 3204 divina:
392 3147 644 3213 virtutis,
691 3146 809 3216 ejus
849 3145 1086 3201 animam
1134 3143 1420 3198 moventis.
1477 3139 1592 3206 Qua
1637 3151 1769 3210 ergo

151 3243 238 3296 fuit
258 3240 475 3312 patria?
497 3238 648 3294 Nulla
668 3237 882 3307 quidem
902 3238 1070 3308 patria
1097 3235 1175 3304 (α)
1192 3252 1209 3299 ;
1227 3231 1325 3288 sed
1337 3248 1403 3289 ex
1416 3232 1542 3288 vico
1563 3229 1770 3306 prodiit

148 3345 200 3389 et
226 3334 449 3405 regione
492 3332 705 3402 abjecta
728 3372 740 3395 ,
774 3346 897 3399 quae
940 3328 1074 3384 nihil
1102 3327 1333 3398 alicujus
1361 3325 1520 3397 pretii
1574 3322 1759 3379 ferret.

147 3430 423 3486 Galilaeam
457 3429 603 3482 enim
632 3433 986 3483 contemnunt
1011 3423 1204 3478 scriba:
1233 3437 1355 3477 cum
1386 3421 1537 3475 aiunt
1561 3439 1574 3472 :
1594 3417 1768 3499 Iun-rs

146 3540 264 3593 roga
320 3531 369 3576 et
420 3521 556 3587 vide,
607 3519 748 3590 quod
793 3533 857 3571 ex
901 3517 1121 3572 6111111011
1164 3531 1267 3570 non
1310 3516 1473 3584 surgit
1517 3512 1766 3589 prap/tetu

148 3613 350 3680 (Joan.
383 3611 612 3684 7.52).
666 3611 832 3667 Nihili
883 3609 1011 3666 facit
1062 3624 1180 3667 eam
1226 3610 1316 3664 ille
1371 3622 1585 3679 quoque
1640 3621 1766 3661 vere

149 3708 385 3764 lsraelita
434 3707 626 3761 dicens
654 3725 667 3759 :
703 3705 788 3760 Ea:
821 3703 1046 3759 Nazaret
1076 3712 1237 3775 potest
1267 3700 1464 3773 aliquid
1494 3701 1613 3755 boni
1658 3716 1766 3754 esse

148 3805 338 3872 (Joan.
375 3805 430 3859 l.
459 3803 534 3858 46
556 3801 610 3871 )?
640 3800 830 3872 Neque
858 3799 1018 3872 igitur
1042 3815 1107 3855 ex
1144 3798 1338 3869 insigni
1367 3797 1619 3869 qu0piam
1646 3796 1766 3864 ejus

148 3897 379 3967 regionis
409 3895 530 3950 loco
556 3904 694 3950 erat.
725 3892 830 3950 Sed
864 3907 1040 3963 neque
1080 3906 1277 3946 nomen
1304 3890 1420 3962 ejus
1453 3890 1522 3944 ibi
1553 3898 1759 3955 notum,

146 4002 294 4060 patre
335 3990 611 4061 piscatore
659 4002 940 4058 paupere:
973 3983 1103 4055 quin
1145 3985 1216 4040 ita
1248 3999 1484 4055 paupere
1530 3992 1582 4038 ut
1625 3981 1765 4039 filios

144 4088 326 4140 eadem
354 4086 414 4140 in
443 4095 892 4140 arte-exerceret.
921 4081 1083 4138 Scitis
1119 4097 1284 4154 porro
1312 4096 1524 4148 omnes,
1557 4081 1762 4139 nullum

147 4177 405 4234 artiﬁcem
423 4191 626 4247 cupere
652 4176 821 4231 lilium
850 4189 963 4230 suas
987 4176 1119 4230 artis
1145 4173 1400 4231 heredem
1429 4175 1760 4248 relinquere,

147 4271 242 4326 nisi
271 4285 488 4326 summa
520 4278 836 4340 paupertate
862 4279 1146 4333 coactum;
1179 4269 1414 4324 maxime
1441 4284 1571 4323 vero
1601 4269 1645 4323 si
1672 4285 1764 4324 ars

145 4363 206 4416 sit
247 4363 394 4417 vilis.
449 4359 816 4416 Piscatoribus
877 4377 1008 4418 vero
1065 4361 1197 4417 nihil
1249 4363 1575 4434 pauperies,
1628 4363 1761 4419 nihil

145 4454 438 4523 abjectins;
469 4455 582 4510 imo
603 4453 736 4509 nihil
765 4454 1077 4510 indoctius:
1101 4464 1338 4512 attamen
1371 4457 1511 4512 inter
1531 4473 1648 4524 eos,
1671 4459 1761 4513 alii

147 4547 398 4618 tnajores,
432 4547 525 4601 alii
557 4547 796 4603 minores
824 4556 973 4604 sunt.
1005 4549 1299 4617 Apostolus
1323 4564 1452 4605 vero
1484 4551 1627 4607 inter
1656 4555 1762 4607 tui-

146 4654 304 4696 nores
325 4639 746 4710 computabatur
767 4654 785 4693 :
806 4654 977 4710 neque
1005 4640 1148 4696 enim
1180 4641 1233 4696 in
1265 4643 1398 4698 mari
1430 4643 1758 4715 piscabatur,

147 4735 235 4788 sed
270 4736 324 4788 itt
354 4734 573 4791 modico
615 4745 809 4805 stagno
843 4735 1066 4807 :ibique
1098 4747 1404 4793 versantem
1435 4754 1559 4794 cum
1610 4749 1761 4812 patre

144 4835 196 4880 et
221 4825 430 4883 Jacobo
475 4825 676 4894 fratre,
716 4826 1033 4898 quibuscum
1078 4830 1211 4885 retia
1258 4829 1536 4887 reficiebat
1566 4831 1589 4906 (
1617 4834 1760 4903 quod

145 4932 254 4973 erat
286 4929 551 4975 extremae
597 4921 927 4992 paupertatis
974 4920 1228 4978 indicium
1248 4919 1292 4994 ),
1322 4922 1572 4981 Christus
1600 4941 1760 4982 voca-

146 5012 234 5067 rit.
290 5011 432 5068 111110
473 5011 793 5084 intelligitur
837 5029 1000 5085 quam
1045 5030 1244 5086 expers
1296 5017 1457 5073 fuerit
1515 5030 1760 5078 externa:

147 5103 462 5174 diseiplinm.
523 5104 772 5176 Alioquin
821 5122 950 5164 vero
991 5107 1164 5163 Lusus
1219 5109 1540 5168 testiﬁcatur
1583 5113 1758 5184 ipsum

146 5210 245 5248 non
302 5196 470 5252 modo
526 5197 746 5253 idiotam
782 5240 798 5264 ,
852 5199 947 5256 sed
1011 5203 1174 5258 etiam
1227 5204 1540 5262 illiteratum
1593 5209 1760 5268 fuisse

146 5288 297 5348 (Act.
330 5291 388 5345 4.
423 5290 495 5345 15
518 5289 577 5362 );
627 5302 683 5346 01
716 5291 839 5361 jure
877 5294 1116 5364 quidem.
1149 5296 1279 5352 Nam
1316 5299 1404 5370 qui
1449 5302 1520 5356 ita
1553 5317 1760 5374 pauper

145 5391 288 5446 erat,
337 5392 400 5438 ut
443 5399 620 5454 neque
669 5383 843 5442 fotum
891 5389 1098 5455 adiret,
1145 5406 1320 5461 neque
1358 5408 1481 5448 cum
1515 5393 1758 5455 honestis

143 5471 348 5529 civibus
370 5486 706 5545 versaretur,
736 5478 831 5535 sed
863 5494 988 5536 cum
1015 5483 1146 5538 solis
1173 5486 1398 5554 piscium
1422 5492 1759 5558 cauponibus

199 5609 275 5688 (α)
291 5618 456 5688 iuxta
472 5614 682 5686 wisium
697 5623 761 5688 _et
780 5617 945 5679 savil.,
963 5630 1069 5683 post
1086 5635 1254 5674 vocem
1274 5626 1451 5688 patrio,
1479 5629 1759 5681 subintelli-

140 5673 498 5753 ᾆδε-(1110101101.
525 5676 708 5753 insigni
789 5673 943 5753 nemo
963 5673 1106 5753 ’0111111
1150 5673 1758 5753 sanepani;Jil'iiliiiis

140 5731 264 5812 fuge
277 5744 454 5812 textus
477 5731 860 5812 instauraretur,
874 5731 921 5793 si
942 5731 1050 5798 voci
1063 5731 1277 5812 pati-ins
1283 5731 1315 5800 11
1315 5731 1559 5805 lis-tiliae}:
1563 5731 1753 5808 nhil)?

375 5808 495 5855 tunc
524 5808 654 5856 enim
675 5794 959 5872 legeretur,
978 5794 1042 5860 ξ’ξιζ
1065 5794 1650 5884 ἱξῆὶίιῖ1111111ξῖ1ίῖ’ἓῖιῖῘῆῖᾷ

465 5960 736 6025 ΡΑτηοι..
786 5965 906 6027 Gtt.
961 5968 1096 6029 LIX

1883 2213 1937 2259 et
1963 2207 2188 2277 coquis,
2222 2224 2327 2279 qua
2363 2209 2414 2263 in
2447 2225 2506 2264 re
2535 2207 2664 2265 feris
2688 2219 2746 2264 et
2777 2209 2947 2265 brut-is
2973 2211 3219 2282 prrel'erri
3246 2215 3522 2284 potuerit?

1881 2302 2153 2370 quomodo
2183 2317 2292 2357 non
2324 2303 2551 2373 piscium
2585 2302 2752 2357 inStar
2779 2311 2962 2370 mutus
2989 2305 3188 2390 1110111Ιῖ1
3217 2305 3316 2362 1110
3333 2317 3517 2364 tamen

1883 2393 2138 2462 piscator,
2163 2395 2253 2466 qui
2288 2396 2431 2451 circa
2462 2406 2673 2467 stagna,
2703 2397 2837 2451 retia
2869 2405 2924 2452 et
2953 2397 3130 2468 pisces
3159 2402 3479 2459 versabatur
3503 2418 3534 2471 ,‘

1880 2500 1946 2540 ex
1971 2486 2262 2542 Bethsaida
2307 2486 2568 2554 Gulilmu‘,
2608 2498 2761 2560 patre
2803 2489 3074 2560 piscatore
3111 2508 3384 2564 paupere,
3413 2513 3517 2553 ex-

1882 2585 2052 2633 trema
2098 2576 2277 2650 inopia
2326 2580 2645 2648 laborante,
2700 2582 2788 2652 qui
2837 2581 2985 2640 rudis
3028 2595 3151 2640 erat
3202 2596 3260 2643 et
3302 2604 3519 2648 sunune

1882 2670 2182 2740 imperitus,
2217 2674 2307 2745 qui
2335 2674 2519 2731 literas
2548 2692 2648 2732 nec
2675 2687 2823 2742 ante,
2857 2694 2957 2735 nec
2980 2693 3268 2752 postquam
3293 2685 3516 2744 Christo

1881 2760 2055 2828 laesit,
2106 2764 2350 2832 edidicit,
2390 2767 2672 2822 \itleamus
2716 2769 2845 2839 quid
2889 2771 3166 2842 loquatur,
3215 2788 3271 2831 et
3318 2779 3541 2848 quibus"

1877 2855 1947 2912 de
1977 2856 2140 2912 rebus
2169 2859 2454 2915 edisserat.
2483 2857 2621 2915 Num
2653 2861 2724 2916 de
2753 2863 2919 2933 agris,
2958 2864 3028 2921 de
3069 2867 3414 2937 fluminibus,
3447 2871 3516 2927 de

1879 2947 2108 3017 piscium
2133 2951 2506 3006 commercio?
2537 2952 2660 3007 talia
2692 2954 2838 3009 enim
2865 2957 3112 3012 fortassis
3141 2975 3206 3014 ex
3241 2963 3516 3032 piscatore

1875 3039 2066 3095 audire
2121 3041 2245 3110 quis
2299 3053 2601 3113 exspectet.
2657 3045 2858 3101 Verum
2921 3064 2990 3104 ne
3042 3051 3327 3119 timeatis;
3373 3056 3506 3112 nihil

1875 3131 2076 3202 quippe
2107 3132 2420 3203 hujusmodi
2443 3136 2765 3205 audiemus;
2797 3139 2896 3196 sed
2914 3142 3159 3198 caelestia
3193 3153 3424 3216 tantum,
3461 3161 3518 3207 et

1874 3239 1998 3294 qua:
2049 3241 2210 3282 nemo
2268 3227 2529 3286 hactenus
2579 3232 2824 3289 edidicit.
2876 3235 3010 3290 Tam
3062 3239 3316 3296 sublimia
3365 3243 3512 3301 enim

1874 3306 2149 3388 dogmata,
2181 3329 2288 3376 tam
2321 3322 2644 3391 praeclarum
2677 3325 2801 3380 vita:
2827 3327 3151 3396 institutum,
3199 3341 3514 3408 tantamque

1876 3407 2273 3481 philosophiam
2327 3415 2483 3470 nobis
2529 3416 2741 3481 afferet,
2794 3431 3053 3489 quantam
3103 3437 3201 3493 par
3245 3407 3507 3495 esteem,

1874 3503 1964 3572 qtti
1991 3519 2059 3558 ex
2087 3504 2357 3562 thesauris
2379 3505 2619 3577 Spiritus
2647 3509 2860 3576 ltausit;
2892 3512 2968 3585 ((1)
2993 3513 3020 3587 j
3041 3525 3313 3588 tamquam
3347 3523 3512 3577 modo

1873 3609 1938 3647 ex
1973 3596 2109 3649 caelo
2138 3596 2519 3667 descenderit;
2553 3601 2665 3656 imo
2706 3619 2884 3675 neque
2931 3620 3125 3663 omnes
3153 3611 3245 3681 qtti
3288 3613 3341 3666 itt
3376 3618 3513 3670 czelo

1872 3697 2028 3742 erant
2055 3687 2174 3746 haec
2201 3691 2425 3746 scivissc
2453 3693 2754 3752 verisimile
2784 3707 2903 3763 est,
2936 3700 3121 3770 utjam
3154 3703 3324 3779 dixi.]
3357 3707 3512 3762 lla-c-

1872 3779 2025 3844 cine,
2055 3797 2244 3852 quaeso
2265 3824 2280 3848 ,
2314 3785 2602 3853 piscatoris
2647 3791 2850 3845 erant?
2881 3806 2947 3847 an
2982 3782 3266 3852 thetoris?
3309 3816 3378 3855 au
3411 3811 3506 3857 so-

1874 3871 2071 3942 phistze
2118 3875 2202 3931 vel
2254 3876 2605 3950 philosophi?
2661 3899 2730 3936 an
2780 3885 3084 3957 cujuspiam
3139 3901 3372 3949 externa
3419 3896 3510 3950 illa

1874 3965 2064 4021 itnbttti
2108 3969 2416 4037 sapientia?
2459 3972 2831 4046 Nequaquam.
2861 3977 3048 4050 Neque
3071 3983 3221 4041 enim
3256 3987 3511 4044 humana:

1871 4062 2070 4114 montis
2099 4076 2324 4130 prorsus
2345 4073 2426 4119 est
2458 4064 2528 4120 de
2560 4067 2853 4124 immortali
2899 4071 2987 4125 illa
3024 4083 3079 4128 01
3127 4075 3283 4132 beata
3316 4089 3508 4136 natura

1873 4152 1944 4207 ita
1997 4153 2404 4226 philosophari.
2460 4176 2638 4232 neque
2683 4161 2753 4217 de
2804 4168 3167 4234 potestatibus
3217 4187 3340 4242 qua:
3388 4185 3512 4244 post

1873 4246 2017 4302 illaut
2053 4257 2215 4314 sunt,
2248 4251 2330 4306 vel
2365 4251 2433 4306 de
2469 4253 2881 4313 immortalitate
2921 4269 2975 4314 et
3017 4262 3123 4315 vita
3156 4275 3385 4331 'JBIL'I‘IHI,
3421 4272 3507 4323 vel

1871 4341 1940 4396 de
1986 4344 2306 4414 corporibus
2361 4348 2680 4406 mortalibus
2707 4393 2720 4416 ,
2777 4367 2900 4423 qua:
2946 4354 3271 4413 inunortalia
3314 4372 3505 4430 postea

1873 4433 2053 4492 futura
2103 4447 2259 4502 sunt,
2313 4439 2382 4496 de
2427 4442 2722 4514 supplicio,
2766 4445 2834 4502 de
2889 4433 3071 4505 futuro
3126 4451 3402 4520 tribunali,
3438 4456 3509 4511 de

1871 4529 2171 4585 rationibus
2223 4533 2505 4603 exigendis
2551 4550 2804 4606 operum,
2862 4541 3182 4613 verborum,
3221 4547 3512 4618 cogitatio—

1871 4638 2034 4688 num;
2069 4627 2209 4680 scire
2239 4628 2366 4696 qud
2412 4628 2482 4682 sit
2529 4628 2713 4696 homo,
2748 4633 2877 4702 quid
2913 4637 3182 4704 mundus;
3215 4641 3344 4710 quid
3380 4658 3507 4695 vere

1871 4713 2034 4769 homo
2066 4717 2136 4771 sit
2157 4759 2169 4781 ,
2204 4719 2334 4788 quid
2385 4720 2512 4775 illttd
2543 4723 2690 4790 quod
2721 4725 2935 4780 videtur
2963 4744 3085 4783 esse
3107 4772 3120 4796 ,
3167 4746 3290 4787 cum
3321 4743 3503 4791 tamen

1871 4822 1978 4861 non
2006 4809 2110 4874 sit;
2136 4811 2264 4880 quid
2298 4814 2557 4884 nequitia,
2588 4817 2717 4886 qttid
2755 4821 2946 4875 virtus.

1938 4901 1993 4956 2.
2034 4902 2344 4975 Philosophi
2369 4911 2566 4968 externi
2589 4927 2707 4964 cum
2730 4913 2937 4969 Joanne
2972 4921 3263 4987 comparati
3281 4965 3294 4984 ,
3326 4941 3498 4995 quatt-

1869 4996 1965 5049 tttli
1995 4998 2094 5051 sint
2127 4998 2584 5068 pretii.—llorum
2614 5006 2864 5074 quazdam
2900 5009 3053 5066 Plato
3080 5024 3133 5065 01
3164 5013 3498 5088 Pythagoras

1869 5089 2045 5145 rimati
2092 5103 2219 5148 sunt
2249 5112 2264 5147 ε
2290 5097 2473 5151 etctcri
2504 5114 2738 5171 namque
2781 5103 3090 5176 philosophi
3137 5126 3242 5164 non
3287 5129 3498 5168 mento-

1869 5185 2056 5249 randi;
2093 5187 2163 5242 ita
2214 5205 2412 5262 nempe
2456 5193 2664 5249 ridiculi
2721 5213 2913 5254 omnes
2954 5199 3196 5258 fuerunt.
3227 5206 3326 5271 Qui
3371 5224 3500 5261 vero

1866 5279 2005 5348 apud
2039 5282 2161 5337 illos
2188 5283 2492 5343 admirandi
2536 5298 2590 5345 et
2636 5291 2937 5362 disciplina:
2982 5297 3259 5369 principes
3294 5301 3500 5359 haben-

1869 5385 1974 5438 tur,
2008 5375 2062 5431 hi
2093 5380 2328 5435 maxime
2357 5391 2486 5438 sunt
2516 5402 2529 5439 :
2559 5386 2649 5454 qui
2684 5387 2754 5443 de
2782 5390 3060 5459 republica
3095 5406 3150 5448 et
3182 5395 3251 5451 tle
3289 5397 3497 5468 legibus

1864 5468 2110 5536 quietiam
2144 5474 2448 5543 scripsere,
2477 5486 2532 5533 et
2567 5488 2746 5536 tamen
2794 5482 2847 5538 111
2893 5474 3152 5544 omnibus
3185 5491 3303 5559 plus
3331 5509 3493 5555 quam
3534 5483 3545 5491 ’

1870 5712 1884 5719 η
1911 5644 2004 5722 (ρ)
2038 5656 2152 5705 Quae
2176 5652 2372 5722 micittis
2397 5655 2713 5722 clauduntur,
2741 5659 2953 5713 deerant
2979 5666 3027 5714 in
3066 5666 3213 5718 savii.
3243 5675 3294 5718 et
3320 5675 3489 5722 Mores.

1979 5723 2046 5784 ex.
2070 5724 2168 5784 uno
2191 5713 2371 5764 Codice
2389 5717 2648 5784 desumpta
2668 5707 3043 5778 1111111Ϊοίῖοὧ

1864 5774 2242 5855 iri-tino.
2269 5779 2411 5855 quod.
2423 5774 2596 5851 autem
2621 5785 2739 5834 dicit
2759 5774 3370 5855 (Z'ht'ysos—tont—usieaq‘ut'e

1865 5839 2509 5917 [at-quamuisevangelista
2533 5883 2545 5903 ,
2569 5860 2680 5917 _non
2717 5841 2950 5917 omnihtts
2982 5839 3489 5917 iattgﬁe‘lisnttdt—awa—htwe

1865 5896 2036 5957 ltttsso,
2057 5898 2162 5957 jam
2180 5896 2378 5954 dixerat
2396 5896 2543 5970 supra
2566 5910 2613 5957 in
2642 5896 2896 5963 Protendo.

3096 6003 3139 6044 (ι
