4164 6320
671 328 730 385 5|
1359 310 1417 364 S.
1460 303 1734 365 10.\.\'NIS
1771 292 2244 358 CHRYSOSTOMI
2286 286 2605 348 ARCHIEP.
2647 279 3188 340 CONSTA'NTINUP.
3897 274 3975 331 ξιξ

674 436 825 508 pueri
865 429 1069 488 ridiculi
1120 428 1283 481 habiti
1328 434 1455 477 sunt
1483 443 1495 476 :
1527 417 1669 490 quod
1722 414 1976 471 mulieres
2005 406 2270 508 omnibus

676 498 991 584 communes
1020 520 1243 576 fecerint
1264 558 1279 581 ,
1311 514 1472 567 vitam
1503 514 1674 582 ipsam
1729 519 1943 577 pessum
1986 498 2271 561 dederint,

677 631 730 675 ct
762 619 1020 673 honorem
1045 608 1297 667 connubii
1326 603 1666 672 tleturparint
1694 643 1708 666 ,
1739 600 1948 665 aliaque
1974 590 2275 663 hujusmodi

676 709 900 765 ridicule
930 704 1249 765 statuerint;
1282 709 1332 754 et
1376 698 1427 752 in
1474 697 1558 750 his
1599 702 1767 749 totum
1796 692 1916 743 vita:
1948 698 2158 754 tempus
2187 683 2271 735 in-

675 795 1026 866 sumpserim.
1056 792 1132 847 De
1160 790 1337 845 anima
1378 801 1508 841 vero
1548 784 1847 839 doctrinam
1894 776 2135 831 omnium
2162 783 2313 837 tur-,

674 889 951 958 pissimam
980 892 1305 945 statuerunt,
1332 880 1462 935 dum
1485 878 1693 932 animas
1720 872 2019 933 hominum,
2040 881 2275 931 muscas,

676 980 882 1035 culices
905 1019 918 1038 .
954 977 1169 1030 frutices
1200 972 1336 1037 fieri,
1365 971 1637 1038 Deumque
1678 968 1849 1036 ipsum
1889 962 2120 1016 animam
2160 972 2281 1012 esse

678 1072 960 1133 dicerent;
990 1076 1043 1120 ct
1070 1066 1171 1119 alia
1199 1061 1442 1134 quaedam
1474 1059 1779 1129 turpissima
1812 1059 2136 1109 assererent.
2168 1048 2281 1103 Nec

679 1176 742 1216 ea
773 1161 944 1215 Solum
973 1156 1040 1211 de
1060 1169 1218 1209 causa
1249 1149 1497 1221 culpandi
1525 1169 1537 1206 :
1564 1147 1657 1204 sed
1679 1157 1734 1203 et
1758 1160 1983 1216 magnus
2025 1151 2110 1197 est
2153 1140 2281 1210 ipsis

680 1254 965 1308 verborum
1012 1247 1271 1317 Euripus.
1297 1241 1760 1311 Quemadmodum
1790 1239 1934 1294 enim
1978 1237 2031 1290 in
2083 1234 2283 1302 Euripo

684 1344 788 1398 huc
818 1342 943 1396 illuc
965 1338 1171 1409 jactati,
1197 1337 1275 1391 sic
1301 1348 1591 1404 numquam
1614 1333 1665 1387 in
1699 1329 1888 1385 iisdem
1912 1327 2279 1398 perstiterunt,

682 1442 867 1505 utpote
895 1431 984 1501 qui
1008 1446 1069 1484 ex
1102 1431 1302 1483 incerta
1324 1435 1378 1481 et
1400 1425 1541 1480 fluxa
1567 1430 1747 1479 mente
1776 1424 2142 1489 loquerentur.
2180 1415 2283 1470 Ve-

682 1538 800 1576 rtnn
834 1536 939 1574 non
970 1522 1037 1574 ita
1064 1519 1297 1589 piscator
1328 1518 1432 1580 hic,
1457 1515 1545 1584 qui
1575 1514 1753 1568 omnia
1781 1521 1927 1567 certa
1953 1508 2279 1580 pronuntiat,

684 1624 737 1668 ct
766 1614 915 1683 quasi
950 1614 1000 1666 in
1044 1620 1188 1679 petra
1217 1620 1385 1669 stans.
1419 1622 1709 1676 numquam
1738 1605 1946 1659 titubat.
1975 1601 2105 1657 Cum
2138 1600 2281 1655 enim

688 1708 739 1760 in
770 1708 880 1775 ipsa
910 1704 1065 1773 adyta
1096 1703 1273 1756 induci
1296 1701 1545 1772 dignatus
1568 1700 1660 1763 sit,
1683 1708 1737 1753 et
1769 1699 1940 1768 ipsum
1967 1696 2160 1749 habeat
2184 1695 2286 1747 Do-

686 1799 889 1851 minum
920 1798 970 1849 in
1013 1811 1069 1849 se
1100 1795 1425 1864 loquentem.
1459 1792 1587 1845 nihil
1619 1790 1907 1843 humanum
1938 1802 2126 1857 passus
2166 1795 2282 1850 est;

684 1901 739 1942 at
784 1890 859 1942 illi
907 1888 1044 1941 haud
1073 1902 1229 1942 secus
1268 1901 1425 1953 quam
1459 1885 1491 1938 ii
1524 1884 1610 1953 qui
1644 1899 1710 1935 ne
1745 1897 1839 1951 per
1865 1880 2133 1933 somnium
2163 1877 2286 1947 qui-

685 1981 807 2033 dem
857 1981 907 2033 in
953 1979 1152 2048 regiam
1182 1976 1401 2029 admissi
1443 1985 1561 2028 sunt
1589 2018 1603 2036 ,
1630 1974 1722 2027 sed
1754 1974 1804 2025 in
1853 1970 1969 2026 foro
1999 1985 2121 2024 cum
2168 1969 2293 2024 aliis

688 2072 995 2142 permixtim
1057 2069 1361 2121 hominibus
1417 2062 1899 2128 versantur,“dum
1946 2078 2013 2116 ex
2074 2060 2287 2129 propria

685 2173 864 2220 mente
909 2162 977 2218 de
1018 2162 1372 2216 iuvisibilibus
1402 2161 1767 2227 coniectarent
1788 2198 1801 2222 ,
1838 2157 1889 2211 in
1920 2170 2164 2210 summos
2193 2169 2284 2208 er-

689 2270 839 2310 rores
866 2254 1188 2319 inciderunt,
1216 2254 1283 2307 de
1314 2250 1671 2307 inell’abilibus
1692 2251 1962 2305 disserere
1986 2248 2222 2319 aggressi
2247 2248 2286 2312 ί,

690 2358 747 2402 et
775 2348 927 2418 quasi
950 2346 1077 2401 creci
1102 2346 1183 2400 vel
1209 2344 1346 2399 ebrii
1373 2346 1425 2397 in
1449 2345 1563 2411 ipso
1592 2357 1777 2397 errore
1802 2352 1993 2396 contra
2021 2355 2081 2395 se
2107 2328 2291 2393 mutuo

688 2439 1064 2506 impegeruut:
1100 2449 1199 2489 nec
1226 2444 1411 2488 mutuo
1438 2443 1641 2488 tautmn
1668 2432 1757 2486 alii
1786 2441 1971 2485 contra
1998 2431 2132 2485 alios
2155 2470 2171 2496 ,
2194 2428 2289 2484 sed

688 2530 850 2586 etiam
879 2541 1061 2584 secum
1093 2526 1160 2583 de
1189 2524 1375 2584 iisdem
1407 2524 1569 2584 rebus
1595 2538 1810 2594 semper
1836 2532 2093 2593 pugnant.
2127 2522 2288 2591 Atqui

695 2623 781 2677 hic
811 2622 1094 2677 illiteratus
1117 2663 1131 2689 ,
1164 2622 1313 2675 rudis
1338 2663 1351 2685 ,
1381 2635 1448 2676 ex
1485 2619 1800 2680 Bethsaida,
1828 2611 2075 2669 Zebedaei
2108 2611 2249 2666 filius
2274 2630 2288 2678 ;

692 2712 794 2767 etsi
823 2712 996 2768 Grtcci
1026 2712 1306 2765 nominum
1336 2710 1682 2779 asperitatem
1717 2706 2005 2762 admodum
2038 2706 2286 2770 rideant,

693 2805 861 2860 nihilo
888 2812 1063 2859 tamen
1092 2805 1322 2870 minore,
1353 2803 1463 2857 imo
1487 2802 1690 2871 majore
1717 2800 1906 2856 fiducia
1925 2801 2035 2871 jam
2058 2799 2246 2868 loquar
2274 2816 2287 2850 :

692 2903 895 2966 quanto
917 2897 1061 2950 enim
1090 2895 1259 2964 magis
1284 2894 1509 2948 barbara
1536 2893 1665 2962 ipsis
1688 2892 1899 2947 videtur
1926 2891 2071 2946 natio
2102 2889 2214 2954 illa,
2239 2898 2294 2945 et

692 3001 721 3039 a
752 2985 942 3041 Grmco
972 2985 1216 3039 instituto
1259 2986 1432 3039 aliena
1458 3026 1473 3050 ,
1503 2994 1651 3039 tanto
1701 2984 2064 3055 splendidiora
2110 2993 2295 3037 nostra

696 3078 1041 3135 videbuntur.
1071 3076 1203 3131 Cum
1251 3078 1395 3132 enim
1438 3077 1697 3131 barbarus
1745 3086 1801 3131 et
1844 3076 2090 3131 indoctus
2118 3091 2182 3131 ea
2212 3075 2295 3129 lo-

695 3181 909 3239 quatur,
951 3184 1068 3238 quae
1097 3169 1275 3222 nullus
1301 3168 1575 3221 hominum
1620 3184 1876 3237 umquam
1907 3177 2167 3233 noverat;
2199 3180 2298 3221 nec

698 3265 944 3333 loquatur
975 3262 1155 3326 modo,
1186 3262 1278 3316 sed
1311 3263 1471 3316 etiam
1513 3261 1738 3317 suadeat
1789 3262 1952 3332 (quod
1981 3263 2025 3317 si
2055 3260 2182 3316 illud
2210 3275 2298 3316 so-

698 3356 802 3408 hnu
827 3363 990 3420 esset,
1025 3368 1274 3421 magnum
1306 3354 1446 3407 foret
1474 3353 1826 3419 miraculum;
1851 3367 1993 3407 nunc
2015 3368 2143 3408 vero
2171 3368 2300 3423 prte-

700 3456 782 3501 ter
812 3446 931 3510 hoc,
964 3446 1124 3501 etiam
1153 3446 1295 3500 aliud
1324 3447 1496 3517 majus
1526 3447 1903 3515 suppeditetur
1923 3457 2297 3519 argumentum

699 3537 839 3607 quod
887 3554 946 3592 ea
989 3555 1109 3609 qua;
1137 3538 1389 3593 dicuntur
1418 3538 1676 3603 divinitus
1706 3540 1962 3610 inSplrata
2004 3542 2141 3607 sint,
2176 3541 2298 3611 quia

703 3648 895 3703 nempe
922 3632 1256 3688 auditoribus
1290 3633 1541 3686 omnibus
1580 3648 1797 3703 semper
1816 3635 2117 3689 doctrinam
2147 3651 2300 3691 suam

704 3726 1142 3795 persuaserint);
1172 3728 1293 3795 quis
1321 3726 1704 3783 immancntem
1738 3729 1789 3781 in
1820 3742 1886 3783 eo
1914 3729 2166 3784 virtutem
2195 3745 2303 3784 non

705 3816 1026 3870 mirabitur?
1071 3815 1203 3870 Illud
1248 3818 1426 3880 enim,
1459 3827 1516 3870 ut
1542 3817 1653 3886 jam
1698 3817 1843 3884 dixi,
1875 3820 2112 3875 maximo
2153 3822 2305 3891 signo

693 3918 807 3971 est,
835 3907 1007 3976 ipsum
1036 3922 1140 3961 non
1163 3923 1227 3961 ex
1255 3908 1435 3976 seipso
1463 3907 1762 3963 doctrinam
1789 3919 1843 3965 et
1866 3910 2012 3979 leges
2040 3909 2303 3981 proferre.

708 3998 804 4051 llic
832 3999 1011 4069 itaque
1054 3997 1312 4053 barbarus
1343 3999 1623 4068 evangelio
1659 4014 1759 4053 suo
1805 4001 2114 4055 universum
2153 4016 2304 4056 com-

693 4086 989 4159 prehendit
1037 4098 1263 4153 ornem,
1310 4102 1541 4158 corpore
1594 4097 1775 4143 autem
1847 4090 2081 4145 mediam
2137 4092 2308 4146 tenuit

707 4182 889 4235 Asiam
910 4223 926 4244 ,
955 4179 1043 4235 ubi
1071 4182 1198 4235 olim
1228 4180 1744 4252 philosophabamur
1773 4198 1963 4238 omnes
1992 4183 2197 4239 Graecae
2224 4184 2309 4238 di-

711 4273 951 4341 sciplina:
980 4270 1261 4335 homines;
1292 4271 1523 4342 hincque
1556 4273 1892 4329 daemonibus
1929 4284 2014 4329 est
2058 4275 2312 4331 formida-

714 4360 838 4415 bilis
862 4363 908 4427 ³,
932 4361 1075 4431 quod
1110 4360 1161 4415 in
1192 4362 1423 4418 hostium
1455 4363 1633 4418 medio
1660 4363 1879 4436 fulgeat,
1910 4367 2125 4421 illorum
2173 4367 2309 4424 cali-

712 4454 887 4519 ginem
914 4454 1233 4525 exstinguat,
1255 4454 1666 4527 daemonumque
1688 4470 1867 4514 arcem
1890 4458 2066 4515 diruat
2097 4479 2110 4514 :
2134 4462 2311 4516 anima

710 4554 893 4597 autem
923 4545 973 4598 in
1003 4561 1123 4600 eum
1156 4549 1377 4601 secessit
1404 4549 1599 4615 locum,
1630 4550 1718 4620 qui
1748 4552 1871 4605 talia
1898 4555 2141 4624 operanti
2164 4570 2314 4609 com-

712 4644 940 4702 peteret.
966 4636 1043 4690 Ac
1087 4635 1393 4691 Graecorum
1438 4639 1653 4707 quidem
1700 4642 1983 4711 npiniones
2035 4646 2313 4699 exstinctm

714 4726 1014 4795 tleletreque
1054 4738 1176 4780 sunt
1204 4744 1218 4791 ;
1253 4728 1412 4797 hujus
1440 4746 1565 4784 veru
1596 4747 1683 4787 res
1709 4734 1950 4803 quotidie
1980 4736 2313 4804 splendidio-

719 4833 803 4871 res
830 4818 1081 4871 evadunt.
1113 4818 1191 4872 Ex
1236 4834 1343 4889 quo
1373 4820 1516 4875 enim
1556 4824 1640 4877 hic
1685 4833 1741 4892 et
1789 4825 1979 4895 reliqui
2018 4827 2316 4897 piseatores

718 4910 974 4973 fuerunt,
1034 4909 1347 4979 Pythagora:
1398 4912 1742 4985 Platenisqne
1809 4916 2145 4987 disciplinam
2197 4936 2316 4989 qua:

718 4999 867 5069 prius
889 4999 1135 5054 obtinere
1159 5000 1495 5068 videbantur,
1539 5005 1753 5060 silentio
1781 5009 1960 5063 missa:
1985 5021 2132 5076 sunt,
2161 5026 2225 5066 ac
2251 5027 2317 5068 nc

720 5093 935 5147 nomine
967 5092 1184 5162 quidem
1214 5093 1335 5148 illos
1357 5105 1552 5150 norunt
1583 5098 1841 5168 plerique.
1868 5102 2028 5171 Atqui
2058 5102 2208 5157 Plato
2239 5114 2318 5175 ty-

722 5199 923 5238 rannos
951 5184 1083 5239 adiit
1111 5186 1334 5251 accitus,
1367 5196 1425 5241 ut
1452 5188 1620 5256 aiunt,
1646 5192 1849 5248 amicos
1882 5194 2069 5253 habuit
2100 5197 2314 5264 multos,

719 5285 875 5346 atque
903 5277 955 5330 in
977 5276 1210 5333 Siciliam
1236 5280 1502 5351 navigavit
1529 5298 1542 5337 :
1566 5282 1898 5357 Pythagoras
1921 5304 2048 5344 vero
2071 5306 2315 5362 magnam

756 5472 799 5541 ,ι
838 5471 1047 5546 timenda
1071 5471 1386 5546 nte/rabilith
1410 5478 1909 5546 disserere_aggressi,
1937 5485 2101 5546 posuit
2126 5488 2172 5534 in
2196 5493 2315 5537 star-

718 5533 835 5642 rine
858 5533 1223 5605 sat'ilius,.li§ct
1245 5538 1295 5587 in
1314 5538 1498 5611 aliquot
1518 5549 1626 5614 ayss.
1651 5533 1950 5606 habeantur;
1959 5533 2169 5610 quorum
2192 5533 2317 5601 unus

741 5602 841 5642 emt
868 5595 1200 5642 mutabilibus-
1231 5612 1333 5642 nm-
1360 5602 1697 5642 mpn‘ammm-

741 5595 841 5656 egit
868 5595 1200 5659 int't'sibilibus,
1231 5612 1335 5663 pro,
1360 5595 1698 5665 irieﬂ‘abilt'bus.

725 5680 1187 5793 ληῖςιὲξξῖιέιιίῖισᾳυε
1211 5682 1506 5738 clamoribus
1528 5693 1599 5739 est
1622 5689 1962 5756 formidabilis,
2001 5694 2050 5744 in
2070 5694 2233 5757 Savil.,
2266 5705 2319 5746 (ιι

2384 402 2570 459 adiens
2583 398 2867 463 Graeciam,
2882 395 3179 467 praestigias
3200 391 3403 447 induxit
3422 389 3837 460 innumeras(a);
3859 404 3982 445 nam

2384 493 2525 563 quod
2572 505 2695 543 cum
2743 486 2915 542 bobus
2966 482 3399 555 loqueretur(id
3449 480 3593 535 enim
3624 482 3692 536 tle
3734 481 3825 536 illo
3855 495 3983 536 nar-

2386 586 2611 653 ratur),
2662 597 2769 636 non
2826 581 2928 634 nisi
2989 578 3194 648 magica
3261 584 3379 630 arte
3440 576 3683 645 praestari
3752 585 3981 645 poterat.

2386 676 2631 745 llincque
2654 673 2885 728 maxime
2917 671 3092 742 palatii
3119 678 3223 734 est,
3257 666 3398 738 quod
3429 667 3477 721 is
3505 668 3594 737 qui
3624 668 3781 722 bruta
3807 668 3885 723 sic
3905 668 3985 721 als

2350 824 2351 827 η
2388 768 2728 838 loquebatur,
2759 763 2891 819 nihil
2919 761 3163 816 utilitatis
3190 758 3497 814 hominibus
3526 766 3845 827 praestaret,
3880 759 3991 812 imo

2388 862 2518 930 ipsis
2563 859 2787 913 multant
2831 864 3071 911 noceret.
3110 854 3273 909 Certe
3300 853 3474 923 aptior
3497 851 3564 905 ad
3594 850 3989 922 philosophiam

2387 962 2503 1006 erat
2533 951 2807 1003 hominum
2855 959 3044 1003 natura
3080 965 3093 1001 :
3123 956 3360 1002 attamen
3407 945 3495 999 ille
3537 958 3660 999 cum
3697 943 3891 1013 aquilis
3936 954 3992 997 ct

2388 1044 2579 1108 bobus,
2611 1054 2667 1096 ut
2696 1042 2881 1106 aiunt,
2916 1056 3015 1111 per
3046 1039 3345 1110 praestigias
3378 1038 3717 1108 loquebatur.
3740 1036 3856 1091 Non
3898 1036 3993 1091 ille

2390 1138 2612 1192 rationis
2658 1145 2935 1203 expertem
2984 1144 3229 1189 naturam
3279 1132 3601 1188 rationalem
3654 1131 3885 1197 effecit;
3940 1130 3991 1186 id

2389 1228 2532 1299 quod
2574 1227 2740 1281 homo
2777 1241 2882 1281 non
2916 1234 3091 1296 potest
3124 1244 3137 1279 :
3175 1224 3268 1279 sed
3313 1224 3599 1294 prtestigiis
3625 1223 3818 1278 stultos
3846 1223 3993 1278 deci-

2390 1321 2588 1388 piebat.
2620 1318 2738 1374 Non
2788 1319 2903 1372 utili
2948 1318 3193 1373 doctrina
3230 1316 3477 1371 homines
3513 1314 3863 1380 instituebat;
3896 1315 3994 1370 sed

2389 1412 2616 1466 docebat
2661 1413 2804 1467 idem
2856 1427 2976 1468 esse
3026 1410 3174 1465 fabas
3215 1409 3377 1465 edere
3407 1418 3464 1464 et
3488 1420 3769 1479 parentum
3820 1410 3994 1478 capita

2386 1503 2651 1558 devorare
2677 1520 2691 1569 ;
2720 1502 3163 1573 auditoribusque
3206 1500 3566 1571 persuadebat
3588 1544 3601 1567 ,
3631 1502 3872 1557 doctoris
3912 1504 3995 1556 sui

2391 1594 2625 1647 animam
2654 1635 2670 1659 ,
2700 1593 2859 1649 modo
2904 1594 3149 1648 fruticem
3177 1635 3192 1657 ,
3223 1592 3384 1647 modo
3429 1592 3660 1663 puellam
3681 1634 3695 1659 ,
3731 1592 3890 1648 modo
3919 1594 3999 1663 pi-

2385 1700 2537 1741 scem
2570 1686 2732 1741 cflici.
2766 1688 2959 1741 Annon
2985 1686 3106 1756 jure
3150 1686 3235 1740 illa
3261 1686 3524 1741 exstincta
3554 1687 3768 1754 penitus
3792 1687 4001 1742 delcta-

2392 1794 2497 1851 que
2525 1780 2876 1835 sunt?Certe
2898 1781 3021 1849 jure
3049 1794 3113 1833 ac
3142 1780 3335 1834 merito
3354 1820 3368 1844 ,
3402 1788 3461 1833 ut
3500 1779 3639 1835 ratio
3669 1781 3998 1850 postulabat.

2394 1873 2465 1925 At
2487 1887 2591 1925 non
2620 1872 2698 1926 sic
2720 1871 2805 1925 illa
2832 1886 2952 1940 quae
2974 1870 3039 1925 ad
3068 1870 3253 1924 rudem
3286 1871 3434 1924 illum
3459 1878 3515 1926 ct
3540 1871 3850 1927 illiteratum
3881 1885 4002 1941 per-

2397 1964 2603 2019 tinent:
2637 1980 2822 2019 verum
2867 1962 2990 2034 Syri
3017 2006 3029 2025 ,
3058 1961 3295 2034 Egyptii
3316 2004 3331 2027 ,
3364 1963 3508 2028 Indi,
3544 1964 3753 2032 Persa),
3788 1965 4005 2020 Ethice

2398 2072 2512 2126 pes,
2545 2057 2949 2126 iunumermque
2975 2057 3093 2110 alia:
3115 2064 3326 2126 gentes,
3352 2056 3603 2126 dogmata
3632 2056 3700 2110 ab
3721 2057 3813 2111 illo
3846 2057 4006 2112 indu-

2398 2160 2483 2202 cta
2534 2149 2584 2202 in
2640 2150 2873 2218 linguam
2928 2164 3080 2205 suam
3132 2148 3564 2216 transferentes,
3608 2149 3830 2205 {barbari
3879 2150 4004 2208 licet

2396 2252 2599 2307 essent,
2633 2241 3001 2313 philostiphari
3030 2242 3354 2297 didicerunt.
3730 2284 3731 2287 η
3872 2284 3877 2289 .
3902 2306 3905 2309 _

2469 2333 2522 2387 '5.
2566 2333 2680 2388 Non
2712 2348 2842 2405 ergo
2872 2334 3069 2389 frustra
3099 2333 3344 2389 dicebam
3365 2376 3381 2401 ,
3415 2343 3583 2388 totum
3626 2334 3812 2391 orbem
3845 2337 4003 2393 thea-

2400 2435 2537 2481 trum
2586 2426 2687 2495 ipsi
2730 2426 2913 2482 fuisse.
2942 2426 3127 2497 Neque
3164 2427 3310 2482 enim
3348 2427 3532 2482 missis
3572 2430 4003 2499 congeneribus,

2399 2535 2590 2573 vanam
2620 2520 2791 2575 brutis
2830 2519 3170 2575 instituendis
3197 2535 3417 2589 operam
3450 2520 3715 2591 ponebat;
3744 2521 3886 2593 quod
3914 2537 4009 2576 su-

2405 2625 2799 2682 pervacaneum
2852 2610 3085 2665 studium
3128 2620 3185 2666 et
3222 2612 3410 2682 ingens
3439 2612 3745 2682 insipientia
3775 2613 4004 2680 fuisset;

2400 2703 2493 2759 sed
2545 2712 2601 2758 et
2646 2703 2806 2772 hujus
2841 2713 2904 2757 et
2944 2703 3174 2757 aliorum
3223 2718 3419 2774 expers
3448 2704 3720 2771 vitiorum,
3755 2704 3807 2760 id
3839 2723 4008 2763 unum

2400 2798 2721 2861 curabat,ut
2748 2804 2893 2849 totus
2921 2796 3071 2851 orbis
3100 2795 3227 2851 utile
3253 2796 3523 2867 quidpiam
3546 2796 3831 2865 edisceret,
3860 2801 4009 2870 quod

2402 2897 2585 2959 posset
2611 2887 2755 2941 illum
2783 2903 2813 2940 a
2838 2896 2978 2942 terra
3005 2888 3063 2942 in
3080 2888 3275 2943 caelum
3303 2888 3619 2944 transferre.
3644 2889 3876 2962 Ideoque
3898 2910 4010 2950 non

2403 2981 2634 3051 caligine
2659 2989 2715 3035 et
2740 2980 2977 3035 tenebris
3005 2980 3307 3037 doctrinam
3347 2997 3497 3037 suam
3531 2983 3789 3052 involvit,
3816 2996 3873 3042 ut
3906 2988 4008 3055 illi,

2403 3072 2493 3143 qui
2550 3087 2729 3141 prava:
2772 3071 3032 3127 doctrina:
3085 3088 3198 3127 sua:
3250 3074 3634 3129 obscuritatem
3688 3092 3788 3132 ceu
3829 3079 4012 3135 velum

2403 3164 2691 3234 quodpiam
2718 3164 3118 3229 obtendebant;
3149 3165 3244 3221 sed
3278 3166 3440 3237 hujus
3469 3168 3719 3239 dogmata
3754 3181 3879 3226 sunt
3919 3189 4015 3229 ra-

2403 3257 2507 3311 diis
2546 3257 2813 3312 solaribus
2869 3258 3097 3313 clariora
3140 3277 3151 3312 :
3201 3260 3321 3315 ideo
3370 3262 3620 3317 omnibus
3673 3280 3766 3334 per
3821 3266 4015 3323 orbem

2404 3348 2714 3405 hominibus
2746 3353 3005 3421 patefacta
3035 3363 3179 3409 sunt.
3216 3353 3334 3409 Non
3376 3357 3520 3411 enim
3558 3358 3797 3429 quinque
3841 3375 4019 3418 annos

2406 3456 2526 3496 rum
2550 3442 2825 3523 silentium
2844 3443 3224 3500 accedentibus
3247 3447 3563 3516 imperabat,
3588 3461 3644 3503 ut
3664 3450 3785 3519 ille;
3815 3468 3916 3509 nec
3938 3456 4021 3513 sic

2407 3532 2670 3602 docebat,
2696 3548 2751 3592 ut
2784 3538 3183 3592 insensibilibus
3213 3540 3477 3610 lapidibus
3510 3544 3805 3612 assideret;
3840 3564 4021 3619 neque

2408 3632 2650 3684 ntuneris
2676 3632 2855 3684 omnia
2878 3632 3089 3686 definiri
3117 3632 3489 3689 fabulabatur:
3514 3638 3608 3692 sed
3638 3638 3843 3703 abiecta
3866 3645 4019 3699 omni

2410 3720 2719 3790 hujusmudi
2753 3723 2956 3792 ingrata
2986 3723 3231 3780 doctrina
3258 3736 3312 3781 et
3342 3729 3578 3795 pernicie
3608 3734 3866 3801 satanica,
3900 3746 4025 3793 tan-

2413 3821 2520 3865 tam
2545 3812 2720 3867 verbis
2747 3814 3031 3869 admiscuit
3055 3814 3380 3881 facilitatem,
3409 3830 3462 3873 ut
3487 3837 3591 3876 non
3622 3824 3782 3880 modo
3808 3828 3938 3883 viris
3967 3841 4026 3886 et

2413 3903 2741 3972 sapientibus
2762 3945 2779 3969 ,
2810 3904 2903 3959 sed
2930 3907 3091 3961 etiam
3124 3908 3453 3965 mulierculis
3487 3922 3538 3966 et
3587 3913 4025 3976 adolest-eutihus

2412 3995 2550 4049 dicta
2580 3995 2756 4049 omnia
2785 3999 3067 4067 perspicua
3097 3989 3299 4056 essent.
3332 4001 3420 4055 Illa
3452 4004 3597 4058 enim
3628 4021 3751 4061 vera
3790 4020 3841 4063 et
3870 4012 4024 4067 utilia

2413 4085 2699 4153 audituris,
2721 4102 2843 4141 esse
2855 4090 3195 4145 confirmavit
3220 4101 3412 4159 totum,
3441 4094 3585 4165 quod
3610 4109 3790 4167 postea
3820 4116 4027 4173 sequu-

2418 4187 2528 4233 tum
2558 4192 2662 4247 est,
2688 4189 2899 4251 tempus
2927 4199 2939 4235 :
2970 4199 3093 4237 nam
3124 4194 3293 4239 totum
3326 4186 3391 4241 ad
3425 4203 3483 4242 se
3516 4195 3776 4258 pertraxit
3806 4196 4024 4265 urbem,

2417 4277 2472 4324 et
2497 4270 2566 4324 ab
2594 4272 2739 4326 omni
2779 4273 2951 4328 aliena
2986 4277 3242 4346 tragcedia
3272 4279 3435 4333 vitam
3465 4291 3707 4339 nostram
3735 4284 4026 4357 liberavit,

2418 4376 2700 4435 postquam
2726 4366 2841 4421 haec
2862 4368 3040 4423 audita
3072 4369 3241 4425 fuere.
3259 4373 3599 4445 Quapropter
3622 4387 3884 4450 quotquot
3906 4380 4031 4440 haec

2417 4455 2665 4511 audimus
2704 4459 2937 4513 animam
2964 4459 3242 4517 effundere
3271 4475 3521 4533 Optamus
3556 4470 3767 4538 potius,
3800 4487 3961 4542 quam
3996 4491 4028 4531 a

2418 4549 2759 4618 dogmatibus
2788 4553 2856 4607 ab
2898 4555 2989 4608 illo
3039 4556 3249 4612 traditis
3275 4558 3616 4617 absistamus.
3650 4564 3785 4620 Hinc
3812 4569 3945 4639 ergo
3976 4581 4032 4627 et

2420 4646 2565 4697 omni
2594 4661 2660 4699 ex
2685 4657 2838 4715 parte
2863 4647 3051 4717 liquet,
3082 4651 3219 4705 nihil
3248 4649 3538 4710 humanum
3568 4658 3636 4711 ab
3658 4659 3796 4728 ipso,
3829 4662 3925 4717 sed
3955 4663 4035 4719 di-

2422 4739 2541 4792 vina
2572 4749 2624 4794 et
2656 4742 2887 4796 cst-lestia
2916 4758 3038 4800 esse
3064 4746 3311 4815 dogmata
3338 4791 3352 4814 ,
3379 4766 3497 4821 qua:
3522 4767 3551 4806 a
3578 4753 3757 4810 divina
3795 4755 3883 4811 illa
3912 4758 4034 4812 ani-

2422 4845 2507 4883 ma
2537 4830 2603 4884 ad
2632 4847 2728 4887 nos
2757 4848 3135 4902 pervenerunt.
3180 4839 3362 4911 Neque
3390 4845 3534 4899 enim
3562 4847 3847 4905 verborum
3882 4860 4029 4907 stre-

2424 4925 2614 4992 pittun,
2647 4941 2753 4979 non
2779 4926 3033 4983 dictionis
3076 4929 3279 4998 fucum,
3316 4950 3489 5007 neque
3534 4940 3809 4996 nominum
3832 4944 4035 4999 verbo-

2425 5033 2653 5087 rumque
2695 5031 2943 5075 ornatum
2989 5035 3043 5078 et
3087 5027 3536 5095 compositionem
3578 5034 3904 5103 superfluam
3941 5042 4031 5092 vel

2426 5110 2670 5165 inutilem
2704 5111 3003 5170 videbimus
3030 5115 3171 5186 (hinc
3198 5120 3398 5190 quippe
3422 5124 3605 5192 procul
3633 5137 3755 5181 sunt
3780 5126 3847 5179 ab
3877 5131 4034 5185 omni

2425 5201 2821 5275 philosOphia);
2853 5206 2947 5262 sed
2981 5209 3085 5261 vim
3117 5210 3368 5266 invictam
3402 5222 3457 5268 et
3481 5216 3736 5281 divinam,
3771 5228 3826 5272 et
3852 5232 4036 5278 recto-

2427 5308 2545 5347 rum
2592 5294 2899 5364 dogmatum
2948 5300 3265 5358 immensam
3317 5305 3611 5375 virtutem,
3660 5310 4033 5371 innumerabi-

2490 5408 2577 5481 (a)_
2611 5416 2678 5481 De
2703 5410 2909 5463 Platonis
2927 5416 2975 5463 in
3000 5415 3203 5481 siciliam
3248 5418 3454 5481 appulsu
3496 5423 3636 5472 multi
3676 5434 4024 5479 amaverunt.

2535 5467 2835 5551 "fit‘ltagorze
2868 5489 2987 5549 cum
3025 5479 3194 5551 bobus
3218 5467 3470 5551 ρι’έαίιίὶῇ
3493 5467 3753 5551 66116466"
3765 5467 4034 5551 faniam;

2427 5544 2523 5612 me
2535 5530 2963 5612 l‘e'gere'memiui;
2991 5542 3080 5612 nisi
3104 5539 3232 5612 forte
3252 5530 3583 5612 referatur'a—d
3596 5530 4036 5612 Hannibal;

2427 5602 2845 5678 gnenes‘liae'qtius
2882 5602 2932 5678 in
2959 5602 3196 5678 priuetpio
3218 5606 3334 5677 yitte
3360 5607 3661 5678 Pythagorae,
3679 5602 3895 5661 'antmam
3922 5616 4035 5678 ejus

2430 5617 2589 5666 genes
2630 5617 2843 5648 ωυιίιιιδ
2884 5617 2932 5650 ιη
2959 5617 3196 5714 prmeqno
3218 5617 3334 5677 ytue
3360 5617 3661 5671 Pythagorae,
3687 5625 3895 5661 animam
3922 5617 4034 5678 ejus

2430 5670 2478 5733 in
2502 5670 2626 5733 quas
2648 5658 2803 5733 vellet
2824 5662 3030 5713 arbores
3050 5678 3110 5713 ve
3152 5676 3428 5733 animantes
3451 5674 3825 5733 commigrasse:
3845 5685 4034 5727 caetera

2427 5720 2635 5831 .dc
2676 5722 2939 5788 Pythagora
2962 5736 3241 5792 sequuntur
3258 5766 3273 5792 ,
3302 5730 3411 5783 vide
3435 5733 3564 5797 apud
3586 5720 4034 5800 amicitiae}:
