  <div class='ocr_page' id='page_1' title='image "/cluster/home/n/w/nwhite01/storage/ocr_20150623/59/pst.000005712595/032.png"; bbox 0 0 4164 6320; ppageno 0'>
   <div class='ocr_carea' id='block_1_1' title="bbox 296 294 3649 379">
    <p class='ocr_par' dir='ltr' id='par_1_1' title="bbox 296 294 3649 379">
     <span class='ocr_line' id='line_1_1' title="bbox 296 294 3649 379; baseline 0.003 -28"><span class='ocrx_word' id='word_1_1' title='bbox 296 298 370 357; x_wconf 69' lang='lat'><strong>7.5</strong></span> <span class='ocrx_word' id='word_1_2' title='bbox 1457 294 1527 352; x_wconf 75' lang='grc' dir='ltr'><strong>ΙΝ</strong></span> <span class='ocrx_word' id='word_1_3' title='bbox 1563 296 1884 355; x_wconf 74' lang='lat' dir='ltr'><strong>JOANNEM</strong></span> <span class='ocrx_word' id='word_1_4' title='bbox 1928 297 2162 357; x_wconf 73' lang='lat' dir='ltr'><strong>BOMIL.</strong></span> <span class='ocrx_word' id='word_1_5' title='bbox 2206 301 2273 357; x_wconf 90' lang='lat' dir='ltr'><strong>ll.</strong></span> <span class='ocrx_word' id='word_1_6' title='bbox 2314 304 2386 360; x_wconf 78' lang='lat' dir='ltr'><strong>al.</strong></span> <span class='ocrx_word' id='word_1_7' title='bbox 2427 304 2466 359; x_wconf 86' lang='lat' dir='ltr'><strong>l.</strong></span> <span class='ocrx_word' id='word_1_8' title='bbox 3577 319 3649 379; x_wconf 65' lang='grc' dir='ltr'><strong>η</strong></span> 
     </span>
    </p>
   </div>
   <div class='ocr_carea' id='block_1_2' title="bbox 298 409 1913 484">
    <p class='ocr_par' dir='ltr' id='par_1_2' title="bbox 298 409 1913 484">
     <span class='ocr_line' id='line_1_2' title="bbox 298 409 1913 484; baseline 0 -15"><span class='ocrx_word' id='word_1_9' title='bbox 298 414 536 483; x_wconf 77' lang='lat' dir='ltr'><strong>linuique</strong></span> <span class='ocrx_word' id='word_1_10' title='bbox 566 411 840 468; x_wconf 87' lang='lat' dir='ltr'><strong>bonorum</strong></span> <span class='ocrx_word' id='word_1_11' title='bbox 885 411 1245 484; x_wconf 72' lang='lat' dir='ltr'><strong>largitionem.</strong></span> <span class='ocrx_word' id='word_1_12' title='bbox 1276 409 1411 466; x_wconf 84' lang='lat' dir='ltr'><strong>Nam</strong></span> <span class='ocrx_word' id='word_1_13' title='bbox 1443 411 1495 465; x_wconf 93' lang='lat' dir='ltr'><strong>in</strong></span> <span class='ocrx_word' id='word_1_14' title='bbox 1526 410 1913 483; x_wconf 68' lang='lat' dir='ltr'><strong>praedicatione</strong></span> 
     </span>
    </p>
   </div>
   <div class='ocr_carea' id='block_1_3' title="bbox 299 504 1915 576">
    <p class='ocr_par' dir='ltr' id='par_1_3' title="bbox 299 504 1915 576">
     <span class='ocr_line' id='line_1_3' title="bbox 299 504 1915 576; baseline -0.001 -14"><span class='ocrx_word' id='word_1_15' title='bbox 299 509 460 562; x_wconf 78' lang='lat' dir='ltr'><strong>nituia</strong></span> <span class='ocrx_word' id='word_1_16' title='bbox 493 506 786 562; x_wconf 81' lang='lat' dir='ltr'><strong>verborum</strong></span> <span class='ocrx_word' id='word_1_17' title='bbox 811 507 1095 563; x_wconf 70' lang='lat' dir='ltr'><strong>curiositas</strong></span> <span class='ocrx_word' id='word_1_18' title='bbox 1133 504 1411 575; x_wconf 84' lang='lat' dir='ltr'><strong>superﬂua</strong></span> <span class='ocrx_word' id='word_1_19' title='bbox 1440 514 1607 571; x_wconf 90' lang='lat' dir='ltr'><strong>esset,</strong></span> <span class='ocrx_word' id='word_1_20' title='bbox 1641 514 1697 562; x_wconf 89' lang='lat' dir='ltr'><strong>et</strong></span> <span class='ocrx_word' id='word_1_21' title='bbox 1722 507 1915 576; x_wconf 83' lang='lat' dir='ltr'><strong>sophi-</strong></span> 
     </span>
    </p>
   </div>
   <div class='ocr_carea' id='block_1_4' title="bbox 298 598 1910 671">
    <p class='ocr_par' dir='ltr' id='par_1_4' title="bbox 298 598 1910 671">
     <span class='ocr_line' id='line_1_4' title="bbox 298 598 1910 671; baseline -0.001 -18"><span class='ocrx_word' id='word_1_22' title='bbox 298 600 390 654; x_wconf 86' lang='lat' dir='ltr'><strong>stis</strong></span> <span class='ocrx_word' id='word_1_23' title='bbox 408 599 565 671; x_wconf 76' lang='lat' dir='ltr'><strong>digna</strong></span> <span class='ocrx_word' id='word_1_24' title='bbox 588 616 603 664; x_wconf 85' lang='lat'><strong>;</strong></span> <span class='ocrx_word' id='word_1_25' title='bbox 624 600 732 654; x_wconf 87' lang='lat' dir='ltr'><strong>imo</strong></span> <span class='ocrx_word' id='word_1_26' title='bbox 756 615 864 654; x_wconf 90' lang='lat' dir='ltr'><strong>non</strong></span> <span class='ocrx_word' id='word_1_27' title='bbox 882 598 1158 670; x_wconf 86' lang='lat' dir='ltr'><strong>s0phistis,</strong></span> <span class='ocrx_word' id='word_1_28' title='bbox 1177 598 1272 653; x_wconf 89' lang='lat' dir='ltr'><strong>sed</strong></span> <span class='ocrx_word' id='word_1_29' title='bbox 1295 598 1473 667; x_wconf 87' lang='lat' dir='ltr'><strong>pueris</strong></span> <span class='ocrx_word' id='word_1_30' title='bbox 1494 599 1910 670; x_wconf 62' lang='lat' dir='ltr'><strong>insipientibus;</strong></span> 
     </span>
    </p>
   </div>
   <div class='ocr_carea' id='block_1_5' title="bbox 298 691 1911 763">
    <p class='ocr_par' dir='ltr' id='par_1_5' title="bbox 298 691 1911 763">
     <span class='ocr_line' id='line_1_5' title="bbox 298 691 1911 763; baseline 0 -15"><span class='ocrx_word' id='word_1_31' title='bbox 298 694 367 748; x_wconf 80' lang='lat' dir='ltr'><strong>ita</strong></span> <span class='ocrx_word' id='word_1_32' title='bbox 398 702 456 749; x_wconf 92' lang='lat' dir='ltr'><strong>ut</strong></span> <span class='ocrx_word' id='word_1_33' title='bbox 477 692 619 762; x_wconf 83' lang='lat' dir='ltr'><strong>apud</strong></span> <span class='ocrx_word' id='word_1_34' title='bbox 641 707 743 748; x_wconf 90' lang='lat' dir='ltr'><strong>eos</strong></span> <span class='ocrx_word' id='word_1_35' title='bbox 768 693 883 762; x_wconf 89' lang='lat' dir='ltr'><strong>ipse</strong></span> <span class='ocrx_word' id='word_1_36' title='bbox 911 691 1261 762; x_wconf 79' lang='lat' dir='ltr'><strong>phil050phus</strong></span> <span class='ocrx_word' id='word_1_37' title='bbox 1286 692 1568 747; x_wconf 70' lang='lat' dir='ltr'><strong>induceret</strong></span> <span class='ocrx_word' id='word_1_38' title='bbox 1594 701 1911 763; x_wconf 81' lang='lat' dir='ltr'><strong>magistrum</strong></span> 
     </span>
    </p>
   </div>
   <div class='ocr_carea' id='block_1_6' title="bbox 296 784 1911 856">
    <p class='ocr_par' dir='ltr' id='par_1_6' title="bbox 296 784 1911 856">
     <span class='ocr_line' id='line_1_6' title="bbox 296 784 1911 856; baseline -0.001 -15"><span class='ocrx_word' id='word_1_39' title='bbox 296 801 449 841; x_wconf 89' lang='lat' dir='ltr'><strong>suum</strong></span> <span class='ocrx_word' id='word_1_40' title='bbox 477 801 639 856; x_wconf 88' lang='lat' dir='ltr'><strong>quem</strong></span> <span class='ocrx_word' id='word_1_41' title='bbox 668 799 784 839; x_wconf 64' lang='lat' dir='ltr'><strong>sure</strong></span> <span class='ocrx_word' id='word_1_42' title='bbox 819 785 951 840; x_wconf 86' lang='lat' dir='ltr'><strong>artis</strong></span> <span class='ocrx_word' id='word_1_43' title='bbox 974 784 1231 854; x_wconf 86' lang='lat' dir='ltr'><strong>pudebat,</strong></span> <span class='ocrx_word' id='word_1_44' title='bbox 1262 785 1462 855; x_wconf 89' lang='lat' dir='ltr'><strong>quique</strong></span> <span class='ocrx_word' id='word_1_45' title='bbox 1487 785 1701 839; x_wconf 85' lang='lat' dir='ltr'><strong>dicebat</strong></span> <span class='ocrx_word' id='word_1_46' title='bbox 1725 785 1911 855; x_wconf 82' lang='lat' dir='ltr'><strong>judici-</strong></span> 
     </span>
    </p>
   </div>
   <div class='ocr_carea' id='block_1_7' title="bbox 294 876 1911 947">
    <p class='ocr_par' dir='ltr' id='par_1_7' title="bbox 294 876 1911 947">
     <span class='ocr_line' id='line_1_7' title="bbox 294 876 1911 947; baseline 0.001 -16"><span class='ocrx_word' id='word_1_47' title='bbox 294 878 395 931; x_wconf 87' lang='lat' dir='ltr'><strong>bus</strong></span> <span class='ocrx_word' id='word_1_48' title='bbox 426 878 569 947; x_wconf 88' lang='lat' dir='ltr'><strong>ipsos</strong></span> <span class='ocrx_word' id='word_1_49' title='bbox 594 876 878 931; x_wconf 78' lang='lat' dir='ltr'><strong>audituros</strong></span> <span class='ocrx_word' id='word_1_50' title='bbox 905 876 971 929; x_wconf 89' lang='lat' dir='ltr'><strong>ab</strong></span> <span class='ocrx_word' id='word_1_51' title='bbox 996 892 1055 932; x_wconf 90' lang='lat' dir='ltr'><strong>se</strong></span> <span class='ocrx_word' id='word_1_52' title='bbox 1079 891 1202 932; x_wconf 90' lang='lat' dir='ltr'><strong>esse</strong></span> <span class='ocrx_word' id='word_1_53' title='bbox 1233 876 1394 931; x_wconf 88' lang='lat' dir='ltr'><strong>verba</strong></span> <span class='ocrx_word' id='word_1_54' title='bbox 1427 878 1546 932; x_wconf 88' lang='lat' dir='ltr'><strong>sine</strong></span> <span class='ocrx_word' id='word_1_55' title='bbox 1575 877 1821 938; x_wconf 82' lang='lat' dir='ltr'><strong>artiﬁcio,</strong></span> <span class='ocrx_word' id='word_1_56' title='bbox 1857 884 1911 932; x_wconf 89' lang='lat' dir='ltr'><strong>et</strong></span> 
     </span>
    </p>
   </div>
   <div class='ocr_carea' id='block_1_8' title="bbox 295 966 1909 1040">
    <p class='ocr_par' dir='ltr' id='par_1_8' title="bbox 295 966 1909 1040">
     <span class='ocr_line' id='line_1_8' title="bbox 295 966 1909 1040; baseline 0.001 -18"><span class='ocrx_word' id='word_1_57' title='bbox 295 978 345 1023; x_wconf 91' lang='lat' dir='ltr'><strong>nt</strong></span> <span class='ocrx_word' id='word_1_58' title='bbox 391 982 549 1023; x_wconf 89' lang='lat' dir='ltr'><strong>casus</strong></span> <span class='ocrx_word' id='word_1_59' title='bbox 582 967 829 1033; x_wconf 86' lang='lat' dir='ltr'><strong>ferebat,</strong></span> <span class='ocrx_word' id='word_1_60' title='bbox 862 966 1104 1037; x_wconf 87' lang='lat' dir='ltr'><strong>prolata;</strong></span> <span class='ocrx_word' id='word_1_61' title='bbox 1141 983 1247 1023; x_wconf 86' lang='lat' dir='ltr'><strong>non</strong></span> <span class='ocrx_word' id='word_1_62' title='bbox 1278 968 1560 1040; x_wconf 73' lang='lat' dir='ltr'><strong>exquisitis</strong></span> <span class='ocrx_word' id='word_1_63' title='bbox 1595 979 1783 1023; x_wconf 89' lang='lat' dir='ltr'><strong>ornata</strong></span> <span class='ocrx_word' id='word_1_64' title='bbox 1820 968 1909 1024; x_wconf 88' lang='lat' dir='ltr'><strong>di-</strong></span> 
     </span>
    </p>
   </div>
   <div class='ocr_carea' id='block_1_9' title="bbox 291 1059 1910 1131">
    <p class='ocr_par' dir='ltr' id='par_1_9' title="bbox 291 1059 1910 1131">
     <span class='ocr_line' id='line_1_9' title="bbox 291 1059 1910 1131; baseline 0.001 -15"><span class='ocrx_word' id='word_1_65' title='bbox 291 1063 411 1125; x_wconf 91' lang='lat' dir='ltr'><strong>ctis,</strong></span> <span class='ocrx_word' id='word_1_66' title='bbox 438 1076 545 1115; x_wconf 89' lang='lat' dir='ltr'><strong>non</strong></span> <span class='ocrx_word' id='word_1_67' title='bbox 589 1060 771 1116; x_wconf 83' lang='lat' dir='ltr'><strong>verbis</strong></span> <span class='ocrx_word' id='word_1_68' title='bbox 797 1070 853 1115; x_wconf 90' lang='lat' dir='ltr'><strong>et</strong></span> <span class='ocrx_word' id='word_1_69' title='bbox 883 1059 1191 1115; x_wconf 86' lang='lat' dir='ltr'><strong>nominibus</strong></span> <span class='ocrx_word' id='word_1_70' title='bbox 1226 1060 1444 1116; x_wconf 87' lang='lat' dir='ltr'><strong>selectis</strong></span> <span class='ocrx_word' id='word_1_71' title='bbox 1492 1060 1688 1117; x_wconf 86' lang='lat' dir='ltr'><strong>fucata.</strong></span> <span class='ocrx_word' id='word_1_72' title='bbox 1721 1060 1910 1131; x_wconf 81' lang='lat' dir='ltr'><strong>Neque</strong></span> 
     </span>
    </p>
   </div>
   <div class='ocr_carea' id='block_1_10' title="bbox 290 1152 1901 1223">
    <p class='ocr_par' dir='ltr' id='par_1_10' title="bbox 290 1152 1901 1223">
     <span class='ocr_line' id='line_1_10' title="bbox 290 1152 1901 1223; baseline -0.001 -14"><span class='ocrx_word' id='word_1_73' title='bbox 290 1156 432 1209; x_wconf 88' lang='lat' dir='ltr'><strong>enim</strong></span> <span class='ocrx_word' id='word_1_74' title='bbox 465 1168 562 1222; x_wconf 87' lang='lat' dir='ltr'><strong>par</strong></span> <span class='ocrx_word' id='word_1_75' title='bbox 585 1162 669 1207; x_wconf 91' lang='lat' dir='ltr'><strong>est</strong></span> <span class='ocrx_word' id='word_1_76' title='bbox 692 1194 707 1217; x_wconf 95' lang='lat'><strong>,</strong></span> <span class='ocrx_word' id='word_1_77' title='bbox 739 1152 1035 1223; x_wconf 88' lang='lat' dir='ltr'><strong>inquiebat,</strong></span> <span class='ocrx_word' id='word_1_78' title='bbox 1066 1168 1100 1207; x_wconf 90' lang='grc' dir='ltr'><strong>ο</strong></span> <span class='ocrx_word' id='word_1_79' title='bbox 1132 1152 1255 1220; x_wconf 86' lang='lat' dir='ltr'><strong>viri,</strong></span> <span class='ocrx_word' id='word_1_80' title='bbox 1288 1153 1447 1223; x_wconf 80' lang='lat' dir='ltr'><strong>hujus</strong></span> <span class='ocrx_word' id='word_1_81' title='bbox 1487 1155 1664 1210; x_wconf 73' lang='lat' dir='ltr'><strong>aetatis</strong></span> <span class='ocrx_word' id='word_1_82' title='bbox 1690 1154 1901 1221; x_wconf 89' lang='lat' dir='ltr'><strong>virum,</strong></span> 
     </span>
    </p>
   </div>
   <div class='ocr_carea' id='block_1_11' title="bbox 288 1244 1907 1317">
    <p class='ocr_par' dir='ltr' id='par_1_11' title="bbox 288 1244 1907 1317">
     <span class='ocr_line' id='line_1_11' title="bbox 288 1244 1907 1317; baseline 0.002 -16"><span class='ocrx_word' id='word_1_83' title='bbox 288 1246 649 1302; x_wconf 79' lang='lat' dir='ltr'><strong>adolescentis</strong></span> <span class='ocrx_word' id='word_1_84' title='bbox 677 1246 921 1316; x_wconf 76' lang='lat' dir='ltr'><strong>proferre</strong></span> <span class='ocrx_word' id='word_1_85' title='bbox 944 1244 1107 1302; x_wconf 89' lang='lat' dir='ltr'><strong>verba</strong></span> <span class='ocrx_word' id='word_1_86' title='bbox 1134 1262 1316 1302; x_wconf 90' lang='lat' dir='ltr'><strong>coram</strong></span> <span class='ocrx_word' id='word_1_87' title='bbox 1346 1248 1497 1302; x_wconf 84' lang='lat' dir='ltr'><strong>vobis</strong></span> <span class='ocrx_word' id='word_1_88' title='bbox 1514 1248 1805 1317; x_wconf 90' lang='lat' dir='ltr'><strong>judicibus.</strong></span> <span class='ocrx_word' id='word_1_89' title='bbox 1827 1248 1907 1305; x_wconf 84' lang='lat' dir='ltr'><strong>Ac</strong></span> 
     </span>
    </p>
   </div>
   <div class='ocr_carea' id='block_1_12' title="bbox 289 1337 1908 1409">
    <p class='ocr_par' dir='ltr' id='par_1_12' title="bbox 289 1337 1908 1409">
     <span class='ocr_line' id='line_1_12' title="bbox 289 1337 1908 1409; baseline 0.002 -16"><span class='ocrx_word' id='word_1_90' title='bbox 289 1339 409 1394; x_wconf 80' lang='lat' dir='ltr'><strong>vide</strong></span> <span class='ocrx_word' id='word_1_91' title='bbox 435 1353 597 1409; x_wconf 88' lang='lat' dir='ltr'><strong>quam</strong></span> <span class='ocrx_word' id='word_1_92' title='bbox 635 1339 705 1393; x_wconf 91' lang='lat' dir='ltr'><strong>sit</strong></span> <span class='ocrx_word' id='word_1_93' title='bbox 749 1337 876 1392; x_wconf 90' lang='lat' dir='ltr'><strong>illud</strong></span> <span class='ocrx_word' id='word_1_94' title='bbox 911 1338 1217 1395; x_wconf 88' lang='lat' dir='ltr'><strong>ridiculum.</strong></span> <span class='ocrx_word' id='word_1_95' title='bbox 1242 1342 1415 1406; x_wconf 86' lang='lat' dir='ltr'><strong>Quam</strong></span> <span class='ocrx_word' id='word_1_96' title='bbox 1446 1342 1591 1397; x_wconf 89' lang='lat' dir='ltr'><strong>enim</strong></span> <span class='ocrx_word' id='word_1_97' title='bbox 1621 1357 1739 1396; x_wconf 86' lang='lat' dir='ltr'><strong>rem</strong></span> <span class='ocrx_word' id='word_1_98' title='bbox 1768 1351 1908 1396; x_wconf 87' lang='lat' dir='ltr'><strong>tam-</strong></span> 
     </span>
    </p>
   </div>
   <div class='ocr_carea' id='block_1_13' title="bbox 284 1436 1905 1508">
    <p class='ocr_par' dir='ltr' id='par_1_13' title="bbox 284 1436 1905 1508">
     <span class='ocr_line' id='line_1_13' title="bbox 284 1436 1905 1508; baseline 0.004 -21"><span class='ocrx_word' id='word_1_99' title='bbox 284 1451 445 1504; x_wconf 81' lang='lat' dir='ltr'><strong>quam</strong></span> <span class='ocrx_word' id='word_1_100' title='bbox 481 1448 723 1508; x_wconf 81' lang='lat' dir='ltr'><strong>turpem,</strong></span> <span class='ocrx_word' id='word_1_101' title='bbox 743 1436 1077 1508; x_wconf 75' lang='lat' dir='ltr'><strong>philosophia</strong></span> <span class='ocrx_word' id='word_1_102' title='bbox 1113 1438 1411 1508; x_wconf 81' lang='lat' dir='ltr'><strong>indignam,</strong></span> <span class='ocrx_word' id='word_1_103' title='bbox 1444 1439 1905 1495; x_wconf 82' lang='lat' dir='ltr'><strong>adolescentium-</strong></span> 
     </span>
    </p>
   </div>
   <div class='ocr_carea' id='block_1_14' title="bbox 284 1530 1903 1601">
    <p class='ocr_par' dir='ltr' id='par_1_14' title="bbox 284 1530 1903 1601">
     <span class='ocr_line' id='line_1_14' title="bbox 284 1530 1903 1601; baseline 0.005 -21"><span class='ocrx_word' id='word_1_104' title='bbox 284 1544 387 1599; x_wconf 88' lang='lat' dir='ltr'><strong>que</strong></span> <span class='ocrx_word' id='word_1_105' title='bbox 416 1543 574 1599; x_wconf 83' lang='lat' dir='ltr'><strong>Opus,</strong></span> <span class='ocrx_word' id='word_1_106' title='bbox 605 1531 919 1601; x_wconf 84' lang='lat' dir='ltr'><strong>magistrum</strong></span> <span class='ocrx_word' id='word_1_107' title='bbox 947 1545 1105 1585; x_wconf 91' lang='lat' dir='ltr'><strong>suum</strong></span> <span class='ocrx_word' id='word_1_108' title='bbox 1131 1530 1315 1601; x_wconf 79' lang='lat' dir='ltr'><strong>fugere</strong></span> <span class='ocrx_word' id='word_1_109' title='bbox 1336 1532 1490 1597; x_wconf 75' lang='lat' dir='ltr'><strong>dixit,</strong></span> <span class='ocrx_word' id='word_1_110' title='bbox 1521 1532 1645 1587; x_wconf 84' lang='lat' dir='ltr'><strong>huic</strong></span> <span class='ocrx_word' id='word_1_111' title='bbox 1668 1533 1903 1588; x_wconf 82' lang='lat' dir='ltr'><strong>maxime</strong></span> 
     </span>
    </p>
   </div>
   <div class='ocr_carea' id='block_1_15' title="bbox 284 1621 1898 1692">
    <p class='ocr_par' dir='ltr' id='par_1_15' title="bbox 284 1621 1898 1692">
     <span class='ocr_line' id='line_1_15' title="bbox 284 1621 1898 1692; baseline 0.001 -17"><span class='ocrx_word' id='word_1_112' title='bbox 284 1621 398 1690; x_wconf 76' lang='lat' dir='ltr'><strong>ipse</strong></span> <span class='ocrx_word' id='word_1_113' title='bbox 420 1637 641 1692; x_wconf 80' lang='lat' dir='ltr'><strong>operam</strong></span> <span class='ocrx_word' id='word_1_114' title='bbox 663 1623 832 1677; x_wconf 85' lang='lat' dir='ltr'><strong>dedit.</strong></span> <span class='ocrx_word' id='word_1_115' title='bbox 861 1622 932 1677; x_wconf 89' lang='lat' dir='ltr'><strong>lta</strong></span> <span class='ocrx_word' id='word_1_116' title='bbox 960 1622 1156 1692; x_wconf 86' lang='lat' dir='ltr'><strong>ubique</strong></span> <span class='ocrx_word' id='word_1_117' title='bbox 1178 1623 1457 1678; x_wconf 86' lang='lat' dir='ltr'><strong>ambitioni</strong></span> <span class='ocrx_word' id='word_1_118' title='bbox 1480 1624 1768 1679; x_wconf 89' lang='lat' dir='ltr'><strong>studebant</strong></span> <span class='ocrx_word' id='word_1_119' title='bbox 1790 1624 1898 1690; x_wconf 86' lang='lat' dir='ltr'><strong>illi;</strong></span> 
     </span>
    </p>
   </div>
   <div class='ocr_carea' id='block_1_16' title="bbox 282 1706 1903 1786">
    <p class='ocr_par' dir='ltr' id='par_1_16' title="bbox 282 1706 1903 1786">
     <span class='ocr_line' id='line_1_16' title="bbox 282 1706 1903 1786; baseline 0.003 -22"><span class='ocrx_word' id='word_1_120' title='bbox 282 1714 357 1783; x_wconf 80' lang='grc' dir='ltr'><strong>(α)</strong></span> <span class='ocrx_word' id='word_1_121' title='bbox 392 1712 661 1786; x_wconf 69' lang='lat' dir='ltr'><strong>[nihilque</strong></span> <span class='ocrx_word' id='word_1_122' title='bbox 708 1723 904 1784; x_wconf 68' lang='lat' dir='ltr'><strong>praeter</strong></span> <span class='ocrx_word' id='word_1_123' title='bbox 943 1715 1046 1768; x_wconf 89' lang='lat' dir='ltr'><strong>hoc</strong></span> <span class='ocrx_word' id='word_1_124' title='bbox 1078 1714 1131 1768; x_wconf 92' lang='lat' dir='ltr'><strong>in</strong></span> <span class='ocrx_word' id='word_1_125' title='bbox 1166 1714 1394 1771; x_wconf 87' lang='lat' dir='ltr'><strong>Platone</strong></span> <span class='ocrx_word' id='word_1_126' title='bbox 1423 1706 1781 1771; x_wconf 85' lang='lat' dir='ltr'><strong>admiratione</strong></span> <span class='ocrx_word' id='word_1_127' title='bbox 1826 1715 1903 1770; x_wconf 83' lang='lat' dir='ltr'><strong>di-</strong></span> 
     </span>
    </p>
   </div>
   <div class='ocr_carea' id='block_1_17' title="bbox 279 1805 1899 1881">
    <p class='ocr_par' dir='ltr' id='par_1_17' title="bbox 279 1805 1899 1881">
     <span class='ocr_line' id='line_1_17' title="bbox 279 1805 1899 1881; baseline 0.005 -23"><span class='ocrx_word' id='word_1_128' title='bbox 279 1823 439 1876; x_wconf 84' lang='lat' dir='ltr'><strong>gnum</strong></span> <span class='ocrx_word' id='word_1_129' title='bbox 462 1805 726 1880; x_wconf 78' lang='lat' dir='ltr'><strong>videtur.]</strong></span> <span class='ocrx_word' id='word_1_130' title='bbox 747 1810 822 1862; x_wconf 84' lang='lat' dir='ltr'><strong>Ac</strong></span> <span class='ocrx_word' id='word_1_131' title='bbox 844 1808 1300 1878; x_wconf 82' lang='lat' dir='ltr'><strong>quemadmodum</strong></span> <span class='ocrx_word' id='word_1_132' title='bbox 1320 1810 1363 1864; x_wconf 90' lang='lat' dir='ltr'><strong>si</strong></span> <span class='ocrx_word' id='word_1_133' title='bbox 1381 1811 1627 1881; x_wconf 85' lang='lat' dir='ltr'><strong>sepulcra</strong></span> <span class='ocrx_word' id='word_1_134' title='bbox 1654 1811 1899 1867; x_wconf 81' lang='lat' dir='ltr'><strong>exterius</strong></span> 
     </span>
    </p>
   </div>
   <div class='ocr_carea' id='block_1_18' title="bbox 281 1899 1895 1974">
    <p class='ocr_par' dir='ltr' id='par_1_18' title="bbox 281 1899 1895 1974">
     <span class='ocr_line' id='line_1_18' title="bbox 281 1899 1895 1974; baseline 0.002 -21"><span class='ocrx_word' id='word_1_135' title='bbox 281 1899 535 1954; x_wconf 84' lang='lat' dir='ltr'><strong>dealbata</strong></span> <span class='ocrx_word' id='word_1_136' title='bbox 568 1901 866 1970; x_wconf 83' lang='lat' dir='ltr'><strong>aperueris,</strong></span> <span class='ocrx_word' id='word_1_137' title='bbox 901 1902 1071 1968; x_wconf 90' lang='lat' dir='ltr'><strong>sanie,</strong></span> <span class='ocrx_word' id='word_1_138' title='bbox 1100 1900 1315 1969; x_wconf 86' lang='lat' dir='ltr'><strong>foetore,</strong></span> <span class='ocrx_word' id='word_1_139' title='bbox 1345 1903 1728 1974; x_wconf 84' lang='lat' dir='ltr'><strong>corruptisque</strong></span> <span class='ocrx_word' id='word_1_140' title='bbox 1753 1904 1895 1958; x_wconf 86' lang='lat' dir='ltr'><strong>ossi-</strong></span> 
     </span>
    </p>
   </div>
   <div class='ocr_carea' id='block_1_19' title="bbox 278 1990 1893 2065">
    <p class='ocr_par' dir='ltr' id='par_1_19' title="bbox 278 1990 1893 2065">
     <span class='ocr_line' id='line_1_19' title="bbox 278 1990 1893 2065; baseline 0.003 -19"><span class='ocrx_word' id='word_1_141' title='bbox 278 1990 374 2046; x_wconf 89' lang='lat' dir='ltr'><strong>bus</strong></span> <span class='ocrx_word' id='word_1_142' title='bbox 405 1992 562 2061; x_wconf 85' lang='lat' dir='ltr'><strong>plena</strong></span> <span class='ocrx_word' id='word_1_143' title='bbox 589 1992 796 2046; x_wconf 80' lang='lat' dir='ltr'><strong>videbis</strong></span> <span class='ocrx_word' id='word_1_144' title='bbox 824 2009 836 2045; x_wconf 90' lang='lat'><strong>:</strong></span> <span class='ocrx_word' id='word_1_145' title='bbox 871 1992 942 2046; x_wconf 88' lang='lat' dir='ltr'><strong>ita</strong></span> <span class='ocrx_word' id='word_1_146' title='bbox 988 1992 1031 2046; x_wconf 93' lang='lat' dir='ltr'><strong>si</strong></span> <span class='ocrx_word' id='word_1_147' title='bbox 1081 1992 1393 2064; x_wconf 82' lang='lat' dir='ltr'><strong>philosophi</strong></span> <span class='ocrx_word' id='word_1_148' title='bbox 1424 1995 1675 2065; x_wconf 84' lang='lat' dir='ltr'><strong>dogmata</strong></span> <span class='ocrx_word' id='word_1_149' title='bbox 1703 1995 1893 2051; x_wconf 81' lang='lat' dir='ltr'><strong>dictio-</strong></span> 
     </span>
    </p>
   </div>
   <div class='ocr_carea' id='block_1_20' title="bbox 276 2085 1897 2152">
    <p class='ocr_par' dir='ltr' id='par_1_20' title="bbox 276 2085 1897 2152">
     <span class='ocr_line' id='line_1_20' title="bbox 276 2085 1897 2152; baseline 0.004 -12"><span class='ocrx_word' id='word_1_150' title='bbox 276 2086 358 2140; x_wconf 86' lang='lat' dir='ltr'><strong>nis</strong></span> <span class='ocrx_word' id='word_1_151' title='bbox 411 2098 606 2141; x_wconf 90' lang='lat' dir='ltr'><strong>ornatu</strong></span> <span class='ocrx_word' id='word_1_152' title='bbox 655 2085 970 2152; x_wconf 87' lang='lat' dir='ltr'><strong>nudaveris,</strong></span> <span class='ocrx_word' id='word_1_153' title='bbox 1021 2087 1187 2141; x_wconf 91' lang='lat' dir='ltr'><strong>multa</strong></span> <span class='ocrx_word' id='word_1_154' title='bbox 1233 2088 1440 2143; x_wconf 87' lang='lat' dir='ltr'><strong>videbis</strong></span> <span class='ocrx_word' id='word_1_155' title='bbox 1491 2089 1897 2146; x_wconf 87' lang='lat' dir='ltr'><strong>abominatione</strong></span> 
     </span>
    </p>
   </div>
   <div class='ocr_carea' id='block_1_21' title="bbox 275 2177 1893 2252">
    <p class='ocr_par' dir='ltr' id='par_1_21' title="bbox 275 2177 1893 2252">
     <span class='ocr_line' id='line_1_21' title="bbox 275 2177 1893 2252; baseline 0.004 -22"><span class='ocrx_word' id='word_1_156' title='bbox 275 2177 468 2247; x_wconf 84' lang='lat' dir='ltr'><strong>plena;</strong></span> <span class='ocrx_word' id='word_1_157' title='bbox 506 2178 740 2233; x_wconf 78' lang='lat' dir='ltr'><strong>maxime</strong></span> <span class='ocrx_word' id='word_1_158' title='bbox 765 2179 809 2233; x_wconf 91' lang='lat' dir='ltr'><strong>si</strong></span> <span class='ocrx_word' id='word_1_159' title='bbox 837 2178 904 2233; x_wconf 86' lang='lat' dir='ltr'><strong>de</strong></span> <span class='ocrx_word' id='word_1_160' title='bbox 933 2180 1112 2234; x_wconf 89' lang='lat' dir='ltr'><strong>anima</strong></span> <span class='ocrx_word' id='word_1_161' title='bbox 1147 2180 1581 2251; x_wconf 88' lang='lat' dir='ltr'><strong>philosophetur,</strong></span> <span class='ocrx_word' id='word_1_162' title='bbox 1613 2196 1774 2252; x_wconf 87' lang='lat' dir='ltr'><strong>quam</strong></span> <span class='ocrx_word' id='word_1_163' title='bbox 1802 2184 1893 2237; x_wconf 86' lang='lat' dir='ltr'><strong>ni-</strong></span> 
     </span>
    </p>
   </div>
   <div class='ocr_carea' id='block_1_22' title="bbox 273 2271 1891 2345">
    <p class='ocr_par' dir='ltr' id='par_1_22' title="bbox 273 2271 1891 2345">
     <span class='ocr_line' id='line_1_22' title="bbox 273 2271 1891 2345; baseline 0.004 -20"><span class='ocrx_word' id='word_1_164' title='bbox 273 2272 379 2326; x_wconf 82' lang='lat' dir='ltr'><strong>mio</strong></span> <span class='ocrx_word' id='word_1_165' title='bbox 405 2271 613 2329; x_wconf 88' lang='lat' dir='ltr'><strong>honore</strong></span> <span class='ocrx_word' id='word_1_166' title='bbox 654 2272 720 2327; x_wconf 90' lang='lat' dir='ltr'><strong>ad</strong></span> <span class='ocrx_word' id='word_1_167' title='bbox 750 2273 1143 2343; x_wconf 79' lang='lat' dir='ltr'><strong>blasphemiam</strong></span> <span class='ocrx_word' id='word_1_168' title='bbox 1193 2289 1364 2345; x_wconf 80' lang='lat' dir='ltr'><strong>usque</strong></span> <span class='ocrx_word' id='word_1_169' title='bbox 1402 2274 1590 2330; x_wconf 83' lang='lat' dir='ltr'><strong>afﬁcit.</strong></span> <span class='ocrx_word' id='word_1_170' title='bbox 1624 2276 1720 2331; x_wconf 91' lang='lat' dir='ltr'><strong>llic</strong></span> <span class='ocrx_word' id='word_1_171' title='bbox 1746 2280 1891 2332; x_wconf 89' lang='lat' dir='ltr'><strong>enim</strong></span> 
     </span>
    </p>
   </div>
   <div class='ocr_carea' id='block_1_23' title="bbox 271 2364 1885 2437">
    <p class='ocr_par' dir='ltr' id='par_1_23' title="bbox 271 2364 1885 2437">
     <span class='ocr_line' id='line_1_23' title="bbox 271 2364 1885 2437; baseline 0.002 -18"><span class='ocrx_word' id='word_1_172' title='bbox 271 2364 573 2420; x_wconf 88' lang='lat' dir='ltr'><strong>diabolicus</strong></span> <span class='ocrx_word' id='word_1_173' title='bbox 597 2367 822 2436; x_wconf 81' lang='lat' dir='ltr'><strong>laqueus</strong></span> <span class='ocrx_word' id='word_1_174' title='bbox 851 2375 954 2434; x_wconf 80' lang='lat' dir='ltr'><strong>est,</strong></span> <span class='ocrx_word' id='word_1_175' title='bbox 988 2382 1301 2422; x_wconf 82' lang='lat' dir='ltr'><strong>mensuram</strong></span> <span class='ocrx_word' id='word_1_176' title='bbox 1333 2383 1596 2437; x_wconf 85' lang='lat' dir='ltr'><strong>nusquam</strong></span> <span class='ocrx_word' id='word_1_177' title='bbox 1628 2382 1849 2423; x_wconf 87' lang='lat' dir='ltr'><strong>servare</strong></span> <span class='ocrx_word' id='word_1_178' title='bbox 1871 2410 1885 2435; x_wconf 92' lang='lat'><strong>,</strong></span> 
     </span>
    </p>
   </div>
   <div class='ocr_carea' id='block_1_24' title="bbox 271 2459 1889 2531">
    <p class='ocr_par' dir='ltr' id='par_1_24' title="bbox 271 2459 1889 2531">
     <span class='ocr_line' id='line_1_24' title="bbox 271 2459 1889 2531; baseline 0.002 -18"><span class='ocrx_word' id='word_1_179' title='bbox 271 2459 359 2514; x_wconf 83' lang='lat' dir='ltr'><strong>sed</strong></span> <span class='ocrx_word' id='word_1_180' title='bbox 388 2460 441 2513; x_wconf 92' lang='lat' dir='ltr'><strong>in</strong></span> <span class='ocrx_word' id='word_1_181' title='bbox 476 2468 767 2529; x_wconf 89' lang='lat' dir='ltr'><strong>utrumque</strong></span> <span class='ocrx_word' id='word_1_182' title='bbox 802 2469 1168 2514; x_wconf 81' lang='lat' dir='ltr'><strong>extremorum</strong></span> <span class='ocrx_word' id='word_1_183' title='bbox 1201 2460 1293 2513; x_wconf 88' lang='lat' dir='ltr'><strong>illo</strong></span> <span class='ocrx_word' id='word_1_184' title='bbox 1322 2470 1509 2529; x_wconf 90' lang='lat' dir='ltr'><strong>captos</strong></span> <span class='ocrx_word' id='word_1_185' title='bbox 1543 2476 1639 2530; x_wconf 86' lang='lat' dir='ltr'><strong>per</strong></span> <span class='ocrx_word' id='word_1_186' title='bbox 1670 2476 1889 2531; x_wconf 87' lang='lat' dir='ltr'><strong>pravam</strong></span> 
     </span>
    </p>
   </div>
   <div class='ocr_carea' id='block_1_25' title="bbox 270 2549 1891 2609">
    <p class='ocr_par' dir='ltr' id='par_1_25' title="bbox 270 2549 1891 2609">
     <span class='ocr_line' id='line_1_25' title="bbox 270 2549 1891 2609; baseline 0.002 -4"><span class='ocrx_word' id='word_1_187' title='bbox 270 2550 571 2607; x_wconf 87' lang='lat' dir='ltr'><strong>doctrinam</strong></span> <span class='ocrx_word' id='word_1_188' title='bbox 590 2549 894 2606; x_wconf 65' lang='lat' dir='ltr'><strong>‘deducere.</strong></span> <span class='ocrx_word' id='word_1_189' title='bbox 930 2551 1083 2606; x_wconf 85' lang='lat' dir='ltr'><strong>Nunc</strong></span> <span class='ocrx_word' id='word_1_190' title='bbox 1124 2553 1270 2606; x_wconf 88' lang='lat' dir='ltr'><strong>enim</strong></span> <span class='ocrx_word' id='word_1_191' title='bbox 1324 2552 1467 2607; x_wconf 88' lang='lat' dir='ltr'><strong>illam</strong></span> <span class='ocrx_word' id='word_1_192' title='bbox 1516 2570 1581 2609; x_wconf 82' lang='lat' dir='ltr'><strong>ex</strong></span> <span class='ocrx_word' id='word_1_193' title='bbox 1627 2554 1721 2608; x_wconf 86' lang='lat' dir='ltr'><strong>Dei</strong></span> <span class='ocrx_word' id='word_1_194' title='bbox 1762 2555 1891 2609; x_wconf 88' lang='lat' dir='ltr'><strong>sub-</strong></span> 
     </span>
    </p>
   </div>
   <div class='ocr_carea' id='block_1_26' title="bbox 269 2646 1889 2717">
    <p class='ocr_par' dir='ltr' id='par_1_26' title="bbox 269 2646 1889 2717">
     <span class='ocr_line' id='line_1_26' title="bbox 269 2646 1889 2717; baseline -0.001 -14"><span class='ocrx_word' id='word_1_195' title='bbox 269 2647 462 2704; x_wconf 84' lang='lat' dir='ltr'><strong>stantia</strong></span> <span class='ocrx_word' id='word_1_196' title='bbox 494 2662 618 2702; x_wconf 74' lang='lat' dir='ltr'><strong>esse</strong></span> <span class='ocrx_word' id='word_1_197' title='bbox 646 2646 810 2712; x_wconf 88' lang='lat' dir='ltr'><strong>dicit;</strong></span> <span class='ocrx_word' id='word_1_198' title='bbox 844 2662 988 2701; x_wconf 91' lang='lat' dir='ltr'><strong>nunc</strong></span> <span class='ocrx_word' id='word_1_199' title='bbox 1020 2646 1163 2700; x_wconf 86' lang='lat' dir='ltr'><strong>illam</strong></span> <span class='ocrx_word' id='word_1_200' title='bbox 1197 2656 1392 2717; x_wconf 67' lang='lat' dir='ltr'><strong>prmter</strong></span> <span class='ocrx_word' id='word_1_201' title='bbox 1418 2647 1640 2702; x_wconf 88' lang='lat' dir='ltr'><strong>modum</strong></span> <span class='ocrx_word' id='word_1_202' title='bbox 1690 2658 1746 2704; x_wconf 89' lang='lat' dir='ltr'><strong>et</strong></span> <span class='ocrx_word' id='word_1_203' title='bbox 1789 2650 1889 2702; x_wconf 58' lang='lat' dir='ltr'><strong>im.</strong></span> 
     </span>
    </p>
   </div>
   <div class='ocr_carea' id='block_1_27' title="bbox 271 2740 1887 2814">
    <p class='ocr_par' dir='ltr' id='par_1_27' title="bbox 271 2740 1887 2814">
     <span class='ocr_line' id='line_1_27' title="bbox 271 2740 1887 2814; baseline 0.001 -18"><span class='ocrx_word' id='word_1_204' title='bbox 271 2745 352 2814; x_wconf 86' lang='lat' dir='ltr'><strong>pie</strong></span> <span class='ocrx_word' id='word_1_205' title='bbox 395 2743 640 2808; x_wconf 88' lang='lat' dir='ltr'><strong>elatam,</strong></span> <span class='ocrx_word' id='word_1_206' title='bbox 673 2757 769 2811; x_wconf 89' lang='lat' dir='ltr'><strong>per</strong></span> <span class='ocrx_word' id='word_1_207' title='bbox 814 2740 1039 2797; x_wconf 86' lang='lat' dir='ltr'><strong>alteram</strong></span> <span class='ocrx_word' id='word_1_208' title='bbox 1081 2741 1416 2813; x_wconf 84' lang='lat' dir='ltr'><strong>hyperbolen</strong></span> <span class='ocrx_word' id='word_1_209' title='bbox 1450 2742 1725 2811; x_wconf 89' lang='lat' dir='ltr'><strong>deturpat,</strong></span> <span class='ocrx_word' id='word_1_210' title='bbox 1757 2741 1887 2797; x_wconf 90' lang='lat' dir='ltr'><strong>dum</strong></span> 
     </span>
    </p>
   </div>
   <div class='ocr_carea' id='block_1_28' title="bbox 269 2832 1891 2904">
    <p class='ocr_par' dir='ltr' id='par_1_28' title="bbox 269 2832 1891 2904">
     <span class='ocr_line' id='line_1_28' title="bbox 269 2832 1891 2904; baseline -0.003 -12"><span class='ocrx_word' id='word_1_211' title='bbox 269 2836 408 2892; x_wconf 84' lang='lat' dir='ltr'><strong>illam</strong></span> <span class='ocrx_word' id='word_1_212' title='bbox 444 2834 499 2888; x_wconf 92' lang='lat' dir='ltr'><strong>in</strong></span> <span class='ocrx_word' id='word_1_213' title='bbox 536 2848 751 2904; x_wconf 89' lang='lat' dir='ltr'><strong>porcos,</strong></span> <span class='ocrx_word' id='word_1_214' title='bbox 775 2834 977 2899; x_wconf 86' lang='lat' dir='ltr'><strong>asinos,</strong></span> <span class='ocrx_word' id='word_1_215' title='bbox 1011 2834 1173 2904; x_wconf 90' lang='lat' dir='ltr'><strong>inque</strong></span> <span class='ocrx_word' id='word_1_216' title='bbox 1203 2832 1388 2888; x_wconf 80' lang='lat' dir='ltr'><strong>viliora</strong></span> <span class='ocrx_word' id='word_1_217' title='bbox 1418 2833 1710 2888; x_wconf 88' lang='lat' dir='ltr'><strong>animantia</strong></span> <span class='ocrx_word' id='word_1_218' title='bbox 1741 2832 1891 2888; x_wconf 87' lang='lat' dir='ltr'><strong>indu-</strong></span> 
     </span>
    </p>
   </div>
   <div class='ocr_carea' id='block_1_29' title="bbox 267 2925 1885 2991">
    <p class='ocr_par' dir='ltr' id='par_1_29' title="bbox 267 2925 1885 2991">
     <span class='ocr_line' id='line_1_29' title="bbox 267 2925 1885 2991; baseline -0.002 -6"><span class='ocrx_word' id='word_1_219' title='bbox 267 2932 355 2985; x_wconf 88' lang='lat' dir='ltr'><strong>cit.</strong></span> <span class='ocrx_word' id='word_1_220' title='bbox 387 2927 500 2984; x_wconf 88' lang='lat' dir='ltr'><strong>Sed</strong></span> <span class='ocrx_word' id='word_1_221' title='bbox 533 2927 652 2982; x_wconf 74' lang='lat' dir='ltr'><strong>htec</strong></span> <span class='ocrx_word' id='word_1_222' title='bbox 689 2927 825 2981; x_wconf 83' lang='lat' dir='ltr'><strong>satis</strong></span> <span class='ocrx_word' id='word_1_223' title='bbox 866 2938 1062 2991; x_wconf 88' lang='lat' dir='ltr'><strong>sunto;</strong></span> <span class='ocrx_word' id='word_1_224' title='bbox 1090 2928 1200 2981; x_wconf 91' lang='lat' dir='ltr'><strong>imo</strong></span> <span class='ocrx_word' id='word_1_225' title='bbox 1230 2925 1368 2981; x_wconf 85' lang='lat' dir='ltr'><strong>ultra</strong></span> <span class='ocrx_word' id='word_1_226' title='bbox 1418 2927 1637 2982; x_wconf 87' lang='lat' dir='ltr'><strong>modum</strong></span> <span class='ocrx_word' id='word_1_227' title='bbox 1686 2926 1756 2982; x_wconf 88' lang='lat' dir='ltr'><strong>de</strong></span> <span class='ocrx_word' id='word_1_228' title='bbox 1802 2926 1885 2982; x_wconf 91' lang='lat' dir='ltr'><strong>his</strong></span> 
     </span>
    </p>
   </div>
   <div class='ocr_carea' id='block_1_30' title="bbox 266 3025 1883 3097">
    <p class='ocr_par' dir='ltr' id='par_1_30' title="bbox 266 3025 1883 3097">
     <span class='ocr_line' id='line_1_30' title="bbox 266 3025 1883 3097; baseline -0.001 -16"><span class='ocrx_word' id='word_1_229' title='bbox 266 3026 652 3083; x_wconf 82' lang='lat' dir='ltr'><strong>disseruimus.</strong></span> <span class='ocrx_word' id='word_1_230' title='bbox 677 3026 733 3082; x_wconf 89' lang='lat' dir='ltr'><strong>Si</strong></span> <span class='ocrx_word' id='word_1_231' title='bbox 757 3026 885 3097; x_wconf 90' lang='lat' dir='ltr'><strong>quid</strong></span> <span class='ocrx_word' id='word_1_232' title='bbox 916 3026 1059 3081; x_wconf 90' lang='lat' dir='ltr'><strong>enim</strong></span> <span class='ocrx_word' id='word_1_233' title='bbox 1092 3025 1223 3081; x_wconf 90' lang='lat' dir='ltr'><strong>utile</strong></span> <span class='ocrx_word' id='word_1_234' title='bbox 1245 3026 1312 3080; x_wconf 89' lang='lat' dir='ltr'><strong>ab</strong></span> <span class='ocrx_word' id='word_1_235' title='bbox 1342 3026 1448 3081; x_wconf 91' lang='lat' dir='ltr'><strong>illis</strong></span> <span class='ocrx_word' id='word_1_236' title='bbox 1481 3025 1647 3082; x_wconf 89' lang='lat' dir='ltr'><strong>edisci</strong></span> <span class='ocrx_word' id='word_1_237' title='bbox 1679 3033 1883 3093; x_wconf 88' lang='lat' dir='ltr'><strong>posset,</strong></span> 
     </span>
    </p>
   </div>
   <div class='ocr_carea' id='block_1_31' title="bbox 266 3119 1883 3189">
    <p class='ocr_par' dir='ltr' id='par_1_31' title="bbox 266 3119 1883 3189">
     <span class='ocr_line' id='line_1_31' title="bbox 266 3119 1883 3189; baseline -0.001 -16"><span class='ocrx_word' id='word_1_238' title='bbox 266 3119 512 3189; x_wconf 83' lang='lat' dir='ltr'><strong>pluribus</strong></span> <span class='ocrx_word' id='word_1_239' title='bbox 556 3120 623 3174; x_wconf 91' lang='lat' dir='ltr'><strong>iis</strong></span> <span class='ocrx_word' id='word_1_240' title='bbox 670 3119 922 3175; x_wconf 87' lang='lat' dir='ltr'><strong>insistere</strong></span> <span class='ocrx_word' id='word_1_241' title='bbox 970 3119 1343 3188; x_wconf 80' lang='lat' dir='ltr'><strong>oportuisset;</strong></span> <span class='ocrx_word' id='word_1_242' title='bbox 1386 3119 1470 3175; x_wconf 93' lang='lat' dir='ltr'><strong>sin</strong></span> <span class='ocrx_word' id='word_1_243' title='bbox 1516 3133 1646 3174; x_wconf 88' lang='lat' dir='ltr'><strong>vero</strong></span> <span class='ocrx_word' id='word_1_244' title='bbox 1674 3126 1883 3172; x_wconf 89' lang='lat' dir='ltr'><strong>tantum</strong></span> 
     </span>
    </p>
   </div>
   <div class='ocr_carea' id='block_1_32' title="bbox 264 3211 1889 3284">
    <p class='ocr_par' dir='ltr' id='par_1_32' title="bbox 264 3211 1889 3284">
     <span class='ocr_line' id='line_1_32' title="bbox 264 3211 1889 3284; baseline -0.001 -18"><span class='ocrx_word' id='word_1_245' title='bbox 264 3223 526 3284; x_wconf 88' lang='lat' dir='ltr'><strong>quantum</strong></span> <span class='ocrx_word' id='word_1_246' title='bbox 563 3213 631 3268; x_wconf 88' lang='lat' dir='ltr'><strong>ad</strong></span> <span class='ocrx_word' id='word_1_247' title='bbox 660 3228 852 3269; x_wconf 86' lang='lat' dir='ltr'><strong>eorum</strong></span> <span class='ocrx_word' id='word_1_248' title='bbox 900 3211 1280 3267; x_wconf 86' lang='lat' dir='ltr'><strong>declarandam</strong></span> <span class='ocrx_word' id='word_1_249' title='bbox 1329 3212 1724 3281; x_wconf 87' lang='lat' dir='ltr'><strong>turpitudinem</strong></span> <span class='ocrx_word' id='word_1_250' title='bbox 1753 3212 1889 3265; x_wconf 83' lang='lat' dir='ltr'><strong>satis</strong></span> 
     </span>
    </p>
   </div>
   <div class='ocr_carea' id='block_1_33' title="bbox 264 3303 1880 3377">
    <p class='ocr_par' dir='ltr' id='par_1_33' title="bbox 264 3303 1880 3377">
     <span class='ocr_line' id='line_1_33' title="bbox 264 3303 1880 3377; baseline -0.002 -17"><span class='ocrx_word' id='word_1_251' title='bbox 264 3316 432 3375; x_wconf 83' lang='lat' dir='ltr'><strong>esset,</strong></span> <span class='ocrx_word' id='word_1_252' title='bbox 461 3305 758 3362; x_wconf 87' lang='lat' dir='ltr'><strong>dicendum</strong></span> <span class='ocrx_word' id='word_1_253' title='bbox 791 3305 1049 3377; x_wconf 84' lang='lat' dir='ltr'><strong>oportuit,</strong></span> <span class='ocrx_word' id='word_1_254' title='bbox 1086 3304 1203 3359; x_wconf 70' lang='lat' dir='ltr'><strong>hinc</strong></span> <span class='ocrx_word' id='word_1_255' title='bbox 1234 3304 1353 3374; x_wconf 92' lang='lat' dir='ltr'><strong>plus</strong></span> <span class='ocrx_word' id='word_1_256' title='bbox 1374 3319 1536 3374; x_wconf 91' lang='lat' dir='ltr'><strong>quam</strong></span> <span class='ocrx_word' id='word_1_257' title='bbox 1573 3303 1706 3358; x_wconf 90' lang='lat' dir='ltr'><strong>satis</strong></span> <span class='ocrx_word' id='word_1_258' title='bbox 1735 3311 1880 3358; x_wconf 89' lang='lat' dir='ltr'><strong>sunt.</strong></span> 
     </span>
    </p>
   </div>
   <div class='ocr_carea' id='block_1_34' title="bbox 263 3396 1883 3468">
    <p class='ocr_par' dir='ltr' id='par_1_34' title="bbox 263 3396 1883 3468">
     <span class='ocr_line' id='line_1_34' title="bbox 263 3396 1883 3468; baseline -0.001 -15"><span class='ocrx_word' id='word_1_259' title='bbox 263 3400 436 3468; x_wconf 85' lang='lat' dir='ltr'><strong>Quare</strong></span> <span class='ocrx_word' id='word_1_260' title='bbox 470 3400 656 3455; x_wconf 87' lang='lat' dir='ltr'><strong>missis</strong></span> <span class='ocrx_word' id='word_1_261' title='bbox 686 3399 898 3455; x_wconf 88' lang='lat' dir='ltr'><strong>illorum</strong></span> <span class='ocrx_word' id='word_1_262' title='bbox 930 3397 1124 3453; x_wconf 88' lang='lat' dir='ltr'><strong>fabulis</strong></span> <span class='ocrx_word' id='word_1_263' title='bbox 1153 3440 1168 3462; x_wconf 90' lang='lat'><strong>,</strong></span> <span class='ocrx_word' id='word_1_264' title='bbox 1200 3397 1311 3466; x_wconf 88' lang='lat' dir='ltr'><strong>jam</strong></span> <span class='ocrx_word' id='word_1_265' title='bbox 1344 3404 1526 3452; x_wconf 75' lang='lat' dir='ltr'><strong>nostra</strong></span> <span class='ocrx_word' id='word_1_266' title='bbox 1554 3396 1883 3466; x_wconf 83' lang='lat' dir='ltr'><strong>attingamus</strong></span> 
     </span>
    </p>
   </div>
   <div class='ocr_carea' id='block_1_35' title="bbox 262 3487 1883 3564">
    <p class='ocr_par' dir='ltr' id='par_1_35' title="bbox 262 3487 1883 3564">
     <span class='ocr_line' id='line_1_35' title="bbox 262 3487 1883 3564; baseline -0.003 -17"><span class='ocrx_word' id='word_1_267' title='bbox 262 3495 511 3564; x_wconf 77' lang='lat' dir='ltr'><strong>dogmata</strong></span> <span class='ocrx_word' id='word_1_268' title='bbox 535 3534 549 3558; x_wconf 91' lang='lat'><strong>,</strong></span> <span class='ocrx_word' id='word_1_269' title='bbox 580 3509 701 3562; x_wconf 79' lang='lat' dir='ltr'><strong>qua:</strong></span> <span class='ocrx_word' id='word_1_270' title='bbox 743 3491 898 3546; x_wconf 90' lang='lat' dir='ltr'><strong>nobis</strong></span> <span class='ocrx_word' id='word_1_271' title='bbox 940 3506 1033 3561; x_wconf 89' lang='lat' dir='ltr'><strong>per</strong></span> <span class='ocrx_word' id='word_1_272' title='bbox 1074 3489 1299 3558; x_wconf 87' lang='lat' dir='ltr'><strong>hujusce</strong></span> <span class='ocrx_word' id='word_1_273' title='bbox 1331 3488 1616 3558; x_wconf 85' lang='lat' dir='ltr'><strong>piscatoris</strong></span> <span class='ocrx_word' id='word_1_274' title='bbox 1642 3487 1883 3558; x_wconf 78' lang='lat' dir='ltr'><strong>linguam</strong></span> 
     </span>
    </p>
   </div>
   <div class='ocr_carea' id='block_1_36' title="bbox 260 3580 1880 3655">
    <p class='ocr_par' dir='ltr' id='par_1_36' title="bbox 260 3580 1880 3655">
     <span class='ocr_line' id='line_1_36' title="bbox 260 3580 1880 3655; baseline -0.007 -11"><span class='ocrx_word' id='word_1_275' title='bbox 260 3590 325 3644; x_wconf 85' lang='lat' dir='ltr'><strong>de</strong></span> <span class='ocrx_word' id='word_1_276' title='bbox 349 3589 488 3643; x_wconf 72' lang='lat' dir='ltr'><strong>cmlo</strong></span> <span class='ocrx_word' id='word_1_277' title='bbox 519 3588 756 3643; x_wconf 88' lang='lat' dir='ltr'><strong>demissa</strong></span> <span class='ocrx_word' id='word_1_278' title='bbox 785 3594 945 3649; x_wconf 89' lang='lat' dir='ltr'><strong>sunt,</strong></span> <span class='ocrx_word' id='word_1_279' title='bbox 979 3599 1211 3655; x_wconf 77' lang='lat' dir='ltr'><strong>quzeqne</strong></span> <span class='ocrx_word' id='word_1_280' title='bbox 1263 3582 1399 3636; x_wconf 89' lang='lat' dir='ltr'><strong>nihil</strong></span> <span class='ocrx_word' id='word_1_281' title='bbox 1448 3580 1647 3635; x_wconf 85' lang='lat' dir='ltr'><strong>habent</strong></span> <span class='ocrx_word' id='word_1_282' title='bbox 1688 3580 1880 3634; x_wconf 87' lang='lat' dir='ltr'><strong>Imma-</strong></span> 
     </span>
    </p>
   </div>
   <div class='ocr_carea' id='block_1_37' title="bbox 260 3672 1882 3752">
    <p class='ocr_par' dir='ltr' id='par_1_37' title="bbox 260 3672 1882 3752">
     <span class='ocr_line' id='line_1_37' title="bbox 260 3672 1882 3752; baseline -0.006 -15"><span class='ocrx_word' id='word_1_283' title='bbox 260 3699 403 3737; x_wconf 87' lang='lat' dir='ltr'><strong>num.</strong></span> <span class='ocrx_word' id='word_1_284' title='bbox 443 3684 562 3752; x_wconf 82' lang='lat' dir='ltr'><strong>Age</strong></span> <span class='ocrx_word' id='word_1_285' title='bbox 592 3695 724 3752; x_wconf 83' lang='lat' dir='ltr'><strong>ergo</strong></span> <span class='ocrx_word' id='word_1_286' title='bbox 748 3722 763 3744; x_wconf 95' lang='lat'><strong>,</strong></span> <span class='ocrx_word' id='word_1_287' title='bbox 794 3678 908 3733; x_wconf 67' lang='lat' dir='ltr'><strong>hazc</strong></span> <span class='ocrx_word' id='word_1_288' title='bbox 941 3678 1080 3734; x_wconf 90' lang='lat' dir='ltr'><strong>dicta</strong></span> <span class='ocrx_word' id='word_1_289' title='bbox 1110 3677 1162 3732; x_wconf 91' lang='lat' dir='ltr'><strong>iu</strong></span> <span class='ocrx_word' id='word_1_290' title='bbox 1198 3675 1434 3731; x_wconf 88' lang='lat' dir='ltr'><strong>medium</strong></span> <span class='ocrx_word' id='word_1_291' title='bbox 1466 3672 1758 3729; x_wconf 74' lang='lat' dir='ltr'><strong>atl‘eramus</strong></span> <span class='ocrx_word' id='word_1_292' title='bbox 1779 3713 1793 3738; x_wconf 91' lang='lat'><strong>,</strong></span> <span class='ocrx_word' id='word_1_293' title='bbox 1826 3680 1882 3728; x_wconf 91' lang='lat' dir='ltr'><strong>et</strong></span> 
     </span>
    </p>
   </div>
   <div class='ocr_carea' id='block_1_38' title="bbox 261 3764 1880 3838">
    <p class='ocr_par' dir='ltr' id='par_1_38' title="bbox 261 3764 1880 3838">
     <span class='ocr_line' id='line_1_38' title="bbox 261 3764 1880 3838; baseline -0.007 -8"><span class='ocrx_word' id='word_1_294' title='bbox 261 3786 315 3831; x_wconf 89' lang='lat' dir='ltr'><strong>ut</strong></span> <span class='ocrx_word' id='word_1_295' title='bbox 337 3777 497 3830; x_wconf 90' lang='lat' dir='ltr'><strong>initio</strong></span> <span class='ocrx_word' id='word_1_296' title='bbox 529 3773 731 3829; x_wconf 87' lang='lat' dir='ltr'><strong>hortati</strong></span> <span class='ocrx_word' id='word_1_297' title='bbox 761 3787 967 3838; x_wconf 90' lang='lat' dir='ltr'><strong>sumus,</strong></span> <span class='ocrx_word' id='word_1_298' title='bbox 996 3771 1157 3826; x_wconf 88' lang='lat' dir='ltr'><strong>dictis</strong></span> <span class='ocrx_word' id='word_1_299' title='bbox 1187 3783 1310 3825; x_wconf 87' lang='lat' dir='ltr'><strong>esse</strong></span> <span class='ocrx_word' id='word_1_300' title='bbox 1336 3765 1746 3830; x_wconf 87' lang='lat' dir='ltr'><strong>attendendum,</strong></span> <span class='ocrx_word' id='word_1_301' title='bbox 1776 3764 1880 3818; x_wconf 71' lang='lat' dir='ltr'><strong>hoc</strong></span> 
     </span>
    </p>
   </div>
   <div class='ocr_carea' id='block_1_39' title="bbox 258 3859 1881 3932">
    <p class='ocr_par' dir='ltr' id='par_1_39' title="bbox 258 3859 1881 3932">
     <span class='ocr_line' id='line_1_39' title="bbox 258 3859 1881 3932; baseline -0.008 -9"><span class='ocrx_word' id='word_1_302' title='bbox 258 3884 400 3923; x_wconf 80' lang='lat' dir='ltr'><strong>nunc</strong></span> <span class='ocrx_word' id='word_1_303' title='bbox 432 3869 634 3923; x_wconf 87' lang='lat' dir='ltr'><strong>iterum</strong></span> <span class='ocrx_word' id='word_1_304' title='bbox 661 3880 965 3920; x_wconf 89' lang='lat' dir='ltr'><strong>monemus.</strong></span> <span class='ocrx_word' id='word_1_305' title='bbox 991 3861 1130 3929; x_wconf 86' lang='lat' dir='ltr'><strong>Quid</strong></span> <span class='ocrx_word' id='word_1_306' title='bbox 1160 3876 1289 3932; x_wconf 83' lang='lat' dir='ltr'><strong>ergo</strong></span> <span class='ocrx_word' id='word_1_307' title='bbox 1310 3861 1461 3915; x_wconf 90' lang='lat' dir='ltr'><strong>initio</strong></span> <span class='ocrx_word' id='word_1_308' title='bbox 1488 3859 1619 3913; x_wconf 88' lang='lat' dir='ltr'><strong>dicit</strong></span> <span class='ocrx_word' id='word_1_309' title='bbox 1648 3864 1881 3927; x_wconf 47' lang='lat' dir='ltr'><strong>evangei</strong></span> 
     </span>
    </p>
   </div>
   <div class='ocr_carea' id='block_1_40' title="bbox 259 3952 1879 4029">
    <p class='ocr_par' dir='ltr' id='par_1_40' title="bbox 259 3952 1879 4029">
     <span class='ocr_line' id='line_1_40' title="bbox 259 3952 1879 4029; baseline -0.007 -12"><span class='ocrx_word' id='word_1_310' title='bbox 259 3962 420 4017; x_wconf 82' lang='lat' dir='ltr'><strong>lista&#39;!</strong></span> <span class='ocrx_word' id='word_1_311' title='bbox 467 3962 521 4017; x_wconf 80' lang='lat' dir='ltr'><strong>l.</strong></span> <span class='ocrx_word' id='word_1_312' title='bbox 572 3958 645 4014; x_wconf 79' lang='lat' dir='ltr'><strong>In</strong></span> <span class='ocrx_word' id='word_1_313' title='bbox 695 3959 946 4029; x_wconf 83' lang='lat' dir='ltr'><strong>principio</strong></span> <span class='ocrx_word' id='word_1_314' title='bbox 976 3966 1084 4012; x_wconf 85' lang='lat' dir='ltr'><strong>erat</strong></span> <span class='ocrx_word' id='word_1_315' title='bbox 1124 3954 1365 4024; x_wconf 80' lang='lat' dir='ltr'><strong>Verbum,</strong></span> <span class='ocrx_word' id='word_1_316' title='bbox 1414 3964 1463 4010; x_wconf 89' lang='lat' dir='ltr'><strong>et</strong></span> <span class='ocrx_word' id='word_1_317' title='bbox 1505 3952 1723 4007; x_wconf 86' lang='lat' dir='ltr'><strong>Verbum</strong></span> <span class='ocrx_word' id='word_1_318' title='bbox 1770 3960 1879 4006; x_wconf 82' lang='lat' dir='ltr'><strong>erat</strong></span> 
     </span>
    </p>
   </div>
   <div class='ocr_carea' id='block_1_41' title="bbox 255 4049 1877 4126">
    <p class='ocr_par' dir='ltr' id='par_1_41' title="bbox 255 4049 1877 4126">
     <span class='ocr_line' id='line_1_41' title="bbox 255 4049 1877 4126; baseline -0.006 -16"><span class='ocrx_word' id='word_1_319' title='bbox 255 4058 391 4126; x_wconf 82' lang='lat' dir='ltr'><strong>apud</strong></span> <span class='ocrx_word' id='word_1_320' title='bbox 418 4055 615 4111; x_wconf 78' lang='lat' dir='ltr'><strong>Deum.</strong></span> <span class='ocrx_word' id='word_1_321' title='bbox 644 4054 899 4110; x_wconf 78' lang='lat' dir='ltr'><strong>Vidistin‘</strong></span> <span class='ocrx_word' id='word_1_322' title='bbox 926 4053 1177 4109; x_wconf 85' lang='lat' dir='ltr'><strong>ilduciam</strong></span> <span class='ocrx_word' id='word_1_323' title='bbox 1204 4060 1260 4106; x_wconf 90' lang='lat' dir='ltr'><strong>et</strong></span> <span class='ocrx_word' id='word_1_324' title='bbox 1304 4051 1410 4106; x_wconf 92' lang='lat' dir='ltr'><strong>vim</strong></span> <span class='ocrx_word' id='word_1_325' title='bbox 1440 4049 1729 4105; x_wconf 86' lang='lat' dir='ltr'><strong>verborum</strong></span> <span class='ocrx_word' id='word_1_326' title='bbox 1762 4064 1877 4103; x_wconf 89' lang='lat' dir='ltr'><strong>ma-</strong></span> 
     </span>
    </p>
   </div>
   <div class='ocr_carea' id='block_1_42' title="bbox 257 4136 1870 4221">
    <p class='ocr_par' dir='ltr' id='par_1_42' title="bbox 257 4136 1870 4221">
     <span class='ocr_line' id='line_1_42' title="bbox 257 4136 1870 4221; baseline -0.007 -13"><span class='ocrx_word' id='word_1_327' title='bbox 257 4151 502 4208; x_wconf 75' lang='lat' dir='ltr'><strong>ximam?</strong></span> <span class='ocrx_word' id='word_1_328' title='bbox 544 4147 823 4221; x_wconf 87' lang='lat' dir='ltr'><strong>quomodo</strong></span> <span class='ocrx_word' id='word_1_329' title='bbox 865 4136 997 4203; x_wconf 86' lang='lat' dir='ltr'><strong>nihil</strong></span> <span class='ocrx_word' id='word_1_330' title='bbox 1041 4145 1333 4210; x_wconf 81' lang='lat' dir='ltr'><strong>dubitans,</strong></span> <span class='ocrx_word' id='word_1_331' title='bbox 1369 4143 1501 4197; x_wconf 89' lang='lat' dir='ltr'><strong>nihil</strong></span> <span class='ocrx_word' id='word_1_332' title='bbox 1546 4142 1870 4211; x_wconf 89' lang='lat' dir='ltr'><strong>conjiciens,</strong></span> 
     </span>
    </p>
   </div>
   <div class='ocr_carea' id='block_1_43' title="bbox 252 4236 1872 4309">
    <p class='ocr_par' dir='ltr' id='par_1_43' title="bbox 252 4236 1872 4309">
     <span class='ocr_line' id='line_1_43' title="bbox 252 4236 1872 4309; baseline -0.009 -8"><span class='ocrx_word' id='word_1_333' title='bbox 252 4247 341 4302; x_wconf 85' lang='lat' dir='ltr'><strong>sed</strong></span> <span class='ocrx_word' id='word_1_334' title='bbox 374 4246 562 4300; x_wconf 87' lang='lat' dir='ltr'><strong>omnia</strong></span> <span class='ocrx_word' id='word_1_335' title='bbox 593 4242 915 4297; x_wconf 79' lang='lat' dir='ltr'><strong>aitirmantis</strong></span> <span class='ocrx_word' id='word_1_336' title='bbox 959 4255 1111 4295; x_wconf 88' lang='lat' dir='ltr'><strong>more</strong></span> <span class='ocrx_word' id='word_1_337' title='bbox 1142 4236 1435 4309; x_wconf 88' lang='lat' dir='ltr'><strong>loqttatnr?</strong></span> <span class='ocrx_word' id='word_1_338' title='bbox 1464 4236 1576 4291; x_wconf 91' lang='lat' dir='ltr'><strong>lloc</strong></span> <span class='ocrx_word' id='word_1_339' title='bbox 1610 4244 1695 4289; x_wconf 88' lang='lat' dir='ltr'><strong>est</strong></span> <span class='ocrx_word' id='word_1_340' title='bbox 1728 4237 1872 4289; x_wconf 91' lang='lat' dir='ltr'><strong>enim</strong></span> 
     </span>
    </p>
   </div>
   <div class='ocr_carea' id='block_1_44' title="bbox 251 4328 1873 4403">
    <p class='ocr_par' dir='ltr' id='par_1_44' title="bbox 251 4328 1873 4403">
     <span class='ocr_line' id='line_1_44' title="bbox 251 4328 1873 4403; baseline -0.007 -8"><span class='ocrx_word' id='word_1_341' title='bbox 251 4340 488 4395; x_wconf 83' lang='lat' dir='ltr'><strong>doctoris</strong></span> <span class='ocrx_word' id='word_1_342' title='bbox 509 4381 525 4403; x_wconf 92' lang='lat'><strong>,</strong></span> <span class='ocrx_word' id='word_1_343' title='bbox 565 4353 678 4393; x_wconf 89' lang='lat' dir='ltr'><strong>non</strong></span> <span class='ocrx_word' id='word_1_344' title='bbox 705 4336 961 4392; x_wconf 88' lang='lat' dir='ltr'><strong>vacillare</strong></span> <span class='ocrx_word' id='word_1_345' title='bbox 991 4335 1044 4389; x_wconf 92' lang='lat' dir='ltr'><strong>in</strong></span> <span class='ocrx_word' id='word_1_346' title='bbox 1075 4334 1141 4388; x_wconf 88' lang='lat' dir='ltr'><strong>iis</strong></span> <span class='ocrx_word' id='word_1_347' title='bbox 1172 4350 1291 4402; x_wconf 71' lang='lat' dir='ltr'><strong>qua!</strong></span> <span class='ocrx_word' id='word_1_348' title='bbox 1332 4332 1552 4402; x_wconf 77' lang='lat' dir='ltr'><strong>profert.</strong></span> <span class='ocrx_word' id='word_1_349' title='bbox 1589 4330 1721 4384; x_wconf 85' lang='lat' dir='ltr'><strong>Nam</strong></span> <span class='ocrx_word' id='word_1_350' title='bbox 1750 4330 1792 4384; x_wconf 90' lang='lat' dir='ltr'><strong>si</strong></span> <span class='ocrx_word' id='word_1_351' title='bbox 1827 4328 1873 4383; x_wconf 88' lang='lat' dir='ltr'><strong>is</strong></span> 
     </span>
    </p>
   </div>
   <div class='ocr_carea' id='block_1_45' title="bbox 249 4425 1871 4506">
    <p class='ocr_par' dir='ltr' id='par_1_45' title="bbox 249 4425 1871 4506">
     <span class='ocr_line' id='line_1_45' title="bbox 249 4425 1871 4506; baseline -0.007 -16"><span class='ocrx_word' id='word_1_352' title='bbox 249 4437 334 4506; x_wconf 92' lang='lat' dir='ltr'><strong>qui</strong></span> <span class='ocrx_word' id='word_1_353' title='bbox 365 4435 506 4489; x_wconf 90' lang='lat' dir='ltr'><strong>alios</strong></span> <span class='ocrx_word' id='word_1_354' title='bbox 541 4432 817 4496; x_wconf 89' lang='lat' dir='ltr'><strong>instituit,</strong></span> <span class='ocrx_word' id='word_1_355' title='bbox 845 4430 1014 4486; x_wconf 84' lang='lat' dir='ltr'><strong>altero</strong></span> <span class='ocrx_word' id='word_1_356' title='bbox 1040 4442 1176 4497; x_wconf 88' lang='lat' dir='ltr'><strong>opus</strong></span> <span class='ocrx_word' id='word_1_357' title='bbox 1210 4427 1440 4493; x_wconf 88' lang='lat' dir='ltr'><strong>habeat,</strong></span> <span class='ocrx_word' id='word_1_358' title='bbox 1474 4426 1563 4497; x_wconf 84' lang='lat' dir='ltr'><strong>qui</strong></span> <span class='ocrx_word' id='word_1_359' title='bbox 1595 4425 1735 4481; x_wconf 90' lang='lat' dir='ltr'><strong>dicta</strong></span> <span class='ocrx_word' id='word_1_360' title='bbox 1774 4436 1871 4478; x_wconf 79' lang='lat' dir='ltr'><strong>sua</strong></span> 
     </span>
    </p>
   </div>
   <div class='ocr_carea' id='block_1_46' title="bbox 248 4517 1868 4594">
    <p class='ocr_par' dir='ltr' id='par_1_46' title="bbox 248 4517 1868 4594">
     <span class='ocr_line' id='line_1_46' title="bbox 248 4517 1868 4594; baseline -0.007 -12"><span class='ocrx_word' id='word_1_361' title='bbox 248 4526 579 4582; x_wconf 85' lang='lat' dir='ltr'><strong>confirmare</strong></span> <span class='ocrx_word' id='word_1_362' title='bbox 612 4524 781 4594; x_wconf 81' lang='lat' dir='ltr'><strong>possit</strong></span> <span class='ocrx_word' id='word_1_363' title='bbox 807 4565 820 4587; x_wconf 93' lang='lat'><strong>,</strong></span> <span class='ocrx_word' id='word_1_364' title='bbox 852 4538 957 4576; x_wconf 89' lang='lat' dir='ltr'><strong>non</strong></span> <span class='ocrx_word' id='word_1_365' title='bbox 1004 4520 1286 4575; x_wconf 85' lang='lat' dir='ltr'><strong>doctorum</strong></span> <span class='ocrx_word' id='word_1_366' title='bbox 1308 4561 1323 4582; x_wconf 88' lang='lat'><strong>,</strong></span> <span class='ocrx_word' id='word_1_367' title='bbox 1354 4518 1450 4573; x_wconf 86' lang='lat' dir='ltr'><strong>sed</strong></span> <span class='ocrx_word' id='word_1_368' title='bbox 1481 4517 1868 4585; x_wconf 88' lang='lat' dir='ltr'><strong>discipulorum</strong></span> 
     </span>
    </p>
   </div>
   <div class='ocr_carea' id='block_1_47' title="bbox 247 4611 1869 4690">
    <p class='ocr_par' dir='ltr' id='par_1_47' title="bbox 247 4611 1869 4690">
     <span class='ocr_line' id='line_1_47' title="bbox 247 4611 1869 4690; baseline -0.007 -15"><span class='ocrx_word' id='word_1_369' title='bbox 247 4622 488 4677; x_wconf 87' lang='lat' dir='ltr'><strong>ordinem</strong></span> <span class='ocrx_word' id='word_1_370' title='bbox 510 4621 640 4690; x_wconf 89' lang='lat' dir='ltr'><strong>jure</strong></span> <span class='ocrx_word' id='word_1_371' title='bbox 663 4616 922 4673; x_wconf 85' lang='lat' dir='ltr'><strong>obtineat.</strong></span> <span class='ocrx_word' id='word_1_372' title='bbox 943 4616 1000 4672; x_wconf 91' lang='lat' dir='ltr'><strong>Si</strong></span> <span class='ocrx_word' id='word_1_373' title='bbox 1027 4616 1149 4686; x_wconf 88' lang='lat' dir='ltr'><strong>quis</strong></span> <span class='ocrx_word' id='word_1_374' title='bbox 1172 4630 1301 4669; x_wconf 76' lang='lat' dir='ltr'><strong>vero</strong></span> <span class='ocrx_word' id='word_1_375' title='bbox 1331 4613 1548 4677; x_wconf 79' lang='lat' dir='ltr'><strong>dixerit,</strong></span> <span class='ocrx_word' id='word_1_376' title='bbox 1566 4612 1676 4667; x_wconf 89' lang='lat' dir='ltr'><strong>Cur</strong></span> <span class='ocrx_word' id='word_1_377' title='bbox 1698 4611 1869 4680; x_wconf 88' lang='lat' dir='ltr'><strong>prima</strong></span> 
     </span>
    </p>
   </div>
   <div class='ocr_carea' id='block_1_48' title="bbox 245 4702 1871 4777">
    <p class='ocr_par' dir='ltr' id='par_1_48' title="bbox 245 4702 1871 4777">
     <span class='ocr_line' id='line_1_48' title="bbox 245 4702 1871 4777; baseline -0.006 -9"><span class='ocrx_word' id='word_1_378' title='bbox 245 4715 438 4768; x_wconf 89' lang='lat' dir='ltr'><strong>omissa</strong></span> <span class='ocrx_word' id='word_1_379' title='bbox 469 4728 664 4777; x_wconf 86' lang='lat' dir='ltr'><strong>causa,</strong></span> <span class='ocrx_word' id='word_1_380' title='bbox 698 4710 876 4765; x_wconf 89' lang='lat' dir='ltr'><strong>statim</strong></span> <span class='ocrx_word' id='word_1_381' title='bbox 920 4708 1075 4763; x_wconf 90' lang='lat' dir='ltr'><strong>nobis</strong></span> <span class='ocrx_word' id='word_1_382' title='bbox 1102 4708 1170 4762; x_wconf 91' lang='lat' dir='ltr'><strong>de</strong></span> <span class='ocrx_word' id='word_1_383' title='bbox 1203 4706 1438 4763; x_wconf 88' lang='lat' dir='ltr'><strong>secunda</strong></span> <span class='ocrx_word' id='word_1_384' title='bbox 1467 4702 1728 4760; x_wconf 83' lang='lat' dir='ltr'><strong>disserit?</strong></span> <span class='ocrx_word' id='word_1_385' title='bbox 1760 4704 1871 4774; x_wconf 80' lang='lat' dir='ltr'><strong>pri-</strong></span> 
     </span>
    </p>
   </div>
   <div class='ocr_carea' id='block_1_49' title="bbox 247 4798 1867 4863">
    <p class='ocr_par' dir='ltr' id='par_1_49' title="bbox 247 4798 1867 4863">
     <span class='ocr_line' id='line_1_49' title="bbox 247 4798 1867 4863; baseline -0.005 -2"><span class='ocrx_word' id='word_1_386' title='bbox 247 4824 383 4861; x_wconf 88' lang='lat' dir='ltr'><strong>mum</strong></span> <span class='ocrx_word' id='word_1_387' title='bbox 414 4817 471 4863; x_wconf 90' lang='lat' dir='ltr'><strong>et</strong></span> <span class='ocrx_word' id='word_1_388' title='bbox 500 4804 809 4862; x_wconf 86' lang='lat' dir='ltr'><strong>secundum</strong></span> <span class='ocrx_word' id='word_1_389' title='bbox 840 4804 926 4859; x_wconf 90' lang='lat' dir='ltr'><strong>hic</strong></span> <span class='ocrx_word' id='word_1_390' title='bbox 950 4803 1134 4858; x_wconf 91' lang='lat' dir='ltr'><strong>dicere</strong></span> <span class='ocrx_word' id='word_1_391' title='bbox 1162 4800 1536 4857; x_wconf 87' lang='lat' dir='ltr'><strong>rccusabimus</strong></span> <span class='ocrx_word' id='word_1_392' title='bbox 1570 4818 1583 4853; x_wconf 91' lang='lat'><strong>:</strong></span> <span class='ocrx_word' id='word_1_393' title='bbox 1613 4798 1867 4854; x_wconf 70' lang='lat' dir='ltr'><strong>divinitas</strong></span> 
     </span>
    </p>
   </div>
   <div class='ocr_carea' id='block_1_50' title="bbox 244 4894 1869 4968">
    <p class='ocr_par' dir='ltr' id='par_1_50' title="bbox 244 4894 1869 4968">
     <span class='ocr_line' id='line_1_50' title="bbox 244 4894 1869 4968; baseline -0.003 -11"><span class='ocrx_word' id='word_1_394' title='bbox 244 4906 376 4957; x_wconf 87' lang='lat' dir='ltr'><strong>cnim</strong></span> <span class='ocrx_word' id='word_1_395' title='bbox 410 4912 465 4958; x_wconf 89' lang='lat' dir='ltr'><strong>ct</strong></span> <span class='ocrx_word' id='word_1_396' title='bbox 496 4914 733 4956; x_wconf 89' lang='lat' dir='ltr'><strong>numero</strong></span> <span class='ocrx_word' id='word_1_397' title='bbox 765 4909 816 4956; x_wconf 60' lang='grc' dir='ltr'>δι</span> <span class='ocrx_word' id='word_1_398' title='bbox 842 4908 1144 4968; x_wconf 88' lang='lat' dir='ltr'><strong>temporum</strong></span> <span class='ocrx_word' id='word_1_399' title='bbox 1187 4895 1574 4968; x_wconf 86' lang='lat' dir='ltr'><strong>consequentia</strong></span> <span class='ocrx_word' id='word_1_400' title='bbox 1618 4894 1869 4964; x_wconf 79' lang='lat' dir='ltr'><strong>superior</strong></span> 
     </span>
    </p>
   </div>
   <div class='ocr_carea' id='block_1_51' title="bbox 243 4988 1864 5066">
    <p class='ocr_par' dir='ltr' id='par_1_51' title="bbox 243 4988 1864 5066">
     <span class='ocr_line' id='line_1_51' title="bbox 243 4988 1864 5066; baseline -0.004 -18"><span class='ocrx_word' id='word_1_401' title='bbox 243 5007 334 5051; x_wconf 71' lang='lat' dir='ltr'><strong>est.</strong></span> <span class='ocrx_word' id='word_1_402' title='bbox 370 4996 618 5066; x_wconf 86' lang='lat' dir='ltr'><strong>Ideoque</strong></span> <span class='ocrx_word' id='word_1_403' title='bbox 663 4993 745 5048; x_wconf 82' lang='lat' dir='ltr'><strong>his</strong></span> <span class='ocrx_word' id='word_1_404' title='bbox 786 4991 1110 5063; x_wconf 84' lang='lat' dir='ltr'><strong>repudiatis,</strong></span> <span class='ocrx_word' id='word_1_405' title='bbox 1159 4990 1371 5045; x_wconf 88' lang='lat' dir='ltr'><strong>Patrem</strong></span> <span class='ocrx_word' id='word_1_406' title='bbox 1420 4988 1745 5044; x_wconf 73' lang='lat' dir='ltr'><strong>confitemur</strong></span> <span class='ocrx_word' id='word_1_407' title='bbox 1790 5000 1864 5042; x_wconf 77' lang='lat' dir='ltr'><strong>ex</strong></span> 
     </span>
    </p>
   </div>
   <div class='ocr_carea' id='block_1_52' title="bbox 244 5086 1430 5156">
    <p class='ocr_par' dir='ltr' id='par_1_52' title="bbox 244 5086 1430 5156">
     <span class='ocr_line' id='line_1_52' title="bbox 244 5086 1430 5156; baseline -0.002 -15"><span class='ocrx_word' id='word_1_408' title='bbox 244 5090 380 5142; x_wconf 80' lang='lat' dir='ltr'><strong>nullo</strong></span> <span class='ocrx_word' id='word_1_409' title='bbox 414 5104 567 5151; x_wconf 89' lang='lat' dir='ltr'><strong>esse,</strong></span> <span class='ocrx_word' id='word_1_410' title='bbox 606 5088 909 5156; x_wconf 84' lang='lat' dir='ltr'><strong>Filinmque</strong></span> <span class='ocrx_word' id='word_1_411' title='bbox 935 5102 1001 5140; x_wconf 71' lang='grc' dir='ltr'><strong>ιιι</strong></span> <span class='ocrx_word' id='word_1_412' title='bbox 1034 5086 1193 5140; x_wconf 89' lang='lat' dir='ltr'><strong>Patre</strong></span> <span class='ocrx_word' id='word_1_413' title='bbox 1223 5093 1430 5139; x_wconf 89' lang='lat' dir='ltr'><strong>natum.</strong></span> 
     </span>
    </p>
   </div>
   <div class='ocr_carea' id='block_1_53' title="bbox 304 5174 1859 5244">
    <p class='ocr_par' dir='ltr' id='par_1_53' title="bbox 304 5174 1859 5244">
     <span class='ocr_line' id='line_1_53' title="bbox 304 5174 1859 5244; baseline -0.006 -7"><span class='ocrx_word' id='word_1_414' title='bbox 304 5185 356 5237; x_wconf 74' lang='grc'><strong>4.</strong></span> <span class='ocrx_word' id='word_1_415' title='bbox 400 5182 509 5237; x_wconf 84' lang='lat' dir='ltr'><strong>Cur</strong></span> <span class='ocrx_word' id='word_1_416' title='bbox 541 5180 799 5244; x_wconf 84' lang='lat' dir='ltr'><strong>Joannes,</strong></span> <span class='ocrx_word' id='word_1_417' title='bbox 839 5180 1015 5233; x_wconf 78' lang='lat' dir='ltr'><strong>relicto</strong></span> <span class='ocrx_word' id='word_1_418' title='bbox 1072 5176 1269 5241; x_wconf 79' lang='lat' dir='ltr'><strong>Patre,</strong></span> <span class='ocrx_word' id='word_1_419' title='bbox 1321 5177 1385 5230; x_wconf 85' lang='lat' dir='ltr'><strong>de</strong></span> <span class='ocrx_word' id='word_1_420' title='bbox 1430 5174 1570 5231; x_wconf 81' lang='lat' dir='ltr'><strong>Filio</strong></span> <span class='ocrx_word' id='word_1_421' title='bbox 1620 5176 1859 5229; x_wconf 80' lang='lat' dir='ltr'><strong>disserat.</strong></span> 
     </span>
    </p>
   </div>
   <div class='ocr_carea' id='block_1_54' title="bbox 246 5268 1864 5342">
    <p class='ocr_par' dir='ltr' id='par_1_54' title="bbox 246 5268 1864 5342">
     <span class='ocr_line' id='line_1_54' title="bbox 246 5268 1864 5342; baseline -0.005 -16"><span class='ocrx_word' id='word_1_422' title='bbox 246 5272 619 5328; x_wconf 66' lang='lat' dir='ltr'><strong>Describuntur</strong></span> <span class='ocrx_word' id='word_1_423' title='bbox 665 5272 920 5342; x_wconf 78' lang='lat' dir='ltr'><strong>sapientia</strong></span> <span class='ocrx_word' id='word_1_424' title='bbox 985 5280 1032 5325; x_wconf 86' lang='lat' dir='ltr'><strong>et</strong></span> <span class='ocrx_word' id='word_1_425' title='bbox 1084 5270 1373 5324; x_wconf 76' lang='lat' dir='ltr'><strong>sublimitas</strong></span> <span class='ocrx_word' id='word_1_426' title='bbox 1419 5268 1760 5339; x_wconf 78' lang='lat' dir='ltr'><strong>evangelistte.</strong></span> <span class='ocrx_word' id='word_1_427' title='bbox 1790 5295 1864 5307; x_wconf 90' lang='lat'><strong>—-</strong></span> 
     </span>
    </p>
   </div>
   <div class='ocr_carea' id='block_1_55' title="bbox 246 5358 1861 5439">
    <p class='ocr_par' dir='ltr' id='par_1_55' title="bbox 246 5358 1861 5439">
     <span class='ocr_line' id='line_1_55' title="bbox 246 5358 1861 5439; baseline -0.003 -18"><span class='ocrx_word' id='word_1_428' title='bbox 246 5367 421 5435; x_wconf 76' lang='lat' dir='ltr'><strong>Recte,</strong></span> <span class='ocrx_word' id='word_1_429' title='bbox 458 5368 682 5439; x_wconf 85' lang='lat' dir='ltr'><strong>inquies</strong></span> <span class='ocrx_word' id='word_1_430' title='bbox 714 5384 727 5418; x_wconf 91' lang='lat'><strong>:</strong></span> <span class='ocrx_word' id='word_1_431' title='bbox 761 5382 945 5420; x_wconf 86' lang='lat' dir='ltr'><strong>verum</strong></span> <span class='ocrx_word' id='word_1_432' title='bbox 978 5381 1075 5421; x_wconf 89' lang='lat' dir='ltr'><strong>Cltl&#39;</strong></span> <span class='ocrx_word' id='word_1_433' title='bbox 1119 5366 1313 5421; x_wconf 84' lang='lat' dir='ltr'><strong>relicto</strong></span> <span class='ocrx_word' id='word_1_434' title='bbox 1364 5365 1546 5429; x_wconf 82' lang='lat' dir='ltr'><strong>Patre,</strong></span> <span class='ocrx_word' id='word_1_435' title='bbox 1576 5358 1667 5419; x_wconf 57' lang='lat' dir='ltr'><strong>‘(le</strong></span> <span class='ocrx_word' id='word_1_436' title='bbox 1726 5363 1861 5418; x_wconf 79' lang='lat' dir='ltr'><strong>Filio</strong></span> 
     </span>
    </p>
   </div>
   <div class='ocr_carea' id='block_1_56' title="bbox 242 5457 1862 5530">
    <p class='ocr_par' dir='ltr' id='par_1_56' title="bbox 242 5457 1862 5530">
     <span class='ocr_line' id='line_1_56' title="bbox 242 5457 1862 5530; baseline -0.001 -18"><span class='ocrx_word' id='word_1_437' title='bbox 242 5460 489 5515; x_wconf 84' lang='lat' dir='ltr'><strong>disserit?</strong></span> <span class='ocrx_word' id='word_1_438' title='bbox 528 5461 672 5529; x_wconf 86' lang='lat' dir='ltr'><strong>Quia</strong></span> <span class='ocrx_word' id='word_1_439' title='bbox 704 5458 797 5513; x_wconf 88' lang='lat' dir='ltr'><strong>ille</strong></span> <span class='ocrx_word' id='word_1_440' title='bbox 829 5459 1077 5530; x_wconf 77' lang='lat' dir='ltr'><strong>cognitus</strong></span> <span class='ocrx_word' id='word_1_441' title='bbox 1103 5457 1356 5511; x_wconf 92' lang='lat' dir='ltr'><strong>omnibus</strong></span> <span class='ocrx_word' id='word_1_442' title='bbox 1384 5465 1523 5520; x_wconf 88' lang='lat' dir='ltr'><strong>erat,</strong></span> <span class='ocrx_word' id='word_1_443' title='bbox 1568 5457 1611 5510; x_wconf 91' lang='lat' dir='ltr'><strong>si</strong></span> <span class='ocrx_word' id='word_1_444' title='bbox 1652 5471 1757 5509; x_wconf 91' lang='lat' dir='ltr'><strong>non</strong></span> <span class='ocrx_word' id='word_1_445' title='bbox 1802 5464 1862 5511; x_wconf 90' lang='lat' dir='ltr'><strong>ut</strong></span> 
     </span>
    </p>
   </div>
   <div class='ocr_carea' id='block_1_57' title="bbox 247 5548 1853 5619">
    <p class='ocr_par' dir='ltr' id='par_1_57' title="bbox 247 5548 1853 5619">
     <span class='ocr_line' id='line_1_57' title="bbox 247 5548 1853 5619; baseline -0.004 -14"><span class='ocrx_word' id='word_1_446' title='bbox 247 5552 410 5617; x_wconf 79' lang='lat' dir='ltr'><strong>Pater,</strong></span> <span class='ocrx_word' id='word_1_447' title='bbox 441 5552 645 5608; x_wconf 81' lang='lat' dir='ltr'><strong>saltem</strong></span> <span class='ocrx_word' id='word_1_448' title='bbox 677 5561 735 5606; x_wconf 93' lang='lat' dir='ltr'><strong>ut</strong></span> <span class='ocrx_word' id='word_1_449' title='bbox 761 5551 901 5605; x_wconf 90' lang='lat' dir='ltr'><strong>Deus</strong></span> <span class='ocrx_word' id='word_1_450' title='bbox 936 5568 948 5601; x_wconf 88' lang='lat'><strong>:</strong></span> <span class='ocrx_word' id='word_1_451' title='bbox 983 5549 1303 5619; x_wconf 82' lang='lat' dir='ltr'><strong>Unigenitus</strong></span> <span class='ocrx_word' id='word_1_452' title='bbox 1323 5564 1453 5604; x_wconf 89' lang='lat' dir='ltr'><strong>vero</strong></span> <span class='ocrx_word' id='word_1_453' title='bbox 1487 5548 1853 5619; x_wconf 77' lang='lat' dir='ltr'><strong>ignorabatur.</strong></span> 
     </span>
    </p>
   </div>
   <div class='ocr_carea' id='block_1_58' title="bbox 247 5640 1857 5715">
    <p class='ocr_par' dir='ltr' id='par_1_58' title="bbox 247 5640 1857 5715">
     <span class='ocr_line' id='line_1_58' title="bbox 247 5640 1857 5715; baseline -0.001 -17"><span class='ocrx_word' id='word_1_454' title='bbox 247 5642 466 5711; x_wconf 87' lang='lat' dir='ltr'><strong>Ideoque</strong></span> <span class='ocrx_word' id='word_1_455' title='bbox 497 5646 627 5715; x_wconf 86' lang='lat' dir='ltr'><strong>jure</strong></span> <span class='ocrx_word' id='word_1_456' title='bbox 658 5659 687 5699; x_wconf 87' lang='lat' dir='ltr'><strong>a</strong></span> <span class='ocrx_word' id='word_1_457' title='bbox 722 5642 987 5714; x_wconf 88' lang='lat' dir='ltr'><strong>principio</strong></span> <span class='ocrx_word' id='word_1_458' title='bbox 1017 5643 1198 5698; x_wconf 87' lang='lat' dir='ltr'><strong>statim</strong></span> <span class='ocrx_word' id='word_1_459' title='bbox 1229 5641 1345 5711; x_wconf 89' lang='lat' dir='ltr'><strong>ejus</strong></span> <span class='ocrx_word' id='word_1_460' title='bbox 1378 5640 1623 5696; x_wconf 86' lang='lat' dir='ltr'><strong>notitiam</strong></span> <span class='ocrx_word' id='word_1_461' title='bbox 1673 5640 1857 5697; x_wconf 87' lang='lat' dir='ltr'><strong>indere</strong></span> 
     </span>
    </p>
   </div>
   <div class='ocr_carea' id='block_1_59' title="bbox 298 5800 1789 5865">
    <p class='ocr_par' dir='ltr' id='par_1_59' title="bbox 298 5800 1789 5865">
     <span class='ocr_line' id='line_1_59' title="bbox 298 5800 1789 5865; baseline 0 -14"><span class='ocrx_word' id='word_1_462' title='bbox 298 5802 374 5865; x_wconf 76' lang='grc' dir='ltr'><strong>(η)</strong></span> <span class='ocrx_word' id='word_1_463' title='bbox 404 5814 522 5860; x_wconf 65' lang='lat' dir='ltr'><strong>Quae</strong></span> <span class='ocrx_word' id='word_1_464' title='bbox 549 5802 750 5853; x_wconf 82' lang='lat' dir='ltr'><strong>uncinis</strong></span> <span class='ocrx_word' id='word_1_465' title='bbox 768 5801 1074 5863; x_wconf 72' lang='lat' dir='ltr'><strong>clauduntur,</strong></span> <span class='ocrx_word' id='word_1_466' title='bbox 1102 5801 1242 5850; x_wconf 68' lang='lat' dir='ltr'><strong>Satil.</strong></span> <span class='ocrx_word' id='word_1_467' title='bbox 1273 5802 1321 5852; x_wconf 85' lang='lat' dir='ltr'><strong>iu</strong></span> <span class='ocrx_word' id='word_1_468' title='bbox 1356 5800 1581 5863; x_wconf 65' lang='lat' dir='ltr'><strong>margine</strong></span> <span class='ocrx_word' id='word_1_469' title='bbox 1602 5804 1789 5858; x_wconf 64' lang='lat' dir='ltr'><strong>tto—su&quot;.</strong></span> 
     </span>
    </p>
   </div>
   <div class='ocr_carea' id='block_1_60' title="bbox 2028 412 3651 500">
    <p class='ocr_par' dir='ltr' id='par_1_60' title="bbox 2028 412 3651 500">
     <span class='ocr_line' id='line_1_60' title="bbox 2028 412 3651 500; baseline 0.013 -31"><span class='ocrx_word' id='word_1_470' title='bbox 2028 412 2248 473; x_wconf 81' lang='lat' dir='ltr'><strong>festinat</strong></span> <span class='ocrx_word' id='word_1_471' title='bbox 2290 417 2355 473; x_wconf 87' lang='lat' dir='ltr'><strong>iis</strong></span> <span class='ocrx_word' id='word_1_472' title='bbox 2397 418 2489 489; x_wconf 91' lang='lat' dir='ltr'><strong>qui</strong></span> <span class='ocrx_word' id='word_1_473' title='bbox 2530 418 2705 489; x_wconf 83' lang='lat' dir='ltr'><strong>ipsum</strong></span> <span class='ocrx_word' id='word_1_474' title='bbox 2755 435 2873 476; x_wconf 87' lang='lat' dir='ltr'><strong>non</strong></span> <span class='ocrx_word' id='word_1_475' title='bbox 2915 432 3201 480; x_wconf 64' lang='lat' dir='ltr'><strong>uos-crant.</strong></span> <span class='ocrx_word' id='word_1_476' title='bbox 3230 426 3485 500; x_wconf 78' lang='lat' dir='ltr'><strong>Alioquin</strong></span> <span class='ocrx_word' id='word_1_477' title='bbox 3518 442 3651 491; x_wconf 78' lang='lat' dir='ltr'><strong>vero</strong></span> 
     </span>
    </p>
   </div>
   <div class='ocr_carea' id='block_1_61' title="bbox 2024 508 3648 595">
    <p class='ocr_par' dir='ltr' id='par_1_61' title="bbox 2024 508 3648 595">
     <span class='ocr_line' id='line_1_61' title="bbox 2024 508 3648 595; baseline 0.01 -31"><span class='ocrx_word' id='word_1_478' title='bbox 2024 508 2241 565; x_wconf 88' lang='lat' dir='ltr'><strong>Patrem</strong></span> <span class='ocrx_word' id='word_1_479' title='bbox 2273 510 2325 566; x_wconf 92' lang='lat' dir='ltr'><strong>in</strong></span> <span class='ocrx_word' id='word_1_480' title='bbox 2350 509 2456 566; x_wconf 90' lang='lat' dir='ltr'><strong>hoc</strong></span> <span class='ocrx_word' id='word_1_481' title='bbox 2482 526 2738 568; x_wconf 89' lang='lat' dir='ltr'><strong>sermone</strong></span> <span class='ocrx_word' id='word_1_482' title='bbox 2763 528 2873 568; x_wconf 92' lang='lat' dir='ltr'><strong>non</strong></span> <span class='ocrx_word' id='word_1_483' title='bbox 2906 516 3093 572; x_wconf 84' lang='lat' dir='ltr'><strong>tacuit.</strong></span> <span class='ocrx_word' id='word_1_484' title='bbox 3124 519 3203 574; x_wconf 81' lang='lat' dir='ltr'><strong>Ac</strong></span> <span class='ocrx_word' id='word_1_485' title='bbox 3231 518 3352 577; x_wconf 84' lang='lat' dir='ltr'><strong>vide</strong></span> <span class='ocrx_word' id='word_1_486' title='bbox 3374 522 3507 578; x_wconf 88' lang='lat' dir='ltr'><strong>mihi</strong></span> <span class='ocrx_word' id='word_1_487' title='bbox 3532 524 3648 595; x_wconf 85' lang='lat' dir='ltr'><strong>spi-</strong></span> 
     </span>
    </p>
   </div>
   <div class='ocr_carea' id='block_1_62' title="bbox 2021 599 3648 681">
    <p class='ocr_par' dir='ltr' id='par_1_62' title="bbox 2021 599 3648 681">
     <span class='ocr_line' id='line_1_62' title="bbox 2021 599 3648 681; baseline 0.011 -26"><span class='ocrx_word' id='word_1_488' title='bbox 2021 599 2270 657; x_wconf 89' lang='lat' dir='ltr'><strong>ritualem</strong></span> <span class='ocrx_word' id='word_1_489' title='bbox 2302 602 2666 673; x_wconf 90' lang='lat' dir='ltr'><strong>prudentiam.</strong></span> <span class='ocrx_word' id='word_1_490' title='bbox 2699 604 2859 662; x_wconf 82' lang='lat' dir='ltr'><strong>Novit</strong></span> <span class='ocrx_word' id='word_1_491' title='bbox 2889 606 3138 666; x_wconf 85' lang='lat' dir='ltr'><strong>homines</strong></span> <span class='ocrx_word' id='word_1_492' title='bbox 3154 610 3269 681; x_wconf 85' lang='lat' dir='ltr'><strong>jam</strong></span> <span class='ocrx_word' id='word_1_493' title='bbox 3295 612 3424 669; x_wconf 91' lang='lat' dir='ltr'><strong>olim</strong></span> <span class='ocrx_word' id='word_1_494' title='bbox 3445 623 3648 672; x_wconf 75' lang='lat' dir='ltr'><strong>etanta</strong></span> 
     </span>
    </p>
   </div>
   <div class='ocr_carea' id='block_1_63' title="bbox 2020 696 3654 771">
    <p class='ocr_par' dir='ltr' id='par_1_63' title="bbox 2020 696 3654 771">
     <span class='ocr_line' id='line_1_63' title="bbox 2020 696 3654 771; baseline 0.01 -23"><span class='ocrx_word' id='word_1_495' title='bbox 2020 696 2201 749; x_wconf 87' lang='lat' dir='ltr'><strong>omnia</strong></span> <span class='ocrx_word' id='word_1_496' title='bbox 2240 696 2408 771; x_wconf 85' lang='lat' dir='ltr'><strong>Deum</strong></span> <span class='ocrx_word' id='word_1_497' title='bbox 2447 713 2558 767; x_wconf 66' lang='lat' dir='ltr'><strong>prie</strong></span> <span class='ocrx_word' id='word_1_498' title='bbox 2588 699 2842 754; x_wconf 88' lang='lat' dir='ltr'><strong>omnibus</strong></span> <span class='ocrx_word' id='word_1_499' title='bbox 2870 700 3059 757; x_wconf 84' lang='lat' dir='ltr'><strong>colere</strong></span> <span class='ocrx_word' id='word_1_500' title='bbox 3096 712 3153 758; x_wconf 90' lang='lat' dir='ltr'><strong>et</strong></span> <span class='ocrx_word' id='word_1_501' title='bbox 3198 719 3465 763; x_wconf 88' lang='lat' dir='ltr'><strong>asserere.</strong></span> <span class='ocrx_word' id='word_1_502' title='bbox 3513 706 3654 765; x_wconf 78' lang='lat' dir='ltr'><strong>ldeo</strong></span> 
     </span>
    </p>
   </div>
   <div class='ocr_carea' id='block_1_64' title="bbox 2021 784 3645 863">
    <p class='ocr_par' dir='ltr' id='par_1_64' title="bbox 2021 784 3645 863">
     <span class='ocr_line' id='line_1_64' title="bbox 2021 784 3645 863; baseline 0.012 -25"><span class='ocrx_word' id='word_1_503' title='bbox 2021 784 2147 840; x_wconf 93' lang='lat' dir='ltr'><strong>inde</strong></span> <span class='ocrx_word' id='word_1_504' title='bbox 2180 787 2504 856; x_wconf 88' lang='lat' dir='ltr'><strong>principium</strong></span> <span class='ocrx_word' id='word_1_505' title='bbox 2547 789 2694 856; x_wconf 85' lang='lat' dir='ltr'><strong>fecit,</strong></span> <span class='ocrx_word' id='word_1_506' title='bbox 2733 798 2790 846; x_wconf 88' lang='lat' dir='ltr'><strong>et</strong></span> <span class='ocrx_word' id='word_1_507' title='bbox 2820 806 3144 863; x_wconf 85' lang='lat' dir='ltr'><strong>progressus</strong></span> <span class='ocrx_word' id='word_1_508' title='bbox 3188 793 3360 853; x_wconf 89' lang='lat' dir='ltr'><strong>Deum</strong></span> <span class='ocrx_word' id='word_1_509' title='bbox 3387 814 3511 856; x_wconf 85' lang='lat' dir='ltr'><strong>esse</strong></span> <span class='ocrx_word' id='word_1_510' title='bbox 3547 800 3645 857; x_wconf 80' lang='lat' dir='ltr'><strong>dl—</strong></span> 
     </span>
    </p>
   </div>
   <div class='ocr_carea' id='block_1_65' title="bbox 2017 875 3703 958">
    <p class='ocr_par' dir='ltr' id='par_1_65' title="bbox 2017 875 3703 958">
     <span class='ocr_line' id='line_1_65' title="bbox 2017 875 3703 958; baseline 0.012 -28"><span class='ocrx_word' id='word_1_511' title='bbox 2017 878 2111 931; x_wconf 90' lang='lat' dir='ltr'><strong>cit.</strong></span> <span class='ocrx_word' id='word_1_512' title='bbox 2145 875 2263 934; x_wconf 86' lang='lat' dir='ltr'><strong>Non</strong></span> <span class='ocrx_word' id='word_1_513' title='bbox 2294 879 2434 935; x_wconf 92' lang='lat' dir='ltr'><strong>sicut</strong></span> <span class='ocrx_word' id='word_1_514' title='bbox 2480 880 2634 938; x_wconf 85' lang='lat' dir='ltr'><strong>Plato</strong></span> <span class='ocrx_word' id='word_1_515' title='bbox 2679 883 2910 939; x_wconf 90' lang='lat' dir='ltr'><strong>alterum</strong></span> <span class='ocrx_word' id='word_1_516' title='bbox 2956 896 3219 955; x_wconf 88' lang='lat' dir='ltr'><strong>mentem,</strong></span> <span class='ocrx_word' id='word_1_517' title='bbox 3265 889 3495 947; x_wconf 90' lang='lat' dir='ltr'><strong>alterum</strong></span> <span class='ocrx_word' id='word_1_518' title='bbox 3523 888 3644 958; x_wconf 45' lang='lat' dir='ltr'><strong>aula</strong></span> <span class='ocrx_word' id='word_1_519' title='bbox 3678 889 3703 956; x_wconf 57' lang='grc' dir='ltr'><em>Τ</em></span> 
     </span>
    </p>
   </div>
   <div class='ocr_carea' id='block_1_66' title="bbox 2015 971 3642 1047">
    <p class='ocr_par' dir='ltr' id='par_1_66' title="bbox 2015 971 3642 1047">
     <span class='ocr_line' id='line_1_66' title="bbox 2015 971 3642 1047; baseline 0.012 -22"><span class='ocrx_word' id='word_1_520' title='bbox 2015 984 2159 1025; x_wconf 88' lang='lat' dir='ltr'><strong>mam</strong></span> <span class='ocrx_word' id='word_1_521' title='bbox 2186 986 2305 1027; x_wconf 89' lang='lat' dir='ltr'><strong>esse</strong></span> <span class='ocrx_word' id='word_1_522' title='bbox 2331 971 2465 1027; x_wconf 89' lang='lat' dir='ltr'><strong>dicit</strong></span> <span class='ocrx_word' id='word_1_523' title='bbox 2493 992 2506 1029; x_wconf 90' lang='lat'><strong>:</strong></span> <span class='ocrx_word' id='word_1_524' title='bbox 2551 974 2667 1030; x_wconf 76' lang='lat' dir='ltr'><strong>hzec</strong></span> <span class='ocrx_word' id='word_1_525' title='bbox 2705 977 2851 1031; x_wconf 89' lang='lat' dir='ltr'><strong>enim</strong></span> <span class='ocrx_word' id='word_1_526' title='bbox 2886 978 3078 1047; x_wconf 90' lang='lat' dir='ltr'><strong>procul</strong></span> <span class='ocrx_word' id='word_1_527' title='bbox 3121 987 3253 1035; x_wconf 90' lang='lat' dir='ltr'><strong>sunt</strong></span> <span class='ocrx_word' id='word_1_528' title='bbox 3282 996 3313 1035; x_wconf 89' lang='lat' dir='ltr'><strong>a</strong></span> <span class='ocrx_word' id='word_1_529' title='bbox 3345 980 3525 1038; x_wconf 78' lang='lat' dir='ltr'><strong>divina&quot;</strong></span> <span class='ocrx_word' id='word_1_530' title='bbox 3549 984 3642 1045; x_wconf 76' lang='lat' dir='ltr'><strong>illa</strong></span> 
     </span>
    </p>
   </div>
   <div class='ocr_carea' id='block_1_67' title="bbox 2013 1063 3638 1145">
    <p class='ocr_par' dir='ltr' id='par_1_67' title="bbox 2013 1063 3638 1145">
     <span class='ocr_line' id='line_1_67' title="bbox 2013 1063 3638 1145; baseline 0.008 -26"><span class='ocrx_word' id='word_1_531' title='bbox 2013 1072 2069 1119; x_wconf 91' lang='lat' dir='ltr'><strong>et</strong></span> <span class='ocrx_word' id='word_1_532' title='bbox 2091 1063 2383 1119; x_wconf 89' lang='lat' dir='ltr'><strong>immortali</strong></span> <span class='ocrx_word' id='word_1_533' title='bbox 2416 1074 2627 1121; x_wconf 87' lang='lat' dir='ltr'><strong>natura.</strong></span> <span class='ocrx_word' id='word_1_534' title='bbox 2656 1066 2842 1139; x_wconf 90' lang='lat' dir='ltr'><strong>Neque</strong></span> <span class='ocrx_word' id='word_1_535' title='bbox 2871 1069 3018 1125; x_wconf 90' lang='lat' dir='ltr'><strong>enim</strong></span> <span class='ocrx_word' id='word_1_536' title='bbox 3045 1084 3336 1129; x_wconf 86' lang='lat' dir='ltr'><strong>commune</strong></span> <span class='ocrx_word' id='word_1_537' title='bbox 3362 1074 3638 1145; x_wconf 88' lang='lat' dir='ltr'><strong>quidpiam</strong></span> 
     </span>
    </p>
   </div>
   <div class='ocr_carea' id='block_1_68' title="bbox 2015 1144 3638 1232">
    <p class='ocr_par' dir='ltr' id='par_1_68' title="bbox 2015 1144 3638 1232">
     <span class='ocr_line' id='line_1_68' title="bbox 2015 1144 3638 1232; baseline 0.01 -25"><span class='ocrx_word' id='word_1_538' title='bbox 2015 1153 2298 1212; x_wconf 91' lang='lat' dir='ltr'><strong>nobiscum</strong></span> <span class='ocrx_word' id='word_1_539' title='bbox 2328 1156 2529 1225; x_wconf 87' lang='lat' dir='ltr'><strong>habet,</strong></span> <span class='ocrx_word' id='word_1_540' title='bbox 2579 1159 2677 1215; x_wconf 88' lang='lat' dir='ltr'><strong>sed</strong></span> <span class='ocrx_word' id='word_1_541' title='bbox 2732 1159 2893 1232; x_wconf 83' lang='lat' dir='ltr'><strong>longe</strong></span> <span class='ocrx_word' id='word_1_542' title='bbox 2937 1170 3021 1216; x_wconf 89' lang='lat' dir='ltr'><strong>est</strong></span> <span class='ocrx_word' id='word_1_543' title='bbox 3067 1178 3097 1217; x_wconf 89' lang='lat' dir='ltr'><strong>a</strong></span> <span class='ocrx_word' id='word_1_544' title='bbox 3146 1144 3638 1225; x_wconf 78' lang='lat' dir='ltr'><strong>communicatione</strong></span> 
     </span>
    </p>
   </div>
   <div class='ocr_carea' id='block_1_69' title="bbox 2013 1250 3641 1324">
    <p class='ocr_par' dir='ltr' id='par_1_69' title="bbox 2013 1250 3641 1324">
     <span class='ocr_line' id='line_1_69' title="bbox 2013 1250 3641 1324; baseline 0.008 -23"><span class='ocrx_word' id='word_1_545' title='bbox 2013 1260 2136 1301; x_wconf 91' lang='lat' dir='ltr'><strong>cum</strong></span> <span class='ocrx_word' id='word_1_546' title='bbox 2189 1250 2499 1316; x_wconf 86' lang='lat' dir='ltr'><strong>creaturis;</strong></span> <span class='ocrx_word' id='word_1_547' title='bbox 2550 1251 2850 1307; x_wconf 91' lang='lat' dir='ltr'><strong>secundum</strong></span> <span class='ocrx_word' id='word_1_548' title='bbox 2897 1253 3258 1310; x_wconf 77' lang='lat' dir='ltr'><strong>substantiam</strong></span> <span class='ocrx_word' id='word_1_549' title='bbox 3304 1255 3468 1324; x_wconf 91' lang='lat' dir='ltr'><strong>dico,</strong></span> <span class='ocrx_word' id='word_1_550' title='bbox 3527 1273 3641 1323; x_wconf 84' lang='lat' dir='ltr'><strong>non</strong></span> 
     </span>
    </p>
   </div>
   <div class='ocr_carea' id='block_1_70' title="bbox 2011 1340 3639 1420">
    <p class='ocr_par' dir='ltr' id='par_1_70' title="bbox 2011 1340 3639 1420">
     <span class='ocr_line' id='line_1_70' title="bbox 2011 1340 3639 1420; baseline 0.009 -26"><span class='ocrx_word' id='word_1_551' title='bbox 2011 1340 2315 1395; x_wconf 87' lang='lat' dir='ltr'><strong>secundum</strong></span> <span class='ocrx_word' id='word_1_552' title='bbox 2364 1342 2630 1398; x_wconf 90' lang='lat' dir='ltr'><strong>habitum.</strong></span> <span class='ocrx_word' id='word_1_553' title='bbox 2677 1344 2803 1400; x_wconf 89' lang='lat' dir='ltr'><strong>ldeo</strong></span> <span class='ocrx_word' id='word_1_554' title='bbox 2834 1346 3074 1405; x_wconf 81' lang='lat' dir='ltr'><strong>Verbum</strong></span> <span class='ocrx_word' id='word_1_555' title='bbox 3120 1347 3273 1403; x_wconf 90' lang='lat' dir='ltr'><strong>illum</strong></span> <span class='ocrx_word' id='word_1_556' title='bbox 3318 1349 3639 1420; x_wconf 84' lang='lat' dir='ltr'><strong>appellavit.</strong></span> 
     </span>
    </p>
   </div>
   <div class='ocr_carea' id='block_1_71' title="bbox 2008 1431 3638 1514">
    <p class='ocr_par' dir='ltr' id='par_1_71' title="bbox 2008 1431 3638 1514">
     <span class='ocr_line' id='line_1_71' title="bbox 2008 1431 3638 1514; baseline 0.01 -29"><span class='ocrx_word' id='word_1_557' title='bbox 2008 1431 2145 1487; x_wconf 90' lang='lat' dir='ltr'><strong>Cum</strong></span> <span class='ocrx_word' id='word_1_558' title='bbox 2178 1434 2323 1489; x_wconf 76' lang='lat' dir='ltr'><strong>enim</strong></span> <span class='ocrx_word' id='word_1_559' title='bbox 2355 1433 2615 1491; x_wconf 85' lang='lat' dir='ltr'><strong>docturus</strong></span> <span class='ocrx_word' id='word_1_560' title='bbox 2644 1446 2793 1493; x_wconf 88' lang='lat' dir='ltr'><strong>esset</strong></span> <span class='ocrx_word' id='word_1_561' title='bbox 2834 1438 2935 1494; x_wconf 93' lang='lat' dir='ltr'><strong>hoc</strong></span> <span class='ocrx_word' id='word_1_562' title='bbox 2966 1438 3203 1495; x_wconf 85' lang='lat' dir='ltr'><strong>Verbum</strong></span> <span class='ocrx_word' id='word_1_563' title='bbox 3231 1455 3355 1496; x_wconf 89' lang='lat' dir='ltr'><strong>esse</strong></span> <span class='ocrx_word' id='word_1_564' title='bbox 3385 1444 3638 1514; x_wconf 83' lang='lat' dir='ltr'><strong>unigeni-</strong></span> 
     </span>
    </p>
   </div>
   <div class='ocr_carea' id='block_1_72' title="bbox 2012 1528 3638 1605">
    <p class='ocr_par' dir='ltr' id='par_1_72' title="bbox 2012 1528 3638 1605">
     <span class='ocr_line' id='line_1_72' title="bbox 2012 1528 3638 1605; baseline 0.006 -22"><span class='ocrx_word' id='word_1_565' title='bbox 2012 1537 2125 1583; x_wconf 66' lang='lat' dir='ltr'><strong>tum</strong></span> <span class='ocrx_word' id='word_1_566' title='bbox 2174 1528 2370 1584; x_wconf 85' lang='lat' dir='ltr'><strong>Filium</strong></span> <span class='ocrx_word' id='word_1_567' title='bbox 2423 1529 2544 1596; x_wconf 89' lang='lat' dir='ltr'><strong>Dei,</strong></span> <span class='ocrx_word' id='word_1_568' title='bbox 2602 1546 2671 1587; x_wconf 89' lang='lat' dir='ltr'><strong>ne</strong></span> <span class='ocrx_word' id='word_1_569' title='bbox 2710 1531 2835 1602; x_wconf 90' lang='lat' dir='ltr'><strong>quis</strong></span> <span class='ocrx_word' id='word_1_570' title='bbox 2875 1533 3287 1603; x_wconf 77' lang='lat' dir='ltr'><strong>generationem</strong></span> <span class='ocrx_word' id='word_1_571' title='bbox 3319 1535 3638 1605; x_wconf 88' lang='lat' dir='ltr'><strong>passibilem</strong></span> 
     </span>
    </p>
   </div>
   <div class='ocr_carea' id='block_1_73' title="bbox 2006 1622 3635 1698">
    <p class='ocr_par' dir='ltr' id='par_1_73' title="bbox 2006 1622 3635 1698">
     <span class='ocr_line' id='line_1_73' title="bbox 2006 1622 3635 1698; baseline 0.005 -21"><span class='ocrx_word' id='word_1_572' title='bbox 2006 1622 2400 1692; x_wconf 83' lang='lat' dir='ltr'><strong>suspicaretur,</strong></span> <span class='ocrx_word' id='word_1_573' title='bbox 2450 1625 2731 1693; x_wconf 75' lang='lat' dir='ltr'><strong>prtemissa</strong></span> <span class='ocrx_word' id='word_1_574' title='bbox 2783 1623 2948 1681; x_wconf 81' lang='lat' dir='ltr'><strong>Verbi</strong></span> <span class='ocrx_word' id='word_1_575' title='bbox 2990 1626 3363 1698; x_wconf 88' lang='lat' dir='ltr'><strong>appellatione</strong></span> <span class='ocrx_word' id='word_1_576' title='bbox 3411 1643 3635 1685; x_wconf 89' lang='lat' dir='ltr'><strong>omnem</strong></span> 
     </span>
    </p>
   </div>
   <div class='ocr_carea' id='block_1_74' title="bbox 2013 1713 3649 1793">
    <p class='ocr_par' dir='ltr' id='par_1_74' title="bbox 2013 1713 3649 1793">
     <span class='ocr_line' id='line_1_74' title="bbox 2013 1713 3649 1793; baseline 0.007 -26"><span class='ocrx_word' id='word_1_577' title='bbox 2013 1713 2150 1767; x_wconf 90' lang='lat' dir='ltr'><strong>tollit</strong></span> <span class='ocrx_word' id='word_1_578' title='bbox 2198 1714 2397 1768; x_wconf 89' lang='lat' dir='ltr'><strong>malam</strong></span> <span class='ocrx_word' id='word_1_579' title='bbox 2442 1716 2832 1785; x_wconf 87' lang='lat' dir='ltr'><strong>suspicionem,</strong></span> <span class='ocrx_word' id='word_1_580' title='bbox 2882 1716 3115 1789; x_wconf 64' lang='lat' dir='ltr'><strong>dum,et</strong></span> <span class='ocrx_word' id='word_1_581' title='bbox 3165 1717 3363 1775; x_wconf 82' lang='lat' dir='ltr'><strong>Filium</strong></span> <span class='ocrx_word' id='word_1_582' title='bbox 3404 1736 3473 1776; x_wconf 82' lang='lat' dir='ltr'><strong>ex</strong></span> <span class='ocrx_word' id='word_1_583' title='bbox 3514 1722 3649 1793; x_wconf 16' lang='lat' dir='ltr'><strong>ipso.</strong></span> 
     </span>
    </p>
   </div>
   <div class='ocr_carea' id='block_1_75' title="bbox 2004 1805 3637 1875">
    <p class='ocr_par' dir='ltr' id='par_1_75' title="bbox 2004 1805 3637 1875">
     <span class='ocr_line' id='line_1_75' title="bbox 2004 1805 3637 1875; baseline 0.007 -15"><span class='ocrx_word' id='word_1_584' title='bbox 2004 1819 2148 1872; x_wconf 90' lang='lat' dir='ltr'><strong>esse,</strong></span> <span class='ocrx_word' id='word_1_585' title='bbox 2181 1813 2239 1860; x_wconf 89' lang='lat' dir='ltr'><strong>et</strong></span> <span class='ocrx_word' id='word_1_586' title='bbox 2278 1805 2690 1875; x_wconf 87' lang='lat' dir='ltr'><strong>impassibiliter</strong></span> <span class='ocrx_word' id='word_1_587' title='bbox 2726 1806 2925 1865; x_wconf 88' lang='lat' dir='ltr'><strong>Filium</strong></span> <span class='ocrx_word' id='word_1_588' title='bbox 2954 1824 3077 1866; x_wconf 90' lang='lat' dir='ltr'><strong>esse</strong></span> <span class='ocrx_word' id='word_1_589' title='bbox 3122 1810 3389 1867; x_wconf 88' lang='lat' dir='ltr'><strong>declarat.</strong></span> <span class='ocrx_word' id='word_1_590' title='bbox 3440 1812 3637 1872; x_wconf 76' lang='lat' dir='ltr'><strong>Viden‘</strong></span> 
     </span>
    </p>
   </div>
   <div class='ocr_carea' id='block_1_76' title="bbox 2004 1899 3633 1976">
    <p class='ocr_par' dir='ltr' id='par_1_76' title="bbox 2004 1899 3633 1976">
     <span class='ocr_line' id='line_1_76' title="bbox 2004 1899 3633 1976; baseline 0.007 -25"><span class='ocrx_word' id='word_1_591' title='bbox 2004 1899 2298 1970; x_wconf 90' lang='lat' dir='ltr'><strong>quomodo,</strong></span> <span class='ocrx_word' id='word_1_592' title='bbox 2325 1908 2384 1955; x_wconf 88' lang='lat' dir='ltr'><strong>ut</strong></span> <span class='ocrx_word' id='word_1_593' title='bbox 2407 1900 2518 1970; x_wconf 89' lang='lat' dir='ltr'><strong>jam</strong></span> <span class='ocrx_word' id='word_1_594' title='bbox 2550 1900 2681 1969; x_wconf 82' lang='lat' dir='ltr'><strong>dixi,</strong></span> <span class='ocrx_word' id='word_1_595' title='bbox 2714 1917 2839 1959; x_wconf 90' lang='lat' dir='ltr'><strong>cum</strong></span> <span class='ocrx_word' id='word_1_596' title='bbox 2867 1902 2936 1959; x_wconf 90' lang='lat' dir='ltr'><strong>de</strong></span> <span class='ocrx_word' id='word_1_597' title='bbox 2970 1904 3110 1960; x_wconf 85' lang='lat' dir='ltr'><strong>Filio</strong></span> <span class='ocrx_word' id='word_1_598' title='bbox 3138 1904 3475 1976; x_wconf 86' lang='lat' dir='ltr'><strong>loqueretur,</strong></span> <span class='ocrx_word' id='word_1_599' title='bbox 3524 1907 3633 1963; x_wconf 81' lang='lat' dir='ltr'><strong>Pa-</strong></span> 
     </span>
    </p>
   </div>
   <div class='ocr_carea' id='block_1_77' title="bbox 2005 1994 3632 2063">
    <p class='ocr_par' dir='ltr' id='par_1_77' title="bbox 2005 1994 3632 2063">
     <span class='ocr_line' id='line_1_77' title="bbox 2005 1994 3632 2063; baseline 0.006 -17"><span class='ocrx_word' id='word_1_600' title='bbox 2005 2001 2141 2047; x_wconf 88' lang='lat' dir='ltr'><strong>trem</strong></span> <span class='ocrx_word' id='word_1_601' title='bbox 2173 2008 2277 2047; x_wconf 91' lang='lat' dir='ltr'><strong>non</strong></span> <span class='ocrx_word' id='word_1_602' title='bbox 2309 1994 2519 2049; x_wconf 85' lang='lat' dir='ltr'><strong>tacuit?</strong></span> <span class='ocrx_word' id='word_1_603' title='bbox 2540 1994 2695 2063; x_wconf 86' lang='lat' dir='ltr'><strong>Quod</strong></span> <span class='ocrx_word' id='word_1_604' title='bbox 2722 1997 2767 2051; x_wconf 92' lang='lat' dir='ltr'><strong>si</strong></span> <span class='ocrx_word' id='word_1_605' title='bbox 2797 1995 2913 2052; x_wconf 79' lang='lat' dir='ltr'><strong>hree</strong></span> <span class='ocrx_word' id='word_1_606' title='bbox 2934 2011 3043 2052; x_wconf 91' lang='lat' dir='ltr'><strong>non</strong></span> <span class='ocrx_word' id='word_1_607' title='bbox 3066 1998 3198 2053; x_wconf 88' lang='lat' dir='ltr'><strong>satis</strong></span> <span class='ocrx_word' id='word_1_608' title='bbox 3224 1999 3338 2053; x_wconf 89' lang='lat' dir='ltr'><strong>sint</strong></span> <span class='ocrx_word' id='word_1_609' title='bbox 3366 1998 3434 2054; x_wconf 88' lang='lat' dir='ltr'><strong>ad</strong></span> <span class='ocrx_word' id='word_1_610' title='bbox 3463 2008 3632 2056; x_wconf 88' lang='lat' dir='ltr'><strong>totam</strong></span> 
     </span>
    </p>
   </div>
   <div class='ocr_carea' id='block_1_78' title="bbox 2001 2082 3632 2162">
    <p class='ocr_par' dir='ltr' id='par_1_78' title="bbox 2001 2082 3632 2162">
     <span class='ocr_line' id='line_1_78' title="bbox 2001 2082 3632 2162; baseline 0.007 -25"><span class='ocrx_word' id='word_1_611' title='bbox 2001 2099 2117 2139; x_wconf 87' lang='lat' dir='ltr'><strong>rem</strong></span> <span class='ocrx_word' id='word_1_612' title='bbox 2144 2082 2552 2151; x_wconf 86' lang='lat' dir='ltr'><strong>declarandam,</strong></span> <span class='ocrx_word' id='word_1_613' title='bbox 2587 2102 2657 2143; x_wconf 89' lang='lat' dir='ltr'><strong>ne</strong></span> <span class='ocrx_word' id='word_1_614' title='bbox 2688 2089 2925 2144; x_wconf 89' lang='lat' dir='ltr'><strong>mireris.</strong></span> <span class='ocrx_word' id='word_1_615' title='bbox 2960 2088 3039 2145; x_wconf 90' lang='lat' dir='ltr'><strong>De</strong></span> <span class='ocrx_word' id='word_1_616' title='bbox 3070 2088 3184 2146; x_wconf 92' lang='lat' dir='ltr'><strong>Deo</strong></span> <span class='ocrx_word' id='word_1_617' title='bbox 3213 2104 3447 2162; x_wconf 88' lang='lat' dir='ltr'><strong>namque</strong></span> <span class='ocrx_word' id='word_1_618' title='bbox 3472 2092 3632 2149; x_wconf 86' lang='lat' dir='ltr'><strong>nobis</strong></span> 
     </span>
    </p>
   </div>
   <div class='ocr_carea' id='block_1_79' title="bbox 2001 2181 3632 2257">
    <p class='ocr_par' dir='ltr' id='par_1_79' title="bbox 2001 2181 3632 2257">
     <span class='ocr_line' id='line_1_79' title="bbox 2001 2181 3632 2257; baseline 0.007 -25"><span class='ocrx_word' id='word_1_619' title='bbox 2001 2188 2087 2232; x_wconf 89' lang='lat' dir='ltr'><strong>est</strong></span> <span class='ocrx_word' id='word_1_620' title='bbox 2116 2193 2319 2244; x_wconf 88' lang='lat' dir='ltr'><strong>sermo,</strong></span> <span class='ocrx_word' id='word_1_621' title='bbox 2356 2195 2517 2250; x_wconf 88' lang='lat' dir='ltr'><strong>quem</strong></span> <span class='ocrx_word' id='word_1_622' title='bbox 2549 2196 2647 2251; x_wconf 91' lang='lat' dir='ltr'><strong>pro</strong></span> <span class='ocrx_word' id='word_1_623' title='bbox 2675 2181 2939 2252; x_wconf 84' lang='lat' dir='ltr'><strong>dignitate</strong></span> <span class='ocrx_word' id='word_1_624' title='bbox 2981 2199 3158 2254; x_wconf 89' lang='lat' dir='ltr'><strong>neque</strong></span> <span class='ocrx_word' id='word_1_625' title='bbox 3202 2184 3408 2252; x_wconf 80' lang='lat' dir='ltr'><strong>dicere,</strong></span> <span class='ocrx_word' id='word_1_626' title='bbox 3451 2199 3632 2257; x_wconf 79' lang='lat' dir='ltr'><strong>neque</strong></span> 
     </span>
    </p>
   </div>
   <div class='ocr_carea' id='block_1_80' title="bbox 1999 2270 3639 2342">
    <p class='ocr_par' dir='ltr' id='par_1_80' title="bbox 1999 2270 3639 2342">
     <span class='ocr_line' id='line_1_80' title="bbox 1999 2270 3639 2342; baseline 0.008 -17"><span class='ocrx_word' id='word_1_627' title='bbox 1999 2270 2241 2341; x_wconf 86' lang='lat' dir='ltr'><strong>cogitare</strong></span> <span class='ocrx_word' id='word_1_628' title='bbox 2279 2288 2587 2342; x_wconf 91' lang='lat' dir='ltr'><strong>possumus.</strong></span> <span class='ocrx_word' id='word_1_629' title='bbox 2619 2275 2747 2331; x_wconf 89' lang='lat' dir='ltr'><strong>ldeo</strong></span> <span class='ocrx_word' id='word_1_630' title='bbox 2775 2274 2864 2331; x_wconf 89' lang='lat' dir='ltr'><strong>hic</strong></span> <span class='ocrx_word' id='word_1_631' title='bbox 2902 2276 3222 2333; x_wconf 77' lang='lat' dir='ltr'><strong>subStantite</strong></span> <span class='ocrx_word' id='word_1_632' title='bbox 3250 2294 3450 2336; x_wconf 89' lang='lat' dir='ltr'><strong>nomen</strong></span> <span class='ocrx_word' id='word_1_633' title='bbox 3492 2296 3639 2337; x_wconf 72' lang='lat' dir='ltr'><strong>nus-</strong></span> 
     </span>
    </p>
   </div>
   <div class='ocr_carea' id='block_1_81' title="bbox 1998 2366 3631 2442">
    <p class='ocr_par' dir='ltr' id='par_1_81' title="bbox 1998 2366 3631 2442">
     <span class='ocr_line' id='line_1_81' title="bbox 1998 2366 3631 2442; baseline 0.009 -27"><span class='ocrx_word' id='word_1_634' title='bbox 1998 2378 2159 2435; x_wconf 87' lang='lat' dir='ltr'><strong>quam</strong></span> <span class='ocrx_word' id='word_1_635' title='bbox 2190 2366 2385 2435; x_wconf 90' lang='lat' dir='ltr'><strong>ponit:</strong></span> <span class='ocrx_word' id='word_1_636' title='bbox 2412 2368 2538 2437; x_wconf 90' lang='lat' dir='ltr'><strong>quia</strong></span> <span class='ocrx_word' id='word_1_637' title='bbox 2583 2383 2751 2424; x_wconf 88' lang='lat' dir='ltr'><strong>nemo</strong></span> <span class='ocrx_word' id='word_1_638' title='bbox 2793 2378 2971 2440; x_wconf 89' lang='lat' dir='ltr'><strong>potest</strong></span> <span class='ocrx_word' id='word_1_639' title='bbox 2997 2368 3183 2426; x_wconf 89' lang='lat' dir='ltr'><strong>dicere</strong></span> <span class='ocrx_word' id='word_1_640' title='bbox 3210 2371 3338 2442; x_wconf 91' lang='lat' dir='ltr'><strong>quid</strong></span> <span class='ocrx_word' id='word_1_641' title='bbox 3373 2372 3515 2428; x_wconf 89' lang='lat' dir='ltr'><strong>Deus</strong></span> <span class='ocrx_word' id='word_1_642' title='bbox 3554 2373 3631 2430; x_wconf 85' lang='lat' dir='ltr'><strong>sit</strong></span> 
     </span>
    </p>
   </div>
   <div class='ocr_carea' id='block_1_82' title="bbox 1997 2457 3626 2533">
    <p class='ocr_par' dir='ltr' id='par_1_82' title="bbox 1997 2457 3626 2533">
     <span class='ocr_line' id='line_1_82' title="bbox 1997 2457 3626 2533; baseline 0.007 -23"><span class='ocrx_word' id='word_1_643' title='bbox 1997 2457 2295 2511; x_wconf 88' lang='lat' dir='ltr'><strong>secundum</strong></span> <span class='ocrx_word' id='word_1_644' title='bbox 2343 2459 2703 2514; x_wconf 88' lang='lat' dir='ltr'><strong>substantiam</strong></span> <span class='ocrx_word' id='word_1_645' title='bbox 2756 2476 2770 2514; x_wconf 91' lang='lat'><strong>:</strong></span> <span class='ocrx_word' id='word_1_646' title='bbox 2828 2461 3030 2533; x_wconf 90' lang='lat' dir='ltr'><strong>ubique</strong></span> <span class='ocrx_word' id='word_1_647' title='bbox 3073 2471 3254 2519; x_wconf 88' lang='lat' dir='ltr'><strong>autem</strong></span> <span class='ocrx_word' id='word_1_648' title='bbox 3284 2463 3437 2519; x_wconf 90' lang='lat' dir='ltr'><strong>illum</strong></span> <span class='ocrx_word' id='word_1_649' title='bbox 3464 2464 3626 2521; x_wconf 82' lang='lat' dir='ltr'><strong>nobis</strong></span> 
     </span>
    </p>
   </div>
   <div class='ocr_carea' id='block_1_83' title="bbox 1996 2538 3623 2623">
    <p class='ocr_par' dir='ltr' id='par_1_83' title="bbox 1996 2538 3623 2623">
     <span class='ocr_line' id='line_1_83' title="bbox 1996 2538 3623 2623; baseline 0.006 -20"><span class='ocrx_word' id='word_1_650' title='bbox 1996 2562 2064 2603; x_wconf 77' lang='lat' dir='ltr'><strong>cx</strong></span> <span class='ocrx_word' id='word_1_651' title='bbox 2110 2550 2366 2616; x_wconf 83' lang='lat' dir='ltr'><strong>Operibus</strong></span> <span class='ocrx_word' id='word_1_652' title='bbox 2414 2548 2775 2606; x_wconf 84' lang='lat' dir='ltr'><strong>demonstrat.</strong></span> <span class='ocrx_word' id='word_1_653' title='bbox 2822 2551 3102 2623; x_wconf 85' lang='lat' dir='ltr'><strong>Siquidem</strong></span> <span class='ocrx_word' id='word_1_654' title='bbox 3130 2552 3236 2610; x_wconf 87' lang='lat' dir='ltr'><strong>hoc</strong></span> <span class='ocrx_word' id='word_1_655' title='bbox 3266 2538 3506 2611; x_wconf 82' lang='lat' dir='ltr'><strong>Verbum</strong></span> <span class='ocrx_word' id='word_1_656' title='bbox 3538 2558 3623 2613; x_wconf 84' lang='lat' dir='ltr'><strong>vl-</strong></span> 
     </span>
    </p>
   </div>
   <div class='ocr_carea' id='block_1_84' title="bbox 1996 2639 3628 2719">
    <p class='ocr_par' dir='ltr' id='par_1_84' title="bbox 1996 2639 3628 2719">
     <span class='ocr_line' id='line_1_84' title="bbox 1996 2639 3628 2719; baseline 0.003 -24"><span class='ocrx_word' id='word_1_657' title='bbox 1996 2639 2127 2695; x_wconf 84' lang='lat' dir='ltr'><strong>dere</strong></span> <span class='ocrx_word' id='word_1_658' title='bbox 2156 2650 2237 2695; x_wconf 84' lang='lat' dir='ltr'><strong>est</strong></span> <span class='ocrx_word' id='word_1_659' title='bbox 2277 2649 2461 2710; x_wconf 92' lang='lat' dir='ltr'><strong>postca</strong></span> <span class='ocrx_word' id='word_1_660' title='bbox 2493 2642 2668 2697; x_wconf 91' lang='lat' dir='ltr'><strong>lucem</strong></span> <span class='ocrx_word' id='word_1_661' title='bbox 2699 2642 2927 2709; x_wconf 87' lang='lat' dir='ltr'><strong>dictum,</strong></span> <span class='ocrx_word' id='word_1_662' title='bbox 2981 2652 3038 2700; x_wconf 91' lang='lat' dir='ltr'><strong>et</strong></span> <span class='ocrx_word' id='word_1_663' title='bbox 3067 2644 3244 2701; x_wconf 89' lang='lat' dir='ltr'><strong>lucem</strong></span> <span class='ocrx_word' id='word_1_664' title='bbox 3287 2659 3477 2700; x_wconf 85' lang='lat' dir='ltr'><strong>rursus</strong></span> <span class='ocrx_word' id='word_1_665' title='bbox 3522 2659 3628 2719; x_wconf 80' lang='lat' dir='ltr'><strong>ap-</strong></span> 
     </span>
    </p>
   </div>
   <div class='ocr_carea' id='block_1_85' title="bbox 1995 2735 3627 2807">
    <p class='ocr_par' dir='ltr' id='par_1_85' title="bbox 1995 2735 3627 2807">
     <span class='ocr_line' id='line_1_85' title="bbox 1995 2735 3627 2807; baseline 0.005 -19"><span class='ocrx_word' id='word_1_666' title='bbox 1995 2735 2184 2806; x_wconf 85' lang='lat' dir='ltr'><strong>pellari</strong></span> <span class='ocrx_word' id='word_1_667' title='bbox 2224 2735 2388 2789; x_wconf 85' lang='lat' dir='ltr'><strong>vitam</strong></span> <span class='ocrx_word' id='word_1_668' title='bbox 2425 2737 2463 2789; x_wconf 80' lang='grc'><strong>¹.</strong></span> <span class='ocrx_word' id='word_1_669' title='bbox 2499 2736 2685 2807; x_wconf 87' lang='lat' dir='ltr'><strong>Neque</strong></span> <span class='ocrx_word' id='word_1_670' title='bbox 2724 2736 2824 2793; x_wconf 90' lang='lat' dir='ltr'><strong>hac</strong></span> <span class='ocrx_word' id='word_1_671' title='bbox 2865 2738 3040 2793; x_wconf 91' lang='lat' dir='ltr'><strong>solum</strong></span> <span class='ocrx_word' id='word_1_672' title='bbox 3069 2737 3139 2794; x_wconf 90' lang='lat' dir='ltr'><strong>de</strong></span> <span class='ocrx_word' id='word_1_673' title='bbox 3175 2753 3339 2793; x_wconf 88' lang='lat' dir='ltr'><strong>causa</strong></span> <span class='ocrx_word' id='word_1_674' title='bbox 3367 2740 3446 2795; x_wconf 90' lang='lat' dir='ltr'><strong>sic</strong></span> <span class='ocrx_word' id='word_1_675' title='bbox 3474 2740 3627 2797; x_wconf 89' lang='lat' dir='ltr'><strong>illutn</strong></span> 
     </span>
    </p>
   </div>
   <div class='ocr_carea' id='block_1_86' title="bbox 1995 2827 3629 2903">
    <p class='ocr_par' dir='ltr' id='par_1_86' title="bbox 1995 2827 3629 2903">
     <span class='ocr_line' id='line_1_86' title="bbox 1995 2827 3629 2903; baseline 0.006 -24"><span class='ocrx_word' id='word_1_676' title='bbox 1995 2827 2211 2881; x_wconf 89' lang='lat' dir='ltr'><strong>vocavit</strong></span> <span class='ocrx_word' id='word_1_677' title='bbox 2242 2845 2254 2881; x_wconf 77' lang='grc' dir='ltr'>ε</span> <span class='ocrx_word' id='word_1_678' title='bbox 2291 2828 2385 2883; x_wconf 87' lang='lat' dir='ltr'><strong>sed</strong></span> <span class='ocrx_word' id='word_1_679' title='bbox 2413 2828 2527 2884; x_wconf 60' lang='lat' dir='ltr'><strong>haec</strong></span> <span class='ocrx_word' id='word_1_680' title='bbox 2556 2829 2729 2899; x_wconf 88' lang='lat' dir='ltr'><strong>prima</strong></span> <span class='ocrx_word' id='word_1_681' title='bbox 2760 2844 2922 2884; x_wconf 86' lang='lat' dir='ltr'><strong>causa</strong></span> <span class='ocrx_word' id='word_1_682' title='bbox 2952 2838 3036 2885; x_wconf 90' lang='lat' dir='ltr'><strong>est</strong></span> <span class='ocrx_word' id='word_1_683' title='bbox 3067 2829 3328 2897; x_wconf 82' lang='lat' dir='ltr'><strong>secunda,</strong></span> <span class='ocrx_word' id='word_1_684' title='bbox 3354 2830 3481 2903; x_wconf 87' lang='lat' dir='ltr'><strong>quia</strong></span> <span class='ocrx_word' id='word_1_685' title='bbox 3503 2847 3629 2902; x_wconf 72' lang='lat' dir='ltr'><strong>qua:</strong></span> 
     </span>
    </p>
   </div>
   <div class='ocr_carea' id='block_1_87' title="bbox 1993 2918 3628 2987">
    <p class='ocr_par' dir='ltr' id='par_1_87' title="bbox 1993 2918 3628 2987">
     <span class='ocr_line' id='line_1_87' title="bbox 1993 2918 3628 2987; baseline 0.002 -13"><span class='ocrx_word' id='word_1_686' title='bbox 1993 2918 2169 2974; x_wconf 84' lang='lat' dir='ltr'><strong>Patris</strong></span> <span class='ocrx_word' id='word_1_687' title='bbox 2210 2927 2369 2973; x_wconf 91' lang='lat' dir='ltr'><strong>erant</strong></span> <span class='ocrx_word' id='word_1_688' title='bbox 2414 2920 2569 2975; x_wconf 90' lang='lat' dir='ltr'><strong>nobis</strong></span> <span class='ocrx_word' id='word_1_689' title='bbox 2591 2929 2711 2974; x_wconf 88' lang='lat' dir='ltr'><strong>erat</strong></span> <span class='ocrx_word' id='word_1_690' title='bbox 2741 2920 3126 2987; x_wconf 87' lang='lat' dir='ltr'><strong>nuntiaturus;</strong></span> <span class='ocrx_word' id='word_1_691' title='bbox 3176 2936 3301 2976; x_wconf 89' lang='lat' dir='ltr'><strong>nam</strong></span> <span class='ocrx_word' id='word_1_692' title='bbox 3343 2922 3419 2977; x_wconf 89' lang='lat' dir='ltr'><strong>ait</strong></span> <span class='ocrx_word' id='word_1_693' title='bbox 3452 2940 3466 2977; x_wconf 86' lang='lat'><strong>:</strong></span> <span class='ocrx_word' id='word_1_694' title='bbox 3500 2922 3628 2978; x_wconf 77' lang='lat' dir='ltr'><strong>0m-</strong></span> 
     </span>
    </p>
   </div>
   <div class='ocr_carea' id='block_1_88' title="bbox 1994 3012 3687 3089">
    <p class='ocr_par' dir='ltr' id='par_1_88' title="bbox 1994 3012 3687 3089">
     <span class='ocr_line' id='line_1_88' title="bbox 1994 3012 3687 3089; baseline 0.005 -23"><span class='ocrx_word' id='word_1_695' title='bbox 1994 3014 2083 3066; x_wconf 83' lang='lat' dir='ltr'><strong>uia</strong></span> <span class='ocrx_word' id='word_1_696' title='bbox 2128 3029 2244 3082; x_wconf 72' lang='lat' dir='ltr'><strong>qua:</strong></span> <span class='ocrx_word' id='word_1_697' title='bbox 2291 3013 2467 3067; x_wconf 84' lang='lat' dir='ltr'><strong>audivi</strong></span> <span class='ocrx_word' id='word_1_698' title='bbox 2504 3031 2537 3067; x_wconf 89' lang='lat' dir='ltr'><strong>a</strong></span> <span class='ocrx_word' id='word_1_699' title='bbox 2566 3012 2751 3079; x_wconf 82' lang='lat' dir='ltr'><strong>Patre,</strong></span> <span class='ocrx_word' id='word_1_700' title='bbox 2800 3016 3105 3070; x_wconf 84' lang='lat' dir='ltr'><strong>annuntiavi</strong></span> <span class='ocrx_word' id='word_1_701' title='bbox 3142 3016 3282 3071; x_wconf 78' lang='lat' dir='ltr'><strong>vobis</strong></span> <span class='ocrx_word' id='word_1_702' title='bbox 3321 3015 3502 3089; x_wconf 82' lang='lat' dir='ltr'><strong>(Joan.</strong></span> <span class='ocrx_word' id='word_1_703' title='bbox 3534 3017 3626 3076; x_wconf 67' lang='grc'><strong>15.</strong></span> <span class='ocrx_word' id='word_1_704' title='bbox 3668 3060 3687 3068; x_wconf 73' lang='grc'>..</span> 
     </span>
    </p>
   </div>
   <div class='ocr_carea' id='block_1_89' title="bbox 1993 3104 3624 3174">
    <p class='ocr_par' dir='ltr' id='par_1_89' title="bbox 1993 3104 3624 3174">
     <span class='ocr_line' id='line_1_89' title="bbox 1993 3104 3624 3174; baseline 0.002 -14"><span class='ocrx_word' id='word_1_705' title='bbox 1993 3106 2109 3174; x_wconf 77' lang='grc'><strong>15).</strong></span> <span class='ocrx_word' id='word_1_706' title='bbox 2159 3104 2330 3160; x_wconf 81' lang='lat' dir='ltr'><strong>Vocat</strong></span> <span class='ocrx_word' id='word_1_707' title='bbox 2379 3117 2560 3161; x_wconf 89' lang='lat' dir='ltr'><strong>autem</strong></span> <span class='ocrx_word' id='word_1_708' title='bbox 2606 3106 2757 3161; x_wconf 91' lang='lat' dir='ltr'><strong>illum</strong></span> <span class='ocrx_word' id='word_1_709' title='bbox 2796 3116 2851 3162; x_wconf 91' lang='lat' dir='ltr'><strong>et</strong></span> <span class='ocrx_word' id='word_1_710' title='bbox 2904 3106 3070 3162; x_wconf 89' lang='lat' dir='ltr'><strong>vitam</strong></span> <span class='ocrx_word' id='word_1_711' title='bbox 3114 3116 3169 3163; x_wconf 91' lang='lat' dir='ltr'><strong>et</strong></span> <span class='ocrx_word' id='word_1_712' title='bbox 3214 3109 3391 3163; x_wconf 92' lang='lat' dir='ltr'><strong>lucem</strong></span> <span class='ocrx_word' id='word_1_713' title='bbox 3439 3110 3624 3164; x_wconf 67' lang='lat' dir='ltr'><strong>:‘nam</strong></span> 
     </span>
    </p>
   </div>
   <div class='ocr_carea' id='block_1_90' title="bbox 1990 3196 3630 3268">
    <p class='ocr_par' dir='ltr' id='par_1_90' title="bbox 1990 3196 3630 3268">
     <span class='ocr_line' id='line_1_90' title="bbox 1990 3196 3630 3268; baseline 0.002 -16"><span class='ocrx_word' id='word_1_714' title='bbox 1990 3197 2319 3268; x_wconf 83' lang='lat' dir='ltr'><strong>cognitionis</strong></span> <span class='ocrx_word' id='word_1_715' title='bbox 2348 3196 2524 3252; x_wconf 90' lang='lat' dir='ltr'><strong>lucem</strong></span> <span class='ocrx_word' id='word_1_716' title='bbox 2568 3197 2724 3251; x_wconf 88' lang='lat' dir='ltr'><strong>nobis</strong></span> <span class='ocrx_word' id='word_1_717' title='bbox 2762 3198 2933 3264; x_wconf 90' lang='lat' dir='ltr'><strong>dedit,</strong></span> <span class='ocrx_word' id='word_1_718' title='bbox 2967 3207 3022 3254; x_wconf 90' lang='lat' dir='ltr'><strong>et</strong></span> <span class='ocrx_word' id='word_1_719' title='bbox 3048 3213 3115 3254; x_wconf 80' lang='lat' dir='ltr'><strong>ex</strong></span> <span class='ocrx_word' id='word_1_720' title='bbox 3145 3199 3267 3254; x_wconf 89' lang='lat' dir='ltr'><strong>luce</strong></span> <span class='ocrx_word' id='word_1_721' title='bbox 3306 3200 3499 3255; x_wconf 88' lang='lat' dir='ltr'><strong>vitam.</strong></span> <span class='ocrx_word' id='word_1_722' title='bbox 3564 3199 3630 3255; x_wconf 76' lang='grc' dir='ltr'><strong>ιιι</strong></span> 
     </span>
    </p>
   </div>
   <div class='ocr_carea' id='block_1_91' title="bbox 1990 3291 3625 3360">
    <p class='ocr_par' dir='ltr' id='par_1_91' title="bbox 1990 3291 3625 3360">
     <span class='ocr_line' id='line_1_91' title="bbox 1990 3291 3625 3360; baseline 0.002 -15"><span class='ocrx_word' id='word_1_723' title='bbox 1990 3304 2203 3345; x_wconf 86' lang='lat' dir='ltr'><strong>summa</strong></span> <span class='ocrx_word' id='word_1_724' title='bbox 2237 3306 2344 3344; x_wconf 92' lang='lat' dir='ltr'><strong>non</strong></span> <span class='ocrx_word' id='word_1_725' title='bbox 2380 3306 2545 3344; x_wconf 89' lang='lat' dir='ltr'><strong>unum</strong></span> <span class='ocrx_word' id='word_1_726' title='bbox 2578 3306 2799 3355; x_wconf 89' lang='lat' dir='ltr'><strong>nomen,</strong></span> <span class='ocrx_word' id='word_1_727' title='bbox 2850 3307 2959 3346; x_wconf 86' lang='lat' dir='ltr'><strong>non</strong></span> <span class='ocrx_word' id='word_1_728' title='bbox 3006 3291 3138 3359; x_wconf 91' lang='lat' dir='ltr'><strong>duo,</strong></span> <span class='ocrx_word' id='word_1_729' title='bbox 3195 3308 3303 3347; x_wconf 93' lang='lat' dir='ltr'><strong>non</strong></span> <span class='ocrx_word' id='word_1_730' title='bbox 3348 3293 3472 3360; x_wconf 88' lang='lat' dir='ltr'><strong>tria,</strong></span> <span class='ocrx_word' id='word_1_731' title='bbox 3514 3308 3625 3349; x_wconf 87' lang='lat' dir='ltr'><strong>non</strong></span> 
     </span>
    </p>
   </div>
   <div class='ocr_carea' id='block_1_92' title="bbox 1991 3383 3624 3456">
    <p class='ocr_par' dir='ltr' id='par_1_92' title="bbox 1991 3383 3624 3456">
     <span class='ocr_line' id='line_1_92' title="bbox 1991 3383 3624 3456; baseline 0.003 -19"><span class='ocrx_word' id='word_1_732' title='bbox 1991 3385 2143 3456; x_wconf 88' lang='lat' dir='ltr'><strong>plura</strong></span> <span class='ocrx_word' id='word_1_733' title='bbox 2166 3384 2299 3440; x_wconf 88' lang='lat' dir='ltr'><strong>satis</strong></span> <span class='ocrx_word' id='word_1_734' title='bbox 2328 3394 2453 3439; x_wconf 88' lang='lat' dir='ltr'><strong>sunt</strong></span> <span class='ocrx_word' id='word_1_735' title='bbox 2479 3383 2549 3439; x_wconf 90' lang='lat' dir='ltr'><strong>ad</strong></span> <span class='ocrx_word' id='word_1_736' title='bbox 2579 3400 2642 3440; x_wconf 90' lang='lat' dir='ltr'><strong>ea</strong></span> <span class='ocrx_word' id='word_1_737' title='bbox 2671 3400 2792 3456; x_wconf 74' lang='lat' dir='ltr'><strong>qum</strong></span> <span class='ocrx_word' id='word_1_738' title='bbox 2819 3385 2989 3440; x_wconf 90' lang='lat' dir='ltr'><strong>Deum</strong></span> <span class='ocrx_word' id='word_1_739' title='bbox 3017 3394 3270 3456; x_wconf 87' lang='lat' dir='ltr'><strong>spectant</strong></span> <span class='ocrx_word' id='word_1_740' title='bbox 3296 3385 3576 3442; x_wconf 87' lang='lat' dir='ltr'><strong>edocenda</strong></span> <span class='ocrx_word' id='word_1_741' title='bbox 3608 3404 3624 3442; x_wconf 89' lang='lat'><strong>:</strong></span> 
     </span>
    </p>
   </div>
   <div class='ocr_carea' id='block_1_93' title="bbox 1990 3476 3625 3549">
    <p class='ocr_par' dir='ltr' id='par_1_93' title="bbox 1990 3476 3625 3549">
     <span class='ocr_line' id='line_1_93' title="bbox 1990 3476 3625 3549; baseline 0.002 -16"><span class='ocrx_word' id='word_1_742' title='bbox 1990 3478 2087 3533; x_wconf 90' lang='lat' dir='ltr'><strong>sed</strong></span> <span class='ocrx_word' id='word_1_743' title='bbox 2116 3476 2416 3548; x_wconf 91' lang='lat' dir='ltr'><strong>optandum</strong></span> <span class='ocrx_word' id='word_1_744' title='bbox 2442 3485 2549 3545; x_wconf 88' lang='lat' dir='ltr'><strong>est,</strong></span> <span class='ocrx_word' id='word_1_745' title='bbox 2595 3487 2655 3532; x_wconf 92' lang='lat' dir='ltr'><strong>ut</strong></span> <span class='ocrx_word' id='word_1_746' title='bbox 2682 3479 2849 3531; x_wconf 87' lang='lat' dir='ltr'><strong>etiam</strong></span> <span class='ocrx_word' id='word_1_747' title='bbox 2898 3492 2997 3549; x_wconf 90' lang='lat' dir='ltr'><strong>per</strong></span> <span class='ocrx_word' id='word_1_748' title='bbox 3041 3477 3223 3533; x_wconf 84' lang='lat' dir='ltr'><strong>multa</strong></span> <span class='ocrx_word' id='word_1_749' title='bbox 3263 3477 3348 3533; x_wconf 89' lang='lat' dir='ltr'><strong>vel</strong></span> <span class='ocrx_word' id='word_1_750' title='bbox 3388 3476 3625 3536; x_wconf 85' lang='lat' dir='ltr'><strong>obscuro</strong></span> 
     </span>
    </p>
   </div>
   <div class='ocr_carea' id='block_1_94' title="bbox 1988 3570 3624 3642">
    <p class='ocr_par' dir='ltr' id='par_1_94' title="bbox 1988 3570 3624 3642">
     <span class='ocr_line' id='line_1_94' title="bbox 1988 3570 3624 3642; baseline 0 -15"><span class='ocrx_word' id='word_1_751' title='bbox 1988 3572 2262 3642; x_wconf 90' lang='lat' dir='ltr'><strong>possimus</strong></span> <span class='ocrx_word' id='word_1_752' title='bbox 2288 3587 2351 3627; x_wconf 90' lang='lat' dir='ltr'><strong>ea</strong></span> <span class='ocrx_word' id='word_1_753' title='bbox 2382 3586 2505 3642; x_wconf 69' lang='lat' dir='ltr'><strong>qua:</strong></span> <span class='ocrx_word' id='word_1_754' title='bbox 2532 3570 2600 3625; x_wconf 88' lang='lat' dir='ltr'><strong>ad</strong></span> <span class='ocrx_word' id='word_1_755' title='bbox 2628 3570 2801 3626; x_wconf 90' lang='lat' dir='ltr'><strong>Deum</strong></span> <span class='ocrx_word' id='word_1_756' title='bbox 2843 3580 3095 3641; x_wconf 89' lang='lat' dir='ltr'><strong>spectant</strong></span> <span class='ocrx_word' id='word_1_757' title='bbox 3136 3570 3453 3641; x_wconf 89' lang='lat' dir='ltr'><strong>complecti.</strong></span> <span class='ocrx_word' id='word_1_758' title='bbox 3502 3571 3624 3628; x_wconf 81' lang='lat' dir='ltr'><strong>Neu</strong></span> 
     </span>
    </p>
   </div>
   <div class='ocr_carea' id='block_1_95' title="bbox 1990 3662 3622 3736">
    <p class='ocr_par' dir='ltr' id='par_1_95' title="bbox 1990 3662 3622 3736">
     <span class='ocr_line' id='line_1_95' title="bbox 1990 3662 3622 3736; baseline -0.001 -17"><span class='ocrx_word' id='word_1_759' title='bbox 1990 3674 2169 3720; x_wconf 83' lang='lat' dir='ltr'><strong>autem</strong></span> <span class='ocrx_word' id='word_1_760' title='bbox 2202 3664 2526 3736; x_wconf 90' lang='lat' dir='ltr'><strong>simpliciter</strong></span> <span class='ocrx_word' id='word_1_761' title='bbox 2557 3663 2795 3719; x_wconf 83' lang='lat' dir='ltr'><strong>Verbum</strong></span> <span class='ocrx_word' id='word_1_762' title='bbox 2828 3663 3138 3734; x_wconf 74' lang='lat' dir='ltr'><strong>appellavit,</strong></span> <span class='ocrx_word' id='word_1_763' title='bbox 3198 3662 3295 3719; x_wconf 88' lang='lat' dir='ltr'><strong>sed</strong></span> <span class='ocrx_word' id='word_1_764' title='bbox 3329 3678 3454 3717; x_wconf 80' lang='lat' dir='ltr'><strong>cum</strong></span> <span class='ocrx_word' id='word_1_765' title='bbox 3486 3664 3622 3718; x_wconf 81' lang='lat' dir='ltr'><strong>arti.-</strong></span> 
     </span>
    </p>
   </div>
   <div class='ocr_carea' id='block_1_96' title="bbox 1993 3753 3623 3826">
    <p class='ocr_par' dir='ltr' id='par_1_96' title="bbox 1993 3753 3623 3826">
     <span class='ocr_line' id='line_1_96' title="bbox 1993 3753 3623 3826; baseline -0.001 -13"><span class='ocrx_word' id='word_1_766' title='bbox 1993 3757 2093 3813; x_wconf 78' lang='lat' dir='ltr'><strong>culi</strong></span> <span class='ocrx_word' id='word_1_767' title='bbox 2122 3755 2429 3826; x_wconf 88' lang='lat' dir='ltr'><strong>adjectione</strong></span> <span class='ocrx_word' id='word_1_768' title='bbox 2454 3770 2484 3810; x_wconf 90' lang='lat' dir='ltr'><strong>a</strong></span> <span class='ocrx_word' id='word_1_769' title='bbox 2512 3754 2744 3826; x_wconf 85' lang='lat' dir='ltr'><strong>reliquis</strong></span> <span class='ocrx_word' id='word_1_770' title='bbox 2777 3754 2954 3825; x_wconf 87' lang='lat' dir='ltr'><strong>ipsum</strong></span> <span class='ocrx_word' id='word_1_771' title='bbox 2981 3755 3259 3810; x_wconf 78' lang='lat' dir='ltr'><strong>distinxit.</strong></span> <span class='ocrx_word' id='word_1_772' title='bbox 3290 3753 3483 3810; x_wconf 82' lang='lat' dir='ltr'><strong>Viden’</strong></span> <span class='ocrx_word' id='word_1_773' title='bbox 3532 3769 3623 3812; x_wconf 86' lang='lat' dir='ltr'><strong>mo</strong></span> 
     </span>
    </p>
   </div>
   <div class='ocr_carea' id='block_1_97' title="bbox 1987 3847 3620 3921">
    <p class='ocr_par' dir='ltr' id='par_1_97' title="bbox 1987 3847 3620 3921">
     <span class='ocr_line' id='line_1_97' title="bbox 1987 3847 3620 3921; baseline -0.003 -15"><span class='ocrx_word' id='word_1_774' title='bbox 1987 3868 2095 3906; x_wconf 91' lang='lat' dir='ltr'><strong>non</strong></span> <span class='ocrx_word' id='word_1_775' title='bbox 2126 3850 2322 3905; x_wconf 78' lang='lat' dir='ltr'><strong>[rustra</strong></span> <span class='ocrx_word' id='word_1_776' title='bbox 2351 3849 2559 3906; x_wconf 75' lang='lat' dir='ltr'><strong>dixisse</strong></span> <span class='ocrx_word' id='word_1_777' title='bbox 2586 3848 2732 3905; x_wconf 91' lang='lat' dir='ltr'><strong>hunc</strong></span> <span class='ocrx_word' id='word_1_778' title='bbox 2760 3849 3152 3921; x_wconf 86' lang='lat' dir='ltr'><strong>evangelistam</strong></span> <span class='ocrx_word' id='word_1_779' title='bbox 3186 3848 3345 3903; x_wconf 85' lang='lat' dir='ltr'><strong>nobis</strong></span> <span class='ocrx_word' id='word_1_780' title='bbox 3375 3847 3446 3903; x_wconf 89' lang='lat' dir='ltr'><strong>de</strong></span> <span class='ocrx_word' id='word_1_781' title='bbox 3479 3847 3620 3903; x_wconf 52' lang='lat' dir='ltr'><strong>ca’lo</strong></span> 
     </span>
    </p>
   </div>
   <div class='ocr_carea' id='block_1_98' title="bbox 1986 3941 3619 4013">
    <p class='ocr_par' dir='ltr' id='par_1_98' title="bbox 1986 3941 3619 4013">
     <span class='ocr_line' id='line_1_98' title="bbox 1986 3941 3619 4013; baseline 0.001 -15"><span class='ocrx_word' id='word_1_782' title='bbox 1986 3942 2173 4013; x_wconf 82' lang='lat' dir='ltr'><strong>loqui?</strong></span> <span class='ocrx_word' id='word_1_783' title='bbox 2204 3942 2595 3999; x_wconf 88' lang='lat' dir='ltr'><strong>Animadverte</strong></span> <span class='ocrx_word' id='word_1_784' title='bbox 2626 3943 2797 4008; x_wconf 90' lang='lat' dir='ltr'><strong>enim,</strong></span> <span class='ocrx_word' id='word_1_785' title='bbox 2847 3957 2957 4012; x_wconf 92' lang='lat' dir='ltr'><strong>quo</strong></span> <span class='ocrx_word' id='word_1_786' title='bbox 2995 3942 3347 3997; x_wconf 88' lang='lat' dir='ltr'><strong>sublimitatis</strong></span> <span class='ocrx_word' id='word_1_787' title='bbox 3375 3941 3558 3996; x_wconf 85' lang='lat' dir='ltr'><strong>statim</strong></span> <span class='ocrx_word' id='word_1_788' title='bbox 3588 3956 3619 3999; x_wconf 65' lang='grc' dir='ltr'>α</span> 
     </span>
    </p>
   </div>
   <div class='ocr_carea' id='block_1_99' title="bbox 1986 4033 3614 4105">
    <p class='ocr_par' dir='ltr' id='par_1_99' title="bbox 1986 4033 3614 4105">
     <span class='ocr_line' id='line_1_99' title="bbox 1986 4033 3614 4105; baseline 0.002 -16"><span class='ocrx_word' id='word_1_789' title='bbox 1986 4034 2251 4105; x_wconf 88' lang='lat' dir='ltr'><strong>principio</strong></span> <span class='ocrx_word' id='word_1_790' title='bbox 2304 4033 2617 4091; x_wconf 88' lang='lat' dir='ltr'><strong>auditorum</strong></span> <span class='ocrx_word' id='word_1_791' title='bbox 2667 4044 2908 4089; x_wconf 89' lang='lat' dir='ltr'><strong>mentem</strong></span> <span class='ocrx_word' id='word_1_792' title='bbox 2956 4041 3010 4090; x_wconf 91' lang='lat' dir='ltr'><strong>ct</strong></span> <span class='ocrx_word' id='word_1_793' title='bbox 3060 4035 3298 4090; x_wconf 87' lang='lat' dir='ltr'><strong>animam</strong></span> <span class='ocrx_word' id='word_1_794' title='bbox 3345 4038 3614 4093; x_wconf 80' lang='lat' dir='ltr'><strong>evexerit.</strong></span> 
     </span>
    </p>
   </div>
   <div class='ocr_carea' id='block_1_100' title="bbox 1985 4125 3616 4198">
    <p class='ocr_par' dir='ltr' id='par_1_100' title="bbox 1985 4125 3616 4198">
     <span class='ocr_line' id='line_1_100' title="bbox 1985 4125 3616 4198; baseline 0.001 -16"><span class='ocrx_word' id='word_1_795' title='bbox 1985 4126 2279 4198; x_wconf 85' lang='lat' dir='ltr'><strong>Postquam</strong></span> <span class='ocrx_word' id='word_1_796' title='bbox 2308 4127 2453 4182; x_wconf 90' lang='lat' dir='ltr'><strong>enim</strong></span> <span class='ocrx_word' id='word_1_797' title='bbox 2486 4127 2632 4181; x_wconf 86' lang='lat' dir='ltr'><strong>illam</strong></span> <span class='ocrx_word' id='word_1_798' title='bbox 2664 4141 2827 4195; x_wconf 91' lang='lat' dir='ltr'><strong>supra</strong></span> <span class='ocrx_word' id='word_1_799' title='bbox 2861 4125 3044 4180; x_wconf 86' lang='lat' dir='ltr'><strong>omnia</strong></span> <span class='ocrx_word' id='word_1_800' title='bbox 3073 4141 3196 4195; x_wconf 77' lang='lat' dir='ltr'><strong>qua:</strong></span> <span class='ocrx_word' id='word_1_801' title='bbox 3241 4125 3345 4181; x_wconf 90' lang='lat' dir='ltr'><strong>sub</strong></span> <span class='ocrx_word' id='word_1_802' title='bbox 3390 4143 3616 4184; x_wconf 89' lang='lat' dir='ltr'><strong>sensum</strong></span> 
     </span>
    </p>
   </div>
   <div class='ocr_carea' id='block_1_101' title="bbox 1982 4220 3613 4290">
    <p class='ocr_par' dir='ltr' id='par_1_101' title="bbox 1982 4220 3613 4290">
     <span class='ocr_line' id='line_1_101' title="bbox 1982 4220 3613 4290; baseline 0.002 -15"><span class='ocrx_word' id='word_1_803' title='bbox 1982 4221 2205 4285; x_wconf 89' lang='lat' dir='ltr'><strong>eadunt,</strong></span> <span class='ocrx_word' id='word_1_804' title='bbox 2254 4235 2420 4290; x_wconf 89' lang='lat' dir='ltr'><strong>supra</strong></span> <span class='ocrx_word' id='word_1_805' title='bbox 2476 4230 2702 4284; x_wconf 88' lang='lat' dir='ltr'><strong>terram,</strong></span> <span class='ocrx_word' id='word_1_806' title='bbox 2756 4233 2929 4285; x_wconf 87' lang='lat' dir='ltr'><strong>mare,</strong></span> <span class='ocrx_word' id='word_1_807' title='bbox 2961 4220 3155 4273; x_wconf 65' lang='lat' dir='ltr'><strong>caelum</strong></span> <span class='ocrx_word' id='word_1_808' title='bbox 3185 4222 3396 4285; x_wconf 80' lang='lat' dir='ltr'><strong>evexit,</strong></span> <span class='ocrx_word' id='word_1_809' title='bbox 3448 4222 3613 4279; x_wconf 87' lang='lat' dir='ltr'><strong>etiam</strong></span> 
     </span>
    </p>
   </div>
   <div class='ocr_carea' id='block_1_102' title="bbox 1981 4308 3613 4384">
    <p class='ocr_par' dir='ltr' id='par_1_102' title="bbox 1981 4308 3613 4384">
     <span class='ocr_line' id='line_1_102' title="bbox 1981 4308 3613 4384; baseline 0.001 -18"><span class='ocrx_word' id='word_1_810' title='bbox 1981 4328 2143 4382; x_wconf 87' lang='lat' dir='ltr'><strong>supra</strong></span> <span class='ocrx_word' id='word_1_811' title='bbox 2172 4311 2494 4376; x_wconf 88' lang='lat' dir='ltr'><strong>Cherubim,</strong></span> <span class='ocrx_word' id='word_1_812' title='bbox 2549 4309 2863 4380; x_wconf 86' lang='lat' dir='ltr'><strong>Scraphim,</strong></span> <span class='ocrx_word' id='word_1_813' title='bbox 2921 4308 3201 4376; x_wconf 84' lang='lat' dir='ltr'><strong>Thronos,</strong></span> <span class='ocrx_word' id='word_1_814' title='bbox 3245 4310 3613 4384; x_wconf 82' lang='lat' dir='ltr'><strong>Principattrs,</strong></span> 
     </span>
    </p>
   </div>
   <div class='ocr_carea' id='block_1_103' title="bbox 1982 4401 3614 4473">
    <p class='ocr_par' dir='ltr' id='par_1_103' title="bbox 1982 4401 3614 4473">
     <span class='ocr_line' id='line_1_103' title="bbox 1982 4401 3614 4473; baseline 0.001 -14"><span class='ocrx_word' id='word_1_815' title='bbox 1982 4405 2309 4471; x_wconf 75' lang='lat' dir='ltr'><strong>l‘otestates,</strong></span> <span class='ocrx_word' id='word_1_816' title='bbox 2357 4418 2521 4473; x_wconf 88' lang='lat' dir='ltr'><strong>supra</strong></span> <span class='ocrx_word' id='word_1_817' title='bbox 2578 4417 2797 4457; x_wconf 90' lang='lat' dir='ltr'><strong>omnem</strong></span> <span class='ocrx_word' id='word_1_818' title='bbox 2850 4401 3088 4473; x_wconf 88' lang='lat' dir='ltr'><strong>denique</strong></span> <span class='ocrx_word' id='word_1_819' title='bbox 3128 4412 3434 4458; x_wconf 88' lang='lat' dir='ltr'><strong>creaturam</strong></span> <span class='ocrx_word' id='word_1_820' title='bbox 3468 4405 3614 4461; x_wconf 79' lang='lat' dir='ltr'><strong>ince-</strong></span> 
     </span>
    </p>
   </div>
   <div class='ocr_carea' id='block_1_104' title="bbox 1978 4496 3613 4567">
    <p class='ocr_par' dir='ltr' id='par_1_104' title="bbox 1978 4496 3613 4567">
     <span class='ocr_line' id='line_1_104' title="bbox 1978 4496 3613 4567; baseline 0.001 -13"><span class='ocrx_word' id='word_1_821' title='bbox 1978 4499 2110 4555; x_wconf 85' lang='lat' dir='ltr'><strong>dere</strong></span> <span class='ocrx_word' id='word_1_822' title='bbox 2178 4498 2370 4553; x_wconf 85' lang='lat' dir='ltr'><strong>suasit.</strong></span> <span class='ocrx_word' id='word_1_823' title='bbox 2426 4496 2564 4564; x_wconf 86' lang='lat' dir='ltr'><strong>Quid</strong></span> <span class='ocrx_word' id='word_1_824' title='bbox 2596 4497 2801 4567; x_wconf 80' lang='lat' dir='ltr'><strong>igitur?</strong></span> <span class='ocrx_word' id='word_1_825' title='bbox 2842 4513 2908 4552; x_wconf 90' lang='lat' dir='ltr'><strong>an</strong></span> <span class='ocrx_word' id='word_1_826' title='bbox 2944 4508 3229 4567; x_wconf 90' lang='lat' dir='ltr'><strong>postquam</strong></span> <span class='ocrx_word' id='word_1_827' title='bbox 3262 4513 3367 4555; x_wconf 89' lang='lat' dir='ltr'><strong>nos</strong></span> <span class='ocrx_word' id='word_1_828' title='bbox 3392 4500 3458 4555; x_wconf 91' lang='lat' dir='ltr'><strong>ad</strong></span> <span class='ocrx_word' id='word_1_829' title='bbox 3490 4509 3613 4556; x_wconf 90' lang='lat' dir='ltr'><strong>tan-</strong></span> 
     </span>
    </p>
   </div>
   <div class='ocr_carea' id='block_1_105' title="bbox 1979 4590 3612 4664">
    <p class='ocr_par' dir='ltr' id='par_1_105' title="bbox 1979 4590 3612 4664">
     <span class='ocr_line' id='line_1_105' title="bbox 1979 4590 3612 4664; baseline 0.001 -16"><span class='ocrx_word' id='word_1_830' title='bbox 1979 4602 2089 4648; x_wconf 90' lang='lat' dir='ltr'><strong>tam</strong></span> <span class='ocrx_word' id='word_1_831' title='bbox 2139 4592 2532 4648; x_wconf 88' lang='lat' dir='ltr'><strong>sublimitatem</strong></span> <span class='ocrx_word' id='word_1_832' title='bbox 2583 4591 2839 4658; x_wconf 77' lang='lat' dir='ltr'><strong>deduxit,</strong></span> <span class='ocrx_word' id='word_1_833' title='bbox 2888 4590 2959 4647; x_wconf 93' lang='lat' dir='ltr'><strong>ibi</strong></span> <span class='ocrx_word' id='word_1_834' title='bbox 3007 4605 3107 4645; x_wconf 91' lang='lat' dir='ltr'><strong>nos</strong></span> <span class='ocrx_word' id='word_1_835' title='bbox 3147 4591 3345 4647; x_wconf 85' lang='lat' dir='ltr'><strong>sistere</strong></span> <span class='ocrx_word' id='word_1_836' title='bbox 3388 4594 3612 4664; x_wconf 81' lang='lat' dir='ltr'><strong>potuit?</strong></span> 
     </span>
    </p>
   </div>
   <div class='ocr_carea' id='block_1_106' title="bbox 1976 4683 3612 4757">
    <p class='ocr_par' dir='ltr' id='par_1_106' title="bbox 1976 4683 3612 4757">
     <span class='ocr_line' id='line_1_106' title="bbox 1976 4683 3612 4757; baseline -0.001 -14"><span class='ocrx_word' id='word_1_837' title='bbox 1976 4685 2328 4757; x_wconf 82' lang='lat' dir='ltr'><strong>Nequaquam</strong></span> <span class='ocrx_word' id='word_1_838' title='bbox 2354 4701 2369 4751; x_wconf 90' lang='lat'><strong>;</strong></span> <span class='ocrx_word' id='word_1_839' title='bbox 2414 4684 2508 4740; x_wconf 91' lang='lat' dir='ltr'><strong>sed</strong></span> <span class='ocrx_word' id='word_1_840' title='bbox 2538 4683 2766 4756; x_wconf 88' lang='lat' dir='ltr'><strong>perinde</strong></span> <span class='ocrx_word' id='word_1_841' title='bbox 2792 4699 2856 4739; x_wconf 90' lang='lat' dir='ltr'><strong>ac</strong></span> <span class='ocrx_word' id='word_1_842' title='bbox 2877 4683 2925 4739; x_wconf 88' lang='lat' dir='ltr'><strong>si</strong></span> <span class='ocrx_word' id='word_1_843' title='bbox 2946 4685 3067 4755; x_wconf 90' lang='lat' dir='ltr'><strong>quis</strong></span> <span class='ocrx_word' id='word_1_844' title='bbox 3094 4693 3330 4740; x_wconf 90' lang='lat' dir='ltr'><strong>stantem</strong></span> <span class='ocrx_word' id='word_1_845' title='bbox 3363 4685 3431 4741; x_wconf 87' lang='lat' dir='ltr'><strong>ad</strong></span> <span class='ocrx_word' id='word_1_846' title='bbox 3461 4686 3612 4742; x_wconf 88' lang='lat' dir='ltr'><strong>littus</strong></span> 
     </span>
    </p>
   </div>
   <div class='ocr_carea' id='block_1_107' title="bbox 1978 4778 3611 4851">
    <p class='ocr_par' dir='ltr' id='par_1_107' title="bbox 1978 4778 3611 4851">
     <span class='ocr_line' id='line_1_107' title="bbox 1978 4778 3611 4851; baseline 0.001 -15"><span class='ocrx_word' id='word_1_847' title='bbox 1978 4781 2163 4842; x_wconf 87' lang='lat' dir='ltr'><strong>maris.</strong></span> <span class='ocrx_word' id='word_1_848' title='bbox 2213 4796 2279 4836; x_wconf 89' lang='lat' dir='ltr'><strong>ac</strong></span> <span class='ocrx_word' id='word_1_849' title='bbox 2314 4779 2699 4850; x_wconf 86' lang='lat' dir='ltr'><strong>respicientem</strong></span> <span class='ocrx_word' id='word_1_850' title='bbox 2744 4778 2933 4847; x_wconf 76' lang='lat' dir='ltr'><strong>urbes,</strong></span> <span class='ocrx_word' id='word_1_851' title='bbox 2985 4793 3132 4846; x_wconf 89' lang='lat' dir='ltr'><strong>oras,</strong></span> <span class='ocrx_word' id='word_1_852' title='bbox 3185 4788 3410 4849; x_wconf 88' lang='lat' dir='ltr'><strong>portus;</strong></span> <span class='ocrx_word' id='word_1_853' title='bbox 3459 4789 3611 4851; x_wconf 68' lang='lat' dir='ltr'><strong>posto</strong></span> 
     </span>
    </p>
   </div>
   <div class='ocr_carea' id='block_1_108' title="bbox 1975 4871 3606 4946">
    <p class='ocr_par' dir='ltr' id='par_1_108' title="bbox 1975 4871 3606 4946">
     <span class='ocr_line' id='line_1_108' title="bbox 1975 4871 3606 4946; baseline 0.001 -18"><span class='ocrx_word' id='word_1_854' title='bbox 1975 4890 2137 4945; x_wconf 89' lang='lat' dir='ltr'><strong>quam</strong></span> <span class='ocrx_word' id='word_1_855' title='bbox 2167 4876 2219 4930; x_wconf 91' lang='lat' dir='ltr'><strong>in</strong></span> <span class='ocrx_word' id='word_1_856' title='bbox 2250 4874 2486 4930; x_wconf 90' lang='lat' dir='ltr'><strong>medium</strong></span> <span class='ocrx_word' id='word_1_857' title='bbox 2516 4873 2741 4945; x_wconf 87' lang='lat' dir='ltr'><strong>pelagus</strong></span> <span class='ocrx_word' id='word_1_858' title='bbox 2765 4871 3075 4937; x_wconf 77' lang='lat' dir='ltr'><strong>adduxerit,</strong></span> <span class='ocrx_word' id='word_1_859' title='bbox 3110 4887 3139 4926; x_wconf 88' lang='lat' dir='ltr'><strong>a</strong></span> <span class='ocrx_word' id='word_1_860' title='bbox 3172 4872 3447 4942; x_wconf 83' lang='lat' dir='ltr'><strong>prioribus</strong></span> <span class='ocrx_word' id='word_1_861' title='bbox 3478 4875 3606 4946; x_wconf 84' lang='lat' dir='ltr'><strong>qui-</strong></span> 
     </span>
    </p>
   </div>
   <div class='ocr_carea' id='block_1_109' title="bbox 1975 4965 3605 5035">
    <p class='ocr_par' dir='ltr' id='par_1_109' title="bbox 1975 4965 3605 5035">
     <span class='ocr_line' id='line_1_109' title="bbox 1975 4965 3605 5035; baseline -0.001 -12"><span class='ocrx_word' id='word_1_862' title='bbox 1975 4968 2098 5024; x_wconf 88' lang='lat' dir='ltr'><strong>dem</strong></span> <span class='ocrx_word' id='word_1_863' title='bbox 2148 4968 2371 5032; x_wconf 77' lang='lat' dir='ltr'><strong>amovit,</strong></span> <span class='ocrx_word' id='word_1_864' title='bbox 2425 4976 2483 5021; x_wconf 90' lang='lat' dir='ltr'><strong>at</strong></span> <span class='ocrx_word' id='word_1_865' title='bbox 2526 4966 2767 5035; x_wconf 87' lang='lat' dir='ltr'><strong>aspectui</strong></span> <span class='ocrx_word' id='word_1_866' title='bbox 2801 4965 2922 5035; x_wconf 89' lang='lat' dir='ltr'><strong>ejus</strong></span> <span class='ocrx_word' id='word_1_867' title='bbox 2956 4965 3219 5020; x_wconf 90' lang='lat' dir='ltr'><strong>terminos</strong></span> <span class='ocrx_word' id='word_1_868' title='bbox 3249 4980 3357 5020; x_wconf 82' lang='lat' dir='ltr'><strong>non</strong></span> <span class='ocrx_word' id='word_1_869' title='bbox 3389 4971 3605 5035; x_wconf 85' lang='lat' dir='ltr'><strong>posuit,</strong></span> 
     </span>
    </p>
   </div>
   <div class='ocr_carea' id='block_1_110' title="bbox 1974 5055 3606 5128">
    <p class='ocr_par' dir='ltr' id='par_1_110' title="bbox 1974 5055 3606 5128">
     <span class='ocr_line' id='line_1_110' title="bbox 1974 5055 3606 5128; baseline -0.002 -13"><span class='ocrx_word' id='word_1_870' title='bbox 1974 5061 2067 5115; x_wconf 90' lang='lat' dir='ltr'><strong>sed</strong></span> <span class='ocrx_word' id='word_1_871' title='bbox 2093 5060 2417 5115; x_wconf 91' lang='lat' dir='ltr'><strong>immensum</strong></span> <span class='ocrx_word' id='word_1_872' title='bbox 2449 5058 2549 5126; x_wconf 92' lang='lat' dir='ltr'><strong>ipsi</strong></span> <span class='ocrx_word' id='word_1_873' title='bbox 2583 5057 2954 5128; x_wconf 86' lang='lat' dir='ltr'><strong>spectaculum</strong></span> <span class='ocrx_word' id='word_1_874' title='bbox 2981 5055 3133 5111; x_wconf 90' lang='lat' dir='ltr'><strong>dedit</strong></span> <span class='ocrx_word' id='word_1_875' title='bbox 3184 5074 3195 5109; x_wconf 91' lang='lat'><strong>:</strong></span> <span class='ocrx_word' id='word_1_876' title='bbox 3244 5056 3324 5111; x_wconf 92' lang='lat' dir='ltr'><strong>sic</strong></span> <span class='ocrx_word' id='word_1_877' title='bbox 3354 5065 3411 5111; x_wconf 86' lang='lat' dir='ltr'><strong>et</strong></span> <span class='ocrx_word' id='word_1_878' title='bbox 3438 5071 3606 5112; x_wconf 85' lang='lat' dir='ltr'><strong>evan-</strong></span> 
     </span>
    </p>
   </div>
   <div class='ocr_carea' id='block_1_111' title="bbox 1973 5149 3598 5223">
    <p class='ocr_par' dir='ltr' id='par_1_111' title="bbox 1973 5149 3598 5223">
     <span class='ocr_line' id='line_1_111' title="bbox 1973 5149 3598 5223; baseline -0.003 -16"><span class='ocrx_word' id='word_1_879' title='bbox 1973 5152 2164 5223; x_wconf 80' lang='lat' dir='ltr'><strong>gelista</strong></span> <span class='ocrx_word' id='word_1_880' title='bbox 2214 5160 2499 5221; x_wconf 88' lang='lat' dir='ltr'><strong>postquam</strong></span> <span class='ocrx_word' id='word_1_881' title='bbox 2551 5164 2651 5205; x_wconf 91' lang='lat' dir='ltr'><strong>nos</strong></span> <span class='ocrx_word' id='word_1_882' title='bbox 2702 5164 2864 5218; x_wconf 90' lang='lat' dir='ltr'><strong>supra</strong></span> <span class='ocrx_word' id='word_1_883' title='bbox 2895 5163 3114 5203; x_wconf 89' lang='lat' dir='ltr'><strong>omnem</strong></span> <span class='ocrx_word' id='word_1_884' title='bbox 3168 5157 3479 5203; x_wconf 85' lang='lat' dir='ltr'><strong>creaturam</strong></span> <span class='ocrx_word' id='word_1_885' title='bbox 3512 5149 3598 5202; x_wconf 90' lang='lat' dir='ltr'><strong>in-</strong></span> 
     </span>
    </p>
   </div>
   <div class='ocr_carea' id='block_1_112' title="bbox 1972 5240 3601 5313">
    <p class='ocr_par' dir='ltr' id='par_1_112' title="bbox 1972 5240 3601 5313">
     <span class='ocr_line' id='line_1_112' title="bbox 1972 5240 3601 5313; baseline -0.003 -13"><span class='ocrx_word' id='word_1_886' title='bbox 1972 5246 2145 5308; x_wconf 81' lang='lat' dir='ltr'><strong>duxit,</strong></span> <span class='ocrx_word' id='word_1_887' title='bbox 2180 5254 2235 5299; x_wconf 90' lang='lat' dir='ltr'><strong>et</strong></span> <span class='ocrx_word' id='word_1_888' title='bbox 2274 5243 2341 5298; x_wconf 89' lang='lat' dir='ltr'><strong>ad</strong></span> <span class='ocrx_word' id='word_1_889' title='bbox 2386 5244 2666 5313; x_wconf 86' lang='lat' dir='ltr'><strong>superiora</strong></span> <span class='ocrx_word' id='word_1_890' title='bbox 2693 5241 2960 5297; x_wconf 87' lang='lat' dir='ltr'><strong>creaturis</strong></span> <span class='ocrx_word' id='word_1_891' title='bbox 2994 5240 3194 5297; x_wconf 60' lang='lat' dir='ltr'><strong>secula</strong></span> <span class='ocrx_word' id='word_1_892' title='bbox 3222 5241 3390 5305; x_wconf 71' lang='lat' dir='ltr'><strong>misit,</strong></span> <span class='ocrx_word' id='word_1_893' title='bbox 3426 5241 3601 5296; x_wconf 79' lang='lat' dir='ltr'><strong>subli-</strong></span> 
     </span>
    </p>
   </div>
   <div class='ocr_carea' id='block_1_113' title="bbox 1974 5335 3595 5407">
    <p class='ocr_par' dir='ltr' id='par_1_113' title="bbox 1974 5335 3595 5407">
     <span class='ocr_line' id='line_1_113' title="bbox 1974 5335 3595 5407; baseline -0.002 -13"><span class='ocrx_word' id='word_1_894' title='bbox 1974 5355 2116 5394; x_wconf 89' lang='lat' dir='ltr'><strong>mem</strong></span> <span class='ocrx_word' id='word_1_895' title='bbox 2147 5340 2364 5395; x_wconf 86' lang='lat' dir='ltr'><strong>oculum</strong></span> <span class='ocrx_word' id='word_1_896' title='bbox 2398 5337 2596 5392; x_wconf 91' lang='lat' dir='ltr'><strong>mentis</strong></span> <span class='ocrx_word' id='word_1_897' title='bbox 2623 5336 2901 5407; x_wconf 87' lang='lat' dir='ltr'><strong>relinquit,</strong></span> <span class='ocrx_word' id='word_1_898' title='bbox 2955 5336 3047 5406; x_wconf 87' lang='lat' dir='ltr'><strong>qui</strong></span> <span class='ocrx_word' id='word_1_899' title='bbox 3091 5335 3305 5391; x_wconf 89' lang='lat' dir='ltr'><strong>nullum</strong></span> <span class='ocrx_word' id='word_1_900' title='bbox 3340 5335 3501 5389; x_wconf 90' lang='lat' dir='ltr'><strong>finem</strong></span> <span class='ocrx_word' id='word_1_901' title='bbox 3541 5335 3595 5390; x_wconf 90' lang='lat' dir='ltr'><strong>in</strong></span> 
     </span>
    </p>
   </div>
   <div class='ocr_carea' id='block_1_114' title="bbox 1971 5424 3596 5501">
    <p class='ocr_par' dir='ltr' id='par_1_114' title="bbox 1971 5424 3596 5501">
     <span class='ocr_line' id='line_1_114' title="bbox 1971 5424 3596 5501; baseline -0.002 -16"><span class='ocrx_word' id='word_1_902' title='bbox 1971 5432 2223 5501; x_wconf 84' lang='lat' dir='ltr'><strong>supernis</strong></span> <span class='ocrx_word' id='word_1_903' title='bbox 2264 5430 2531 5499; x_wconf 86' lang='lat' dir='ltr'><strong>attingere</strong></span> <span class='ocrx_word' id='word_1_904' title='bbox 2574 5429 2773 5499; x_wconf 85' lang='lat' dir='ltr'><strong>possit,</strong></span> <span class='ocrx_word' id='word_1_905' title='bbox 2808 5442 2874 5483; x_wconf 92' lang='lat' dir='ltr'><strong>eo</strong></span> <span class='ocrx_word' id='word_1_906' title='bbox 2904 5427 3050 5500; x_wconf 90' lang='lat' dir='ltr'><strong>quod</strong></span> <span class='ocrx_word' id='word_1_907' title='bbox 3088 5427 3273 5482; x_wconf 89' lang='lat' dir='ltr'><strong>nullus</strong></span> <span class='ocrx_word' id='word_1_908' title='bbox 3320 5426 3408 5480; x_wconf 92' lang='lat' dir='ltr'><strong>sit.</strong></span> <span class='ocrx_word' id='word_1_909' title='bbox 3456 5424 3596 5481; x_wconf 87' lang='lat' dir='ltr'><strong>Nam</strong></span> 
     </span>
    </p>
   </div>
   <div class='ocr_carea' id='block_1_115' title="bbox 1971 5518 3601 5596">
    <p class='ocr_par' dir='ltr' id='par_1_115' title="bbox 1971 5518 3601 5596">
     <span class='ocr_line' id='line_1_115' title="bbox 1971 5518 3601 5596; baseline -0.004 -15"><span class='ocrx_word' id='word_1_910' title='bbox 1971 5528 2061 5581; x_wconf 84' lang='lat' dir='ltr'><strong>ubi</strong></span> <span class='ocrx_word' id='word_1_911' title='bbox 2110 5525 2178 5581; x_wconf 88' lang='lat' dir='ltr'><strong>ad</strong></span> <span class='ocrx_word' id='word_1_912' title='bbox 2222 5525 2545 5596; x_wconf 88' lang='lat' dir='ltr'><strong>principium</strong></span> <span class='ocrx_word' id='word_1_913' title='bbox 2597 5522 2844 5578; x_wconf 87' lang='lat' dir='ltr'><strong>ascendit</strong></span> <span class='ocrx_word' id='word_1_914' title='bbox 2898 5523 3058 5587; x_wconf 89' lang='lat' dir='ltr'><strong>ratio,</strong></span> <span class='ocrx_word' id='word_1_915' title='bbox 3111 5520 3307 5591; x_wconf 65' lang='lat' dir='ltr'><strong>quaerit</strong></span> <span class='ocrx_word' id='word_1_916' title='bbox 3350 5518 3479 5590; x_wconf 89' lang='lat' dir='ltr'><strong>quid</strong></span> <span class='ocrx_word' id='word_1_917' title='bbox 3529 5519 3601 5574; x_wconf 85' lang='lat' dir='ltr'><strong>sit</strong></span> 
     </span>
    </p>
   </div>
   <div class='ocr_carea' id='block_1_116' title="bbox 1972 5613 3592 5691">
    <p class='ocr_par' dir='ltr' id='par_1_116' title="bbox 1972 5613 3592 5691">
     <span class='ocr_line' id='line_1_116' title="bbox 1972 5613 3592 5691; baseline -0.006 -16"><span class='ocrx_word' id='word_1_918' title='bbox 1972 5619 2099 5675; x_wconf 86' lang='lat' dir='ltr'><strong>illud</strong></span> <span class='ocrx_word' id='word_1_919' title='bbox 2152 5620 2472 5691; x_wconf 81' lang='lat' dir='ltr'><strong>principium</strong></span> <span class='ocrx_word' id='word_1_920' title='bbox 2523 5638 2534 5671; x_wconf 92' lang='lat'>:</span> <span class='ocrx_word' id='word_1_921' title='bbox 2586 5616 2788 5673; x_wconf 88' lang='lat' dir='ltr'><strong>deinde</strong></span> <span class='ocrx_word' id='word_1_922' title='bbox 2833 5615 2924 5671; x_wconf 90' lang='lat' dir='ltr'><strong>ubi</strong></span> <span class='ocrx_word' id='word_1_923' title='bbox 2957 5613 3110 5682; x_wconf 89' lang='lat' dir='ltr'><strong>illttd,</strong></span> <span class='ocrx_word' id='word_1_924' title='bbox 3163 5614 3311 5680; x_wconf 83' lang='lat' dir='ltr'><strong>Erat,</strong></span> <span class='ocrx_word' id='word_1_925' title='bbox 3367 5613 3592 5684; x_wconf 85' lang='lat' dir='ltr'><strong>reperit,</strong></span> 
     </span>
    </p>
   </div>
   <div class='ocr_carea' id='block_1_117' title="bbox 2035 5730 3588 5786">
    <p class='ocr_par' dir='ltr' id='par_1_117' title="bbox 2035 5730 3588 5786">
     <span class='ocr_line' id='line_1_117' title="bbox 2035 5730 3588 5786; baseline -0.005 -2"><span class='ocrx_word' id='word_1_926' title='bbox 2035 5738 2051 5767; x_wconf 81' lang='grc' dir='ltr'><strong>ι</strong></span> <span class='ocrx_word' id='word_1_927' title='bbox 2090 5734 2256 5786; x_wconf 77' lang='lat' dir='ltr'><strong>Morel.</strong></span> <span class='ocrx_word' id='word_1_928' title='bbox 2301 5734 2432 5783; x_wconf 90' lang='lat' dir='ltr'><strong>hunc</strong></span> <span class='ocrx_word' id='word_1_929' title='bbox 2474 5733 2637 5783; x_wconf 84' lang='lat' dir='ltr'><strong>locum</strong></span> <span class='ocrx_word' id='word_1_930' title='bbox 2672 5734 2743 5782; x_wconf 88' lang='lat' dir='ltr'><strong>sic</strong></span> <span class='ocrx_word' id='word_1_931' title='bbox 2777 5732 3073 5781; x_wconf 88' lang='lat' dir='ltr'><strong>habet.......</strong></span> <span class='ocrx_word' id='word_1_932' title='bbox 3118 5736 3163 5780; x_wconf 78' lang='lat' dir='ltr'><strong>rt</strong></span> <span class='ocrx_word' id='word_1_933' title='bbox 3206 5730 3365 5781; x_wconf 81' lang='lat' dir='ltr'><strong>lucent</strong></span> <span class='ocrx_word' id='word_1_934' title='bbox 3413 5741 3588 5780; x_wconf 75' lang='lat' dir='ltr'><strong>rursus</strong></span> 
     </span>
    </p>
   </div>
   <div class='ocr_carea' id='block_1_118' title="bbox 1968 5793 3166 5863">
    <p class='ocr_par' dir='ltr' id='par_1_118' title="bbox 1968 5793 3166 5863">
     <span class='ocr_line' id='line_1_118' title="bbox 1968 5793 3166 5863; baseline -0.007 -15"><span class='ocrx_word' id='word_1_935' title='bbox 1968 5797 2211 5863; x_wconf 70' lang='lat' dir='ltr'><strong>appellari</strong></span> <span class='ocrx_word' id='word_1_936' title='bbox 2236 5798 2408 5859; x_wconf 76' lang='lat' dir='ltr'><strong>ritum,</strong></span> <span class='ocrx_word' id='word_1_937' title='bbox 2447 5804 2491 5849; x_wconf 78' lang='lat' dir='ltr'><strong>rt</strong></span> <span class='ocrx_word' id='word_1_938' title='bbox 2516 5796 2663 5847; x_wconf 69' lang='lat' dir='ltr'><strong>vitam</strong></span> <span class='ocrx_word' id='word_1_939' title='bbox 2694 5793 2856 5847; x_wconf 79' lang='lat' dir='ltr'><strong>t&#39;ocari</strong></span> <span class='ocrx_word' id='word_1_940' title='bbox 2895 5794 3166 5845; x_wconf 71' lang='lat' dir='ltr'><strong>ceritatem.</strong></span> 
     </span>
    </p>
   </div>
  </div>
