4164 6320
520 301 593 365 35
1264 288 1320 344 S.
1359 280 1641 341 JOANNIS
1679 269 2156 335 CllRYSOS'fUiIl
2198 267 2510 326 ARClllEP.
2562 262 3102 325 CONSTAN'HNOP.
3753 254 3827 313 36

522 425 740 484 semper
766 408 989 464 ulterius
1019 411 1197 461 mente
1224 398 1541 472 procedens,
1589 394 1677 449 ubi
1721 389 2106 463 cogitationem

526 506 685 563 sistat
717 517 822 556 non
865 498 1025 554 habet
1068 514 1083 549 :
1133 491 1228 549 scd
1280 491 1484 546 intente
1519 485 1833 557 respiciens,
1858 496 1979 535 cum
2008 487 2116 533 ter-

527 596 733 651 minam
773 606 879 647 non
929 588 1185 659 reperiat,
1231 581 1479 639 defessus
1524 592 1736 635 rursum
1765 574 1832 631 ad
1861 571 2114 629 inferiora

528 682 826 742 descendit.
876 678 1007 737 Illud
1034 678 1203 743 enim,
1254 674 1321 730 In
1361 673 1613 743 principio
1641 678 1768 735 erat,
1815 665 1947 722 nihil
1975 661 2118 719 aliud

528 777 817 848 significat,
843 788 1004 845 quam
1046 768 1189 841 quod
1225 781 1441 838 semper
1468 764 1651 847 fuerit,
1688 770 1745 818 et
1769 769 2003 816 :ctermrs
2028 758 2115 812 sit.

530 868 721 925 Viden‘
777 868 960 921 veram
1020 862 1446 933 philosophiam,
1503 868 1558 912 et
1611 856 1790 911 divina
1830 853 2117 922 dogmata,

530 974 639 1017 non
670 958 849 1031 qualia
877 954 1214 1022 Graecorum,
1265 951 1355 1023 qui
1400 959 1640 1018 tempora
1685 946 2037 1008 constituunt,
2069 952 2123 999 et

530 1049 665 1107 deos
693 1050 829 1105 alios
855 1048 1125 1113 seniores,
1168 1045 1302 1100 alios
1340 1041 1582 1114 juniores
1625 1038 1851 1095 dicunt?
1884 1038 1954 1093 At
1993 1035 2122 1091 nihil

531 1141 673 1213 apud
716 1155 818 1197 nos
859 1139 1053 1195 simile.
1105 1136 1163 1193 Si
1210 1135 1351 1191 enim
1397 1134 1535 1188 Deus
1565 1140 1671 1197 est,
1715 1140 1774 1185 ut
1803 1144 1989 1186 revera
2017 1137 2119 1193 est,

531 1232 667 1290 nihil
692 1240 776 1288 est
801 1240 927 1287 ante
958 1230 1148 1293 illum;
1196 1226 1240 1282 si
1270 1225 1493 1281 Creator
1536 1222 1797 1285 omnium,
1852 1222 1967 1291 ipse
2010 1220 2122 1290 pri-

534 1339 654 1382 mus
680 1331 767 1380 est
794 1340 810 1389 ;
861 1322 907 1378 si
941 1321 1196 1377 Dominus
1218 1326 1271 1374 et
1298 1317 1606 1372 dominator
1633 1314 1896 1374 omnium,
1945 1310 2124 1367 omnia

532 1424 656 1485 post
694 1414 868 1485 ipsum
909 1420 1055 1478 sunt,
1100 1418 1154 1466 et
1201 1407 1413 1479 epifleia
1446 1414 1499 1462 et
1539 1403 1757 1459 szccula.
1782 1400 2039 1459 Volebam
2073 1401 2125 1455 in

535 1506 639 1561 alia
667 1503 963 1562 certamina
992 1500 1342 1566 descendere,
1374 1497 1470 1554 sed
1491 1496 1720 1551 fortasse
1747 1494 1947 1549 fatiscit
1974 1492 2127 1547 vobis

542 1598 781 1655 animus.
811 1595 992 1663 Quare
1021 1602 1141 1665 post
1181 1592 1425 1664 qumdam
1471 1589 1699 1653 monita,
1732 1602 1853 1658 qua}
1883 1584 2034 1641 vobis
2058 1581 2126 1638 ad

536 1690 806 1745 dictorum
839 1696 894 1742 et
918 1686 1268 1742 dicendorum
1295 1691 1513 1754 captum
1552 1688 1710 1735 erunt
1739 1678 1912 1743 utilia,
1968 1677 2125 1732 finem

534 1778 750 1836 dicendi
776 1776 989 1832 faciam.
1020 1776 1275 1843 Quaruam
1305 1773 1464 1844 igitur
1493 1786 1553 1827 ea
1581 1768 1753 1826 sunt?
1779 1768 1906 1824 Scio
1931 1768 2128 1823 multos

535 1869 802 1926 dictorum
829 1865 1217 1938 longitudinem
1251 1862 1512 1919 fastidire.
1561 1862 1675 1917 lloc
1713 1875 1841 1915 vero
1877 1867 2005 1914 tunc
2050 1858 2125 1921 fit,

536 1975 659 2017 cum
703 1961 880 2015 anima
932 1960 1118 2015 multis
1174 1958 1520 2013 smeularibus
1585 1956 1728 2010 curis
1797 1952 2130 2022 sarcinisque

537 2050 801 2107 obruitur.
832 2049 981 2106 Sicut
1028 2050 1171 2105 enim
1219 2048 1384 2110 visus,
1435 2046 1560 2103 dum
1604 2060 1768 2115 purus
1812 2044 2128 2113 lucidusque

539 2152 645 2209 est,
701 2150 856 2196 acute
898 2140 1062 2205 videt,
1113 2154 1286 2209 neque
1332 2138 1683 2192 iaboratcum
1712 2135 1796 2191 vel
1819 2134 2130 2189 tenuissima

540 2246 765 2301 corpora
812 2231 1064 2300 perspicit
1114 2248 1128 2286 :
1175 2229 1390 2301 quando
1430 2238 1609 2282 autem
1654 2227 1720 2281 de
1749 2225 1926 2295 capite
1961 2226 2133 2280 malus

542 2324 735 2376 humor
764 2320 961 2388 aliquis
988 2320 1191 2385 defluit,
1225 2319 1307 2375 vel
1342 2319 1507 2376 densa
1548 2318 1792 2388 qumdam
1823 2319 2037 2387 nebula,
2067 2334 2130 2374 ex

542 2409 740 2465 infimis
764 2411 1001 2479 partibus
1025 2412 1345 2473 ascendens,
1370 2419 1495 2466 ante
1523 2410 1778 2481 pupillam
1806 2410 2033 2476 sistitur,
2068 2427 2134 2468 ne

539 2502 806 2557 crassiora
851 2502 1069 2573 quidem
1111 2506 1256 2559 clare
1299 2503 1608 2573 perspicere
1636 2512 1811 2571 potest
1844 2520 1857 2556 :
1886 2504 1965 2558 sic
2000 2512 2054 2558 et
2080 2504 2131 2559 in

540 2594 719 2649 anima
750 2594 1031 2665 contingit.
1079 2594 1211 2650 Cum
1258 2596 1401 2650 enim
1431 2606 1749 2666 expurgatu,
1793 2597 1939 2650 nullo
1967 2597 2132 2651 animi

543 2683 736 2741 morbo
782 2684 1045 2753 turbatur,
1093 2695 1248 2741 acute
1280 2685 1519 2743 intuetur
1541 2702 1604 2742 ea
1633 2703 1750 2757 quae
1777 2686 1960 2743 videre
2001 2703 2135 2759 opus

541 2784 664 2841 est;
705 2789 828 2831 cum
862 2791 1024 2846 porro
1065 2777 1246 2832 multis
1289 2776 1485 2834 ftedata
1534 2778 1834 2845 affectibus,
1881 2780 2131 2837 virtutem

545 2865 823 2933 pristinam
865 2868 1126 2931 amiserit.
1176 2884 1282 2924 non
1315 2867 1470 2925 facile
1499 2880 1672 2940 potest
1700 2872 1947 2928 Sublimia
1975 2876 2137 2930 attin-

542 2972 672 3028 gere
717 2977 734 3013 :
780 2958 877 3014 sed
923 2960 1101 3015 statim
1139 2960 1336 3015 fatiscit
1373 2970 1427 3015 et
1461 2961 1683 3027 decidit,
1713 2975 1767 3018 et
1792 2964 1862 3018 ad
1887 2978 2134 3020 somnum

545 3050 925 3120 ignaviamque
966 3049 1223 3118 declinat,
1267 3060 1426 3122 atque
1452 3067 1537 3117 ea,
1567 3069 1687 3123 qure
1717 3054 1782 3109 ad
1807 3056 2056 3111 virtutem
2085 3067 2138 3113 et

547 3142 712 3196 vitam
758 3142 981 3213 probam
1032 3143 1336 3215 pertinent,
1389 3146 1781 3216 prmtermittit,
1831 3164 2004 3219 neque
2049 3150 2136 3205 illa

546 3232 828 3305 diligenter
855 3233 987 3290 adit.

615 3325 671 3382 5.
702 3324 966 3391 Quomodo
995 3333 1043 3380 et
1061 3341 1217 3395 quare
1236 3327 1439 3382 animus
1470 3329 1607 3383 ontni
1633 3330 1909 3399 cupiditate
1936 3342 2137 3387 terrena

544 3431 733 3472 saeuus
762 3417 874 3481 ﬁeri
904 3416 1079 3472 debeat
1106 3419 1176 3472 ad
1202 3420 1541 3492 euangelium
1568 3421 1853 3477 doctrinam
1884 3434 2019 3479 recte
2055 3427 2135 3481 in-

545 3509 890 3581 telligendam.
940 3509 1089 3566 Liber
1127 3511 1347 3568 Joannis
1389 3524 1581 3584 quanta
1619 3531 1734 3571 cum
1762 3519 2039 3573 attentione
2064 3518 2137 3574 le-

543 3601 755 3671 gendus.
802 3600 1017 3657 Mor-alis
1046 3604 1334 3659 exhortatio
1364 3606 1434 3660 ad
1462 3618 1596 3663 recte
1628 3609 1963 3667 audiendum.
2022 3611 2135 3668 Ne-

545 3692 707 3762 quitia
733 3708 797 3746 ea:
824 3693 1035 3748 arbitrio
1062 3703 1107 3748 et
1132 3696 1409 3751 voluntate.
1437 3728 1506 3738 —
1534 3700 1692 3765 Quod
1721 3716 1787 3756 ne
1816 3702 1970 3755 vobis
1997 3703 2140 3759 acci-

544 3784 637 3838 dat
665 3782 863 3855 (neque
889 3786 1032 3839 enim
1056 3786 1407 3843 lncc.dicendi
1438 3789 1598 3845 finem
1630 3791 1868 3863 faciam),
1897 3804 2133 3863 vestram

545 3875 795 3930 roborate
819 3876 1079 3942 animum,
1129 3888 1186 3932 ut
1225 3894 1291 3934 ne
1320 3882 1505 3936 eadem
1536 3883 1784 3950 audiatis,
1811 3901 1930 3956 quae
1960 3886 2134 3942 ﬁdeli-

544 3967 644 4021 bus
671 3965 916 4022 llebrteis
942 3982 972 4021 a
1002 3967 1166 4024 Paulo
1188 3969 1331 4025 dicta
1358 3982 1501 4027 sunt.
1550 3972 1682 4029 Nam
1731 3976 1836 4030 illis
1875 3979 2131 4047 grandem

546 4057 676 4113 dicit
701 4074 823 4115 esse
850 4074 1154 4115 sermonem
1204 4071 1261 4117 et
1304 4064 1654 4134 interpretatu
1682 4068 1951 4125 difficilem
1980 4089 1993 4127 :
2028 4087 2133 4128 non

543 4148 686 4219 quod
714 4160 905 4205 natura
932 4165 1029 4205 sua
1060 4153 1180 4205 talis
1207 4164 1371 4219 esset,
1399 4156 1496 4210 sed
1522 4159 1668 4226 quia,
1712 4160 1910 4230 inquit,
1968 4162 2134 4219 Imbe-

543 4240 685 4296 cillos
707 4242 831 4310 {arti
857 4241 977 4296 estis
1003 4242 1071 4296 ad
1100 4243 1408 4299 audiendum
1437 4246 1622 4317 (llebr.
1655 4252 1708 4307 5.
1742 4252 1853 4325 il).
1887 4254 2019 4310 Nam
2045 4258 2132 4327 qui

545 4332 848 4388 imbecillus
873 4343 958 4390 est
984 4334 1332 4405 etinfirmus,
1369 4340 1595 4409 perinde
1619 4342 1765 4400 brevi
1795 4354 1955 4417 atque
1979 4350 2132 4422 longa

544 4423 787 4479 oratione
828 4425 1091 4492 turbatur,
1134 4437 1187 4482 et
1234 4444 1354 4498 qure
1394 4431 1538 4487 clara
1587 4433 1941 4509 expeditaque
1982 4453 2128 4508 sunt,

542 4525 702 4586 captu
726 4514 960 4572 difficilia
988 4518 1295 4575 arbitratur.
1314 4522 1512 4579 Verum
1542 4529 1721 4584 nullus
1744 4530 1829 4586 hic
1857 4534 1977 4589 talis
1991 4546 2129 4605 esto,

539 4608 635 4663 sed
658 4611 801 4664 omni
841 4610 1064 4681 depulsa
1105 4615 1287 4669 strculi
1315 4630 1466 4683 cura,
1496 4620 1723 4692 quisque
1761 4624 1895 4681 hanc
1924 4627 2130 4685 doctri-

541 4713 666 4753 nam
707 4699 909 4754 audiat.
957 4702 1093 4756 Cum
1123 4704 1264 4758 enim
1298 4707 1513 4764 auditor
1551 4717 1896 4781 pecuniarum
1928 4722 2133 4791 cupidi-

540 4799 650 4844 tate
678 4797 909 4856 tenetur,
955 4806 1061 4847 non
1088 4803 1264 4863 potest
1291 4808 1438 4855 certe
1470 4802 1660 4871 cupide
1689 4806 1914 4871 audire;
1958 4826 2133 4879 neque

538 4881 680 4936 enim
704 4889 879 4950 potest
898 4884 1074 4938 anima
1104 4902 1203 4939 una
1233 4889 1414 4945 multis
1443 4894 1690 4951 sufficere
1715 4899 2127 4968 cupiditatibus;

539 5162 708 5207 totum
738 5157 803 5209 ad
832 5173 889 5211 se
931 5159 1112 5214 trahit.
1144 5165 1296 5229 Quod
1325 5169 1487 5223 etiam
1515 5170 1569 5225 in
1603 5173 1786 5231 liberis
1812 5180 2125 5252 contingere

534 5246 691 5300 solet.
718 5245 848 5301 Nam
876 5264 997 5304 cum
1030 5268 1192 5308 unum
1226 5265 1427 5313 tantum
1455 5263 1575 5331 quis
1601 5263 1781 5335 habet,
1812 5286 1933 5324 eum
1962 5245 2122 5345 stipra

536 5339 752 5393 modum
797 5353 981 5406 amat;
1027 5358 1145 5400 cum
1189 5350 1404 5415 multus,
1439 5354 1641 5412 divisus
1668 5375 1820 5417 amur
1851 5339 2119 5426 minor-ad

531 5430 768 5500 singulos
796 5434 1043 5490 efficitur.
1070 5438 1222 5508 Quod
1247 5443 1291 5497 si
1324 5444 1410 5499 ubi
1445 5447 1530 5500 illa
1563 5450 1642 5503 vis
1669 5458 1725 5505 ot
1755 5468 1851 5507 ceu
1880 5460 2121 5521 tyrannis

529 5534 633 5588 est,
666 5537 826 5617 atque
853 5528 1092 5598 ejusdem
1125 5538 1335 5604 generis
1366 5551 1491 5594 sunt
1521 5541 1553 5595 ii
1581 5545 1670 5613 qui
1698 5544 2012 5617 diliguntur,
2050 5555 2117 5609 ita

532 5616 791 5688 contingit
816 5637 828 5670 :
851 5622 975 5690 quid
1007 5623 1300 5684 dixerimus
1326 5629 1392 5687 dc
1418 5647 1603 5689 amore
1634 5616 1813 5708 qui
1847 5644 2119 5702 voluntate

530 5712 583 5756 et
614 5706 803 5765 affecut
835 5715 1026 5781 prodit,
1080 5721 1306 5777 maxime
1341 5740 1464 5783 vero
1493 5744 1612 5785 cum
1641 5706 1855 5791 autores
1887 5736 1960 5792 illi
1996 5753 2115 5797 sese

2228 396 2413 439 mutuo
2443 384 2754 455 impugnant
2777 384 2804 436 ἲ
2844 381 3159 438 Contrarias
3189 379 3331 439 enim
3364 386 3447 433 est
3480 376 3825 448 pecuniarum

2224 492 2376 533 amor
2404 476 2662 531 doctrinm
2695 474 2852 543 ittljtls
2880 472 3072 529 amori.
3101 468 3160 525 in
3190 472 3381 526 caelum
3411 470 3679 524 intramus
3698 482 3823 523 cum

2226 569 2329 625 huc
2360 570 2710 640 ingredimur.
2735 566 2852 623 Non
2885 567 2952 621 de
2987 566 3126 630 loco,
3156 564 3250 620 sed
3277 564 3345 618 de
3373 562 3565 617 aﬂ'cctu
3592 562 3785 633 loquor
3812 579 3827 616 :

2226 674 2403 735 potest
2422 664 2563 721 enim
2592 664 2682 733 qui
2715 662 2768 716 in
2796 671 2938 717 terra
2970 659 3138 731 degit,
3172 659 3225 713 in
3258 658 3391 712 ctelu
3418 666 3589 723 stare,
3636 663 3691 710 et
3719 667 3832 709 ete-

2227 757 2383 813 lestia
2419 756 2678 826 cogitare,
2730 756 2839 809 imo
2877 752 3086 808 audire.
3119 750 3290 806 Nemo
3334 750 3495 821 igitur
3537 750 3590 804 in
3636 747 3847 803 emittar

2228 860 2439 905 terrena
2484 848 2701 903 inducat
2735 865 2747 899 :
2780 863 2941 902 nemo
2970 846 3098 901 dum
3130 845 3219 899 hic
3246 853 3513 909 versatur,
3543 842 3612 898 de
3643 858 3704 898 re
3730 840 3833 897 do«

2228 942 2447 997 mestiea
2471 940 2735 995 sollicitus
2761 938 2850 993 sit.
2878 936 3167 1010 Oporteret
3197 936 3342 993 enim
3370 938 3516 991 lucra
3549 934 3673 989 hinc
3702 934 3837 988 hau-

2229 1048 2310 1090 sta
2335 1035 2555 1091 domum
2579 1042 2633 1090 et
2659 1034 2712 1089 in
2738 1032 2913 1089 forum
2943 1031 3168 1099 deferri,
3198 1046 3304 1087 non
3330 1041 3511 1087 autem
3549 1028 3837 1084 ecclesiam

2228 1125 2543 1182 domesticis
2571 1136 2627 1181 et
2654 1124 2959 1180 forensibus
2987 1124 3217 1180 sarcinis
3247 1123 3483 1193 gravari.
3529 1119 3652 1175 Ideo
3681 1134 3840 1174 nam-

2230 1235 2333 1289 que
2377 1218 2443 1273 ad
2482 1219 2745 1274 doctrina:
2775 1217 3030 1272 thronum
3061 1218 3075 1247 ι
3106 1214 3459 1286 ingredimur,
3495 1222 3555 1268 ut
3579 1212 3705 1267 hinc
3736 1225 3839 1267 ex-

2232 1322 2413 1367 ternas
2456 1311 2575 1365 illas
2623 1310 2813 1365 sordes
2855 1310 3215 1379 deponamns.
3255 1307 3410 1377 Quod
3453 1292 3496 1362 si
3543 1307 3841 1363 debeamus

2233 1404 2337 1461 hoc
2367 1404 2638 1458 tantillum
2676 1404 2769 1458 otii
2799 1404 3038 1459 externis
3075 1404 3179 1456 illis
3206 1401 3363 1456 dictis
3386 1410 3440 1455 et
3472 1400 3640 1471 gestis
3687 1400 3842 1456 labe-

2232 1495 2453 1561 factare,
2480 1496 2671 1551 melius
2700 1504 2848 1551 esset
2876 1494 2944 1547 ab
2972 1494 3217 1564 ingressu
3245 1507 3469 1563 prorsus
3487 1492 3839 1549 abstinuisse.

2229 1586 2400 1642 Nemo
2426 1587 2585 1657 igitur
2615 1586 2666 1641 in
2694 1586 2925 1641 ecclesia
2954 1600 3042 1639 res
3068 1584 3399 1639 domesticas
3417 1585 3600 1639 animo
3627 1593 3840 1649 verset;

2237 1677 2331 1733 sed
2369 1676 2516 1732 domi
2544 1692 2632 1732 res
2662 1678 2907 1732 ecclesia:
2926 1676 3146 1745 cogitet.
3197 1674 3321 1731 limo
3350 1676 3563 1731 exteris
3588 1675 3845 1731 omnibus

2236 1770 2392 1825 nubis
2430 1770 2538 1823 sint
2568 1769 2905 1837 pretiosiora.
2938 1767 3065 1823 llaec
3091 1769 3234 1822 enim
3265 1768 3330 1823 ad
3362 1767 3622 1836 animam,
3652 1768 3740 1825 illa
3770 1768 3844 1823 ad

2235 1877 2433 1933 Corpus
2470 1863 2777 1932 pertinent;
2829 1861 2939 1916 imo
2981 1876 3101 1930 qua:
3132 1860 3217 1916 hie
3249 1860 3503 1915 dicuntur
3532 1871 3587 1917 et
3625 1862 3847 1932 corpori

2235 1966 2291 2012 et
2334 1957 2533 2011 anima:
2576 1965 2910 2025 competunt.
2955 1954 3080 2010 Ideo
3106 1955 3220 2010 hate
3248 1956 3400 2025 quasi
3427 1954 3695 2027 prmeipua
3731 1966 3849 2011 tra-

2235 2058 2471 2108 ctentur,
2500 2046 2601 2101 alia
2628 2048 2807 2101 omnia
2839 2048 3227 2117 perfunctorie.
3283 2047 3407 2103 flare
3451 2048 3650 2119 quippe
3678 2059 3731 2104 et
3760 2048 3851 2104 ΐιι-

2239 2150 2371 2195 turre
2402 2151 2455 2194 et
2478 2139 2761 2209 praesentis
2802 2140 2925 2194 vitze
2969 2150 3095 2194 sunt
3121 2158 3133 2194 :
3182 2140 3269 2193 illa
3297 2139 3366 2195 ad
3395 2152 3641 2196 neutram
3671 2143 3847 2212 perti-

2240 2244 2390 2298 nent,
2439 2232 2542 2287 nisi
2588 2233 2885 2288 secuudum
2929 2234 3099 2304 legem
3127 2233 3303 2289 dehis
3339 2235 3567 2306 positam
3605 2244 3845 2292 tracten—

2242 2334 2347 2379 tur.
2398 2324 2514 2379 Nou
2553 2325 2696 2380 enim
2728 2327 2899 2379 stilum
2925 2327 3014 2394 qui
3046 2335 3170 2396 post
3198 2325 3311 2380 lucc
3345 2325 3505 2381 futuri
3538 2328 3732 2392 simus,
3793 2337 3853 2384 et

2241 2416 2511 2485 quomodo
2562 2417 2670 2471 illic
2714 2418 2977 2483 vivemus,
3032 2416 3119 2472 hic
3161 2417 3492 2483 ediscimus;
3540 2421 3636 2475 sed
3682 2421 3851 2477 etiam

2241 2523 2344 2572 qua
2391 2509 2602 2565 ratione
2646 2508 2735 2565 bie
2776 2509 2931 2564 nobis
2970 2510 3043 2563 sit
3086 2510 3392 2565 vivendum.
3429 2511 3560 2566 Nam
3606 2513 3853 2570 medica-

2240 2610 2547 2655 mentorum
2598 2602 2811 2657 officina
2863 2602 3158 2672 spiritualis
3204 2601 3398 2657 domus
3442 2602 3561 2660 haec
3606 2616 3724 2673 est;
3783 2615 3851 2663 ut

2240 2710 2358 2765 tum
2386 2694 2605 2749 vulnera
2636 2694 2765 2749 foris
2793 2694 3111 2764 accipimus,
3146 2695 3232 2752 hic
3258 2713 3549 2763 curemus;
3599 2714 3706 2755 non
3752 2716 3855 2755 ιιιιη

2242 2797 2349 2840 tem
2378 2797 2432 2840 ιιι
2464 2785 2553 2842 hic
2579 2787 2697 2841 aliis
2723 2789 2963 2857 acceptis
2988 2788 3302 2844 vulneribus
3331 2790 3669 2849 recedamus.
3716 2792 3854 2850 Nam

2240 2877 2286 2932 si
2309 2878 2530 2949 Spiritui
2562 2888 2748 2933 sancto
2780 2893 2877 2934 nos
2906 2879 3199 2950 alloqueuti
3253 2897 3358 2937 non
3404 2884 3644 2939 animum
3687 2886 3853 2942 adhi-

2240 2968 2489 3038 beamus,
2513 2987 2618 3027 non
2648 2972 2808 3027 modo
2836 2974 3013 3043 priora
3038 2984 3255 3043 peccata
3280 2993 3386 3031 non
3415 2977 3715 3046 abluemns,
3744 2982 3844 3038 sed

2241 3063 2402 3118 etiam
2445 3065 2546 3119 alia
2592 3065 2960 3121 admittemus.
3015 3067 3147 3122 llnie
3201 3070 3361 3140 igitur
3388 3071 3525 3125 libro
3555 3073 3711 3129 nobis
3754 3089 3856 3145 per

2243 3158 2629 3212 revelationem
2665 3157 2862 3213 tradito
2904 3174 3093 3231 magna
3131 3175 3251 3216 cum
3292 3162 3571 3234 diligentia
3598 3168 3851 3224 attendao

2245 3261 2382 3303 mus.
2434 3247 2551 3302 Non
2584 3250 2744 3327 enim
2790 3253 2961 3307 multo
3010 3264 3195 3322 postea
3244 3256 3423 3311 studio
3467 3258 3767 3330 egebimus,
3802 3263 3855 3318 si

2243 3339 2500 3410 principia
2528 3353 2581 3396 et
2610 3353 2926 3413 argumenta
2955 3344 3306 3404 didicerimus
3341 3366 3353 3402 :
3392 3350 3486 3406 sed
3515 3351 3557 3407 si
3583 3352 3853 3409 tantillum

2242 3430 2396 3486 initio
2425 3432 2625 3488 laboris
2653 3438 3075 3505 sus¢cperimus,
3122 3439 3259 3494 alios
3306 3441 3501 3498 deinde
3546 3445 3855 3502 secundum

2244 3523 2465 3580 Paulum
2517 3541 2739 3583 monere
2784 3530 3104 3598 poterimus.
3156 3532 3253 3587 llic
3300 3550 3532 3604 namque
3573 3538 3858 3608 apostolus

2242 3615 2530 3671 admodum
2553 3617 2799 3673 sublimis
2828 3631 2933 3687 est,
2954 3622 3243 3693 multisque
3268 3625 3459 3694 plenus
3486 3626 3853 3700 dogmatibus,

2244 3708 2297 3761 in
2328 3709 2523 3779 quibus
2564 3711 2735 3780 magis
2761 3721 3026 3779 versatur,
3061 3729 3220 3785 quam
3259 3717 3313 3772 in
3340 3718 3481 3775 aliis.
3514 3720 3609 3786 Ne,
3639 3739 3851 3796 qumso,

2242 3799 2607 3869 perfunctorie
2632 3803 2935 3861 audiamus.
2978 3804 3105 3861 Ideo
3131 3809 3279 3864 enim
3312 3825 3411 3868 nos
3445 3813 3702 3883 paulatim
3734 3818 3855 3876 hate

2240 3890 2590 3961 explicamus,
2642 3905 2695 3949 ut
2746 3895 2901 3951 vobis
2948 3907 3107 3969 captu
3154 3898 3331 3958 facilia
3360 3907 3538 3962 omnia
3568 3908 3695 3975 sint,
3746 3926 3856 3969 nec

2239 3997 2303 4037 ex
2335 3987 2597 4041 memoria
2627 3987 2871 4045 effluant.
2905 3990 3220 4051 Timeamus
3247 4012 3397 4068 ergo,
3429 4015 3497 4057 ne
3521 4016 3588 4057 ex
3623 4013 3852 4063 senten-

2243 4076 2313 4128 tia
2347 4076 2435 4129 illa
2458 4078 2708 4146 culpandi
2742 4081 2932 4147 simus,
2964 4100 3068 4155 qua
3102 4086 3232 4143 dicit
3265 4109 3279 4145 :
3316 4089 3377 4147 Si
3407 4109 3509 4148 non
3536 4097 3779 4153 venissent
3801 4109 3857 4156 et

2242 4166 2480 4231 loquutus
2502 4170 2709 4239 fuissem
2738 4173 2834 4239 eis,
2852 4186 3112 4244 peccatum
3137 4196 3239 4234 non
3271 4182 3516 4239 haberent
3537 4186 3719 4255 (Joan.
3755 4191 3848 4246 lii.

2240 4256 2355 4329 2‘2).
2386 4260 2523 4328 Quid
2556 4262 2676 4331 plus
2705 4263 3044 4336 liabhimus,
3093 4287 3252 4341 quam
3297 4276 3329 4329 ii
3376 4279 3465 4348 qui
3502 4280 3631 4336 nihil
3663 4285 3853 4342 audie-

2242 4361 2385 4415 runt,
2413 4355 2628 4423 quando
2672 4369 2793 4426 post
2842 4362 3159 4419 concionem
3212 4367 3344 4424 nihil
3386 4372 3605 4429 dommn
3636 4377 3848 4436 refere—

2240 4459 2391 4511 mus,
2420 4446 2515 4501 sed
2547 4450 2707 4505 verba
2737 4462 2936 4508 tantum
2973 4455 3147 4511 mirati
3191 4460 3451 4520 fuerimus
3472 4469 3497 4521 ἲ
3528 4469 3657 4527 Date
3685 4473 3849 4531 nobis

2239 4536 2419 4606 igitur,
2471 4550 2543 4625 ut)
2578 4543 2629 4596 in
2678 4542 2875 4598 bonum
2908 4560 3105 4603 terram
3136 4566 3320 4610 semen
3347 4556 3614 4625 jaciamus
3650 4582 3661 4617 :
3694 4569 3848 4634 date,

2240 4637 2298 4727 ut
2324 4644 2422 4685 nos
2451 4632 2619 4703 magis
2646 4636 2949 4693 attrahatis.
3005 4642 3070 4696 Et
3120 4646 3164 4698 si
3208 4648 3329 4714 quis
3374 4652 3557 4718 Spinas
3606 4632 3849 4727 haheat,

2240 4721 2416 4792 ignem
2460 4723 2693 4795 Spiritus
2724 4730 2928 4801 injiciat
2964 4754 2974 4787 :
3012 4735 3054 4790 si
3097 4738 3218 4807 quis
3268 4756 3363 4797 cor
3402 4744 3599 4803 dttrum
3626 4761 3676 4806 et
3704 4721 3849 4809 con;

2239 4823 2442 4882 tnmax,
2490 4820 2681 4876 eodem
2737 4824 2857 4894 igne
2886 4828 3049 4884 molle
3074 4830 3202 4886 illud
3236 4842 3290 4889 ct
3320 4818 3602 4897 tractabile
3628 4844 3845 4903 reddat.

2236 4908 2291 5006 ξι
2332 4910 2455 4980 quis
2500 4927 2595 4982 per
2624 4915 2763 4970 viam
2802 4934 2831 4972 a
2879 4921 3034 4975 turba
3084 4926 3469 4995 cogitationum
3520 4937 3841 5006 invadatur,

2236 4999 2491 5098 interiora
2525 5015 2688 5075 petat,
2743 5025 2843 5066 nec
2882 5014 3127 5071 attendat
3172 5018 3235 5071 iis
3268 5036 3389 5089 quae
3427 5026 3491 5079 ad
3524 4999 3842 5098 rapiendum

2237 5094 2439 5153 intrare
2486 5100 2720 5165 vellent;
2771 5115 2826 5158 ut
2873 5121 3155 5166 comantes
3176 5124 3388 5183 segetes
3416 5094 3623 5178 vestras
3652 5125 3840 5183 videa-

2235 5206 2375 5244 mus.
2405 5191 2535 5246 Nam
2564 5194 2608 5248 si
2638 5211 2756 5250 eam
2786 5198 2855 5253 de
2897 5202 3053 5259 nobis
3083 5222 3269 5261 curam
3300 5209 3675 5283 exhibeamus,
3710 5232 3762 5276 et
3789 5227 3835 5281 si

2233 5298 2428 5354 magno
2456 5286 2637 5343 studio
2664 5290 2925 5358 spirituali
2952 5298 3201 5353 concioni
3233 5304 3575 5363 attendamus
3609 5330 3622 5365 :
3654 5314 3698 5366 si
3729 5332 3837 5373 non

2231 5373 2541 5467 confeStim,
2588 5380 2783 5436 saltem
2826 5386 3084 5453 paulatim
3126 5407 3155 5445 a
3203 5395 3547 5454 smcularihus
3586 5406 3842 5464 omnibus

2232 5466 2392 5566 rebus
2436 5484 2533 5524 nos
2574 5472 2950 5541 expediemus.
3001 5479 3126 5537 Ideo
3174 5487 3412 5542 animum
3457 5492 3835 5566 adhibeamus,

2233 5574 2299 5615 ne
2348 5558 2414 5613 de
2457 5564 2613 5618 nobis
2662 5565 2877 5623 dicatur
2931 5589 2943 5624 :
2990 5574 3197 5643 Αδιιὶάὶε
3243 5582 3415 5638 surdw
3456 5602 3606 5642 aures
3658 5558 3837 5649 eorum

2295 5693 2308 5723 '
2346 5694 2549 5746 Savilim

2228 5699 2549 5805 m;wf::'\;ilitt.~
2596 5699 2759 5752 mallet
2799 5702 3010 5768 legere,
3052 5714 3253 5773 lc’lllptts.
3295 5719 3399 5766 διεδ,
3441 5723 3831 5778 mune-1|“de
