4164 6320
192 366 257 421 3'1
1400 368 1462 424 ΙΝ
1501 358 1819 424 JUANNEM
1862 362 2095 419 lltl‘lllL.
2140 363 2231 421 ΙΙΙ.
2273 364 2345 420 al.
2387 362 2450 421 ll.

194 499 359 563 (Paul.
392 497 487 551 57.
527 495 609 564 5).
643 494 763 563 Qua
792 494 845 546 in
883 508 959 553 re,
985 503 1188 560 qntcso,
1223 501 1252 539 a
1288 484 1400 540 fera
1426 483 1605 538 dill'ert
1632 481 1819 549 hujus-

192 589 332 648 modi
361 587 633 642 auditor?
681 583 971 653 Quomodo
1004 597 1108 635 non
1139 580 1207 633 sit
1239 574 1601 632 irt-ationabili
1632 574 1825 643 quovis

191 679 655 743 irrationabilior,
699 678 791 747 qui
829 674 1215 741 Deorloquentc
1240 685 1348 723 non
1387 664 1660 721 attendit?
1692 664 1823 719 Nam

188 776 232 830 si
260 774 491 845 placere
526 772 661 831 Deo,
700 767 829 823 illud
866 774 950 821 est
981 764 1145 819 homo
1169 776 1294 816 esse
1325 777 1339 814 :
1367 759 1458 828 qui
1488 765 1546 810 ut
1573 755 1677 810 hoc
1705 754 1818 807 adi-

188 868 462 938 piscatur,
494 864 687 919 audire
727 875 839 915 non
866 857 1000 925 vult,
1046 854 1176 909 nihil
1203 851 1343 906 aliud
1372 864 1535 921 quam
1564 849 1827 938 fera‘esse

184 934 433 1015 dicatur.
463 956 654 1025 Cogita
702 967 835 1021 ergo
870 958 1132 1019 quantum
1166 945 1235 999 sit
1264 942 1488 1004 malum,
1518 954 1641 994 cum
1668 934 1825 1022 ΟΙιτίέ
1876 1020 1883 1021 7

185 1061 312 1105 stus
361 1064 466 1104 nus
505 1046 640 1102 Velit
669 1060 735 1100 ex
766 1040 1077 1097 hominibus
1106 1036 1316 1108 angelis
1347 1034 1587 1103 aequales
1620 1029 1823 1089 facere,

182 1142 226 1194 si
258 1154 369 1195 nos
410 1155 480 1193 ex
527 1136 837 1191 hominibus
881 1135 934 1187 in
985 1130 1130 1185 feras
1183 1132 1627 1181 transmutemus.
1689 1119 1824 1174 Nam

182 1232 375 1287 ventri
409 1230 641 1293 servire,
674 1225 1021 1297 pecuniarum
1056 1218 1351 1291 cupiditate
1400 1215 1595 1279 teueri,
1641 1211 1824 1275 irasci,

181 1323 470 1385 mordere,
501 1322 807 1383 calcitrare,
839 1333 943 1371 non
975 1313 1278 1375 hominum,
1306 1308 1400 1364 sed
1441 1307 1679 1361 ferarum
1717 1312 1822 1359 est.

182 1420 359 1489 Atqui
395 1418 526 1472 ferae
559 1414 791 1485 singulae
821 1426 976 1465 suum
1005 1407 1209 1462 habent
1230 1404 1505 1466 allectum,
1554 1400 1715 1500 idque
1739 1412 1826 1499 se-

180 1511 436 1565 cundum
462 1518 708 1563 naturam
744 1525 757 1559 :
791 1514 847 1559 at
879 1504 1042 1558 homo
1064 1500 1155 1570 qui
1187 1496 1512 1568 principium
1540 1496 1829 1560 cogitatio-

182 1617 356 1664 num,
383 1610 439 1655 et
468 1602 636 1653 vitam
666 1595 963 1653 secundum
1009 1593 1182 1648 Deum
1231 1582 1620 1642 instituendam
1671 1580 1825 1650 abje-

179 1697 285 1756 cit,
344 1693 598 1748 omnibus
637 1704 761 1746 sese
800 1687 969 1743 animi
1007 1683 1214 1740 morbis
1259 1677 1494 1742 addicit;
1534 1688 1635 1729 nec
1662 1670 1827 1726 modo

1929 476 2040 532 l‘era
2094 476 2349 543 efficitur,
2398 476 2491 533 sed
2542 477 2963 553 ettuultil’orme
3002 488 3333 543 monstrum,
3386 498 3564 553 neque

1934 567 2228 623 secundum
2261 578 2507 622 naturam
2539 571 2752 625 veniam
2784 580 3043 626 meretur.
3093 572 3343 643 Nequitia
3367 575 3565 646 quippe

1931 662 2111 717 omnis
2140 676 2206 715 ex
2239 663 2465 716 arbitrio
2493 673 2548 719 ct
2578 664 2860 721 volunta'e
2887 675 2991 721 est.
3038 665 3145 722 Sed
3186 667 3331 722 ahsn
3372 678 3428 722 ut
3457 668 3565 725 hoc

1937 768 2174 823 unquam
2220 754 2289 809 de
2358 754 2602 810 Ecclesia
2646 756 2850 812 Christi
2894 759 3238 830 suspicemur
3271 778 3285 814 :
3313 760 3384 816 de
3411 761 3564 818 vobis

1932 844 2075 898 enim
2112 843 2358 907 meliora,
2408 862 2638 916 qurcque
2665 848 2733 902 ad
2762 850 2993 903 salutem
3023 848 3245 915 ducant,
3274 853 3563 906 sentimus.

1936 934 2139 990 Verum
2170 947 2374 1006 quanto
2405 940 2578 1010 magis
2608 940 2711 995 hoc
2752 942 2819 994 ita
2850 956 2973 997 esse
3002 941 3363 1008 conlidemus,
3416 953 3568 998 tanto

1934 1030 2197 1099 majorem
2222 1032 2492 1086 cautelam
2528 1033 2579 1087 iu
2613 1035 2970 1090 coucionibus
3001 1036 3267 1092 adhibere
3299 1053 3407 1092 non
3439 1051 3565 1093 ces-

1933 1122 2219 1189 sabimus;
2266 1134 2327 1178 ut
2370 1135 2654 1195 postquam
2705 1126 2771 1181 ad
2826 1127 3002 1197 ipsum
3042 1128 3302 1183 virtutum
3346 1129 3564 1185 culmen

1932 1217 2379 1284 pervenerimus,
2430 1217 2589 1273 nobis
2632 1220 2900 1289 promissa
2937 1220 3077 1274 bona
3106 1236 3511 1292 cenaequumur
3542 1237 3557 1275 :

1931 1324 2052 1377 qua:
2094 1310 2298 1364 utinam
2351 1309 2740 1381 adipiscamur,
2785 1315 2959 1384 gratia
2998 1324 3051 1370 et
3091 1314 3425 1387 benignitate
3457 1316 3565 1371 Do-

1932 1401 2065 1456 mini
2100 1403 2270 1457 nostri
2301 1401 2429 1459 Jesu
2470 1403 2697 1471 Clu-isti,
2756 1422 2855 1475 per
2885 1422 3047 1478 quem
3082 1417 3138 1463 et
3165 1425 3291 1465 cum
3324 1423 3436 1480 quo
3467 1408 3569 1463 l’a-

1934 1498 1999 1548 trl
2047 1494 2241 1564 gloria,
2292 1496 2565 1567 simulque
2591 1497 2816 1570 Spiritui
2845 1509 3036 1554 sancto
3068 1500 3121 1554 in
3149 1501 3346 1555 saecula
3392 1515 3568 1558 saecu-

1932 1587 2131 1642 lorum.
2171 1588 2367 1643 Atncn.

1592 1878 1945 1946 HOMILIA
1990 1878 2103 1941 Ill.

633 2030 701 2084 In
730 2028 982 2099 principio
1011 2035 1121 2079 erat
1153 2021 1395 2077 Verbum.

265 2128 331 2183 Ι.
385 2125 862 2195 Supervacaneum
906 2121 1017 2189 jam
1066 2126 1215 2173 esset
1263 2129 1362 2169 vos
1410 2111 1478 2167 de
1528 2108 1829 2164 attentione

182 2216 459 2272 concioni
507 2212 812 2269 adhibenda
860 2224 1121 2272 monere;
1175 2218 1282 2261 tam
1334 2206 1444 2259 cito
1492 2215 1688 2270 nempe
1732 2198 1829 2253 ads-

183 2308 518 2365 monitionis
550 2307 782 2362 fructum
809 2320 869 2360 re
897 2313 951 2359 et
989 2317 1155 2373 opere
1183 2297 1529 2355 exhibuistis.
1576 2294 1824 2349 Concur-

184 2419 292 2459 sus
324 2404 495 2463 enim,
518 2400 751 2470 diligens
782 2396 1029 2460 attentio,
1058 2405 1409 2465 prmpropera
1436 2404 1558 2443 cum
1590 2386 1826 2455 impulsu

186 2496 478 2552 festinatio
525 2495 592 2549 ad
639 2493 956 2549 interiorem
1001 2487 1376 2559 occupandum
1430 2484 1633 2547 locum,
1682 2478 1829 2535 unde

189 2588 424 2644 facilius
452 2602 637 2643 vocem
670 2596 910 2642 nostram
942 2582 1130 2637 audire
1160 2580 1381 2652 possitis
1408 2595 1421 2641 ;
1471 2587 1831 2647 perseveran-

187 2679 297 2742 tia,
363 2693 468 2750 qua
515 2679 597 2734 vel
643 2679 695 2732 in
721 2677 964 2748 angustia
997 2673 1156 2746 positi
1190 2672 1448 2728 recedere
1493 2685 1602 2725 non
1635 2669 1825 2734 vultis,

183 2770 383 2827 donec
428 2770 706 2841 spirituale
754 2769 1025 2825 theatrum
1071 2766 1303 2823 solutum
1349 2763 1551 2828 fuerit;
1601 2762 1851 2833 plausus,

185 2863 489 2933 strepitus,
544 2872 853 2933 cmteraque
894 2862 1116 2928 similia,
1150 2870 1204 2916 et
1242 2858 1510 2915 fervorem
1554 2857 1721 2913 animi
1770 2864 1827 2911 et

187 2954 470 3009 intentam
500 2954 752 3009 concioni
780 2966 1017 3010 mentem
1050 2954 1308 3008 iudicant.
1361 2951 1707 3019 Quapropter
1732 2962 1824 3002 Stl-

190 3046 478 3115 perﬂuum
508 3055 651 3102 esset
684 3050 784 3101 hac
811 3045 881 3101 de
908 3063 967 3099 re
994 3060 1221 3101 monere
1248 3062 1263 3109 ;
1317 3043 1412 3098 sed
1459 3041 1587 3097 illud
1640 3041 1824 3096 dicere

187 3147 248 3195 et
298 3153 524 3194 monere
564 3154 747 3210 opera:
793 3138 1026 3208 pretium
1059 3137 1239 3203 fuerit,
1271 3144 1331 3190 ut
1354 3137 1456 3190 hoc
1490 3133 1672 3188 animo
1700 3147 1825 3189 esse

190 3233 569 3301 perseveretis
603 3249 616 3285 :
648 3246 749 3287 nee
781 3232 942 3285 modo
968 3229 1056 3285 hic
1087 3229 1229 3285 idem
1276 3229 1516 3286 Studium
1559 3227 1821 3283 exhibea-

191 3327 293 3387 tis,
328 3324 424 3379 sed
454 3324 615 3379 etiam
643 3324 791 3379 domi
826 3325 907 3379 vir
939 3338 1208 3387 uxorem,
1260 3335 1414 3393 pater
1438 3320 1608 3376 lilium
1641 3319 1708 3375 de
1737 3319 1824 3376 his

189 3418 586 3488 alloquamur;
620 3434 718 3473 sua
750 3418 803 3472 hi
832 3418 1038 3483 dicant,
1078 3427 1133 3472 et
1168 3416 1317 3486 paria
1346 3415 1413 3468 ab
1445 3414 1550 3469 illis
1580 3414 1819 3484 exigant,

190 3524 503 3580 orantesque
552 3510 656 3565 hoc
706 3519 950 3565 nmtuum
980 3509 1172 3579 pignus
1202 3509 1254 3562 iu
1295 3506 1532 3563 medium
1565 3505 1815 3561 afferant.

189 3601 274 3659 Nc
320 3603 442 3673 quis
491 3602 623 3658 mihi
676 3602 900 3667 dixerit,
952 3616 1154 3673 pueros
1198 3602 1251 3655 in
1295 3600 1398 3655 hoc
1427 3598 1679 3669 occupari
1713 3612 1819 3652 non

189 3705 500 3765 oportere:
535 3710 671 3763 Opus
717 3702 864 3750 esset
913 3695 1056 3749 enim
1107 3709 1215 3748 non
1266 3691 1431 3747 modo
1477 3692 1559 3745 his
1614 3691 1823 3744 incum-

190 3788 353 3851 bere,
376 3787 474 3843 sed
508 3788 648 3842 hanc
681 3788 851 3842 solam
884 3786 1089 3843 habere
1118 3801 1329 3842 curam.
1384 3788 1636 3841 Attamen
1668 3784 1820 3838 iulir—

191 3878 402 3933 mitatis
438 3889 635 3933 vestra:
665 3894 827 3934 causa
860 3880 911 3933 id
946 3896 1052 3934 non
1090 3879 1234 3946 dico,
1281 3893 1457 3945 neque
1502 3893 1702 3949 pueros
1750 3879 1820 3935 ab

190 3980 426 4025 externo
474 3971 568 4024 illo
605 3970 787 4025 studio
835 3986 1043 4037 avoco;
1095 3981 1148 4026 ut
1191 3987 1365 4042 neque
1391 3986 1491 4026 vos
1517 3987 1545 4024 a
1569 3971 1818 4026 civilibus

191 4062 455 4132 negotiis.
500 4062 698 4118 Verum
743 4079 806 4117 ex
851 4073 1057 4131 septem
1105 4064 1188 4118 his
1225 4063 1413 4118 diebus
1443 4078 1632 4128 unum,
1660 4077 1811 4133 rogo,

190 4156 471 4211 communi
502 4157 734 4211 Domino
762 4166 949 4212 nostro
983 4157 1342 4212 consecretis.
1392 4160 1586 4211 Annon
1617 4156 1805 4211 absur-

191 4251 323 4303 dum
356 4249 538 4315 fuerit,
566 4250 611 4305 si
639 4265 763 4305 cum
791 4265 978 4305 servos
1004 4260 1219 4305 nostros
1244 4250 1503 4321 obsequia
1533 4265 1629 4305 sua
1660 4249 1817 4304 nobis

192 4360 412 4412 semper
438 4354 697 4413 pncstare
720 4343 1027 4413 iubeamus,
1058 4360 1157 4399 nos
1187 4360 1256 4399 ne
1283 4344 1564 4399 miniumm
1592 4343 1812 4414 quidem

193 4438 285 4489 etii
319 4436 490 4490 nostri
533 4437 645 4491 Deo
672 4436 990 4492 addicamus
1019 4454 1033 4501 ;
1064 4437 1369 4508 prtesertim
1397 4452 1520 4491 eum
1549 4436 1666 4491 hate
1693 4452 1814 4491 ser-

192 4530 337 4582 vitus
365 4529 476 4583 Deo
526 4527 658 4583 nihil
700 4529 952 4585 conferat
983 4529 1150 4602 (Deus
1179 4529 1325 4584 enim
1367 4529 1511 4583 nulla
1540 4545 1601 4584 re
1626 4527 1769 4598 eget)
1793 4568 1809 4594 ,

193 4622 286 4673 sed
319 4620 385 4672 ad
418 4628 658 4674 nostram
692 4620 961 4676 redundet
992 4619 1324 4675 utilitatem?
1366 4619 1565 4675 Verum
1593 4634 1715 4675 cum
1744 4619 1810 4674 ad

193 4709 400 4765 theatra
436 4711 577 4767 ﬁlios
592 4711 880 4777 adducitis,
911 4728 1083 4782 neque
1101 4712 1435 4781 disciplinas,
1461 4728 1636 4783 neque
1663 4713 1811 4768 aliud

191 4802 467 4872 quidpiam
498 4802 825 4869 obtenditis;
849 4805 895 4858 si
927 4820 1057 4859 vero
1099 4805 1373 4874 quidpiam
1403 4807 1702 4877 Spiritualis
1731 4807 1814 4861 lu-

190 4897 265 4949 cri
296 4896 367 4950 sit
389 4896 781 4967 colligendum,
811 4900 1148 4954 vacationem
1191 4899 1320 4954 illud
1351 4914 1475 4955 esse
1514 4900 1713 4957 dicitis.
1743 4902 1809 4956 Et

191 4989 468 5058 quomodo
508 4992 641 5044 iram
682 4990 778 5045 Dei
828 5008 934 5045 non
979 4994 1367 5062 provocabitis,
1424 4994 1552 5048 dum
1594 4996 1810 5051 cmtcris

192 5080 449 5136 omnibus
477 5097 577 5135 suo
606 5091 849 5152 tempore
878 5098 1102 5154 operam
1130 5084 1342 5152 dantes,
1366 5086 1564 5140 divinis
1584 5103 1805 5157 operam

192 5171 344 5238 dare,
375 5173 665 5229 molestum
692 5183 747 5229 et
782 5176 1149 5244 importunum
1180 5177 1305 5233 liliis
1332 5179 1699 5234 existimatis?

262 5264 481 5321 Iuvenes
496 5268 750 5338 quomodo
766 5269 1081 5324 instituendi.
1104 5270 1366 5327 Doctrina
1381 5270 1603 5327 Joannis
1619 5286 1811 5343 quanta

197 5359 285 5410 tit.
316 5359 461 5415 Hem
488 5378 603 5432 qua!
629 5362 803 5417 divina
825 5363 1105 5419 meditatur
1123 5365 1329 5419 diabolo
1348 5368 1690 5439 formidabili:
1711 5381 1806 5423 est.

194 5452 719 5523 ~NeiL1,ueita,
764 5456 955 5513 fratres
999 5458 1146 5525 mei,
1195 5462 1383 5531 agatis.
1436 5462 1646 5521 Etenim
1694 5466 1810 5521 tunc

198 5548 421 5604 maxime
446 5561 577 5604 mtas
610 5552 709 5605 ista
750 5561 874 5622 eget
918 5553 1241 5622 disciplina:
1276 5564 1461 5611 tenera
1510 5559 1654 5612 enim
1685 5573 1806 5613 cum

196 5642 281 5705 sit,
314 5643 419 5695 eito
447 5643 532 5697 illa
563 5660 685 5713 qtttc
715 5644 971 5699 dicuntur
991 5686 1005 5710 ,
1050 5645 1297 5712 imbibit,
1344 5646 1699 5720 doctrinaque
1735 5651 1807 5708 ibi

194 5748 287 5786 ceu
319 5734 545 5804 sigillum
577 5738 628 5792 in
660 5752 784 5792 cera
822 5738 1162 5803 imprimitur.
1204 5739 1455 5809 Alioquin
1484 5752 1664 5797 autem
1706 5742 1807 5801 hac

197 5826 439 5894 prima-ra
464 5840 623 5887 zelate
649 5829 734 5886 vel
758 5829 826 5885 ad
860 5831 1046 5886 \ititnu
1077 5831 1161 5888 vcl
1192 5831 1257 5887 ad
1288 5832 1539 5889 virtutem
1562 5834 1805 5891 declina-

1939 2018 2045 2063 tur.
2079 2009 2134 2066 Si
2187 2012 2308 2083 quis
2358 2014 2521 2084 igitur
2563 2031 2591 2070 a
2641 2018 2910 2089 principio
2949 2031 3003 2075 et
3035 2021 3186 2092 quasi
3219 2037 3248 2076 a
3297 2023 3570 2080 vestibulo

1937 2101 2057 2156 illos
2084 2117 2112 2157 a
2144 2104 2286 2159 vitiis
2317 2105 2627 2173 abduxerit,
2654 2120 2710 2165 et
2734 2111 2801 2166 ad
2826 2112 3089 2183 optimam
3120 2114 3260 2170 viam
3282 2115 3565 2182 direxerit,

1934 2210 2034 2252 ceu
2085 2198 2137 2253 in
2179 2202 2471 2271 quemdam
2522 2201 2765 2259 habitum
2799 2215 2854 2261 et
2884 2219 3089 2262 rectam
3142 2203 3268 2265 vita:
3298 2211 3567 2267 rationem

1934 2306 2029 2347 eos
2070 2295 2401 2351 constituet:
2456 2313 2630 2368 neque
2670 2308 2867 2370 sponte
2912 2316 3010 2355 sua
3043 2300 3203 2358 facile
3249 2302 3317 2359 ad
3362 2304 3569 2359 malum

1933 2385 2733 2454 declinabunt,consuetudine
2783 2391 2905 2447 illos
2931 2391 2999 2448 ad
3050 2393 3191 2450 bona
3240 2410 3404 2465 opera
3453 2405 3567 2451 tra-

1935 2478 2119 2537 hente.
2177 2481 2253 2537 lta
2308 2484 2463 2539 nobis
2526 2484 2611 2541 vel
2668 2486 2799 2558 ipsis
2864 2488 3087 2545 senibus
3142 2490 3568 2547 venerabiliores

1933 2582 2128 2641 erunt,
2158 2584 2213 2632 et
2243 2577 2467 2634 urbanis
2488 2579 2718 2650 negotiis
2750 2580 3006 2652 gerendis
3037 2584 3313 2653 aptiores,
3348 2583 3478 2640 dum
3512 2585 3565 2639 in

1928 2668 2217 2737 juventute
2259 2671 2487 2728 senilem
2539 2682 2753 2729 aetatem
2802 2676 3134 2745 expriment.
3184 2677 3373 2749 Neque
3420 2680 3567 2736 enim

1935 2762 2051 2818 ﬁeri
2080 2773 2292 2834 potest.
2330 2766 2523 2836 tttjam
2567 2767 2717 2837 dixi,
2749 2771 2925 2841 utqui
2960 2770 3271 2842 hujusmodi
3301 2773 3568 2831 concione

1932 2853 2219 2922 fruuntur,
2251 2866 2307 2911 et
2348 2868 2556 2914 tantum
2588 2863 2896 2932 apostolum
2928 2863 3308 2935 frequentant,
3342 2882 3449 2922 non
3481 2868 3569 2922 in-

1930 2962 2066 3017 gens
2096 2949 2385 3019 quodpiam
2412 2951 2611 3007 bonum
2656 2970 2844 3010 secum
2889 2957 3157 3021 referant;
3186 2959 3302 3013 sive
3346 2959 3568 3015 tandem

1932 3044 2034 3105 vir,
2067 3043 2183 3098 sive
2208 3043 2422 3107 mulier,
2453 3047 2571 3101 sive
2606 3047 2824 3115 juvenis
2855 3048 2925 3102 sit
2954 3048 2998 3102 is
3039 3049 3131 3120 qui
3167 3050 3329 3119 hujus
3358 3067 3567 3109 mensa:

1932 3133 2203 3204 particeps
2233 3134 2488 3190 efﬁcitur.
2522 3136 2658 3192 Nam
2692 3142 2735 3193 si
2774 3138 2915 3194 feras
2944 3140 3115 3195 verbo
3143 3140 3380 3197 domitas
3418 3144 3569 3199 eictt~

1930 3243 2115 3283 ramus
2134 3270 2149 3294 ,
2180 3237 2382 3299 quanto
2408 3231 2578 3301 magis
2604 3231 2852 3287 homines
2880 3233 2981 3289 hac
3011 3235 3283 3305 Spirituali
3309 3236 3563 3296 doctrina

1928 3322 1995 3377 ad
2027 3322 2235 3394 frugem
2259 3324 2597 3381 deducemus
2618 3370 2632 3393 ,
2662 3341 2786 3383 eum
2828 3329 2968 3383 inter
2997 3330 3323 3388 medicinam
3355 3343 3410 3390 et
3436 3351 3565 3392 eum

1928 3414 2018 3485 qui
2050 3425 2270 3472 curatur
2302 3427 2511 3473 tantum
2540 3419 2609 3474 sit
2636 3419 2972 3477 discrimen?
3009 3422 3198 3495 Neque
3235 3426 3382 3482 enim
3416 3437 3563 3484 tanta

1928 3507 2086 3563 nobis
2123 3507 2276 3565 inest
2329 3509 2547 3573 feritas.
2598 3523 2797 3584 quanta
2849 3514 3041 3571 helluis
3078 3536 3094 3573 :
3138 3533 3263 3573 nam
3324 3518 3443 3576 luce
3493 3537 3563 3577 ex

1928 3608 2138 3665 natura,
2172 3600 2263 3656 illa
2285 3615 2351 3655 ex
2380 3602 2609 3657 arbitrio
2638 3604 3028 3673 proficiscitur:
3060 3624 3238 3679 neque
3264 3611 3559 3668 verborum

1927 3692 2119 3747 eadem
2167 3695 2248 3747 vis
2291 3703 2393 3749 est.
2440 3696 2532 3750 Illa
2566 3698 2711 3752 enim
2760 3714 2825 3754 ex
2861 3699 3096 3756 humana
3129 3713 3314 3761 mente
3346 3706 3561 3776 prodit,

1930 3784 2046 3840 htec
2077 3800 2142 3840 ex
2174 3785 2410 3855 Spiritus
2437 3788 2638 3845 virtute
2665 3800 2718 3845 et
2744 3792 2937 3862 gratia.
2971 3792 3025 3850 Si
3058 3795 3180 3866 quis
3213 3796 3376 3868 igitur
3404 3798 3473 3855 de
3500 3814 3563 3857 se

1926 3876 2202 3948 deSperet,
2239 3890 2552 3935 mansuetas
2581 3881 2700 3938 illas
2730 3884 2874 3939 feras
2900 3886 3139 3957 cogitet,
3184 3896 3240 3943 et
3278 3905 3559 3961 nunquam

1926 3971 1980 4025 in
2013 3971 2450 4043 deSperationem
2497 3974 2737 4032 incidet:
2779 3991 2927 4048 sa-pe
2954 3978 3095 4035 hanc
3126 3981 3561 4040 medicamento-

1926 4079 2047 4120 rum
2090 4064 2363 4121 ofﬁcinam
2410 4066 2604 4135 adeat,
2652 4067 2867 4125 divinas
2916 4069 3061 4143 leges
3114 4074 3265 4128 omni
3313 4082 3561 4147 tempore

1922 4159 2138 4225 audiat,
2171 4170 2226 4215 et
2263 4160 2483 4215 domum
2534 4178 2785 4218 reversus
2806 4204 2822 4229 ,
2865 4180 2988 4234 quae
3016 4166 3259 4233 audivit,
3291 4169 3343 4225 iu
3376 4182 3561 4229 mente

1923 4252 2195 4308 describat
2222 4272 2235 4306 :
2268 4254 2456 4326 sicque
2481 4254 2534 4309 in
2562 4254 2700 4310 bona
2732 4273 2827 4327 spe
2849 4268 2904 4313 et
2929 4262 3227 4316 securitate
3256 4265 3560 4322 constitue-

1925 4356 2031 4411 tur,
2063 4358 2117 4403 et
2144 4350 2482 4417 eXperientia
2516 4350 2815 4421 prolectqu
2843 4353 3063 4410 sentiet.
3097 4352 3233 4415 Cum
3262 4359 3409 4414 enim
3439 4360 3561 4416 dia-

1923 4443 2078 4498 holus
2112 4443 2283 4514 legem
2330 4443 2424 4499 Dei
2474 4445 2526 4499 in
2556 4445 2735 4500 anima
2765 4445 3097 4519 descriptam
3134 4452 3357 4519 videbit,
3387 4463 3443 4509 et
3470 4463 3557 4510 ta-

1924 4534 2081 4591 bulas
2107 4550 2228 4590 esse
2256 4550 2353 4591 cor
2379 4536 2553 4601 illius,
2588 4553 2694 4592 non
2724 4539 2948 4595 accedet
2987 4542 3235 4598 ulterius.
3270 4543 3373 4603 Ubi
3406 4548 3552 4603 enim

1923 4627 2096 4683 litera:
2142 4628 2325 4699 regim,
2376 4645 2483 4683 non
2535 4630 2587 4683 in
2639 4646 2784 4685 aereo
2832 4633 2992 4703 cippo
3040 4636 3296 4706 sculptm,
3346 4640 3441 4695 sed
3502 4640 3557 4699 in

1923 4721 2180 4790 religioso
2232 4721 2414 4776 animo
2457 4737 2487 4776 a
2533 4721 2739 4793 Spiritu
2792 4735 2982 4780 sancto
3027 4726 3330 4785 ellormatze
3383 4732 3555 4789 multa

1923 4811 2129 4883 fulgent
2154 4814 2322 4884 gratia
2344 4856 2358 4881 ,
2393 4830 2493 4869 nec
2534 4826 2722 4871 contra
2769 4820 3045 4888 reSpicere
3088 4821 3179 4877 ille
3208 4825 3428 4892 poterit,
3459 4826 3555 4882 sed

1919 4905 2108 4976 procul
2140 4906 2294 4961 nobis
2340 4918 2486 4977 terga
2516 4918 2710 4964 vertet.
2756 4909 2896 4965 Nihil
2926 4914 3069 4967 enim
3100 4914 3169 4969 ita
3213 4915 3557 4977 formidabile

1918 5010 2003 5054 est
2028 5010 2083 5054 et
2114 5000 2185 5054 illi
2217 5010 2273 5055 et
2301 5002 2721 5071 cogitationibus
2749 5006 2817 5060 ab
2860 5007 2953 5060 illo
2985 5007 3243 5065 immissis
3264 5054 3277 5075 .
3312 5022 3367 5066 ut
3397 5029 3553 5071 mens

1917 5108 2039 5162 qua:
2082 5092 2264 5148 divina
2319 5094 2641 5160 meditatur,
2688 5108 2745 5153 et
2774 5098 2899 5154 huic
2928 5116 3146 5170 semper
3176 5102 3348 5160 lueret
3396 5106 3551 5163 fonti.

1918 5184 2070 5238 Hanc
2097 5185 2242 5240 nulla
2272 5203 2452 5241 rerum
2501 5191 2853 5259 pm‘SCltllttltt
2905 5194 3173 5263 turbabit,
3206 5202 3554 5269 quantumvis

1925 5278 2150 5332 molesta
2201 5280 2301 5344 sit,
2358 5281 2501 5333 nulla
2548 5281 2754 5337 inﬂabit
2794 5295 2849 5338 et
2894 5286 3154 5353 exlolb-t,
3206 5295 3553 5360 quantumvis

1924 5385 2183 5440 pt'OSpera
2216 5371 2414 5426 fuerit:
2456 5374 2549 5428 sed
2584 5376 2633 5428 in
2669 5385 2813 5431 tanta
2848 5380 3083 5449 procella
3112 5393 3168 5438 et
3193 5393 3550 5455 tempestate,

1926 5464 2317 5533 tranquillitate
2359 5483 2549 5536 magna
2586 5466 2814 5525 fruetur.

1991 5556 2049 5613 2.
2088 5558 2207 5613 Νοη
2237 5560 2503 5614 turbamur
2524 5562 2623 5615 nisi
2642 5580 2706 5617 ea:
2722 5566 2883 5620 animi
2902 5569 3063 5621 nostri
3078 5570 3397 5640 inﬁrmitate.
3428 5572 3547 5629 llas-

1920 5653 2192 5708 reticorum
2218 5655 2280 5707 de
2318 5652 2482 5709 Verbo
2509 5658 2775 5715 sententia.
2793 5690 2866 5700 -—
2885 5660 3070 5733 Neque
3096 5664 3240 5719 enim
3268 5683 3332 5720 ex
3366 5684 3547 5727 rerum

1920 5756 2112 5802 natura
2163 5746 2466 5812 turbamur,
2506 5749 2601 5804 sed
2652 5766 2717 5805 ex
2769 5753 2933 5807 animi
2990 5758 3156 5810 nostri
3210 5757 3545 5816 inﬁrmitate.

1924 5840 2054 5895 Nam
2104 5842 2145 5897 si
2179 5859 2242 5897 cx
2294 5844 2453 5898 rebus
2482 5860 2604 5915 qua!
2652 5846 2903 5903 accidunt
2936 5849 3309 5922 turbareumr,
3355 5838 3547 5911 omnes
