4164 6320
634 325 704 386 ω
1385 318 1441 373 s.
1482 313 1760 372 JOANNIS
1796 310 2277 367 CIIRYSOSTOIII
2320 315 2636 377 ARCIIIEP.
2677 320 3215 382 CONSTANTINOP.
3863 344 3938 400 ιο

632 443 876 500 homines
925 438 1122 496 turbari
1169 447 1389 500 necesse
1432 438 1593 487 esset.
1645 428 1843 483 Onmes
1893 425 2037 481 enim
2082 423 2223 478 idem

629 539 941 608 navigamus
979 532 1214 602 pelagus,
1246 541 1420 598 neque
1462 524 1575 579 fieri
1610 529 1786 594 p0test
1810 563 1824 588 ,
1861 530 1918 575 ut
1943 528 2088 575 extra
2121 516 2223 571 flu-

631 640 751 684 ctus
779 636 828 683 et
861 631 1206 694 tempestates
1230 634 1527 674 versemur.
1569 614 1722 683 Quod
1752 614 1795 668 si
1825 612 2040 685 quidam
2071 619 2222 668 extra

631 727 1001 791 tempestatem
1027 723 1082 772 et
1111 714 1452 769 furibundum
1483 727 1630 766 mare
1644 701 1853 778 'degant
1875 749 1890 774 ,
1934 705 2108 776 palam
2137 713 2218 760 est

624 817 992 881 tempestatem
1026 821 1131 862 nou
1161 821 1190 860 a
1231 804 1459 875 negotiis
1487 803 1635 866 oriri,
1669 799 1762 855 sed
1789 814 1819 854 a
1859 809 1998 853 statu
2026 796 2218 851 mentis

621 913 841 959 nostrae.
885 899 942 956 Si
991 897 1126 952 hanc
1176 896 1333 966 igitur
1375 894 1446 947 ita
1491 904 1884 960 comparemus,
1937 898 1992 942 ut
2037 887 2215 943 omnia

619 995 776 1051 facile
809 995 962 1057 ferat,
1007 990 1134 1045 nulli
1168 988 1379 1053 fluctus,
1423 985 1565 1039 nulla
1596 991 1906 1052 tempestas,
1937 979 2033 1035 sed
2065 990 2214 1035 trau-

592 1074 854 1159 ‘quillitas
901 1082 1054 1137 nobis
1107 1095 1319 1146 semper
1366 1077 1558 1132 aderit.
1613 1074 1812 1129 Verum
1871 1073 2052 1128 nescio
2103 1085 2212 1141 quo

622 1188 799 1252 pacto,
824 1191 942 1232 cum
966 1173 1095 1229 nihil
1123 1171 1314 1227 horum
1340 1169 1523 1226 dicere
1552 1169 1602 1222 in
1628 1165 1902 1238 proposito
1931 1163 2208 1229 haberem,

617 1273 669 1326 in
688 1281 884 1325 tantam
902 1266 1321 1323 admonitionem
1344 1261 1680 1318 devenerim.
1700 1257 1979 1330 Ignoscite,
2003 1271 2206 1328 quaeso,

613 1361 1018 1434 longitudinem.
1066 1354 1274 1414 Etenim
1303 1371 1516 1419 vereor,
1567 1362 1622 1409 et
1648 1350 1936 1406 admodum
1969 1364 2197 1414 vereor,

611 1465 670 1510 ut
715 1456 816 1510 hoc
843 1453 1074 1509 studium
1122 1466 1298 1506 meum
1347 1449 1555 1505 felicem
1599 1447 1797 1501 exitum
1830 1444 2049 1508 habeat;
2080 1457 2208 1496 nam.

608 1543 657 1602 si
684 1548 811 1603 fisus
841 1560 1038 1611 essem,
1069 1545 1375 1614 neutiquam
1399 1557 1495 1596 vos
1518 1540 1599 1594 his
1622 1538 1687 1593 de
1718 1537 1876 1592 rebus
1897 1535 2202 1604 alloqnulus

608 1655 806 1695 essent.
839 1637 980 1694 Satis
1005 1645 1152 1692 certe
1180 1645 1304 1690 sunt
1330 1649 1449 1705 qua:
1476 1632 1729 1695 diximus,
1761 1637 1817 1682 ut
1844 1628 2021 1682 omnia
2049 1626 2200 1679 vobis

607 1733 782 1788 facilia
809 1731 1117 1788 reddantur.
1147 1729 1380 1798 Tempus
1411 1735 1589 1781 autent
1617 1732 1699 1778 est
1727 1731 1780 1774 ut
1813 1720 1879 1773 ad
1919 1735 2032 1773 rem
2077 1733 2197 1786 pro-

607 1826 831 1895 positam
881 1823 1194 1886 reniamus,
1242 1835 1309 1874 ne
1361 1831 1455 1871 vos
1498 1815 1694 1871 defessi
1741 1813 1855 1866 hcce
1904 1809 2196 1866 certamina

601 1915 825 1970 adeatis.
856 1913 1158 1969 Certamina
1188 1911 1385 1981 quippe
1433 1907 1587 1962 nobis
1620 1913 1859 1974 prosmut
1883 1911 2068 1957 contra
2099 1917 2193 1956 ve-

602 2008 773 2064 ritatis
819 2005 1021 2070 hostes,
1073 2013 1256 2058 contra
1307 2017 1400 2056 eos
1450 2001 1539 2069 qui
1592 1997 1722 2052 nihil
1768 2012 1873 2050 non
1904 2003 2101 2066 agunt,
2138 2004 2194 2049 ut

601 2100 720 2157 Filii
766 2100 855 2156 Dei
903 2098 1149 2169 gloriam,
1203 2096 1312 2150 imo
1361 2094 1536 2164 potius
1580 2107 1728 2146 suam
1775 2090 2045 2158 dejieiant.
2101 2088 2189 2142 Illa

595 2196 793 2265 quippe
838 2208 1051 2262 semper
1094 2201 1274 2246 manet
1322 2199 1378 2243 ιιι
1420 2198 1536 2250 est,
1570 2186 1698 2239 nihil
1734 2200 1827 2254 per
1874 2182 2185 2237 maledicam

595 2285 829 2356 linguam
872 2283 1192 2337 imminuta:
1237 2280 1310 2335 illi
1355 2294 1501 2342 vero,
1551 2275 1677 2331 dum
1717 2290 1874 2338 cum,
1927 2289 2084 2344 quem
2128 2288 2188 2329 se

591 2375 818 2430 adorare
861 2373 1082 2440 dicunt,
1137 2380 1475 2441 prosternere
1504 2367 1753 2432 student,
1800 2365 2002 2418 vultum
2029 2379 2184 2418 suum

590 2467 805 2525 infamia
834 2465 1062 2536 replent,
1086 2472 1141 2519 et
1165 2465 1397 2517 animam
1424 2459 1687 2538 supplicio
1717 2457 1991 2512 addicunt.
2027 2457 2186 2524 Qum-

588 2577 713 2617 nam
742 2575 868 2630 ergo
889 2558 1070 2614 dicunt
1094 2557 1190 2623 illi,
1220 2555 1346 2611 dum
1373 2569 1470 2609 nos
1494 2554 1607 2607 haec
1638 2550 2000 2622 proferimus?
2025 2550 2176 2615 Illud,

587 2651 657 2709 In
683 2652 927 2724 principio
951 2661 1058 2704 erat
1080 2647 1282 2703 verbum
1302 2687 1317 2713 ,
1352 2661 1457 2700 non
1487 2645 1837 2700 :cteruitatem
1865 2642 2181 2712 simpliciter

588 2743 821 2799 iudicare
845 2758 858 2795 :
893 2756 1013 2795 nam
1047 2738 1146 2794 hoc
1175 2740 1241 2793 de
1282 2737 1416 2791 crrlo
1445 2736 1604 2789 etiam
1628 2743 1682 2789 et
1711 2733 1777 2788 de
1806 2743 1946 2787 terra
1977 2733 2175 2787 dietum

585 2836 701 2891 fuit.
734 2836 778 2890 0
802 2833 1183 2903 impudentiam
1211 2841 1261 2886 et
1291 2830 1614 2898 impietatem
1638 2826 1936 2896 ingentem!
1971 2824 2043 2879 De
2065 2823 2175 2879 Deo

582 2938 635 2982 te
661 2927 921 2996 alloquor,
950 2937 1004 2979 et
1034 2933 1086 2977 tu
1117 2922 1247 2978 mihi
1281 2931 1476 2976 terram
1499 2929 1553 2975 et
1583 2918 1826 2973 homines
1855 2927 1994 2972 terra
2025 2925 2174 2972 ortos

579 3017 743 3074 affers
772 3017 822 3072 in
854 3014 1128 3071 medium?
1159 3014 1300 3085 Ergo
1325 3014 1448 3084 quia
1479 3012 1720 3066 Christus
1761 3011 1928 3065 Filius
1969 3010 2057 3064 Dei
2088 3009 2172 3064 di-

581 3109 718 3164 citur
763 3113 819 3162 et
857 3106 1018 3171 Deus,
1070 3113 1124 3161 et
1154 3103 1315 3158 homo
1363 3103 1611 3158 similiter
1645 3101 1786 3156 filius
1817 3100 1907 3156 Dei
1938 3109 1992 3155 et
2037 3100 2170 3154 deus

577 3198 898 3269 medicatur
925 3197 944 3266 (
975 3212 1098 3252 nam
1138 3194 1248 3267 Ego
1277 3196 1412 3260 dixi,
1458 3193 1663 3264 inquit,
1691 3193 1765 3246 dii
1805 3193 1942 3256 estis,
1987 3203 2036 3246 et
2071 3191 2170 3258 ﬁlii

581 3290 780 3347 Excelsi
802 3306 972 3344 onum
995 3286 1014 3361 [
1034 3287 1177 3342 Psal.
1203 3287 1291 3344 81.
1321 3283 1453 3360 6]),
1485 3300 1606 3340 cum
1634 3283 1917 3355 Uuigeuito
1946 3293 2169 3337 conten-

575 3381 669 3438 des
692 3381 762 3438 de
790 3381 1074 3445 filiatione,
1122 3389 1177 3434 et
1218 3377 1366 3433 dices
1411 3379 1581 3448 ipsum
1613 3376 1739 3431 nihil
1771 3375 1888 3445 plus
1935 3374 2162 3442 habere,

576 3491 732 3549 quam
763 3482 817 3530 tu
857 3473 1093 3530 habeas?
1119 3472 1487 3544 Nequaquam,
1517 3471 1610 3525 ait.
1646 3472 1804 3540 Atqui
1835 3468 1962 3524 illud
1991 3468 2162 3538 ipsum

572 3571 716 3640 agis,
742 3571 842 3624 etsi
886 3582 992 3624 non
1020 3566 1186 3623 dicas.
1221 3563 1539 3634 Quomodo?
1579 3563 1713 3631 Quia
1761 3562 1928 3625 dicis.
1976 3571 2029 3618 te
2070 3577 2165 3631 per

571 3663 796 3734 gratiam
822 3661 1161 3730 adeptionem
1191 3657 1497 3729 percepisse
1515 3698 1529 3722 ,
1568 3657 1845 3726 ipsumque
1873 3655 2160 3710 similiter:

570 3770 691 3811 cum
716 3765 895 3810 autem
932 3754 1064 3810 dicis
1091 3754 1265 3824 ipsum
1294 3767 1400 3807 non
1435 3761 1618 3806 natura
1666 3750 1828 3805 filium
1855 3765 2007 3817 esse,
2034 3751 2160 3804 nihil

568 3847 710 3902 aliud
736 3847 945 3915 probas,
975 3861 1132 3916 quam
1163 3841 1508 3917 per"gratiam
1539 3845 1703 3898 filium
1733 3859 1875 3900 esse.
1897 3845 2159 3899 Cancrum

569 3941 842 3994 videamus
897 3953 995 4003 ea,
1047 3954 1165 4008 quae
1218 3938 1370 3991 nobis
1423 3937 1652 3992 afferunt
1698 3937 2034 3992 testimonia:
2091 3936 2158 3991 In

567 4031 816 4101 principio
851 4030 968 4101 fecit
993 4026 1132 4081 Deus
1157 4029 1335 4082 calum
1363 4038 1410 4082 et
1432 4038 1636 4082 terram.
1671 4027 1828 4081 Terra
1855 4038 2020 4082 autent
2049 4037 2158 4084 erat

564 4122 826 4177 invisibilis
855 4130 902 4176 et
924 4121 1259 4190 incomposita
1282 4118 1434 4192 (Gen.
1468 4119 1700 4188 1.1.2).
1738 4121 1822 4186 Et,
1856 4118 1984 4172 Erat
2007 4120 2157 4173 homo

564 4229 628 4267 ea:
667 4211 983 4266 Armathaim
1013 4209 1180 4279 Sipha
1209 4211 1228 4278 (
1254 4210 1304 4262 1.
1337 4209 1465 4280 Reg.
1498 4209 1550 4264 1.
1577 4209 1598 4262 1
1624 4208 1664 4279 ).
1697 4208 1821 4263 llaec
1852 4209 1978 4276 ipsis
2006 4209 2156 4262 flrma

564 4303 830 4358 videntur.
864 4301 929 4356 Et
954 4316 1077 4356 vere
1104 4299 1254 4354 firma
1283 4307 1408 4354 sunt
1426 4339 1442 4365 ,
1469 4300 1562 4355 sed
1589 4300 1654 4353 ad
1683 4298 2155 4354 demonstrandam

562 4395 820 4452 doctrinm
840 4403 1039 4449 nostra:
1069 4393 1383 4449 veritatem:
1413 4407 1532 4448 nam
1564 4392 1629 4447 ad
1667 4392 1881 4449 illorum
1913 4392 2155 4462 blaSphe-

561 4488 720 4544 miam
747 4485 1196 4556 comprobandam
1217 4486 1454 4541 omnium
1481 4484 1805 4540 debilissima
1837 4494 1982 4539 sunt.
2015 4485 2152 4552 Quid

558 4581 722 4644 enim,
749 4594 955 4651 qumso,
986 4594 1271 4635 commune
1303 4579 1465 4634 habet
1493 4578 1621 4632 illud
1642 4618 1658 4645 ,
1685 4576 1858 4644 Fecit,
1890 4593 2012 4632 cum
2036 4578 2148 4642 illo,

563 4672 729 4730 Erat?
757 4672 883 4743 quid
915 4671 1059 4727 Deus
1099 4687 1220 4727 cum
1252 4671 1500 4726 homine?
1544 4671 1655 4726 Cur
1683 4685 1746 4724 ea
1794 4672 1989 4726 misces
2030 4687 2152 4740 qua:

557 4766 769 4823 misceri
812 4779 920 4821 non
970 4764 1234 4834 possunt?
1262 4780 1357 4818 cur
1399 4763 1685 4818 confundis
1727 4778 1789 4818 ea
1831 4779 1953 4833 (pne
1980 4764 2149 4819 divisa

554 4867 712 4925 sunt,
763 4868 818 4915 et
863 4873 983 4929 qua:
1028 4872 1278 4924 sursum,
1327 4858 1578 4912 deorsum
1617 4857 1815 4926 ponis?
1860 4857 1958 4913 llic
2006 4859 2148 4914 enim

555 4950 680 5008 illud
700 4991 716 5018 ,
742 4948 890 5013 Erat,
919 4967 1022 5005 nou
1051 4953 1401 5006 :eternitatem
1429 4950 1697 5015 ostendit,
1725 4951 1768 5005 si
1812 4951 1987 5005 solum
2027 4967 2151 5022 spe-

550 5052 758 5108 ctetur;
786 5041 879 5097 sed
906 5043 950 5095 si
977 5042 1202 5096 addatur
1227 5058 1347 5097 cum
1379 5042 1504 5107 illis,
1535 5041 1601 5095 In
1629 5044 1880 5113 principio
1910 5052 2036 5110 erat,
2071 5052 2145 5108 et,

565 5131 776 5190 Verbum
816 5142 945 5188 erat.
979 5131 1433 5199 Quemadmodum
1475 5149 1604 5205 ergo
1635 5134 1758 5188 illud
1780 5173 1795 5198 ,
1826 5135 1958 5190 Esse
1979 5175 1994 5200 ,
2025 5150 2148 5191 cum

550 5226 619 5280 de
651 5225 866 5280 homine
895 5223 1110 5288 dicitur,
1141 5239 1376 5294 pnescns
1419 5235 1620 5280 tantum
1666 5227 1864 5280 indicat
1893 5237 2142 5298 tempus;

551 5333 671 5372 eum
701 5330 880 5372 autem
908 5319 976 5372 de
1009 5317 1148 5383 Deo,
1191 5319 1540 5374 atternitatcm
1570 5320 1940 5375 de’tnonstrat:
1986 5322 2063 5377 sic
2093 5333 2147 5378 et

552 5410 715 5476 illud,
758 5409 916 5474 Erat,
962 5409 1032 5466 de
1073 5421 1252 5465 nostra
1301 5410 1500 5466 dictum
1548 5422 1762 5477 natura,
1819 5418 2143 5483 prmterltum

558 5513 760 5576 tempus
793 5504 1087 5575 significat,
1128 5503 1409 5575 ipsmnque
1441 5507 1674 5571 liuitum;
1708 5522 1827 5561 cum
1869 5517 2047 5563 autem
2078 5508 2145 5563 de

555 5596 665 5652 Deo
685 5637 697 5659 .
726 5597 1072 5652 aeternitatem
1106 5597 1320 5653 iudicat.
1351 5598 1489 5652 Satis
1521 5613 1649 5667 ergo
1679 5609 1788 5654 erat
1823 5601 1871 5655 ei
1896 5643 1909 5664 ,
1938 5601 2026 5669 qui
2051 5617 2146 5654 au-

551 5687 691 5743 diret
717 5685 968 5750 Terram,
1012 5697 1066 5742 et
1114 5686 1430 5754 Ilomiuem,
1486 5688 1616 5743 nihil
1662 5691 1889 5761 amplius
1933 5690 1999 5746 de
2040 5691 2143 5746 illis

551 5777 808 5849 cogitare.
855 5794 1008 5848 quant
1053 5789 1255 5836 natura:
1281 5791 1473 5836 creata:
1507 5782 1806 5837 conveniat.
1839 5781 1968 5838 Nam
1999 5784 2140 5854 quod

2341 428 2538 486 factum
2570 442 2650 488 est
2671 474 2688 502 ,
2717 434 2973 506 quidquid
3006 439 3222 495 tandem
3245 440 3348 506 sit,
3373 440 3425 495 in
3457 449 3698 514 tempore
3719 445 3809 502 vel
3834 463 3943 505 stn-

2333 523 2455 579 culo
2482 523 2676 582 factum
2698 539 2818 584 est:
2848 539 2905 584 at
2942 530 3111 586 Filius
3154 532 3284 600 Dei,
3318 549 3423 589 non
3456 538 3783 607 temporibus
3813 549 3941 596 tau—

2332 623 2445 670 tum
2467 657 2482 680 ,
2508 619 2603 673 sed
2629 620 2841 676 sarculis
2868 622 3116 678 omnibus
3142 624 3388 694 superior
3418 634 3533 681 est:
3563 642 3686 683 nam
3718 629 3937 687 illorum

2328 714 2384 760 et
2405 717 2617 762 creator
2645 718 2699 764 et
2727 710 2903 780 opifex
2939 720 3024 768 est
3047 730 3062 770 :
3083 713 3283 770 dicitur
3304 716 3472 782 enim,
3510 715 3612 771 Per
3637 736 3784 790 quem
3815 721 3938 790 fecit

2327 805 2375 850 et
2399 798 2588 853 sarcula
2637 799 2836 870 (Hebr.
2869 804 2920 857 1.
2953 802 3052 872 2).
3080 804 3182 872 Qui
3225 814 3404 861 autem
3431 805 3611 876 Opifes
3659 820 3761 876 est,
3805 822 3937 869 ante

2325 886 2536 956 opificia
2568 889 2706 944 haud
2735 891 2898 948 dubie
2930 894 3045 948 fuit.
3068 894 3334 962 Quoniam
3365 913 3494 953 vero
3515 899 3730 969 quidam
3754 901 3824 956 ita
3848 904 3934 959 in-

2320 980 2520 1034 sensati
2546 989 2688 1046 sunt,
2727 992 2783 1037 ut
2808 992 2990 1054 postea
3022 987 3194 1056 majus
3221 987 3494 1058 quidpiam
3525 989 3594 1044 de
3624 1005 3718 1046 sua
3746 992 3894 1062 digni
3913 1025 3930 1036 -

2321 1078 2428 1124 tate
2453 1073 2810 1142 suspicentur,
2845 1076 2936 1131 illo
2961 1078 3149 1143 verbo,
3179 1079 3347 1147 Fecit,
3370 1091 3425 1136 et
3453 1082 3573 1147 illo,
3605 1082 3772 1139 Homo
3791 1097 3926 1153 erat,

2317 1163 2578 1219 auditoris
2617 1178 2849 1224 mentem
2886 1181 3254 1241 praeoccupat,
3285 1183 3341 1229 et
3385 1191 3598 1232 omnem
3637 1179 3926 1250 impuden-

2317 1257 2442 1312 tiam
2471 1261 2754 1316 exscindit.
2787 1261 2921 1318 Nam
2953 1281 3072 1335 quae
3100 1265 3238 1320 facta
3282 1276 3408 1322 sunt
3449 1270 3660 1337 omnia,
3689 1275 3878 1327 etclam
3903 1313 3923 1340 ,

2315 1357 2478 1419 terra,
2514 1359 2752 1424 tempore
2784 1356 2918 1411 facta
2949 1368 3095 1427 sunt,
3129 1363 3423 1431 temporale
3461 1365 3778 1436 principium
3811 1367 3917 1421 ha-

2313 1441 2466 1509 bent,
2501 1459 2794 1517 eorumque
2832 1449 2968 1503 nihil
3010 1451 3128 1506 sine
3165 1453 3430 1523 principio
3468 1465 3587 1523 est,
3625 1458 3746 1526 quia
3774 1456 3926 1513 facta

2308 1546 2453 1590 sunt.
2484 1536 2666 1608 Itaque
2691 1555 2811 1595 cum
2854 1541 3007 1598 audis
3035 1542 3208 1614 ipsum
3236 1544 3429 1601 fecisse
3469 1557 3699 1612 terram,
3734 1559 3787 1606 et
3811 1549 3920 1606 hoc

2309 1628 2506 1682 minem
2534 1646 2689 1695 esse,
2725 1633 2996 1702 superflue
3039 1637 3256 1708 nugaris
3279 1679 3294 1703 ,
3329 1648 3382 1693 et
3415 1639 3620 1694 inutilia
3653 1641 3835 1698 effutis
3870 1653 3916 1698 ι.

2307 1718 2419 1789 Ego
2448 1721 2590 1774 enim
2621 1723 2778 1777 aliam
2808 1724 3138 1796 hyperbolen
3163 1728 3360 1784 afferre
3389 1745 3629 1798 possum.
3650 1732 3925 1800 Qumnam

2304 1810 2392 1865 illa
2419 1813 2545 1867 est?
2574 1813 2628 1870 Si
2653 1813 2721 1870 de
2753 1826 2895 1871 terra
2925 1817 3128 1872 dictum
3157 1830 3335 1889 esset,
3369 1822 3424 1876 In
3459 1822 3726 1893 principio
3767 1835 3916 1882 terra

2302 1913 2453 1968 erat;
2481 1917 2535 1960 et
2563 1906 2630 1960 de
2661 1905 2878 1965 homine
2899 1951 2914 1974 ,
2950 1910 3004 1964 In
3051 1912 3314 1980 principio
3341 1922 3458 1968 erat
3503 1917 3686 1982 homo,
3734 1932 3919 1987 neque

2301 1995 2369 2048 ita
2409 1997 2537 2066 quid
2564 1997 2736 2067 majus
2777 1998 2845 2054 de
2891 2001 2994 2057 illis
3040 2001 3420 2072 suspicandum
3463 2004 3599 2070 fore,
3628 2023 3787 2077 quam
3816 2009 3915 2064 illa

2299 2101 2420 2156 qua:
2444 2102 2586 2143 nunc
2625 2093 3022 2172 cogu‘oscimus.
3054 2093 3184 2147 Nam
3213 2096 3489 2163 prmmissa
3522 2107 3679 2151 terra:
3717 2107 3771 2153 et
3803 2101 3910 2153 lio»

2297 2180 2456 2234 minis
2498 2182 2892 2251 appellatione,
2942 2185 3198 2254 quidquid
3248 2185 3318 2240 (ιθ
3368 2187 3473 2240 illis
3517 2188 3744 2250 dieatur.
3795 2206 3910 2244 non

2295 2279 2470 2337 potest
2520 2273 2729 2329 animus
2780 2274 2953 2345 majus
2998 2277 3267 2346 quidpiam
3319 2278 3386 2334 de
3432 2279 3536 2334 illis
3589 2279 3909 2350 imaginari,

2293 2379 2452 2434 quam
2484 2381 2544 2420 ea
2587 2383 2705 2436 qua}
2755 2369 2994 2422 scimus:
3029 2378 3086 2424 ut
3129 2380 3348 2436 contra,
3386 2371 3640 2437 Verbum,
3688 2373 3906 2429 etiamsi

2291 2461 2452 2511 tenue
2481 2457 2753 2527 quidpiam
2785 2459 2851 2514 de
2893 2461 2984 2514 illo
3013 2461 3210 2515 dictqu
3245 2460 3432 2526 fuerit,
3485 2481 3589 2517 non
3641 2466 3906 2533 permittit

2291 2556 2468 2601 tamen
2521 2549 2720 2618 aliquid
2772 2550 3042 2618 abjcctum
3086 2561 3140 2607 et
3190 2554 3294 2608 vile
3342 2554 3410 2608 de
3464 2571 3529 2611 se
3572 2557 3905 2614 existimari.

2290 2639 2579 2694 Enimvero
2622 2643 2692 2697 de
2738 2651 2877 2698 terra
2924 2645 3000 2698 sic
3044 2655 3224 2714 postea
3271 2647 3505 2703 dicitur:
3538 2648 3693 2703 Terra
3722 2662 3905 2705 mitem

2285 2740 2390 2785 erat
2417 2732 2683 2787 invisibilis
2723 2744 2768 2787 et
2795 2735 3128 2808 incomposita
3158 2737 3327 2807 (Gen.
3358 2740 3405 2793 1.
3435 2740 3467 2792 9.
3491 2741 3531 2809 ).
3563 2739 3695 2794 Cum
3723 2741 3900 2796 dixis-

2283 2833 2365 2877 set
2395 2824 2537 2878 enim
2569 2826 2741 2894 ipsum
2768 2828 2958 2881 fecisse
2990 2840 3209 2895 terram,
3257 2840 3310 2885 et
3343 2832 3440 2898 ipsi
3476 2833 3748 2902 proprium
3779 2842 3896 2889 ter-

2282 2915 2485 2969 minum
2511 2917 2797 2986 posuisset,
2822 2932 3011 2974 secure
3031 2920 3148 2990 jam
3166 2937 3286 2990 qua:
3310 2933 3608 2991 sequuntur
3629 2933 3848 2979 enarrat
3874 2943 3896 2991 ;

2278 3023 2478 3080 gnarus
2507 3011 2776 3068 nemiuem
2809 3014 2877 3068 ita
2909 3014 3129 3069 stultum
3154 3031 3294 3082 esse,
3330 3026 3387 3073 ut
3419 3019 3560 3074 illam
3588 3019 3704 3075 sine
3732 3021 3890 3088 priu-

2277 3105 2420 3175 cipio
2463 3115 2518 3161 et
2565 3122 2671 3161 non
2717 3108 2908 3162 factam
2950 3124 3071 3164 esse
3105 3110 3426 3180 suspicetur.
3458 3111 3643 3167 Terra:
3671 3112 3899 3182 .quippo

2277 3212 2495 3263 nomen,
2538 3207 2593 3253 et
2625 3198 2777 3266 illud,
2829 3197 3003 3266 Fecit,
3033 3203 3164 3256 satis
3201 3209 3330 3256 sunt
3375 3212 3447 3278 ut.
3476 3202 3558 3257 vel
3587 3202 3886 3259 admodum

2273 3290 2437 3346 stulto
2463 3291 2756 3356 suadeant,
2789 3293 2956 3361 ipsam
2983 3309 3081 3349 nec
3107 3306 3394 3357 :eternam.
3420 3311 3523 3351 nec
3542 3311 3649 3351 non
3682 3295 3890 3354 factam

2272 3395 2421 3448 esse,
2453 3381 2548 3437 sed
2574 3398 2642 3437 ex
2669 3398 2854 3439 eorum
2887 3399 3110 3440 numero
3156 3402 3275 3456 qum
3303 3388 3368 3440 in'
3389 3396 3632 3457 tempore
3660 3388 3890 3445 condita

2271 3483 2415 3529 sunt.

2342 3566 2395 3620 3.
2424 3565 2690 3620 Praeterea
2719 3575 2898 3621 autem
2931 3565 3059 3621 illud
3082 3609 3100 3633 ,
3134 3566 3297 3632 Erat,
3331 3567 3398 3624 de
3427 3577 3567 3624 terra
3591 3578 3646 3625 et
3668 3569 3738 3626 de
3769 3569 3882 3628 ho-

2271 3658 2414 3712 mine
2449 3659 2469 3688 ¹
2508 3658 2742 3724 dictum,
2773 3675 2878 3713 non
2907 3659 3224 3730 simpliciter
3249 3662 3619 3719 exsistentiam
3662 3665 3876 3736 signiti-

2268 3757 2386 3811 cat;
2410 3748 2504 3804 sed
2533 3749 2600 3805 de
2630 3749 2849 3806 homine
2870 3749 3094 3818 dictum,
3127 3752 3329 3809 indicat
3350 3754 3524 3824 ipsum
3549 3771 3614 3811 ex
3639 3759 3726 3811 tali
3748 3773 3884 3817 esse

2269 3841 2428 3905 loco;
2479 3841 2548 3896 de
2580 3852 2718 3896 terra
2758 3853 2958 3909 autem,
2991 3843 3134 3898 illam
3170 3845 3258 3899 tali
3300 3860 3421 3901 csse
3461 3847 3641 3902 modo.
3689 3849 3884 3921 Neque

2265 3933 2407 3988 enim
2437 3933 2753 4004 simpliciter
2789 3935 2958 4002 dixit,
2987 3937 3152 3993 Terra
3179 3948 3329 4004 erat,
3357 3950 3409 3995 et
3445 3950 3628 4010 postea
3668 3943 3879 4011 tacuit;

2254 4024 2358 4080 sed
2403 4025 2577 4095 qualis
2625 4035 2744 4094 post
2790 4029 3118 4083 creationem
3169 4039 3314 4084 esset
3355 4030 3599 4097 addidit,
3640 4048 3873 4105 nempe,

2265 4114 2542 4171 Invisibilis
2566 4126 2672 4171 erat
2701 4128 2746 4171 et
2784 4117 3158 4190 incomposita,
3193 4119 3369 4174 adhuc
3410 4122 3567 4191 aquis
3602 4132 3784 4192 operta
3813 4138 3876 4182 et

2263 4207 2520 4262 admixta.
2553 4209 2620 4263 Et
2659 4209 2726 4264 de
2765 4210 2965 4266 Eleans
3012 4227 3116 4265 nm
3163 4211 3300 4266 dixit
3337 4213 3511 4269 solum
3549 4217 3687 4285 quod
3722 4228 3877 4276 esset

2264 4299 2447 4366 homo,
2477 4300 2571 4356 sed
2600 4301 2798 4372 adjecit
2822 4303 2964 4360 unde
2993 4313 3170 4370 esset,
3211 4301 3288 4358 De
3317 4305 3640 4361 Armathm’m
3672 4308 3868 4379 Siplm.

2265 4393 2337 4446 De
2369 4391 2542 4448 Verbo
2568 4404 2744 4448 autem
2784 4411 2890 4450 non
2916 4396 3016 4450 sic.
3052 4396 3118 4450 Et
3155 4411 3242 4451 me
3273 4395 3439 4466 pudet
3467 4397 3706 4467 profecto
3747 4400 3874 4457 hmo

2259 4484 2416 4538 simul
2446 4485 2718 4554 indagare.
2751 4486 2804 4542 Si
2835 4487 2975 4541 enim
3003 4486 3451 4555 reprehendimus
3476 4503 3570 4543 eos
3603 4488 3690 4559 qui
3717 4490 3873 4547 circa

2259 4577 2506 4632 homines
2534 4578 2636 4633 hoc
2663 4589 2847 4648 agunt,
2876 4580 3091 4648 quando
3118 4581 3344 4634 multum
3369 4590 3452 4636 est
3477 4582 3618 4636 inter
3644 4598 3740 4639 eos
3771 4589 3872 4654 qui

2258 4682 2634 4742 comparantur
2660 4673 2870 4726 virtutis
2898 4671 3212 4738 discrimen,
3248 4673 3372 4728 licet
3399 4674 3475 4728 illi
3516 4690 3585 4729 ex
3622 4692 3723 4731 una
3769 4694 3872 4733 ea-

2257 4764 2490 4835 demque
2517 4764 2813 4820 substantia
2841 4765 2949 4820 sint
2973 4782 2987 4820 z
3011 4765 3228 4834 quando
3252 4775 3308 4820 et
3344 4767 3487 4822 circa
3519 4777 3762 4823 naturam
3809 4782 3874 4826 et

2256 4859 2394 4913 circa
2424 4859 2526 4913 alia
2560 4846 2824 4913 infinitum
2875 4867 2960 4914 est
3008 4859 3385 4921 interstitium,
3433 4861 3706 4930 quomodo
3752 4877 3870 4918 non

2255 4960 2510 5005 extrema:
2551 4950 2838 5006 dementize
2886 4948 3045 5005 fuerit
3092 4949 3188 5004 has
3237 4953 3561 5020 qumstioncs
3598 4958 3872 5008 movete?

2255 5042 2358 5098 Sed
2389 5042 2542 5098 nobis
2586 5043 2675 5098 ille
2722 5042 2983 5112 prepitius
3021 5042 3119 5107 sit,
3167 5057 3325 5111 quem
3358 5043 3456 5112 ipsi
3506 5044 3870 5112 bIaSphemits

2254 5137 2534 5205 impetunt.
2589 5133 2902 5202 Hujusmodi
2952 5150 3182 5202 namque
3222 5135 3486 5190 dictorum
3518 5135 3867 5194 adhibendo-

2252 5248 2366 5286 rum
2401 5229 2774 5285 necessitatem
2821 5243 2926 5281 non
2960 5244 3060 5283 nos
3091 5227 3403 5283 intluximus
3425 5271 3441 5295 ,
3471 5232 3564 5285 sed
3591 5230 3667 5284 illi
3696 5230 3867 5291 nobis

2249 5323 2509 5384 obtulere,
2539 5321 2630 5392 qui
2655 5305 3224 5390 salutem’impugnant
3243 5335 3422 5375 s'tam.

2319 5416 2609 5471 Asteruitas
2642 5413 2768 5469 Filii
2801 5414 3063 5482 probatur.
3086 5444 3152 5454 --
3177 5414 3314 5481 Quid
3348 5429 3478 5485 ergo
3507 5415 3662 5470 dico?
3690 5415 3859 5483 Illud,

2249 5508 2414 5568 Erat.
2444 5511 2512 5564 de
2543 5507 2722 5563 Verbo
2765 5507 2966 5561 dictum
2990 5547 3003 5568 ,
3037 5506 3341 5576 significare
3387 5505 3558 5576 ipsum
3588 5517 3865 5564 :cternuln

2315 5669 2329 5698 ι
2369 5662 2531 5715 Morel.
2559 5663 2739 5720 habet,
2765 5659 2864 5710 noli
2887 5657 3131 5723 superflue
3155 5659 3356 5722 nugari,
3385 5664 3428 5709 te
3472 5654 3721 5710 inutilibus
3755 5654 3859 5709 im-

2247 5728 2432 5792 plicatus
2450 5723 2759 5792 ranunculis.

2315 5795 2331 5824 ²
2370 5790 2459 5838 Alii
2489 5787 2681 5850 legunt,
2709 5783 2772 5837 de
2790 5784 2928 5846 cwlo,
2957 5797 3062 5846 pro,
3091 5783 3153 5834 de
3172 5780 3380 5834 nomine.
