4164 6320
140 363 176 417 α
1177 340 1242 397 IN
1279 340 1597 397 JOALVNE.“
1640 340 1872 397 HOMIL.
1922 342 2005 396 lll.
2051 341 2121 398 al.
2166 340 2230 394 ll.
3333 345 3404 399 η

137 486 255 529 (tu:
276 480 380 523 nam
406 463 492 528 ait,
516 460 577 515 In
613 458 873 530 principio
901 464 1008 510 erat
1045 453 1261 507 Verbum
1278 470 1296 518 ;
1324 467 1667 522 consequens

137 576 268 621 uitem
292 569 393 615 erat
416 598 429 621 ,
458 565 515 611 ut
538 552 683 623 apud
712 550 945 620 aliquem
970 557 1136 603 esset.
1169 542 1300 600 Cum
1331 546 1475 600 enim
1504 546 1674 599 maxi-

140 674 200 712 me
221 651 325 708 illttd
351 650 433 705 Dei
453 649 516 701 sit
542 646 843 716 proprium,
870 651 924 695 ut
948 641 1016 695 sit
1038 650 1275 694 mtcrnns
1296 648 1346 693 et
1378 638 1496 691 sine
1520 637 1672 706 priu—

133 750 252 817 cipio,
272 744 356 797 hoc
373 743 530 811 pritno
550 739 750 808 posuit.
773 733 994 798 Deinde,
1024 748 1093 789 ne
1121 732 1240 802 quis
1266 730 1492 784 audiens
1520 728 1668 794 illud,

138 842 185 893 In
220 836 433 909 principio
463 843 563 887 erat
590 874 604 897 ,
653 830 817 885 etiam
866 826 1163 895 ingenitum
1209 824 1457 887 diceret,
1491 825 1672 875 statim

136 932 205 999 ipsi
229 928 433 984 occurrit
458 970 471 989 ,
500 932 791 991 antequam
824 918 1032 973 diceret
1055 916 1181 985 quid
1210 924 1325 969 crat
1350 956 1364 978 ,
1395 913 1666 976 dicendo,

137 1025 230 1079 Erat
262 1020 384 1090 apud
417 1017 591 1069 Deum.
627 1013 692 1067 Et
724 1028 791 1067 ne
818 1012 938 1081 quis
970 1010 1144 1078 ipsum
1175 1006 1415 1061 Verbum
1447 1005 1669 1074 prolati-

130 1119 229 1168 tium
260 1124 335 1165 aut
372 1111 635 1164 internum
676 1119 795 1157 esse.
836 1112 1048 1171 putaret
1091 1096 1190 1172 (α)
1214 1141 1226 1162 ,
1262 1114 1358 1168 per
1384 1097 1669 1150 articulum

132 1204 399 1275 prauitissutn
433 1200 494 1270 (li
515 1199 532 1269 )
554 1241 567 1260 ,
600 1207 653 1251 et
686 1212 781 1267 per
807 1193 1099 1249 secundam
1132 1190 1463 1244 additionem
1487 1232 1501 1255 ,
1532 1188 1673 1243 hanc

134 1309 292 1353 amovet
333 1294 706 1356 susiiicionem.
748 1289 864 1343 Non
899 1288 1042 1341 enittt
1076 1284 1248 1349 dixit,
1282 1283 1340 1337 in
1375 1284 1482 1337 Deo
1509 1291 1618 1335 erat
1652 1323 1666 1345 ,

135 1391 233 1454 sed,
260 1389 391 1458 Apud
428 1384 629 1448 Deum,
662 1383 779 1450 ejus
807 1379 962 1435 nobis
1011 1378 1307 1433 secundum
1356 1376 1667 1447 hyposlasitt

133 1481 423 1537 sterilitatem
451 1478 756 1531 declarans.
791 1472 991 1527 Deinde
1016 1470 1145 1524 illud
1174 1470 1372 1524 clarius
1400 1468 1671 1541 signiﬁca-

128 1576 180 1625 vit
212 1571 465 1639 adjiciens,
500 1567 738 1622 Verbum
788 1564 930 1620 ismd
977 1562 1146 1618 fuisse
1181 1565 1371 1617 Deum.
1407 1561 1547 1627 Sed,
1582 1562 1667 1614 iti-

124 1664 251 1733 quies,
274 1662 471 1717 factum.
494 1658 637 1728 Quid
664 1673 793 1729 ergo
819 1656 991 1711 obluit
1016 1656 1144 1725 quin
1174 1654 1412 1719 diceret,
1440 1654 1493 1708 In
1522 1655 1672 1723 prin-

121 1756 225 1823 cipio
249 1754 359 1808 fecit
401 1753 534 1806 Deus
574 1750 848 1806 Verbum?
892 1749 1025 1804 Nam
1054 1765 1174 1803 cum
1206 1748 1273 1801 de
1306 1758 1445 1801 terra
1476 1748 1667 1816 loque-

123 1857 230 1901 retur
254 1845 468 1916 Moyses,
500 1859 607 1898 non
632 1843 785 1907 dixit,
818 1841 871 1895 lu
912 1840 1173 1911 principio
1194 1849 1311 1894 erat
1334 1848 1471 1893 terra
1495 1881 1509 1904 ,
1540 1839 1632 1892 sed
1652 1881 1664 1904 ,

122 1940 226 1995 Fecit
250 1938 393 2008 (Cen.
424 1939 472 1993 1.
511 1937 533 1993 1
562 1936 579 2006 )
608 1952 727 1991 eam
755 1977 769 2000 ,
800 1945 854 1990 et
882 1945 1006 1988 tunc
1037 1934 1152 1987 luit.
1176 1932 1315 2000 Quid
1345 1933 1506 2002 igitur
1538 1948 1663 2001 pro-

122 2033 248 2086 hibuit
273 2030 543 2100 quominus
572 2012 912 2095 Joannes}:
942 2027 1181 2088 diceret,
1215 2026 1271 2078 In
1303 2025 1566 2094 principio
1595 2023 1668 2078 fe-

118 2128 171 2179 cit
193 2124 311 2179 Deus
335 2120 605 2176 Verbum?
634 2120 691 2176 Si
715 2120 855 2175 enim
881 2119 950 2171 ita
974 2117 1111 2172 dixit
1136 2116 1351 2183 Moyses
1379 2117 1575 2171 timens
1602 2132 1669 2187 nc

117 2220 203 2287 quis
223 2227 395 2271 terram
419 2229 523 2268 non
556 2212 752 2268 factam
782 2211 1023 2276 diceret;
1057 2209 1224 2264 multo
1249 2208 1419 2277 magis
1441 2207 1510 2263 de
1532 2206 1670 2263 Filio

116 2324 302 2366 metuere
328 2309 609 2379 oportebat
634 2307 929 2371 Joannem,
962 2305 1006 2360 si
1032 2314 1251 2359 creatus
1282 2304 1489 2357 fuisset.
1519 2303 1668 2357 Mun-

121 2404 193 2456 tillS
216 2402 337 2456 enim
358 2417 473 2455 cum
500 2401 567 2454 sit
603 2399 849 2463 visibilis,
880 2396 983 2451 hoc
1012 2398 1128 2465 ipso
1153 2396 1506 2449 Conditorem
1534 2411 1672 2462 prce-

114 2496 217 2547 dicat
243 2494 385 2564 (nam
421 2493 580 2557 Caeli,
623 2492 818 2561 inquit,
846 2490 1325 2560 cnarrantgloriunt
1342 2487 1440 2541 Dei
1480 2486 1665 2561 [PsaL

122 2584 256 2657 18.1]
282 2606 291 2637 ;
314 2584 473 2639 Filius
499 2593 684 2639 autem
718 2582 1003 2637 invisibilis
1026 2592 1110 2636 est
1130 2625 1144 2647 ,
1176 2590 1230 2635 ct
1256 2591 1558 2636 creaturam
1583 2581 1670 2634 in~

116 2678 225 2731 linito
246 2678 407 2733 inedio
429 2678 669 2733 excedit.
696 2675 963 2746 Si-itaque
987 2676 1076 2729 ubi
1102 2690 1277 2745 neque
1306 2676 1472 2729 verbo
1495 2690 1671 2746 neque

114 2770 305 2823 uictrina
333 2784 461 2839 opus
503 2779 624 2824 erat
646 2810 661 2835 ,
698 2780 755 2823 nt
783 2769 1124 2823 disceremus
1153 2766 1412 2821 mundum
1444 2781 1563 2820 esse
1595 2766 1673 2821 fa-

111 2874 235 2927 ctum,
257 2870 422 2915 tamen
443 2862 590 2915 clare
614 2861 742 2914 illud
767 2871 821 2914 et
842 2871 967 2914 ante
989 2859 1170 2913 omnia
1198 2859 1344 2928 ponit
1372 2860 1668 2928 propheta;

113 2954 241 3006 inulto
282 2952 440 3023 magis
482 2952 533 3005 id
564 2953 633 3006 de
665 2950 802 3005 Filio
832 2950 1097 3006 Joannem
1130 2950 1312 3004 dicere
1339 2950 1623 3018 oportebat
1652 2991 1667 3016 ,

112 3047 341 3100 sicreatus
369 3044 574 3099 fuisset.
610 3044 818 3109 Etiam,
853 3044 1042 3098 dices:
1075 3042 1181 3097 Sed
1216 3041 1412 3097 Petrus
1446 3040 1495 3095 id
1524 3041 1671 3095 clare

113 3140 212 3194 dixit
233 3152 278 3195 et
308 3142 611 3213 perspicue.
647 3140 876 3196 Ubinam
908 3151 963 3196 et
1004 3139 1261 3211 quando?
1290 3138 1425 3194 Cum
1454 3137 1671 3194 Judasos

114 3233 341 3303 alloquens
368 3234 574 3288 diceret
601 3249 621 3291 ξ
651 3231 833 3303 Ipsum
865 3232 1145 3286 Dominum
1172 3242 1218 3285 et
1246 3231 1504 3285 Christum
1534 3228 1673 3283 Deus

112 3326 210 3389 fuit.
234 3326 329 3379 (Zur
368 3340 496 3396 ergo
525 3325 577 3379 id
610 3323 753 3394 quod
783 3327 1028 3393 sequitur
1058 3339 1161 3377 non
1207 3321 1452 3390 adjeeisti
1474 3363 1487 3385 ,
1520 3319 1671 3373 Hunc

108 3411 243 3469 letum
264 3433 401 3488 quem
427 3415 884 3485 vos'cru-iﬁxt'stis
913 3415 1059 3484 (Act.
1088 3414 1144 3470 2.
1179 3413 1319 3485 36)?
1349 3416 1429 3468 An
1458 3415 1672 3484 ignoras

113 3524 157 3561 ex
180 3508 314 3563 dictis
336 3510 436 3564 alia
468 3510 536 3565 ad
568 3509 925 3563 intmortalem
962 3519 1231 3573 naturam,
1259 3508 1360 3562 alia
1391 3506 1457 3561 ad
1492 3508 1671 3561 incar-

111 3603 330 3657 nationem
363 3601 681 3673 pertinere?
712 3600 769 3657 Si
800 3612 978 3656 autem
1020 3616 1127 3654 non
1164 3602 1232 3654 ita
1266 3616 1323 3655 se
1355 3615 1442 3654 res
1476 3600 1668 3666 habet,

110 3695 176 3748 ted
210 3698 373 3750 omnia
399 3696 467 3750 de
496 3696 701 3750 deitate
742 3695 976 3764 accipias
997 3735 1013 3760 ,
1051 3694 1216 3749 Deum
1248 3693 1552 3763 passibilem
1587 3693 1670 3745 iu-

109 3786 269 3843 duces:
300 3790 341 3844 si
369 3805 501 3843 vero
534 3803 647 3842 non
684 3787 973 3857 passibilis,
1008 3803 1116 3841 non
1151 3785 1322 3841 factus
1354 3786 1536 3855 utique
1566 3795 1667 3838 est.

110 3880 206 3935 Nam
235 3883 273 3937 si
298 3898 358 3937 ex
390 3884 575 3937 divina
608 3894 661 3936 et
696 3880 947 3935 int-Habiti
981 3891 1171 3935 natura
1201 3880 1417 3951 sanguis
1445 3878 1671 3933 clﬂuxc-

109 3974 181 4039 rit,
207 3986 251 4030 et
286 3977 327 4032 si
366 3977 485 4032 vice
526 3975 707 4031 carnis
761 3976 873 4046 ipsa
904 3976 955 4028 in
988 3989 1149 4028 cruce
1179 3974 1346 4028 clavis
1415 3972 1672 4025 transﬁxa

109 4070 369 4125 ctdissecta
417 4072 529 4137 sit,
582 4070 792 4124 ratione
839 4069 1023 4123 nixmn
1056 4081 1141 4123 est
1188 4067 1461 4136 sophisma
1498 4076 1670 4120 tuum.

108 4162 221 4228 Quod
244 4164 282 4218 si
310 4180 374 4218 ne
405 4162 659 4218 diabolus
683 4162 900 4233 quidem
936 4163 1004 4215 ita
1054 4159 1511 4229 blasphetnavcrit
1532 4200 1545 4221 ,
1575 4174 1673 4212 cur

109 4256 432 4329 iucxpiahilem
459 4246 820 4329 ignorantiam
848 4255 1093 4319 simulas,
1119 4254 1263 4325 quali
1295 4269 1363 4308 ne
1397 4254 1675 4306 dwmoncs

111 4348 283 4415 quidem
330 4366 567 4421 unquam
606 4349 689 4404 nsi
731 4347 895 4403 sunt?
928 4347 1195 4402 Prteterca
1226 4346 1342 4399 hare
1366 4388 1380 4412 ,
1417 4344 1675 4398 Dominus

107 4450 144 4491 ct
164 4439 404 4507 Christus,
436 4458 546 4497 non
581 4436 1181 4503 suntsubstantne,sed
1209 4437 1515 4506 dignitatis;
1543 4436 1679 4489 alte-

108 4547 194 4587 rum
220 4535 351 4590 enim
378 4547 463 4591 est
490 4535 777 4606 potentiae,
814 4533 1045 4586 alterum
1107 4530 1397 4585 unctionis.
1429 4529 1567 4597 Quid
1600 4545 1679 4585 er-

107 4640 155 4691 go
175 4628 353 4684 dixeris
383 4629 454 4684 de
487 4628 630 4684 Filio
665 4626 797 4681 Dei?
828 4625 961 4680 Nam
1011 4626 1058 4679 si
1103 4633 1319 4679 creatus
1345 4624 1446 4687 sit,
1479 4635 1536 4677 ut
1581 4639 1677 4677 vos

108 4715 280 4783 dicitis,
308 4721 515 4775 nullum
568 4719 671 4772 hoc
706 4717 933 4772 haberet
968 4716 1168 4771 locum.
1200 4714 1318 4769 Non
1352 4716 1496 4769 enim
1530 4717 1678 4784 prius

110 4806 243 4864 lat-tus
270 4824 346 4866 est
370 4854 386 4875 ,
419 4824 477 4867 et
505 4822 633 4864 tunc
663 4810 808 4864 Deus
845 4810 1021 4879 ipsum
1051 4807 1351 4873 ordinavit;
1379 4824 1553 4875 neque
1580 4810 1677 4861 ab-

105 4900 261 4967 jcctum
292 4904 453 4960 habet
504 4903 826 4975 principium
847 4944 861 4966 ,
906 4900 1003 4956 sed
1032 4916 1099 4954 ex
1141 4909 1330 4955 natura
1360 4910 1522 4968 atque
1550 4902 1677 4954 Stili-

106 4998 278 5051 stantia.
303 4998 673 5069 Interrogatus
701 4997 844 5049 enim
869 5010 995 5049 num
1020 5009 1114 5047 rex
1137 5004 1282 5048 esset
1306 5036 1320 5056 ,
1353 4991 1467 5064 Ego
1499 4992 1551 5046 in
1584 4992 1679 5047 hoc

110 5097 344 5142 uetustum
371 5089 569 5159 (Joan.
600 5088 684 5143 18.
715 5088 783 5143 57
804 5085 823 5160 )
845 5129 861 5153 ,
894 5086 1086 5155 inquit.
1113 5085 1304 5141 Petrus
1327 5097 1507 5138 autem
1531 5087 1680 5155 quasi

151 5203 211 5261 la)
238 5210 474 5253 alternum
502 5202 705 5253 verbum
726 5209 930 5253 ινειάιιτσν
942 5207 1321 5263 Αιτιινπιιεῐηοζτιι
1346 5198 1569 5263 lrenmus
1586 5199 1682 5263 l.2,

109 5275 139 5334 ετ
161 5260 204 5334 1ξ
222 5266 477 5334 prauum
501 5263 803 5334 prqutﬂiitnt
824 5301 838 5325 ,
865 5260 1097 5334 ερρφορζιξν,
1123 5260 1343 5324 appellat
1374 5260 1687 5334 ‘_t‘h_eonhi.les

110 5323 429 5390 Antiurhetms,
454 5343 502 5391 υ.
550 5328 639 5378 101
666 5342 679 5388 ;
718 5331 777 5391 et
812 5323 1025 5376 Subinde
1050 5325 1126 5391 lue
1159 5323 1313 5373 Voces
1344 5327 1407 5372 ab
1442 5323 1688 5391 haeretica.

110 5391 278 5454 lentiae
301 5388 658 5454 frequentate,
679 5390 896 5454 ideoque
931 5389 1218 5454 proscripta;
1252 5395 1381 5454 sunt
1427 5388 1680 5454 Erantqui

111 5449 292 5501 dicerent
313 5447 510 5505 rati-em
528 5447 653 5502 ante
680 5447 844 5501 mundi
870 5447 1179 5499 creationem
1205 5448 1441 5497 habuisse
1465 5447 1686 5496 Verbum

112 5522 289 5581 guttus,
305 5515 552 5566 intrrmam
575 5528 592 5564 :
619 5523 673 5564 et
696 5514 895 5581 quando
918 5512 1152 5562 mundum
1175 5510 1688 5581 creavlitr,_7protulis-.c

113 5571 289 5627 Vit-bunt
316 5594 461 5629 somn
488 5615 503 5638 ,
532 5585 583 5627 et
608 5571 914 5645 tuné_fuisse
949 5588 1180 5645 τεροςρειιδν,
1222 5571 1543 5645 prolatitium.
1573 5586 1689 5645 Λέγω-γ

113 5661 283 5703 εμπ-μω
304 5656 362 5690 ui.
386 5635 593 5691 iss-sim.
614 5681 625 5699 ,
649 5638 850 5689 verbum
873 5635 1173 5747 prolut'itium
1193 5643 1237 5707 et
1260 5635 1521 5692 internum,
1549 5643 1689 5697 prout

115 5712 147 5744 ω
169 5694 426 5751 hominibus
452 5711 547 5753 est.
576 5708 819 5751 memorat
846 5708 873 5748 ι’
896 5700 1132 5749 tttarchus
1153 5736 1166 5753 ,
1197 5696 1341 5753 libro,
1370 5697 1501 5753 quod
1539 5696 1689 5747 Philo-

398 5717 426 5751 S
452 5717 547 5751 ρει.
576 5717 819 5751 memorat
846 5717 1132 5749 I'Hllal'CIIUS
1153 5736 1166 5751 ο
1198 5717 1341 5751 ιιυτυ.
1370 5717 1501 5751 αυυυ
1539 5717 1694 5747 ΙΊΙΙιυ·

115 5712 147 5744 i.t
169 5710 426 5751 hominibus
452 5711 547 5760 est,
576 5710 819 5751 memorat
846 5710 1132 5749 t’tntarcuus
1153 5736 1166 5759 ,
1198 5710 1341 5758 noro,
1370 5710 1405 5761 q

112 5764 259 5826 Mutus
287 5764 475 5815 debeat
497 5767 715 5814 maxime
738 5763 987 5826 principes
1010 5761 1213 5824 alloqui.
1275 5822 1284 5826 _

158 5824 221 5897 (bi
245 5828 478 5897 squidem
510 5827 629 5897 illud
651 5862 663 5884 .
694 5822 752 5876 Iri
774 5822 1017 5889 principio
1035 5822 1142 5875 erat
1173 5822 1400 5885 verbum,
1431 5822 1602 5875 Graece
1625 5824 1695 5874 sic

114 5890 377 5953 θητὶωἰωτ,
401 5895 449 5942 έν
483 5904 572 5952 ἀρχῇ
594 5896 638 5950 ἦν
665 5901 683 5939 ὅ
707 5904 834 5950 ,ιστιςι

1782 455 1848 509 de
1878 452 2111 523 quodam
2158 452 2248 522 qui
2292 450 2571 506 ordinatus
2600 452 2671 507 sit
2703 451 2940 521 loquitur
3007 468 3133 508 nam
3163 453 3231 509 de
3256 470 3407 512 meo-

1782 545 1961 597 nomia
1988 585 2001 606 ,
2033 544 2147 598 sive
2176 544 2243 598 de
2276 542 2611 598 humanitate
2644 544 2743 614 ipsi
2774 558 2955 599 sermo
2986 557 3087 602 cst.

1852 637 1906 690 4.
1936 634 2043 691 Cur
2092 635 2279 690 Petrus
2329 620 2863 706 Juda’os-alloquens
2906 635 2970 690 de
3010 639 3215 693 Christo
3246 650 3300 694 ut
3341 641 3409 695 du

1780 730 2003 798 simplici
2034 730 2241 783 Itominc
2272 729 2435 782 multa
2467 730 2531 782 sit
2561 729 2781 783 loctttus.
2818 728 3049 783 Christus
3077 733 3127 784 in
3159 744 3408 802 quantum

1784 818 1954 876 Filius
1986 819 2083 873 Dei
2118 831 2190 874 est
2211 862 2224 886 ,
2261 836 2361 874 non
2401 831 2601 873 creatus
2630 830 2723 874 est.
2750 820 3039 891 --Ecquid
3074 824 3289 879 miraris
3311 867 3327 893 ,
3360 827 3405 880 si

1784 915 1977 969 Petrus
2006 915 2057 969 id
2086 914 2264 968 dicat?
2289 914 2424 968 Nam
2456 914 2652 967 Paulus
2684 914 3048 969 Athenienses
3076 916 3358 986 alloquens
3388 962 3403 978 ,

1781 1010 1956 1064 virum
1989 1008 2167 1077 ipsum
2201 1018 2405 1062 tantmn
2453 1009 2689 1078 appellat
2719 1007 2949 1063 dicens:
2986 1008 3052 1061 In
3095 1010 3199 1063 riro
3227 1012 3278 1064 in
3305 1028 3407 1077 quo

1778 1105 1959 1157 statuit
1999 1102 2154 1171 [idem
2182 1100 2414 1168 prwbcns
2445 1101 2714 1165 omnibus,
2756 1103 3009 1153 suscitans
3047 1118 3165 1155 eunt
3194 1122 3225 1156 tt
3267 1121 3401 1158 mor-

1776 1196 1881 1248 tuis
1913 1194 2063 1265 (Aet.
2109 1195 2291 1267 i7,"5l
2321 1192 2337 1263 )
2370 1211 2381 1247 :
2414 1193 2657 1263 nihilque
2684 1193 2752 1247 de
2787 1192 2956 1246 forma
3006 1194 3097 1249 Dei
3128 1196 3364 1265 loquitur
3386 1238 3402 1264 τ
3460 1196 3463 1199 λ

1782 1301 1958 1353 neque
1994 1285 2104 1338 Deo
2136 1285 2400 1352 :equaletii
2434 1283 2600 1349 dicit,
2634 1300 2809 1352 neque
2856 1285 3001 1354 quod
3042 1288 3108 1339 sit
3148 1290 3406 1357 Splendor

1777 1378 1965 1447 gloriar
1988 1378 2140 1444 ejus;
2173 1376 2334 1445 idque
2361 1376 2582 1429 merito.
2611 1375 2862 1429 Nondum
2884 1377 3026 1430 enim
3053 1389 3259 1448 tempus
3288 1378 3405 1434 haec

1780 1468 1994 1522 dicendi
2026 1478 2278 1529 venerat;
2311 1466 2405 1521 sed
2437 1468 2570 1522 satis
2601 1466 2780 1521 adlmc
2817 1478 2968 1534 erat,
3001 1481 3057 1522 ut
3101 1470 3271 1539 ipsum
3303 1472 3402 1527 ho-

1781 1562 1983 1614 minem
2030 1577 2153 1615 esse
2182 1570 2234 1613 et
2262 1561 2637 1615 rosuri-exisse
2680 1561 3050 1616 admitterent.
3082 1562 3173 1617 Sic
3200 1576 3252 1619 ct
3290 1566 3403 1636 ipse

1780 1654 2035 1708 Christus
2065 1654 2222 1716 fecit;
2251 1670 2279 1706 a
2309 1668 2418 1721 quo
2448 1652 2673 1707 edoetns
2696 1652 2895 1706 Paulus
2921 1696 2933 1716 ,
2971 1656 3041 1706 ita
3072 1670 3157 1708 res
3189 1657 3403 1726 dispen-

1777 1749 1952 1803 Sahat.
1986 1748 2102 1802 Non
2131 1747 2275 1801 cnim
2310 1748 2493 1799 statim
2528 1746 2685 1800 nobis
2716 1746 2972 1829 deitatem
3006 1762 3159 1801 suam
3192 1752 3403 1805 revela-

1777 1841 1888 1906 vit,
1937 1840 2033 1895 sed
2067 1841 2215 1910 prius
2243 1838 2506 1910 propheta
2539 1848 2594 1892 ct
2641 1837 2891 1894 Christus
2927 1841 2942 1870 ¹
2976 1840 3206 1909 simplex
3244 1843 3406 1899 homo

1778 1933 2101 2003 putabatur;
2130 1932 2331 1988 deinde
2362 1942 2415 1985 et
2445 1930 2626 1986 verbis
2654 1940 2708 1984 et
2734 1930 2993 2001 operibus
3025 1932 3075 1987 id
3109 1935 3251 2003 quod
3281 1952 3407 1992 vero

1776 2034 1893 2079 erat
1920 2026 2175 2079 ostendit.
2211 2024 2337 2079 hleo
2369 2024 2564 2079 Petrus
2598 2024 2647 2075 in
2676 2024 2942 2093 principio
2974 2024 3077 2079 hoc
3104 2028 3271 2083 utitur
3292 2043 3409 2082 ino-

1775 2118 1877 2172 do:
1905 2134 2027 2171 natn
2051 2120 2189 2173 hanc
2211 2120 2447 2190 priorem
2470 2119 2490 2149 ¹
2515 2117 2582 2171 ad
2605 2116 2830 2171 Judzcos
2850 2119 3172 2175 concionem
3198 2121 3404 2177 halmit.

1778 2214 1912 2281 Quia
1957 2216 2100 2269 enim
2130 2215 2198 2269 de
2225 2214 2513 2269 divinitate
2556 2212 2676 2279 ejus
2709 2210 2845 2266 nihil
2875 2212 3136 2267 hactenus
3160 2215 3408 2271 ediscere

1782 2318 2092 2377 potuerant,
2123 2308 2246 2361 ideo
2272 2307 2340 2361 de
2362 2305 2561 2361 Christi
2588 2303 2822 2358 humana
2850 2314 3043 2359 natura
3067 2306 3232 2362 verba
3259 2308 3405 2375 facit,

1778 2410 1836 2454 ut
1864 2400 1948 2454 his
1972 2400 2302 2453 exercitatus
2334 2396 2581 2459 auditus,
2612 2394 2679 2449 ad
2707 2395 2971 2466 reliquam
3000 2397 3407 2467 percipiendam

1776 2492 2081 2546 doctrinam
2106 2498 2409 2567 aptaretttr.
2434 2486 2591 2555 Quod
2617 2487 2661 2541 si
2683 2488 2806 2555 quis
2831 2488 3062 2543 Volucrit
3086 2498 3255 2543 tatam
3276 2505 3406 2545 eon-

1774 2590 1987 2643 cionem
2009 2588 2170 2643 altius
2193 2596 2473 2656 repetere,
2506 2586 2556 2640 id
2588 2584 2733 2656 quod
2753 2584 2877 2639 dico
2907 2586 3260 2656 conspicuum
3284 2601 3408 2643 esse

1776 2682 2038 2738 inveniet.
2068 2681 2204 2736 Nam
2232 2691 2287 2737 et
2309 2682 2484 2735 virutn
2518 2680 2668 2735 illmn
2695 2690 2889 2744 vocat,
2923 2680 3102 2749 deque
3129 2680 3403 2749 passione,

1778 2776 2213 2841 resurrectione,
2241 2783 2297 2830 et
2329 2776 2683 2844 generatione
2712 2772 3013 2829 secundum
3038 2789 3257 2829 carnem
3284 2776 3405 2844 plu-

1780 2866 1933 2922 ribus
1976 2868 2108 2936 agit.
2143 2866 2341 2921 Paulus
2376 2882 2506 2919 vero
2536 2850 2658 2920 cum
2694 2866 2858 2926 diett,
2896 2866 2999 2933 Qui
3045 2869 3213 2935 factus
3241 2876 3313 2919 est
3344 2884 3408 2920 ea:

1776 2959 1970 3011 semine
2008 2956 2179 3010 David
2230 2957 2510 3011 secundum
2556 2973 2764 3009 carnem
2811 2955 3004 3029 (Rom.
3040 2958 3092 3012 1.
3132 2957 3237 3024 5).
3272 2956 3404 3011 nihil

1776 3048 1924 3103 aliud
1958 3064 2058 3104 nos
2086 3051 2245 3103 docet
2271 3090 2285 3111 ,
2316 3064 2479 3118 quam
2501 3048 2645 3117 quod
2671 3048 2800 3102 illud
2824 3089 2839 3114 ,
2875 3047 3056 3111 Fecit,
3091 3048 3160 3103 de
3188 3063 3410 3102 meono.

1777 3142 1882 3195 mia
1909 3140 2111 3193 dictum
2138 3140 2236 3203 sit;
2269 3140 2319 3192 id
2350 3138 2490 3209 quod
2519 3140 2681 3192 ctiam
2707 3154 2805 3192 nos
2827 3140 3174 3193 conﬁtemur.
3202 3139 3399 3194 Verum

1778 3232 1921 3287 ﬁlius
1952 3234 2172 3287 tonitrni
2205 3232 2273 3286 de
2322 3231 2577 3286 inetl'abili
2622 3243 2675 3285 et
2700 3241 2827 3285 ante
2856 3232 3054 3285 smeula
3084 3235 3405 3287 exsistcntia

1780 3343 1922 3382 ttunc
1948 3342 2044 3381 nos
2076 3325 2391 3392 alloquitur.
2430 3324 2557 3379 Ideo
2588 3324 2682 3377 illo
2708 3366 2720 3387 ,
2756 3322 2944 3390 Fecit,
2978 3326 3170 3379 relicto
3193 3367 3207 3392 ,
3241 3325 3367 3379 Erat
3388 3368 3405 3395 ,

1779 3419 1934 3473 dixit.
1962 3418 2259 3490 Oportebat
2285 3419 2429 3471 cnim
2450 3459 2464 3481 ,
2494 3418 2539 3472 si
2564 3428 2806 3471 creatum
2837 3417 3058 3483 luisset,
3090 3417 3139 3471 id
3166 3420 3405 3473 maxime

1779 3515 2027 3571 delinire.
2062 3513 2117 3569 Si
2160 3513 2306 3567 enim
2341 3512 2540 3566 Paulus
2574 3511 2749 3564 timuit
2786 3526 2851 3565 ne
2881 3513 3005 3581 quis
3032 3526 3097 3565 ex
3136 3512 3400 3580 insipien-

1782 3610 1923 3664 tibus
1946 3608 2313 3679 snspiCarctttr
2340 3605 2531 3659 Filium
2560 3604 2718 3658 Patre
2742 3605 3006 3673 majorem
3034 3604 3175 3669 fore,
3209 3615 3264 3659 et
3300 3605 3406 3661 Ge-

1782 3703 2015 3756 nitorem
2048 3700 2153 3755 sibi
2199 3699 2503 3767 subjectum
2557 3696 2869 3750 habitnrum
2909 3712 3036 3752 esse
3069 3715 3081 3751 :
3132 3713 3255 3751 nam
3290 3698 3413 3752 idco

1780 3794 2078 3851 Corinthiis
2108 3792 2355 3846 scribens
2384 3790 2638 3845 dicebat:
2672 3788 2798 3844 Cum
2831 3801 3002 3842 autent
3032 3792 3192 3856 dicit,
3228 3792 3410 3863 Subje-

1780 3898 1862 3940 cta
1889 3896 2041 3950 sunt,
2079 3884 2189 3939 sine
2216 3882 2369 3936 dubio
2407 3892 2592 3953 praeter
2626 3898 2739 3935 eum
2775 3881 2863 3951 qui
2906 3882 3121 3951 subjecit
3157 3884 3203 3935 ei
3234 3886 3410 3937 omnia

1782 3982 1873 4053 (1.
1901 3978 2023 4035 Cor.
2051 3979 2136 4033 15.
2166 3975 2257 4032 26.
2288 3976 2357 4031 9.7
2378 3982 2395 4046 .i
2419 3994 2431 4036 ;
2457 3976 2604 4046 atqui
2630 3977 2753 4045 quis
2782 3976 3154 4045 suspicaretur
3185 3976 3404 4031 Patrem

1781 4092 1903 4129 cum
1944 4074 2199 4127 omnibus
2228 4071 2531 4141 subjectum
2567 4071 2678 4123 lore
2712 4068 2893 4124 Filio?
2924 4080 2975 4124 ct
3018 4079 3198 4123 tamen
3229 4069 3273 4124 si
3307 4069 3405 4123 has

1782 4165 2046 4221 absordas
2072 4165 2415 4232 SnSpiciottcs
2454 4161 2634 4215 timuit
2663 4171 2717 4215 ct
2745 4162 2873 4215 dicit
2901 4203 2914 4222 .
2953 4160 3157 4215 Praeter
3179 4180 3295 4215 eunt
3323 4164 3410 4229 qui

1782 4260 1995 4330 subjecit
2017 4259 2062 4312 ei
2088 4258 2299 4321 omnia;
2332 4254 2500 4309 multo
2526 4254 2694 4323 magis
2720 4253 3009 4329 Joannem,
3038 4253 3081 4307 si
3112 4254 3282 4308 Filius
3311 4255 3408 4309 Dei

1782 4364 1995 4409 creatus
2026 4352 2217 4405 luisset
2240 4389 2255 4414 ,
2290 4350 2481 4402 timere
2530 4348 2837 4415 oportebat,
2870 4362 2936 4400 ne
2963 4346 3083 4417 quis
3112 4348 3284 4417 ipsum
3320 4348 3402 4402 in~

1784 4457 2024 4502 creatum
2056 4454 2289 4515 putaret.
2324 4442 2565 4511 illudque
2589 4456 2701 4512 prtn
2731 4442 2986 4495 omnibus
3017 4440 3234 4496 docere.
3272 4441 3413 4497 Cum

1784 4548 1966 4593 autem
1999 4538 2216 4607 genitus
2248 4536 2338 4599 sit,
2365 4534 2486 4607 jure
2516 4549 2692 4601 neque
2718 4534 2853 4600 ipse,
2885 4548 3065 4602 neque
3094 4532 3233 4587 alius
3266 4536 3416 4603 quis-

1788 4631 1951 4701 piam,
1974 4628 2057 4683 vel
2081 4628 2360 4697 apostolus
2382 4626 2462 4680 vel
2490 4624 2755 4694 propheta
2779 4634 3022 4677 creatum
3044 4624 3222 4689 ipsum
3249 4625 3415 4681 fuisse

1787 4721 1939 4776 dicit.
1972 4719 2085 4773 lmo
2131 4734 2304 4787 neque
2336 4720 2449 4786 ipse
2481 4715 2805 4783 Unigenitns
2834 4713 2884 4769 id
2922 4717 3362 4785 pra-termisisset
3396 4760 3414 4783 ,

1790 4814 1833 4866 si
1862 4822 2081 4865 creatus
2106 4826 2231 4865 vero
2256 4810 2466 4862 fuisset.
2493 4808 2594 4874 Qui
2614 4810 2759 4862 enim
2793 4820 2898 4861 tam
2928 4809 3151 4861 huntilia
3176 4823 3299 4864 sese
3322 4810 3425 4865 de-

1792 4904 2061 4958 tttittendo
2094 4903 2363 4971 IOqttitttr.
2407 4901 2578 4955 multo
2622 4902 2802 4953 minus
2846 4899 2895 4953 id
2960 4901 3219 4954 tacuisset
3276 4901 3411 4955 Nam

1797 4996 2158 5051 verisimilius
2193 5005 2322 5064 puto
2358 4997 2531 5064 ipsum
2578 5010 2737 5063 quam
2792 4992 3015 5047 haberet
3048 4996 3419 5059 priestantiam

1794 5092 1973 5160 potius
2008 5090 2238 5143 tacuisse
2265 5131 2278 5153 ,
2323 5105 2482 5157 quani
2515 5088 2560 5141 si
2600 5103 2708 5140 non
2744 5087 2970 5141 haberet
3018 5086 3067 5139 id
3100 5088 3410 5155 pnetermi-

1795 5186 1931 5238 sisse
1952 5224 1968 5245 ,
1998 5197 2097 5237 nec
2123 5181 2461 5251 significasse
2490 5180 2539 5233 id
2565 5196 2624 5233 se
2657 5197 2761 5233 non
2794 5177 3013 5233 habere.
3048 5179 3156 5233 Illic
3184 5195 3420 5234 consen-

1795 5288 1949 5333 tanea
1980 5276 2191 5331 tacendi
2217 5291 2377 5329 causa
2404 5282 2543 5338 erat,
2578 5274 2720 5343 quod
2752 5274 2913 5327 vellet
2937 5272 3138 5327 docere
3173 5273 3427 5330 homines

1798 5372 2157 5429 humilitatem
2186 5413 2201 5433 ,
2250 5370 2478 5438 ideoque
2508 5367 2876 5438 pra-stantiam
2910 5382 3064 5421 suam
3099 5370 3419 5436 obtegeret;

1798 5462 1885 5518 hic
1923 5474 2106 5515 autem
2152 5477 2219 5516 ne
2261 5462 2542 5515 minimam
2577 5460 2797 5529 quidem
2836 5458 3178 5530 probabilem
3214 5463 3423 5515 tacendi

1799 5572 2020 5611 causam
2071 5555 2256 5610 dicere
2305 5558 2497 5624 possis.
2532 5554 2641 5608 Cur
2682 5554 2829 5607 enim
2860 5554 2904 5607 si
2936 5564 3151 5609 creatus
3183 5567 3334 5618 erat,
3366 5570 3424 5609 se

1844 5761 1885 5870 hi
1915 5765 2065 5869 .Jpxta
2086 5753 2228 5805 Sttvil.
2257 5764 2311 5806 et
2334 5754 2450 5805 Cod.
2489 5754 2603 5816 706,
2634 5757 2894 5817 legeretur
2921 5764 3085 5819 recte,
3110 5756 3276 5817 bimus,
3304 5767 3423 5824 pro,

1882 5835 1947 5869 1⁸18
1974 5835 2043 5870 HS.

1806 5829 2055 5937 metu:
2349 5881 2492 5933 αοοςι
2602 5880 2893 5942 ιιιιίυιιεάπι
