4164 6320
144 305 200 358 εξ
1226 303 1290 360 ΙΝ
1328 300 1641 360 JOANNEM
1680 296 1725 354 H

1836 296 1909 353 IL.
1960 298 2045 354 tv.
2090 304 2163 356 af.
2206 300 2293 358 nt.
3390 277 3494 366 ις’

142 422 178 472 ts
204 422 289 488 qui
321 418 509 487 gloria:
542 434 733 474 amore
765 428 952 489 captus
976 424 1091 486 est,
1120 432 1372 489 magnum
1398 424 1490 471 aut
1516 426 1741 486 genero-

139 530 249 567 sum
279 511 552 581 quidpiam
586 511 749 568 facile
773 514 1045 583 cogitare;
1073 509 1167 566 sed
1193 524 1412 566 necesse
1439 516 1524 563 est
1548 516 1604 561 ιιι
1628 515 1743 561 tur-

139 606 235 675 pis,
271 603 412 668 vilis,
442 603 708 672 inglorius
738 615 792 657 et
823 604 1045 672 exiguus
1073 601 1161 657 sit.
1193 600 1292 668 Qui
1332 601 1475 675 enim
1505 612 1602 668 pro
1635 597 1742 650 vir-

139 620 235 675 pts,
271 617 412 668 vius,
443 617 708 672 tngtornts
738 617 792 657 et
823 618 1045 672 exiguus
1073 617 1161 657 sn.
1193 617 1292 668 uut
1332 617 1475 746 cnxm
1505 617 1602 668 pro
1635 617 1737 650 \‘lr-

138 705 251 750 tute
295 694 443 759 nihil,
482 695 577 749 sed
607 705 665 749 ut
711 694 1015 749 hominibus
1058 693 1254 747 nullius
1294 690 1450 761 preti
1500 690 1737 759 placeat,

135 789 324 840 omnia
352 784 496 851 facit,
527 787 729 856 quique
769 788 978 840 illorum
1018 784 1340 840 sententiam
1368 795 1652 838 erroncam
1685 788 1740 833 et

135 880 387 939 fallacem
418 880 589 948 abigis
619 880 881 949 sequitur,
910 876 1182 948 quomodo
1204 876 1369 948 gloria
1402 877 1593 945 dignus
1618 886 1739 928 esse

134 973 354 1040 possit?
382 971 759 1026 Animadverte
786 980 983 1026 autem.
1012 970 1066 1027 Si
1099 971 1219 1041 quis
1241 970 1387 1024 illum
1411 969 1736 1038 interroget:

135 1064 284 1130 Quid
325 1075 375 1118 tn
405 1064 590 1132 vulgus
619 1078 741 1117 esse
766 1062 1085 1125 arbitraris?
1122 1064 1367 1132 ignavam
1400 1060 1539 1113 haud
1578 1058 1740 1113 dubie

134 1168 187 1210 et
217 1157 467 1212 desidem
495 1156 885 1211 multitudinem
907 1171 1027 1211 esse
1054 1156 1215 1210 dicet.
1250 1154 1386 1221 Quid
1417 1152 1578 1208 vero?
1611 1166 1737 1205 num

134 1249 250 1301 illis
295 1247 485 1300 similis
513 1261 631 1301 esse
662 1247 965 1315 optaveris?
1012 1246 1067 1300 Si
1095 1246 1213 1313 quis
1242 1254 1417 1299 autem
1461 1243 1606 1297 illum
1637 1241 1736 1296 de-

133 1355 247 1391 nuo
294 1339 376 1393 sic
422 1347 779 1407 percontetur,
814 1353 919 1392 non
952 1349 1079 1407 puto
1108 1338 1280 1407 ipsum
1323 1350 1383 1389 se
1422 1334 1581 1388 taletn
1617 1346 1739 1387 esse

132 1439 473 1496 optumrum.
500 1427 779 1495 Quomodo
816 1427 976 1496 igitur
1011 1443 1115 1481 non
1145 1427 1431 1479 admodum
1454 1424 1735 1478 ridiculum

134 1522 329 1587 fuerit,
360 1522 567 1575 illorum
586 1536 771 1575 auram
802 1521 1073 1591 aucupari,
1116 1520 1309 1590 quibus
1338 1533 1628 1595 numquam
1659 1517 1734 1571 si-

134 1614 284 1667 milis
327 1627 444 1667 esse
470 1611 638 1666 velis?
1402 1594 1405 1595 ν
1444 1594 1451 1599 ’

202 1704 259 1760 6.
301 1704 396 1758 Sin
418 1705 613 1759 dixeris
635 1704 830 1757 multos
848 1718 969 1758 esse
994 1714 1049 1757 et
1079 1704 1129 1756 in
1157 1719 1320 1756 unum
1346 1711 1582 1763 coactos,
1616 1700 1737 1753 ideo

133 1798 377 1850 maxime
404 1794 802 1850 contemnendi.
842 1794 973 1848 Nam
1015 1796 1058 1847 si
1090 1794 1282 1863 singuli
1313 1802 1622 1859 contemptu
1647 1791 1733 1843 di-

130 1889 245 1957 gni,
312 1886 521 1955 plurimi
564 1886 734 1941 coacti
778 1886 930 1955 longe
970 1886 1139 1954 magis
1175 1882 1507 1951 desliicieudi
1553 1890 1730 1935 erunt.

130 1978 423 2033 nullorum
448 1978 593 2032 enim
618 1977 940 2047 insipientia,
973 1976 1196 2030 collecta
1226 1974 1587 2035 multitudine,
1614 1988 1730 2025 ma-

126 2072 208 2138 gis
239 2077 487 2138 augetur.
515 2066 856 2137 Quapropter
884 2067 927 2121 si
959 2066 1198 2136 singulos
1225 2065 1453 2119 seorsim
1482 2064 1600 2132 quis
1630 2062 1731 2115 du-

129 2162 271 2214 xerit
306 2162 348 2225 ⁸,
371 2159 659 2214 emendare
705 2159 932 2229 poterit;
976 2158 1133 2213 simul
1175 2167 1392 2211 coactos
1418 2173 1522 2210 non
1555 2154 1727 2219 facile,

124 2267 191 2306 eo
218 2249 372 2321 quod
400 2250 703 2321 insipientia
747 2252 819 2305 sit
844 2250 1017 2319 major
1040 2292 1056 2309 .
1084 2258 1138 2304 et
1170 2249 1245 2303 illi
1276 2248 1445 2303 instar
1476 2261 1728 2316 pecorum

126 2353 381 2413 agantur,
401 2354 748 2414 mutnamqne
768 2353 1059 2414 sequantur
1078 2341 1424 2397 sententiam.
1450 2341 1491 2395 Τ
1494 2341 1728 2415 ιιιρηιηρ,

121 2446 340 2501 qum,
388 2434 745 2489 multitudinis
773 2449 956 2487 auram
1003 2431 1375 2489 sectabimini?
1420 2431 1517 2497 Nc,
1545 2447 1731 2501 qttteso

122 2535 175 2575 ct
203 2524 457 2577 obsecro.
489 2523 544 2577 ld
575 2524 720 2579 enim
748 2525 926 2578 omnia
965 2539 1058 2579 sus
1083 2523 1257 2592 deque
1281 2523 1481 2577 vertit:
1516 2522 1566 2577 id
1598 2538 1725 2576 ava-

124 2617 308 2669 ritiam
339 2619 563 2686 peperit.
597 2617 871 2679 invidiam,
907 2617 1328 2681 criminationes,
1364 2615 1584 2670 insidias
1615 2632 1629 2668 :
1660 2616 1726 2669 il-

124 2705 216 2760 lud
274 2719 372 2761 eos
421 2708 508 2773 qui
569 2707 769 2761 nullam
826 2706 964 2775 passi
1016 2716 1144 2760 sunt
1192 2705 1440 2774 iniuriam
1473 2746 1487 2766 ,
1542 2715 1725 2759 contra

118 2810 217 2850 eos
268 2796 364 2867 qui
413 2798 615 2851 nullam
670 2798 964 2852 intulerunt
999 2839 1014 2858 ,
1051 2806 1225 2851 armat
1275 2807 1329 2853 et
1376 2796 1582 2851 efferat.
1624 2796 1724 2863 Qui

121 2890 227 2943 lsoe
249 2889 461 2944 laborat
487 2890 695 2956 morbo,
730 2905 835 2944 non
857 2890 1141 2945 amicitiam
1168 2892 1332 2955 novit,
1363 2904 1469 2944 non
1495 2904 1727 2945 consuc-

121 2981 214 3035 tud
239 2996 389 3048 nem,
419 2983 687 3037 neminem
718 2998 937 3053 prorsus
962 2994 1270 3050 reveretur;
1301 2984 1393 3038 sed
1423 2984 1582 3039 bonis
1606 2998 1725 3038 om-

119 3074 285 3127 nibus
312 3088 375 3129 ex
404 3074 585 3129 animo
609 3074 857 3144 rejectis,
899 3090 1020 3130 cum
1060 3062 1309 3130 omnibus
1343 3076 1540 3131 bellum
1561 3076 1721 3148 gerit,

121 3167 441 3221 inconstans
488 3175 543 3221 ct
595 3166 939 3223 inhumanus.
980 3166 1078 3222 Ira:
1120 3177 1269 3224 certe
1313 3169 1567 3234 morbus,
1622 3169 1721 3223 etsi

119 3256 441 3327 tyrannicus
464 3258 533 3313 sit
562 3266 618 3313 et
660 3257 1029 3322 intolerabilis,
1070 3273 1176 3314 non
1207 3275 1425 3331 semper
1453 3261 1724 3331 exagitare

118 3348 283 3406 sciet.
314 3347 408 3403 sed
436 3364 557 3403 cum
583 3348 653 3402 ab
675 3349 941 3417 aliquibus
976 3350 1215 3405 irritatur
1243 3368 1257 3405 :
1284 3360 1338 3403 at
1366 3366 1517 3405 vana:
1540 3351 1724 3419 gloria:

116 3453 278 3497 amor
308 3452 524 3509 seraper
552 3439 720 3510 viget,
748 3439 953 3495 nullum
983 3450 1212 3511 tempus,
1247 3450 1303 3494 ut
1332 3442 1400 3495 ita
1422 3441 1619 3507 dicam,
1640 3451 1726 3497 est

114 3549 231 3604 quo
246 3534 500 3591 desinere
517 3533 712 3605 possit,
734 3532 837 3590 nisi
870 3533 1007 3588 ratio
1028 3532 1173 3588 illam
1202 3533 1455 3590 cohibeat
1478 3543 1533 3589 et
1570 3550 1723 3591 com—

118 3630 343 3697 primat,
372 3627 466 3685 sed
489 3642 706 3699 semper
733 3628 921 3693 adest,
953 3640 1059 3685 non
1102 3626 1264 3684 modo
1298 3626 1365 3684 ad
1398 3627 1725 3698 pemndnm

118 3721 384 3788 incitans,
412 3720 506 3776 sed
534 3722 695 3776 etiam
719 3721 763 3776 si
786 3721 909 3791 quid
937 3731 1086 3778 recte
1111 3722 1399 3792 egerimus,
1422 3737 1454 3777 c
1475 3720 1725 3777 manibus

122 3812 447 3880 pneripiens
476 3829 490 3860 τ
522 3811 810 3880 aliquando
850 3826 980 3866 vero
1010 3826 1114 3867 non
1154 3812 1282 3867 sinit
1308 3821 1454 3868 recte
1487 3813 1721 3882 operari.

115 3901 277 3966 Quod
304 3902 348 3955 si
377 3900 576 3956 Paulus
604 3900 815 3973 (Ephes.
838 3902 893 3958 5.
923 3901 982 3969 5)
1004 3902 1280 3957 avaritiam
1320 3902 1584 3957 idolorum
1605 3917 1723 3957 ser-

120 3994 347 4046 vitalem
375 4002 561 4054 vocet;
613 3991 730 4061 ejus
776 4000 1041 4058 matrem,
1088 3992 1326 4049 radicem
1370 4002 1426 4048 et
1481 3995 1720 4058 fontem,

118 4099 320 4139 vanam
363 4086 589 4155 gloriam
646 4074 891 4153 scilicet,
938 4099 1046 4154 quo
1091 4086 1309 4143 nomine
1362 4086 1725 4141 vocabimus?

118 4176 310 4245 Dique
330 4176 469 4229 enim
492 4175 622 4230 illud
654 4182 813 4230 tanta‘.
837 4176 1088 4246 nequitia:
1107 4175 1328 4247 dignum
1365 4177 1723 4232 inveniemus.

202 4265 417 4320 Horatia
461 4266 748 4322 exhortatio
799 4266 869 4320 ad
912 4282 1099 4320 sanant
1144 4268 1364 4338 gloriam
1402 4270 1722 4340 fugiendam.

122 4357 294 4411 Deam
336 4375 490 4411 min
528 4368 860 4426 spectatorem
886 4357 1303 4430 laudatoremque
1329 4375 1554 4429 qua’ren
1571 4375 1727 4428 opor-

119 4457 219 4501 Id.
239 4478 311 4489 -—
330 4447 729 4518 Besipiscamus
766 4437 944 4525 igitur,
988 4449 1212 4519 dilecti,
1241 4458 1297 4506 et
1322 4450 1425 4505 hoc
1452 4452 1723 4521 pernicio-

118 4556 249 4594 sum
291 4556 550 4596 exnamns
594 4541 973 4597 vestimentum
1005 4560 1018 4595 :
1062 4542 1236 4610 ipsum
1270 4541 1637 4598 discindamus
1672 4552 1727 4598 et

115 4632 478 4699 disseeemus,
513 4647 747 4704 veraque
785 4632 1033 4689 libertate
1062 4632 1279 4689 tandem
1325 4634 1480 4691 liberi
1517 4632 1723 4690 emcia-

197 4769 216 4799 ¹
248 4768 409 4833 Stud,
430 4766 590 4831 legit,
618 4774 924 4833 Quapropter
957 4767 1003 4820 si
1024 4781 1172 4819 unum
1206 4769 1315 4833 quis
1360 4766 1676 4830 assumpserit
1702 4780 1722 4826 ,°

114 4828 291 4877 minus
321 4828 477 4880 reae.

1852 426 1991 478 mur,
2023 421 2187 482 atque
2216 414 2271 469 in
2313 426 2532 469 sensum
2564 413 2721 470 nobis
2746 430 2775 470 a
2809 416 2923 473 Deo
2947 431 3223 474 concessae
3256 420 3458 475 nobili-

1848 504 1975 560 tatis
2001 505 2283 560 veniamus
2311 523 2327 561 :
2356 506 2718 563 multitudinis
2743 524 2928 564 auram
2955 511 3338 581 despiciamus.
3362 511 3425 567 Ni

1848 595 1921 651 hil
1950 596 2094 652 enim
2116 598 2287 669 magis
2323 597 2427 654 hoc
2464 600 2656 655 morbo
2687 602 2973 658 ridiculum
3008 612 3062 658 et
3092 603 3407 660 indecorum
3438 623 3453 659 :

1846 686 1984 742 nihil
2030 696 2177 741 tanta
2220 689 2554 759 turpitudine
2600 700 2656 746 et
2692 692 2910 747 infamia
2957 694 3195 761 plenum.
3235 693 3541 765 Hocque»-

1846 778 2028 833 multis
2054 793 2122 833 ex
2151 779 2448 835 rationibus
2477 782 2662 838 videre
2685 792 2804 837 est:
2834 784 2974 853 quod
3008 800 3203 856 nempe
3228 786 3453 855 gloriam

1844 872 2260 944 concupiscere,
2307 877 2633 946 ignominia;
2675 877 2815 931 illam
2858 885 3037 932 autem
3082 878 3362 949 despicere
3400 890 3457 934 et

1847 963 1982 1018 nihil
2003 977 2273 1037 reputare,
2307 985 2435 1025 vere
2463 969 2633 1040 gloria
2662 969 2765 1032 sit;
2794 968 2888 1024 sed
2912 968 3091 1025 omnia
3124 971 3192 1025 ad
3225 971 3318 1026 Dei
3343 973 3457 1042 pla-

1845 1054 2011 1109 citum
2038 1065 2093 1112 et
2112 1058 2337 1115 dicenda
2372 1070 2429 1116 et
2457 1059 2664 1131 agenda
2693 1069 2837 1114 sunt.
2869 1060 2960 1115 Sic
2984 1062 3129 1117 enim
3155 1064 3457 1132 poterimus

1846 1148 2153 1205 mercedem
2184 1153 2431 1222 accipere
2459 1154 2529 1206 ab
2565 1166 2633 1207 eo
2657 1152 2748 1223 qui
2781 1162 2962 1207 nostra
3000 1164 3251 1207 accurate
3280 1155 3456 1223 respi-

1845 1240 1937 1304 cit,
1961 1241 2176 1311 quando
2204 1244 2295 1297 illo
2324 1245 2441 1299 solo
2466 1243 2708 1299 contenti
2736 1244 2940 1298 erimus
2967 1254 3292 1313 spectatore.
3314 1243 3453 1311 Quid

1845 1334 1989 1387 enim
2022 1334 2178 1390 nobis
2208 1336 2329 1390 aliis
2364 1336 2536 1390 oculis
2565 1351 2719 1406 opus,
2751 1350 2873 1393 cum
2908 1336 2953 1390 is
2979 1336 3069 1406 qui
3101 1337 3258 1391 nobis
3284 1338 3455 1391 hono-

1847 1439 1959 1478 rem
1984 1434 2040 1479 et
2067 1426 2345 1493 praemium
2379 1427 2667 1498 largiturus
2706 1435 2812 1493 est,
2840 1436 2990 1497 gesta
3025 1436 3207 1480 nostra
3238 1441 3456 1498 semper

1846 1515 2059 1570 videat?
2083 1516 2365 1583 Quomodo
2397 1533 2503 1572 non
2535 1518 2830 1574 absurdum
2869 1517 2959 1584 sit,
2992 1532 3205 1572 servum
3233 1518 3450 1588 quidem

1843 1608 1909 1661 ad
1949 1608 2065 1662 heri
2114 1609 2196 1664 sui
2242 1610 2494 1678 placitum
2546 1609 2726 1663 omnia
2768 1607 2983 1674 facere,
3032 1610 3271 1680 nihilque
3308 1611 3452 1664 aliud

1844 1714 2108 1767 quatrere,
2134 1716 2293 1770 quam
2341 1710 2397 1755 ut
2432 1703 2500 1755 ab
2544 1701 2661 1771 ipso
2701 1700 2968 1767 videatur,
3017 1716 3193 1770 neque
3223 1702 3359 1756 alios
3384 1705 3452 1755 ad

1841 1802 1994 1861 gesta
2022 1806 2116 1846 sua
2157 1792 2346 1847 oculos
2380 1794 2701 1861 exquirere,
2737 1792 3083 1860 quantumvis
3128 1792 3304 1862 magni
3344 1792 3456 1846 sint

1841 1885 1929 1938 alii
1952 1893 2303 1953 spectatores,
2337 1885 2432 1938 sed
2466 1898 2629 1937 unum
2658 1898 2883 1951 scopum
2915 1882 3119 1936 habere
3146 1891 3204 1936 ut
3224 1882 3292 1936 ab
3321 1882 3452 1937 hero

1841 1992 1941 2031 suo
1970 1977 2252 2042 videatur;
2302 1978 2403 2032 nos
2442 1983 2622 2031 autem
2652 1975 2811 2030 talem
2847 1974 3108 2029 habentes
3140 1975 3449 2039 Dominum,

1840 2068 1976 2123 alios
1997 2083 2243 2139 qna'rere
2290 2077 2646 2138 spectatores,
2684 2065 2785 2137 qui
2823 2081 2923 2122 nos
2964 2066 3093 2121 nihil
3117 2067 3327 2136 juvare,
3353 2068 3451 2123 sed

1838 2160 2150 2231 aspiciendo
2172 2174 2367 2216 nocere
2384 2168 2630 2231 possunt,
2645 2165 2925 2227 totumque
2946 2157 3184 2213 laborem
3204 2171 3449 2213 nosmnu

1841 2254 2013 2309 fructu
2040 2267 2265 2307 vacuum
2302 2251 2575 2308 reddere?
2604 2250 2702 2314 Ne,
2731 2265 2937 2319 qua‘so,
2971 2249 3021 2303 id
3051 2264 3272 2319 agamus
3306 2268 3320 2305 :
3352 2251 3449 2305 sed

1837 2363 1868 2404 a
1914 2363 2021 2420 quo
2065 2347 2375 2402 mercedem
2419 2345 2692 2415 accepturi
2735 2359 2957 2409 sumus,
3006 2360 3131 2399 cum
3172 2352 3447 2415 gestorum

1838 2441 2171 2497 laudatorem
2216 2439 2545 2495 advocemus
2588 2448 2644 2492 et
2687 2445 3071 2506 Spectatorem.
3120 2437 3258 2492 Nihil
3290 2439 3450 2493 nobis

1837 2548 2123 2589 commune
2149 2547 2273 2588 cum
2307 2531 2557 2586 humanis
2582 2530 2755 2586 oculis
2780 2529 2868 2583 sit.
2896 2530 2952 2585 Si
2980 2529 3123 2583 enim
3160 2528 3297 2584 hanc
3325 2530 3447 2600 glo-

1838 2625 1969 2677 riam
1997 2624 2210 2695 assequi
2239 2623 2585 2688 voluerimus,
2618 2636 2737 2678 eam
2761 2620 3004 2692 profecto
3021 2636 3441 2693 consequemur.

1835 2735 1954 2772 cum
1987 2719 2156 2773 solam
2188 2718 2280 2772 Dei
2313 2730 2621 2787 quzeremus
2647 2717 2897 2786 gloriam.
2920 2713 3059 2769 Nam
3090 2715 3444 2786 glorificantes

1834 2827 1913 2863 me
1937 2809 2233 2880 gloriﬁcabo
2263 2810 2311 2878 (ι
2374 2809 2510 2879 Reg.
2533 2807 2590 2862 2.
2623 2809 2737 2878 30),
2766 2808 2954 2878 inqttit.
2986 2807 3065 2863 Ac
3093 2807 3445 2877 quemadmo-

1834 2902 1959 2957 dum
1989 2911 2115 2956 tunc
2160 2904 2394 2958 maxime
2433 2902 2636 2957 divitiis
2659 2901 2953 2969 afﬂuimus,
2984 2915 3107 2957 cum
3147 2901 3266 2957 illas
3291 2917 3446 2972 sper-

1836 2994 2032 3054 nimus.
2064 3002 2121 3047 et
2145 3007 2174 3045 a
2216 2993 2327 3048 Deo
2359 3003 2565 3047 tantum
2590 2992 2810 3047 divitias
2836 2992 3135 3063 quaerimus
3166 2992 3317 3063 (nam
3341 2994 3439 3059 ait,

1835 3088 2058 3154 Qna’rite
2077 3104 2286 3160 regnum
2332 3088 2444 3149 Dei,
2473 3098 2519 3141 et
2564 3088 2673 3142 lucc
2716 3088 2891 3142 omnia
2942 3088 3255 3156 adficientur
3300 3088 3441 3141 vobis

1831 3178 2044 3251 [Matt/t.
2079 3180 2129 3235 6.
2162 3177 2315 3251 53]);
2350 3180 2428 3235 sic
2455 3190 2509 3234 et
2544 3180 2611 3234 de
2640 3180 2809 3250 gloria
2839 3178 3152 3235 dicendum.
3177 3178 3310 3235 Cum
3336 3180 3443 3234 lar-

1830 3272 1958 3340 gitio
1989 3271 2099 3325 sive
2120 3273 2487 3341 pecuniarum,
2506 3272 2620 3325 sive
2646 3272 2832 3342 glorias
2850 3272 3090 3341 periculo
3112 3282 3285 3337 vacat,
3315 3257 3441 3327 tunc

1833 3362 1974 3416 illam
2020 3361 2163 3416 Deus
2210 3362 2547 3417 abundanter
2591 3362 2850 3431 impertit.
2895 3362 3054 3417 Tunc
3100 3372 3281 3417 autem
3326 3365 3442 3419 huic

1830 3454 1947 3507 sine
1974 3453 2214 3523 periculo
2242 3463 2389 3520 sunt,
2420 3470 2542 3509 eum
2574 3454 2733 3509 nobis
2764 3470 2871 3508 non
2899 3455 3187 3525 imperant,
3218 3470 3321 3511 nec
3340 3457 3438 3508 do-

1832 3545 2136 3609 minantur;
2163 3560 2263 3599 nec
2294 3546 2449 3599 nobis
2478 3556 2750 3615 tamquam
2789 3548 2959 3601 servis
2987 3555 3227 3613 utuntur,
3258 3547 3353 3602 Sed
3384 3560 3442 3601 ιιι

1833 3634 1979 3691 beris
2002 3645 2059 3691 et
2086 3634 2273 3689 liberis
2293 3635 2510 3690 adsunt.
2536 3634 2661 3690 Ideo
2690 3650 2795 3690 non
2826 3635 2942 3690 vult
2966 3650 3068 3691 nos
3091 3636 3209 3690 illas
3232 3653 3438 3700 amare,

1829 3742 1899 3783 ne
1929 3726 1995 3783 iis
2024 3723 2396 3798 snbjiciamnr.
2430 3725 2583 3796 Quod
2624 3727 2668 3781 si
2719 3738 3100 3798 assequamur,
3135 3727 3255 3784 illas
3285 3728 3439 3783 nobis

1829 3838 1952 3879 cum
1979 3822 2302 3877 abundantia
2328 3824 2493 3878 multa
2524 3823 2766 3893 largitur.
2800 3822 2938 3890 Quid
2964 3823 3111 3877 enim
3142 3822 3309 3877 Paulo
3337 3823 3440 3877 cla-

1830 3917 1965 3978 rius,
1993 3930 2198 3986 qumso,
2230 3915 2321 3985 qui
2346 3917 2419 3969 ait
2444 3932 2459 3970 :
2482 3914 2606 3969 Non
2635 3916 2909 3983 qum-intus
2928 3912 2993 3967 ab
3014 3913 3302 3967 hominibus
3323 3914 3437 3983 glo-

1832 4008 1981 4073 riam,
2028 4021 2188 4075 neque
2225 4023 2257 4058 a
2304 4004 2461 4070 vobis,
2506 4021 2665 4075 neque
2703 4006 2767 4060 ob
2791 4005 2907 4059 aliis
2939 4004 3018 4071 (l.
3050 4002 3231 4059 Thess.
3263 4002 3321 4057 2.
3349 4004 3438 4069 (3)?

1826 4098 1968 4169 Quid
1988 4098 2305 4168 locupletius
2336 4097 2429 4152 illo
2458 4098 2547 4168 qui
2580 4097 2711 4151 nihil
2761 4095 2943 4159 habet,
2971 4104 3027 4150 et
3052 4097 3230 4149 omnia
3264 4097 3405 4163 possi

1830 4190 1963 4244 det?
1988 4190 2120 4244 Cum
2152 4188 2321 4255 enim,
2374 4198 2430 4242 ιιι
2469 4188 2602 4254 dixi,
2644 4203 2751 4242 non
2794 4187 3144 4258 snhjiciemur
3167 4190 3269 4249 eis,
3310 4196 3439 4240 tunc

1830 4285 1948 4338 illas
1975 4281 2301 4347 tenebimus,
2349 4292 2474 4336 tunc
2512 4281 2863 4350 accipiemus.
2914 4280 2970 4334 Si
3003 4279 3183 4349 itaque
3212 4279 3438 4348 gloriam

1830 4377 2041 4446 assequi
2068 4376 2368 4445 cupiamus,
2400 4374 2628 4445 gloriam
2672 4372 2969 4445 fugiamus;
3002 4372 3081 4427 sic
3112 4372 3254 4425 enim
3287 4382 3441 4440 potu.

1831 4470 2018 4532 rinms,
2054 4468 2281 4525 servatis
2325 4468 2419 4523 Dei
2452 4465 2756 4537 prmceptis,
2782 4475 2837 4519 et
2866 4463 3150 4533 praesentia
3179 4473 3233 4519 et
3264 4463 3439 4516 futura

1828 4563 2086 4633 consequi
2131 4561 2294 4622 bona,
2339 4576 2435 4631 per
2492 4560 2719 4630 gratiam
2756 4559 2993 4622 Christi,
3037 4559 3253 4627 quicum
3295 4557 3440 4611 Patri

1829 4656 2020 4727 gloria,
2048 4669 2261 4723 unaque
2288 4652 2509 4720 Spiritui
2541 4660 2751 4716 sancto,
2783 4650 2837 4704 in
2866 4649 3063 4705 saecula
3090 4648 3439 4704 szcculorntn.

1832 4750 2026 4803 Amen.

1508 4990 1859 5053 HOMILIA
1905 4989 2015 5051 IV.
2065 4983 2071 4989 ’

241 5084 307 5141 in
327 5088 572 5158 principio
590 5096 698 5141 erat
723 5085 960 5151 Verbum,
997 5098 1044 5142 et
1082 5087 1299 5143 Verbum
1333 5100 1440 5143 erat
1468 5092 1607 5159 apud

824 5178 1009 5234 Deum.

208 5357 256 5409 l.
291 5355 525 5410 letaodo
552 5373 706 5424 quam
742 5358 796 5411 in
820 5358 1181 5413 commentario
1208 5375 1456 5420 usurpare
1476 5361 1709 5423 destinat,

110 5451 374 5517 (ενοὸια.
401 5448 787 5523 ϐΙινῃεοειοηιιιε
812 5451 1032 5521 explicat
1059 5465 1152 5505 cur
1190 5450 1513 5523 evangelista:
1539 5454 1631 5507 alii
1654 5457 1717 5507 ab
1742 5524 1747 5527 ἱ

120 5543 468 5597 estmationc
484 5543 588 5595 orsi
612 5543 714 5597 sint
738 5583 752 5606 ,
784 5540 1012 5596 Joannes
1032 5557 1170 5610 vero,
1193 5558 1372 5607 secus;
1397 5543 1579 5597 deinde
1595 5547 1720 5614 quid
1740 5530 1751 5541 ’

114 5636 200 5686 sit
241 5631 436 5687 Verbum
461 5637 683 5703 exponit.
712 5665 786 5676 —
812 5634 1047 5690 Tratlitis
1076 5635 1143 5691 ad
1182 5634 1493 5705 disciplinas
1514 5638 1714 5706 pueris,

118 5741 247 5779 twn
282 5728 447 5791 gravia
488 5727 722 5793 magistri
768 5728 949 5781 statim
999 5727 1276 5797 imponunt
1305 5741 1501 5792 onera,
1540 5744 1713 5799 neque

478 5850 743 5907 Parnm.
796 5850 913 5904 (in.
970 5850 1127 5909 ΗΧ.

1827 5088 2112 5146 confertim
2138 5084 2242 5139 hoc
2284 5082 2523 5148 faciunt,
2550 5080 2643 5136 sed
2673 5079 2929 5151 paulatim
2955 5122 2972 5148 ,
3003 5090 3058 5135 et
3094 5081 3283 5136 eadem
3312 5084 3442 5154 ipsis

1826 5196 1971 5252 szrpe
1998 5186 2269 5248 repetunt,
2298 5185 2357 5229 nt
2375 5190 2435 5230 ea
2471 5174 2681 5228 facilius
2707 5174 2759 5228 in
2782 5183 2965 5229 mente
2991 5175 3303 5244 imprintant
3324 5219 3336 5240 ,
3372 5195 3443 5231 ne

1827 5287 1853 5323 a
1888 5270 2152 5341 principio
2177 5268 2421 5324 deterriti
2458 5266 2804 5322 nmltitudiue
2832 5282 3021 5321 eorum
3052 5282 3171 5336 quae
3201 5280 3436 5323 vtx‘nte—

1828 5363 1995 5416 moria
2033 5360 2270 5415 retinere
2296 5359 2515 5423 valeat,
2557 5357 2834 5428 segniores
2861 5358 3091 5413 evadant
3116 5358 3183 5413 ad
3213 5374 3278 5414 ea
3317 5376 3441 5430 quae

1828 5454 1927 5507 sibi
1959 5452 2147 5507 tradita
2177 5461 2304 5506 sunt
2332 5451 2632 5521 colligenda
2662 5492 2676 5514 ,
2709 5449 2915 5505 desidia
2951 5449 3164 5504 tandem
3194 5468 3258 5507 es
3290 5454 3438 5505 difﬁ-

1827 5544 2117 5599 cultatibus
2146 5554 2318 5614 parta.
2351 5544 2503 5598 Ihtnc
2530 5558 2629 5613 ego
2656 5559 2862 5597 morem
2897 5558 3116 5611 sequar,
3154 5544 3437 5615 levemque

1825 5639 1976 5693 vobis
2018 5638 2256 5694 laborem
2308 5637 2531 5693 reddam
2576 5656 2589 5691 :
2631 5652 2694 5692 ac
2735 5638 2989 5707 paulatim
3037 5647 3094 5692 et
3134 5653 3229 5708 per
3258 5648 3437 5707 partes

1824 5730 2056 5800 acceptis
2087 5731 2151 5784 iis
2173 5772 2185 5796 ,
2220 5745 2340 5799 quae
2368 5733 2420 5782 in
2449 5728 2547 5782 hac.
2593 5744 2744 5782 Sacra
2792 5745 2977 5784 mensa
3023 5738 3392 5797 prOpounntur
3415 5772 3431 5795 ,

3040 5843 3074 5897 3
