  <div class='ocr_page' id='page_1' title='image "/cluster/home/n/w/nwhite01/storage/ocr_20150623/59/pst.000005712595/045.png"; bbox 0 0 4164 6320; ppageno 0'>
   <div class='ocr_carea' id='block_1_1' title="bbox 694 283 3982 362">
    <p class='ocr_par' dir='ltr' id='par_1_1' title="bbox 694 283 3982 362">
     <span class='ocr_line' id='line_1_1' title="bbox 694 283 3982 362; baseline -0.007 -1"><span class='ocrx_word' id='word_1_1' title='bbox 694 304 759 362; x_wconf 68' lang='lat'><strong>4?</strong></span> <span class='ocrx_word' id='word_1_2' title='bbox 1398 299 1462 356; x_wconf 77' lang='lat'><strong>8.</strong></span> <span class='ocrx_word' id='word_1_3' title='bbox 1501 294 1782 354; x_wconf 71' lang='lat' dir='ltr'><strong>JOANNIS</strong></span> <span class='ocrx_word' id='word_1_4' title='bbox 1818 283 2293 349; x_wconf 71' lang='lat' dir='ltr'><strong>CliliYSOSTOMI</strong></span> <span class='ocrx_word' id='word_1_5' title='bbox 2329 284 2647 344; x_wconf 73' lang='lat' dir='ltr'><strong>ARCIIIEP.</strong></span> <span class='ocrx_word' id='word_1_6' title='bbox 2687 283 3220 348; x_wconf 77' lang='lat' dir='ltr'><strong>CONSTANTINOP.</strong></span> <span class='ocrx_word' id='word_1_7' title='bbox 3921 299 3982 354; x_wconf 66' lang='grc' dir='ltr'><strong>ιε</strong></span> 
     </span>
    </p>
   </div>
   <div class='ocr_carea' id='block_1_2' title="bbox 691 401 2283 480">
    <p class='ocr_par' dir='ltr' id='par_1_2' title="bbox 691 401 2283 480">
     <span class='ocr_line' id='line_1_2' title="bbox 691 401 2283 480; baseline -0.015 0"><span class='ocrx_word' id='word_1_8' title='bbox 691 427 770 480; x_wconf 83' lang='lat' dir='ltr'><strong>sic</strong></span> <span class='ocrx_word' id='word_1_9' title='bbox 794 437 854 479; x_wconf 91' lang='lat' dir='ltr'><strong>ea</strong></span> <span class='ocrx_word' id='word_1_10' title='bbox 881 421 935 476; x_wconf 88' lang='lat' dir='ltr'><strong>in</strong></span> <span class='ocrx_word' id='word_1_11' title='bbox 964 419 1171 476; x_wconf 77' lang='lat' dir='ltr'><strong>animos</strong></span> <span class='ocrx_word' id='word_1_12' title='bbox 1199 422 1408 472; x_wconf 72' lang='lat' dir='ltr'><strong>vestros</strong></span> <span class='ocrx_word' id='word_1_13' title='bbox 1433 411 1738 470; x_wconf 75' lang='lat' dir='ltr'><strong>immittam.</strong></span> <span class='ocrx_word' id='word_1_14' title='bbox 1778 407 2010 477; x_wconf 81' lang='lat' dir='ltr'><strong>ideoque</strong></span> <span class='ocrx_word' id='word_1_15' title='bbox 2037 404 2152 476; x_wconf 89' lang='lat' dir='ltr'><strong>ipsa</strong></span> <span class='ocrx_word' id='word_1_16' title='bbox 2181 401 2283 458; x_wconf 85' lang='lat' dir='ltr'><strong>ite-</strong></span> 
     </span>
    </p>
   </div>
   <div class='ocr_carea' id='block_1_3' title="bbox 698 492 2284 582">
    <p class='ocr_par' dir='ltr' id='par_1_3' title="bbox 698 492 2284 582">
     <span class='ocr_line' id='line_1_3' title="bbox 698 492 2284 582; baseline -0.014 -12"><span class='ocrx_word' id='word_1_17' title='bbox 698 531 816 571; x_wconf 83' lang='lat' dir='ltr'><strong>rum</strong></span> <span class='ocrx_word' id='word_1_18' title='bbox 846 513 1009 568; x_wconf 80' lang='lat' dir='ltr'><strong>verba</strong></span> <span class='ocrx_word' id='word_1_19' title='bbox 1035 500 1364 582; x_wconf 69' lang='lat' dir='ltr'><strong>proponam,</strong></span> <span class='ocrx_word' id='word_1_20' title='bbox 1393 518 1498 559; x_wconf 91' lang='lat' dir='ltr'><strong>non</strong></span> <span class='ocrx_word' id='word_1_21' title='bbox 1545 513 1602 557; x_wconf 89' lang='lat' dir='ltr'><strong>ut</strong></span> <span class='ocrx_word' id='word_1_22' title='bbox 1631 500 1772 557; x_wconf 90' lang='lat' dir='ltr'><strong>idem</strong></span> <span class='ocrx_word' id='word_1_23' title='bbox 1806 509 2045 569; x_wconf 88' lang='lat' dir='ltr'><strong>repetam</strong></span> <span class='ocrx_word' id='word_1_24' title='bbox 2064 537 2080 561; x_wconf 91' lang='lat'><strong>,</strong></span> <span class='ocrx_word' id='word_1_25' title='bbox 2106 492 2200 551; x_wconf 85' lang='lat' dir='ltr'><strong>sed</strong></span> <span class='ocrx_word' id='word_1_26' title='bbox 2231 502 2284 548; x_wconf 90' lang='lat' dir='ltr'><strong>ut</strong></span> 
     </span>
    </p>
   </div>
   <div class='ocr_carea' id='block_1_4' title="bbox 694 585 2287 670">
    <p class='ocr_par' dir='ltr' id='par_1_4' title="bbox 694 585 2287 670">
     <span class='ocr_line' id='line_1_4' title="bbox 694 585 2287 670; baseline -0.015 -8"><span class='ocrx_word' id='word_1_27' title='bbox 694 605 888 662; x_wconf 80' lang='lat' dir='ltr'><strong>addam</strong></span> <span class='ocrx_word' id='word_1_28' title='bbox 902 603 1119 657; x_wconf 87' lang='lat' dir='ltr'><strong>omissa.</strong></span> <span class='ocrx_word' id='word_1_29' title='bbox 1139 601 1247 670; x_wconf 80' lang='lat' dir='ltr'><strong>Age</strong></span> <span class='ocrx_word' id='word_1_30' title='bbox 1263 609 1390 667; x_wconf 86' lang='lat' dir='ltr'><strong>ergo</strong></span> <span class='ocrx_word' id='word_1_31' title='bbox 1407 593 1568 651; x_wconf 86' lang='lat' dir='ltr'><strong>verba</strong></span> <span class='ocrx_word' id='word_1_32' title='bbox 1585 606 1774 649; x_wconf 78' lang='lat' dir='ltr'><strong>rursus</strong></span> <span class='ocrx_word' id='word_1_33' title='bbox 1792 590 1861 647; x_wconf 86' lang='lat' dir='ltr'><strong>ab</strong></span> <span class='ocrx_word' id='word_1_34' title='bbox 1883 589 2036 645; x_wconf 89' lang='lat' dir='ltr'><strong>initio</strong></span> <span class='ocrx_word' id='word_1_35' title='bbox 2055 585 2287 642; x_wconf 64' lang='lat' dir='ltr'><strong>adduct-</strong></span> 
     </span>
    </p>
   </div>
   <div class='ocr_carea' id='block_1_5' title="bbox 703 677 2288 762">
    <p class='ocr_par' dir='ltr' id='par_1_5' title="bbox 703 677 2288 762">
     <span class='ocr_line' id='line_1_5' title="bbox 703 677 2288 762; baseline -0.014 -10"><span class='ocrx_word' id='word_1_36' title='bbox 703 711 824 752; x_wconf 85' lang='lat' dir='ltr'><strong>mus</strong></span> <span class='ocrx_word' id='word_1_37' title='bbox 853 713 866 750; x_wconf 91' lang='lat'><strong>:</strong></span> <span class='ocrx_word' id='word_1_38' title='bbox 899 692 962 746; x_wconf 89' lang='lat' dir='ltr'><strong>In</strong></span> <span class='ocrx_word' id='word_1_39' title='bbox 985 691 1239 762; x_wconf 80' lang='lat' dir='ltr'><strong>principio</strong></span> <span class='ocrx_word' id='word_1_40' title='bbox 1272 697 1379 745; x_wconf 86' lang='lat' dir='ltr'><strong>erat</strong></span> <span class='ocrx_word' id='word_1_41' title='bbox 1421 685 1654 750; x_wconf 80' lang='lat' dir='ltr'><strong>Verbum,</strong></span> <span class='ocrx_word' id='word_1_42' title='bbox 1681 693 1728 743; x_wconf 79' lang='lat' dir='ltr'><strong>et</strong></span> <span class='ocrx_word' id='word_1_43' title='bbox 1768 681 1986 738; x_wconf 84' lang='lat' dir='ltr'><strong>Verbum</strong></span> <span class='ocrx_word' id='word_1_44' title='bbox 2014 687 2120 735; x_wconf 85' lang='lat' dir='ltr'><strong>erat</strong></span> <span class='ocrx_word' id='word_1_45' title='bbox 2147 677 2288 748; x_wconf 85' lang='lat' dir='ltr'><strong>apud</strong></span> 
     </span>
    </p>
   </div>
   <div class='ocr_carea' id='block_1_6' title="bbox 696 773 2288 858">
    <p class='ocr_par' dir='ltr' id='par_1_6' title="bbox 696 773 2288 858">
     <span class='ocr_line' id='line_1_6' title="bbox 696 773 2288 858; baseline -0.018 -6"><span class='ocrx_word' id='word_1_46' title='bbox 696 797 879 852; x_wconf 81' lang='lat' dir='ltr'><strong>Deum.</strong></span> <span class='ocrx_word' id='word_1_47' title='bbox 929 793 1040 850; x_wconf 82' lang='lat' dir='ltr'><strong>Cur</strong></span> <span class='ocrx_word' id='word_1_48' title='bbox 1089 807 1211 848; x_wconf 89' lang='lat' dir='ltr'><strong>cum</strong></span> <span class='ocrx_word' id='word_1_49' title='bbox 1260 789 1350 844; x_wconf 89' lang='lat' dir='ltr'><strong>alii</strong></span> <span class='ocrx_word' id='word_1_50' title='bbox 1403 785 1746 858; x_wconf 79' lang='lat' dir='ltr'><strong>evangelistte</strong></span> <span class='ocrx_word' id='word_1_51' title='bbox 1796 782 1865 838; x_wconf 88' lang='lat' dir='ltr'><strong>ab</strong></span> <span class='ocrx_word' id='word_1_52' title='bbox 1923 773 2288 834; x_wconf 75' lang='lat' dir='ltr'><strong>incarnatione</strong></span> 
     </span>
    </p>
   </div>
   <div class='ocr_carea' id='block_1_7' title="bbox 693 865 2289 953">
    <p class='ocr_par' dir='ltr' id='par_1_7' title="bbox 693 865 2289 953">
     <span class='ocr_line' id='line_1_7' title="bbox 693 865 2289 953; baseline -0.016 -8"><span class='ocrx_word' id='word_1_53' title='bbox 693 888 1022 945; x_wconf 84' lang='lat' dir='ltr'><strong>Christiorsi</strong></span> <span class='ocrx_word' id='word_1_54' title='bbox 1062 894 1187 941; x_wconf 89' lang='lat' dir='ltr'><strong>sunt</strong></span> <span class='ocrx_word' id='word_1_55' title='bbox 1215 882 1236 953; x_wconf 89' lang='lat'><strong>(</strong></span> <span class='ocrx_word' id='word_1_56' title='bbox 1264 898 1383 936; x_wconf 86' lang='lat' dir='ltr'><strong>nam</strong></span> <span class='ocrx_word' id='word_1_57' title='bbox 1429 879 1706 936; x_wconf 72' lang='lat' dir='ltr'><strong>Matthmus</strong></span> <span class='ocrx_word' id='word_1_58' title='bbox 1749 876 1829 932; x_wconf 85' lang='lat' dir='ltr'><strong>sic</strong></span> <span class='ocrx_word' id='word_1_59' title='bbox 1854 873 2101 930; x_wconf 90' lang='lat' dir='ltr'><strong>orditur:</strong></span> <span class='ocrx_word' id='word_1_60' title='bbox 2138 865 2289 922; x_wconf 80' lang='lat' dir='ltr'><strong>Liber</strong></span> 
     </span>
    </p>
   </div>
   <div class='ocr_carea' id='block_1_8' title="bbox 694 959 2284 1051">
    <p class='ocr_par' dir='ltr' id='par_1_8' title="bbox 694 959 2284 1051">
     <span class='ocr_line' id='line_1_8' title="bbox 694 959 2284 1051; baseline -0.013 -19"><span class='ocrx_word' id='word_1_61' title='bbox 694 979 1034 1051; x_wconf 69' lang='lat' dir='ltr'><strong>generationis</strong></span> <span class='ocrx_word' id='word_1_62' title='bbox 1060 975 1186 1032; x_wconf 75' lang='lat' dir='ltr'><strong>Iesu</strong></span> <span class='ocrx_word' id='word_1_63' title='bbox 1218 972 1440 1038; x_wconf 80' lang='lat' dir='ltr'><strong>Christi,</strong></span> <span class='ocrx_word' id='word_1_64' title='bbox 1468 971 1564 1041; x_wconf 73' lang='lat' dir='ltr'><strong>ﬁlii</strong></span> <span class='ocrx_word' id='word_1_65' title='bbox 1592 968 1760 1026; x_wconf 80' lang='lat' dir='ltr'><strong>David</strong></span> <span class='ocrx_word' id='word_1_66' title='bbox 1777 985 1797 1035; x_wconf 86' lang='lat'><strong><em>;</em></strong></span> <span class='ocrx_word' id='word_1_67' title='bbox 1826 965 1996 1021; x_wconf 90' lang='lat' dir='ltr'><strong>Lucas</strong></span> <span class='ocrx_word' id='word_1_68' title='bbox 2034 959 2189 1015; x_wconf 85' lang='lat' dir='ltr'><strong>nobis</strong></span> <span class='ocrx_word' id='word_1_69' title='bbox 2221 972 2284 1014; x_wconf 88' lang='lat' dir='ltr'><strong>ea</strong></span> 
     </span>
    </p>
   </div>
   <div class='ocr_carea' id='block_1_9' title="bbox 649 1054 2288 1142">
    <p class='ocr_par' dir='ltr' id='par_1_9' title="bbox 649 1054 2288 1142">
     <span class='ocr_line' id='line_1_9' title="bbox 649 1054 2288 1142; baseline -0.013 -15"><span class='ocrx_word' id='word_1_70' title='bbox 649 1089 654 1094; x_wconf 72' lang='lat'><strong>&#39;</strong></span> <span class='ocrx_word' id='word_1_71' title='bbox 693 1085 814 1142; x_wconf 66' lang='lat' dir='ltr'><strong>quae</strong></span> <span class='ocrx_word' id='word_1_72' title='bbox 835 1070 1052 1127; x_wconf 74' lang='lat' dir='ltr'><strong>Mariam</strong></span> <span class='ocrx_word' id='word_1_73' title='bbox 1079 1074 1321 1138; x_wconf 91' lang='lat' dir='ltr'><strong>spectant</strong></span> <span class='ocrx_word' id='word_1_74' title='bbox 1341 1065 1394 1120; x_wconf 90' lang='lat' dir='ltr'><strong>in</strong></span> <span class='ocrx_word' id='word_1_75' title='bbox 1413 1062 1672 1136; x_wconf 87' lang='lat' dir='ltr'><strong>principio</strong></span> <span class='ocrx_word' id='word_1_76' title='bbox 1685 1067 1920 1116; x_wconf 85' lang='lat' dir='ltr'><strong>enarrat.</strong></span> <span class='ocrx_word' id='word_1_77' title='bbox 1937 1054 2145 1112; x_wconf 76' lang='lat' dir='ltr'><strong>Marcus</strong></span> <span class='ocrx_word' id='word_1_78' title='bbox 2161 1065 2288 1108; x_wconf 88' lang='lat' dir='ltr'><strong>vero</strong></span> 
     </span>
    </p>
   </div>
   <div class='ocr_carea' id='block_1_10' title="bbox 695 1142 2287 1229">
    <p class='ocr_par' dir='ltr' id='par_1_10' title="bbox 695 1142 2287 1229">
     <span class='ocr_line' id='line_1_10' title="bbox 695 1142 2287 1229; baseline -0.012 -13"><span class='ocrx_word' id='word_1_79' title='bbox 695 1163 890 1216; x_wconf 84' lang='lat' dir='ltr'><strong>similia</strong></span> <span class='ocrx_word' id='word_1_80' title='bbox 913 1159 1025 1216; x_wconf 81' lang='lat' dir='ltr'><strong>fere</strong></span> <span class='ocrx_word' id='word_1_81' title='bbox 1047 1157 1266 1229; x_wconf 78' lang='lat' dir='ltr'><strong>profert,</strong></span> <span class='ocrx_word' id='word_1_82' title='bbox 1283 1173 1351 1212; x_wconf 90' lang='lat' dir='ltr'><strong>ex</strong></span> <span class='ocrx_word' id='word_1_83' title='bbox 1379 1155 1629 1224; x_wconf 77' lang='lat' dir='ltr'><strong>Baptista.-</strong></span> <span class='ocrx_word' id='word_1_84' title='bbox 1654 1149 1876 1207; x_wconf 81' lang='lat' dir='ltr'><strong>historia</strong></span> <span class='ocrx_word' id='word_1_85' title='bbox 1896 1144 2097 1216; x_wconf 80' lang='lat' dir='ltr'><strong>orsus).</strong></span> <span class='ocrx_word' id='word_1_86' title='bbox 2119 1142 2287 1200; x_wconf 74' lang='lat' dir='ltr'><strong>Joan-</strong></span> 
     </span>
    </p>
   </div>
   <div class='ocr_carea' id='block_1_11' title="bbox 699 1237 2284 1322">
    <p class='ocr_par' dir='ltr' id='par_1_11' title="bbox 699 1237 2284 1322">
     <span class='ocr_line' id='line_1_11' title="bbox 699 1237 2284 1322; baseline -0.009 -16"><span class='ocrx_word' id='word_1_87' title='bbox 699 1269 795 1307; x_wconf 85' lang='lat' dir='ltr'><strong>nes</strong></span> <span class='ocrx_word' id='word_1_88' title='bbox 819 1251 869 1306; x_wconf 97' lang='lat' dir='ltr'><strong>id</strong></span> <span class='ocrx_word' id='word_1_89' title='bbox 893 1251 1075 1322; x_wconf 84' lang='lat' dir='ltr'><strong>paucis</strong></span> <span class='ocrx_word' id='word_1_90' title='bbox 1092 1259 1146 1306; x_wconf 89' lang='lat' dir='ltr'><strong>et</strong></span> <span class='ocrx_word' id='word_1_91' title='bbox 1172 1259 1294 1321; x_wconf 89' lang='lat' dir='ltr'><strong>post</strong></span> <span class='ocrx_word' id='word_1_92' title='bbox 1313 1249 1396 1303; x_wconf 83' lang='lat' dir='ltr'><strong>illa</strong></span> <span class='ocrx_word' id='word_1_93' title='bbox 1426 1247 1599 1318; x_wconf 75' lang='lat' dir='ltr'><strong>prium</strong></span> <span class='ocrx_word' id='word_1_94' title='bbox 1618 1241 1974 1300; x_wconf 86' lang='lat' dir='ltr'><strong>subindicavit</strong></span> <span class='ocrx_word' id='word_1_95' title='bbox 1989 1239 2073 1296; x_wconf 90' lang='lat' dir='ltr'><strong>his</strong></span> <span class='ocrx_word' id='word_1_96' title='bbox 2087 1237 2284 1302; x_wconf 88' lang='lat' dir='ltr'><strong>verbis,</strong></span> 
     </span>
    </p>
   </div>
   <div class='ocr_carea' id='block_1_12' title="bbox 695 1331 2288 1414">
    <p class='ocr_par' dir='ltr' id='par_1_12' title="bbox 695 1331 2288 1414">
     <span class='ocr_line' id='line_1_12' title="bbox 695 1331 2288 1414; baseline -0.007 -15"><span class='ocrx_word' id='word_1_97' title='bbox 695 1341 767 1399; x_wconf 73' lang='lat' dir='ltr'><strong>Et</strong></span> <span class='ocrx_word' id='word_1_98' title='bbox 798 1342 1010 1398; x_wconf 80' lang='lat' dir='ltr'><strong>Verbum</strong></span> <span class='ocrx_word' id='word_1_99' title='bbox 1034 1359 1154 1397; x_wconf 78' lang='lat' dir='ltr'><strong>caro</strong></span> <span class='ocrx_word' id='word_1_100' title='bbox 1181 1346 1372 1414; x_wconf 77' lang='lat' dir='ltr'><strong>factum</strong></span> <span class='ocrx_word' id='word_1_101' title='bbox 1399 1350 1471 1396; x_wconf 86' lang='lat' dir='ltr'><strong>est</strong></span> <span class='ocrx_word' id='word_1_102' title='bbox 1497 1341 1517 1412; x_wconf 95' lang='lat'><strong>(</strong></span> <span class='ocrx_word' id='word_1_103' title='bbox 1545 1338 1703 1394; x_wconf 80' lang='lat' dir='ltr'><strong>Joan.</strong></span> <span class='ocrx_word' id='word_1_104' title='bbox 1737 1338 1788 1393; x_wconf 84' lang='grc'><strong>1.</strong></span> <span class='ocrx_word' id='word_1_105' title='bbox 1812 1336 1880 1392; x_wconf 77' lang='grc' dir='ltr'>Η</span> <span class='ocrx_word' id='word_1_106' title='bbox 1908 1335 1951 1408; x_wconf 84' lang='grc'><strong>),</strong></span> <span class='ocrx_word' id='word_1_107' title='bbox 1973 1331 2288 1405; x_wconf 66' lang='lat' dir='ltr'><strong>ceterisque</strong></span> 
     </span>
    </p>
   </div>
   <div class='ocr_carea' id='block_1_13' title="bbox 697 1422 2283 1505">
    <p class='ocr_par' dir='ltr' id='par_1_13' title="bbox 697 1422 2283 1505">
     <span class='ocr_line' id='line_1_13' title="bbox 697 1422 2283 1505; baseline -0.008 -17"><span class='ocrx_word' id='word_1_108' title='bbox 697 1434 947 1490; x_wconf 87' lang='lat' dir='ltr'><strong>omnibus</strong></span> <span class='ocrx_word' id='word_1_109' title='bbox 971 1432 1366 1505; x_wconf 68' lang='lat' dir='ltr'><strong>praetermissis,</strong></span> <span class='ocrx_word' id='word_1_110' title='bbox 1397 1430 1782 1500; x_wconf 82' lang='lat' dir='ltr'><strong>conceptione,</strong></span> <span class='ocrx_word' id='word_1_111' title='bbox 1812 1434 1987 1498; x_wconf 88' lang='lat' dir='ltr'><strong>partu.</strong></span> <span class='ocrx_word' id='word_1_112' title='bbox 2015 1422 2283 1479; x_wconf 87' lang='lat' dir='ltr'><strong>educatio-</strong></span> 
     </span>
    </p>
   </div>
   <div class='ocr_carea' id='block_1_14' title="bbox 697 1514 2286 1594">
    <p class='ocr_par' dir='ltr' id='par_1_14' title="bbox 697 1514 2286 1594">
     <span class='ocr_line' id='line_1_14' title="bbox 697 1514 2286 1594; baseline -0.008 -13"><span class='ocrx_word' id='word_1_113' title='bbox 697 1542 787 1594; x_wconf 90' lang='lat' dir='ltr'><strong>ne,</strong></span> <span class='ocrx_word' id='word_1_114' title='bbox 820 1526 1173 1591; x_wconf 87' lang='lat' dir='ltr'><strong>incremento,</strong></span> <span class='ocrx_word' id='word_1_115' title='bbox 1203 1533 1461 1580; x_wconf 66' lang='lat' dir='ltr'><strong>aeternum</strong></span> <span class='ocrx_word' id='word_1_116' title='bbox 1489 1523 1670 1578; x_wconf 86' lang='lat' dir='ltr'><strong>statim</strong></span> <span class='ocrx_word' id='word_1_117' title='bbox 1696 1518 2100 1591; x_wconf 71' lang='lat' dir='ltr'><strong>generationem</strong></span> <span class='ocrx_word' id='word_1_118' title='bbox 2129 1514 2286 1570; x_wconf 87' lang='lat' dir='ltr'><strong>nobis</strong></span> 
     </span>
    </p>
   </div>
   <div class='ocr_carea' id='block_1_15' title="bbox 695 1606 2279 1685">
    <p class='ocr_par' dir='ltr' id='par_1_15' title="bbox 695 1606 2279 1685">
     <span class='ocr_line' id='line_1_15' title="bbox 695 1606 2279 1685; baseline -0.007 -13"><span class='ocrx_word' id='word_1_119' title='bbox 695 1625 912 1672; x_wconf 84' lang='lat' dir='ltr'><strong>enarrat</strong></span> <span class='ocrx_word' id='word_1_120' title='bbox 926 1621 953 1670; x_wconf 82' lang='lat'><strong>&#39;!</strong></span> <span class='ocrx_word' id='word_1_121' title='bbox 973 1616 1229 1685; x_wconf 74' lang='lat' dir='ltr'><strong>Quantam</strong></span> <span class='ocrx_word' id='word_1_122' title='bbox 1248 1616 1442 1671; x_wconf 89' lang='lat' dir='ltr'><strong>horum</strong></span> <span class='ocrx_word' id='word_1_123' title='bbox 1463 1629 1624 1670; x_wconf 84' lang='lat' dir='ltr'><strong>causa</strong></span> <span class='ocrx_word' id='word_1_124' title='bbox 1649 1613 1737 1678; x_wconf 91' lang='lat' dir='ltr'><strong>sit,</strong></span> <span class='ocrx_word' id='word_1_125' title='bbox 1763 1611 1876 1683; x_wconf 86' lang='lat' dir='ltr'><strong>jam</strong></span> <span class='ocrx_word' id='word_1_126' title='bbox 1905 1608 2057 1665; x_wconf 82' lang='lat' dir='ltr'><strong>vobis</strong></span> <span class='ocrx_word' id='word_1_127' title='bbox 2081 1606 2279 1663; x_wconf 90' lang='lat' dir='ltr'><strong>dicam.</strong></span> 
     </span>
    </p>
   </div>
   <div class='ocr_carea' id='block_1_16' title="bbox 696 1703 2285 1779">
    <p class='ocr_par' dir='ltr' id='par_1_16' title="bbox 696 1703 2285 1779">
     <span class='ocr_line' id='line_1_16' title="bbox 696 1703 2285 1779; baseline -0.008 -17"><span class='ocrx_word' id='word_1_128' title='bbox 696 1706 830 1762; x_wconf 85' lang='lat' dir='ltr'><strong>Cum</strong></span> <span class='ocrx_word' id='word_1_129' title='bbox 874 1708 1055 1779; x_wconf 62' lang='lat' dir='ltr'><strong>ceteri</strong></span> <span class='ocrx_word' id='word_1_130' title='bbox 1096 1706 1437 1778; x_wconf 72' lang='lat' dir='ltr'><strong>evangelista:</strong></span> <span class='ocrx_word' id='word_1_131' title='bbox 1465 1705 1534 1760; x_wconf 90' lang='lat' dir='ltr'><strong>de</strong></span> <span class='ocrx_word' id='word_1_132' title='bbox 1557 1703 1622 1759; x_wconf 90' lang='lat' dir='ltr'><strong>iis</strong></span> <span class='ocrx_word' id='word_1_133' title='bbox 1647 1718 1770 1773; x_wconf 70' lang='lat' dir='ltr'><strong>quas</strong></span> <span class='ocrx_word' id='word_1_134' title='bbox 1797 1714 2014 1756; x_wconf 86' lang='lat' dir='ltr'><strong>carnem</strong></span> <span class='ocrx_word' id='word_1_135' title='bbox 2041 1705 2285 1770; x_wconf 79' lang='lat' dir='ltr'><strong>spectant</strong></span> 
     </span>
    </p>
   </div>
   <div class='ocr_carea' id='block_1_17' title="bbox 698 1790 2287 1868">
    <p class='ocr_par' dir='ltr' id='par_1_17' title="bbox 698 1790 2287 1868">
     <span class='ocr_line' id='line_1_17' title="bbox 698 1790 2287 1868; baseline -0.007 -16"><span class='ocrx_word' id='word_1_136' title='bbox 698 1808 756 1852; x_wconf 90' lang='lat' dir='ltr'><strong>ut</strong></span> <span class='ocrx_word' id='word_1_137' title='bbox 801 1797 1086 1868; x_wconf 88' lang='lat' dir='ltr'><strong>plurimum</strong></span> <span class='ocrx_word' id='word_1_138' title='bbox 1136 1797 1294 1853; x_wconf 81' lang='lat' dir='ltr'><strong>verba</strong></span> <span class='ocrx_word' id='word_1_139' title='bbox 1343 1795 1633 1859; x_wconf 78' lang='lat' dir='ltr'><strong>fecissent,</strong></span> <span class='ocrx_word' id='word_1_140' title='bbox 1682 1790 1985 1848; x_wconf 86' lang='lat' dir='ltr'><strong>timendum</strong></span> <span class='ocrx_word' id='word_1_141' title='bbox 2021 1795 2172 1852; x_wconf 83' lang='lat' dir='ltr'><strong>erat,</strong></span> <span class='ocrx_word' id='word_1_142' title='bbox 2217 1801 2287 1842; x_wconf 90' lang='lat' dir='ltr'><strong>ne</strong></span> 
     </span>
    </p>
   </div>
   <div class='ocr_carea' id='block_1_18' title="bbox 683 1877 2282 1957">
    <p class='ocr_par' dir='ltr' id='par_1_18' title="bbox 683 1877 2282 1957">
     <span class='ocr_line' id='line_1_18' title="bbox 683 1877 2282 1957; baseline -0.006 -16"><span class='ocrx_word' id='word_1_143' title='bbox 683 1887 928 1957; x_wconf 79' lang='lat' dir='ltr'><strong>quipiam</strong></span> <span class='ocrx_word' id='word_1_144' title='bbox 955 1886 1102 1941; x_wconf 92' lang='lat' dir='ltr'><strong>humi</strong></span> <span class='ocrx_word' id='word_1_145' title='bbox 1128 1893 1380 1956; x_wconf 74' lang='lat' dir='ltr'><strong>repentes</strong></span> <span class='ocrx_word' id='word_1_146' title='bbox 1403 1885 1457 1939; x_wconf 90' lang='lat' dir='ltr'><strong>in</strong></span> <span class='ocrx_word' id='word_1_147' title='bbox 1486 1883 1634 1939; x_wconf 88' lang='lat' dir='ltr'><strong>hisce</strong></span> <span class='ocrx_word' id='word_1_148' title='bbox 1654 1880 1992 1951; x_wconf 80' lang='lat' dir='ltr'><strong>dogmatibus</strong></span> <span class='ocrx_word' id='word_1_149' title='bbox 2016 1877 2282 1934; x_wconf 87' lang='lat' dir='ltr'><strong>consiste-</strong></span> 
     </span>
    </p>
   </div>
   <div class='ocr_carea' id='block_1_19' title="bbox 697 1966 2287 2046">
    <p class='ocr_par' dir='ltr' id='par_1_19' title="bbox 697 1966 2287 2046">
     <span class='ocr_line' id='line_1_19' title="bbox 697 1966 2287 2046; baseline -0.007 -15"><span class='ocrx_word' id='word_1_150' title='bbox 697 1984 847 2042; x_wconf 85' lang='lat' dir='ltr'><strong>rent;</strong></span> <span class='ocrx_word' id='word_1_151' title='bbox 891 1975 1036 2046; x_wconf 88' lang='lat' dir='ltr'><strong>quod</strong></span> <span class='ocrx_word' id='word_1_152' title='bbox 1070 1983 1133 2031; x_wconf 89' lang='lat' dir='ltr'><strong>et</strong></span> <span class='ocrx_word' id='word_1_153' title='bbox 1183 1974 1350 2040; x_wconf 88' lang='lat' dir='ltr'><strong>Paulo</strong></span> <span class='ocrx_word' id='word_1_154' title='bbox 1390 1972 1759 2029; x_wconf 85' lang='lat' dir='ltr'><strong>Satnosatensi</strong></span> <span class='ocrx_word' id='word_1_155' title='bbox 1790 1969 2034 2040; x_wconf 89' lang='lat' dir='ltr'><strong>contigit.</strong></span> <span class='ocrx_word' id='word_1_156' title='bbox 2076 1967 2154 2024; x_wconf 86' lang='lat' dir='ltr'><strong>Ex</strong></span> <span class='ocrx_word' id='word_1_157' title='bbox 2187 1966 2287 2021; x_wconf 86' lang='lat' dir='ltr'><strong>hac</strong></span> 
     </span>
    </p>
   </div>
   <div class='ocr_carea' id='block_1_20' title="bbox 701 2059 2283 2139">
    <p class='ocr_par' dir='ltr' id='par_1_20' title="bbox 701 2059 2283 2139">
     <span class='ocr_line' id='line_1_20' title="bbox 701 2059 2283 2139; baseline -0.006 -18"><span class='ocrx_word' id='word_1_158' title='bbox 701 2068 862 2139; x_wconf 84' lang='lat' dir='ltr'><strong>igitur</strong></span> <span class='ocrx_word' id='word_1_159' title='bbox 877 2067 1082 2136; x_wconf 85' lang='lat' dir='ltr'><strong>abjecta</strong></span> <span class='ocrx_word' id='word_1_160' title='bbox 1107 2066 1358 2136; x_wconf 82' lang='lat' dir='ltr'><strong>opinione</strong></span> <span class='ocrx_word' id='word_1_161' title='bbox 1378 2063 1641 2121; x_wconf 82' lang='lat' dir='ltr'><strong>reducens</strong></span> <span class='ocrx_word' id='word_1_162' title='bbox 1662 2075 1757 2118; x_wconf 89' lang='lat' dir='ltr'><strong>eos</strong></span> <span class='ocrx_word' id='word_1_163' title='bbox 1774 2061 1866 2132; x_wconf 88' lang='lat' dir='ltr'><strong>qui</strong></span> <span class='ocrx_word' id='word_1_164' title='bbox 1890 2059 2090 2129; x_wconf 86' lang='lat' dir='ltr'><strong>lapsuri</strong></span> <span class='ocrx_word' id='word_1_165' title='bbox 2109 2065 2283 2124; x_wconf 82' lang='lat' dir='ltr'><strong>erant,</strong></span> 
     </span>
    </p>
   </div>
   <div class='ocr_carea' id='block_1_21' title="bbox 697 2157 2285 2228">
    <p class='ocr_par' dir='ltr' id='par_1_21' title="bbox 697 2157 2285 2228">
     <span class='ocr_line' id='line_1_21' title="bbox 697 2157 2285 2228; baseline -0.006 -16"><span class='ocrx_word' id='word_1_166' title='bbox 697 2170 754 2214; x_wconf 74' lang='lat' dir='ltr'><strong>et</strong></span> <span class='ocrx_word' id='word_1_167' title='bbox 781 2159 847 2214; x_wconf 86' lang='lat' dir='ltr'><strong>ad</strong></span> <span class='ocrx_word' id='word_1_168' title='bbox 876 2159 1036 2216; x_wconf 71' lang='lat' dir='ltr'><strong>cados</strong></span> <span class='ocrx_word' id='word_1_169' title='bbox 1065 2158 1308 2228; x_wconf 87' lang='lat' dir='ltr'><strong>erigens,</strong></span> <span class='ocrx_word' id='word_1_170' title='bbox 1355 2157 1474 2225; x_wconf 82' lang='lat' dir='ltr'><strong>jure</strong></span> <span class='ocrx_word' id='word_1_171' title='bbox 1500 2170 1565 2211; x_wconf 86' lang='lat' dir='ltr'><strong>ex</strong></span> <span class='ocrx_word' id='word_1_172' title='bbox 1595 2167 1824 2225; x_wconf 84' lang='lat' dir='ltr'><strong>superus</strong></span> <span class='ocrx_word' id='word_1_173' title='bbox 1852 2160 2158 2220; x_wconf 68' lang='lat' dir='ltr'><strong>aeternaque</strong></span> <span class='ocrx_word' id='word_1_174' title='bbox 2187 2164 2285 2203; x_wconf 82' lang='lat' dir='ltr'><strong>ex-</strong></span> 
     </span>
    </p>
   </div>
   <div class='ocr_carea' id='block_1_22' title="bbox 697 2239 2283 2319">
    <p class='ocr_par' dir='ltr' id='par_1_22' title="bbox 697 2239 2283 2319">
     <span class='ocr_line' id='line_1_22' title="bbox 697 2239 2283 2319; baseline -0.009 -11"><span class='ocrx_word' id='word_1_175' title='bbox 697 2251 935 2308; x_wconf 88' lang='lat' dir='ltr'><strong>sistentia</strong></span> <span class='ocrx_word' id='word_1_176' title='bbox 976 2249 1226 2307; x_wconf 83' lang='lat' dir='ltr'><strong>narrandi</strong></span> <span class='ocrx_word' id='word_1_177' title='bbox 1257 2248 1575 2319; x_wconf 88' lang='lat' dir='ltr'><strong>principium</strong></span> <span class='ocrx_word' id='word_1_178' title='bbox 1601 2244 1766 2303; x_wconf 84' lang='lat' dir='ltr'><strong>ducit.</strong></span> <span class='ocrx_word' id='word_1_179' title='bbox 1813 2242 1946 2299; x_wconf 85' lang='lat' dir='ltr'><strong>Nam</strong></span> <span class='ocrx_word' id='word_1_180' title='bbox 1989 2255 2110 2298; x_wconf 91' lang='lat' dir='ltr'><strong>cum</strong></span> <span class='ocrx_word' id='word_1_181' title='bbox 2149 2239 2283 2294; x_wconf 79' lang='lat' dir='ltr'><strong>Mat-</strong></span> 
     </span>
    </p>
   </div>
   <div class='ocr_carea' id='block_1_23' title="bbox 699 2331 2285 2410">
    <p class='ocr_par' dir='ltr' id='par_1_23' title="bbox 699 2331 2285 2410">
     <span class='ocr_line' id='line_1_23' title="bbox 699 2331 2285 2410; baseline -0.009 -13"><span class='ocrx_word' id='word_1_182' title='bbox 699 2343 869 2398; x_wconf 74' lang='lat' dir='ltr'><strong>thteus</strong></span> <span class='ocrx_word' id='word_1_183' title='bbox 913 2340 1003 2397; x_wconf 74' lang='lat' dir='ltr'><strong>ab&quot;</strong></span> <span class='ocrx_word' id='word_1_184' title='bbox 1032 2340 1246 2396; x_wconf 70' lang='lat' dir='ltr'><strong>Herode</strong></span> <span class='ocrx_word' id='word_1_185' title='bbox 1291 2353 1454 2410; x_wconf 83' lang='lat' dir='ltr'><strong>rege,</strong></span> <span class='ocrx_word' id='word_1_186' title='bbox 1499 2337 1671 2393; x_wconf 81' lang='lat' dir='ltr'><strong>Lucas</strong></span> <span class='ocrx_word' id='word_1_187' title='bbox 1716 2350 1746 2390; x_wconf 89' lang='lat' dir='ltr'><strong>a</strong></span> <span class='ocrx_word' id='word_1_188' title='bbox 1796 2333 2014 2390; x_wconf 85' lang='lat' dir='ltr'><strong>Tiberio</strong></span> <span class='ocrx_word' id='word_1_189' title='bbox 2038 2331 2285 2398; x_wconf 65' lang='lat' dir='ltr'><strong>Cie-sere,</strong></span> 
     </span>
    </p>
   </div>
   <div class='ocr_carea' id='block_1_24' title="bbox 700 2422 2286 2501">
    <p class='ocr_par' dir='ltr' id='par_1_24' title="bbox 700 2422 2286 2501">
     <span class='ocr_line' id='line_1_24' title="bbox 700 2422 2286 2501; baseline -0.009 -13"><span class='ocrx_word' id='word_1_190' title='bbox 700 2432 908 2488; x_wconf 71' lang='lat' dir='ltr'><strong>Marcus</strong></span> <span class='ocrx_word' id='word_1_191' title='bbox 929 2447 961 2487; x_wconf 86' lang='lat' dir='ltr'><strong>a</strong></span> <span class='ocrx_word' id='word_1_192' title='bbox 987 2431 1306 2501; x_wconf 74' lang='lat' dir='ltr'><strong>baptismate</strong></span> <span class='ocrx_word' id='word_1_193' title='bbox 1324 2428 1546 2485; x_wconf 80' lang='lat' dir='ltr'><strong>Joannis</strong></span> <span class='ocrx_word' id='word_1_194' title='bbox 1571 2425 1934 2482; x_wconf 87' lang='lat' dir='ltr'><strong>narrationem</strong></span> <span class='ocrx_word' id='word_1_195' title='bbox 1953 2422 2241 2491; x_wconf 62' lang='lat' dir='ltr'><strong>erupissent</strong></span> <span class='ocrx_word' id='word_1_196' title='bbox 2271 2436 2286 2473; x_wconf 86' lang='lat'><strong>:</strong></span> 
     </span>
    </p>
   </div>
   <div class='ocr_carea' id='block_1_25' title="bbox 697 2519 2291 2585">
    <p class='ocr_par' dir='ltr' id='par_1_25' title="bbox 697 2519 2291 2585">
     <span class='ocr_line' id='line_1_25' title="bbox 697 2519 2291 2585; baseline -0.009 -5"><span class='ocrx_word' id='word_1_197' title='bbox 697 2526 814 2581; x_wconf 85' lang='lat' dir='ltr'><strong>istis</strong></span> <span class='ocrx_word' id='word_1_198' title='bbox 856 2524 1106 2579; x_wconf 87' lang='lat' dir='ltr'><strong>omnibus</strong></span> <span class='ocrx_word' id='word_1_199' title='bbox 1148 2522 1240 2577; x_wconf 88' lang='lat' dir='ltr'><strong>ille</strong></span> <span class='ocrx_word' id='word_1_200' title='bbox 1290 2519 1534 2584; x_wconf 87' lang='lat' dir='ltr'><strong>omissis,</strong></span> <span class='ocrx_word' id='word_1_201' title='bbox 1563 2519 1741 2573; x_wconf 86' lang='lat' dir='ltr'><strong>statim</strong></span> <span class='ocrx_word' id='word_1_202' title='bbox 1787 2530 1948 2585; x_wconf 90' lang='lat' dir='ltr'><strong>supra</strong></span> <span class='ocrx_word' id='word_1_203' title='bbox 1996 2522 2207 2583; x_wconf 87' lang='lat' dir='ltr'><strong>tempus</strong></span> <span class='ocrx_word' id='word_1_204' title='bbox 2235 2519 2291 2566; x_wconf 91' lang='lat' dir='ltr'><strong>et</strong></span> 
     </span>
    </p>
   </div>
   <div class='ocr_carea' id='block_1_26' title="bbox 697 2609 2287 2681">
    <p class='ocr_par' dir='ltr' id='par_1_26' title="bbox 697 2609 2287 2681">
     <span class='ocr_line' id='line_1_26' title="bbox 697 2609 2287 2681; baseline -0.008 -9"><span class='ocrx_word' id='word_1_205' title='bbox 697 2616 952 2672; x_wconf 71' lang='lat' dir='ltr'><strong>saeculum</strong></span> <span class='ocrx_word' id='word_1_206' title='bbox 979 2629 1139 2670; x_wconf 88' lang='lat' dir='ltr'><strong>omne</strong></span> <span class='ocrx_word' id='word_1_207' title='bbox 1167 2611 1511 2680; x_wconf 73' lang='lat' dir='ltr'><strong>conscendit,</strong></span> <span class='ocrx_word' id='word_1_208' title='bbox 1545 2611 1774 2681; x_wconf 87' lang='lat' dir='ltr'><strong>illucque</strong></span> <span class='ocrx_word' id='word_1_209' title='bbox 1797 2609 2100 2665; x_wconf 90' lang='lat' dir='ltr'><strong>auditorum</strong></span> <span class='ocrx_word' id='word_1_210' title='bbox 2129 2621 2287 2661; x_wconf 85' lang='lat' dir='ltr'><strong>men-</strong></span> 
     </span>
    </p>
   </div>
   <div class='ocr_carea' id='block_1_27' title="bbox 703 2703 2289 2779">
    <p class='ocr_par' dir='ltr' id='par_1_27' title="bbox 703 2703 2289 2779">
     <span class='ocr_line' id='line_1_27' title="bbox 703 2703 2289 2779; baseline -0.006 -15"><span class='ocrx_word' id='word_1_211' title='bbox 703 2720 811 2765; x_wconf 91' lang='lat' dir='ltr'><strong>tem</strong></span> <span class='ocrx_word' id='word_1_212' title='bbox 837 2708 987 2779; x_wconf 85' lang='lat' dir='ltr'><strong>quasi</strong></span> <span class='ocrx_word' id='word_1_213' title='bbox 1010 2707 1296 2779; x_wconf 74' lang='lat' dir='ltr'><strong>iaculatur,</strong></span> <span class='ocrx_word' id='word_1_214' title='bbox 1321 2721 1441 2762; x_wconf 89' lang='lat' dir='ltr'><strong>cum</strong></span> <span class='ocrx_word' id='word_1_215' title='bbox 1462 2706 1556 2771; x_wconf 88' lang='lat' dir='ltr'><strong>ait,</strong></span> <span class='ocrx_word' id='word_1_216' title='bbox 1587 2703 1655 2758; x_wconf 67' lang='lat' dir='ltr'><strong>in</strong></span> <span class='ocrx_word' id='word_1_217' title='bbox 1676 2704 1926 2774; x_wconf 76' lang='lat' dir='ltr'><strong>principio</strong></span> <span class='ocrx_word' id='word_1_218' title='bbox 1948 2711 2055 2757; x_wconf 88' lang='lat' dir='ltr'><strong>erat</strong></span> <span class='ocrx_word' id='word_1_219' title='bbox 2079 2718 2099 2757; x_wconf 92' lang='lat'><strong><em>:</em></strong></span> <span class='ocrx_word' id='word_1_220' title='bbox 2115 2715 2289 2772; x_wconf 90' lang='lat' dir='ltr'><strong>neque</strong></span> 
     </span>
    </p>
   </div>
   <div class='ocr_carea' id='block_1_28' title="bbox 699 2785 2284 2869">
    <p class='ocr_par' dir='ltr' id='par_1_28' title="bbox 699 2785 2284 2869">
     <span class='ocr_line' id='line_1_28' title="bbox 699 2785 2284 2869; baseline -0.004 -14"><span class='ocrx_word' id='word_1_221' title='bbox 699 2785 1026 2856; x_wconf 87' lang='lat' dir='ltr'><strong>consistendi</strong></span> <span class='ocrx_word' id='word_1_222' title='bbox 1058 2799 1234 2854; x_wconf 85' lang='lat' dir='ltr'><strong>locum</strong></span> <span class='ocrx_word' id='word_1_223' title='bbox 1263 2798 1555 2869; x_wconf 88' lang='lat' dir='ltr'><strong>relinquit,</strong></span> <span class='ocrx_word' id='word_1_224' title='bbox 1586 2811 1758 2866; x_wconf 88' lang='lat' dir='ltr'><strong>neque</strong></span> <span class='ocrx_word' id='word_1_225' title='bbox 1788 2796 2072 2852; x_wconf 91' lang='lat' dir='ltr'><strong>terminum</strong></span> <span class='ocrx_word' id='word_1_226' title='bbox 2105 2795 2284 2865; x_wconf 80' lang='lat' dir='ltr'><strong>ponit,</strong></span> 
     </span>
    </p>
   </div>
   <div class='ocr_carea' id='block_1_29' title="bbox 700 2886 2286 2960">
    <p class='ocr_par' dir='ltr' id='par_1_29' title="bbox 700 2886 2286 2960">
     <span class='ocr_line' id='line_1_29' title="bbox 700 2886 2286 2960; baseline -0.003 -13"><span class='ocrx_word' id='word_1_227' title='bbox 700 2901 760 2947; x_wconf 81' lang='lat' dir='ltr'><strong>ut</strong></span> <span class='ocrx_word' id='word_1_228' title='bbox 786 2890 860 2947; x_wconf 92' lang='lat' dir='ltr'><strong>illi</strong></span> <span class='ocrx_word' id='word_1_229' title='bbox 880 2933 896 2958; x_wconf 87' lang='lat'><strong>,</strong></span> <span class='ocrx_word' id='word_1_230' title='bbox 927 2890 1192 2948; x_wconf 80' lang='lat' dir='ltr'><strong>Herodem</strong></span> <span class='ocrx_word' id='word_1_231' title='bbox 1242 2905 1440 2960; x_wconf 88' lang='lat' dir='ltr'><strong>nempe</strong></span> <span class='ocrx_word' id='word_1_232' title='bbox 1463 2932 1478 2956; x_wconf 90' lang='lat'><strong>,</strong></span> <span class='ocrx_word' id='word_1_233' title='bbox 1507 2889 1779 2946; x_wconf 71' lang='lat' dir='ltr'><strong>Tiberium</strong></span> <span class='ocrx_word' id='word_1_234' title='bbox 1805 2897 1862 2945; x_wconf 83' lang='lat' dir='ltr'><strong>et</strong></span> <span class='ocrx_word' id='word_1_235' title='bbox 1884 2888 2165 2944; x_wconf 74' lang='lat' dir='ltr'><strong>Joannem.</strong></span> <span class='ocrx_word' id='word_1_236' title='bbox 2203 2886 2286 2943; x_wconf 79' lang='lat' dir='ltr'><strong>Ad</strong></span> 
     </span>
    </p>
   </div>
   <div class='ocr_carea' id='block_1_30' title="bbox 701 2975 2286 3052">
    <p class='ocr_par' dir='ltr' id='par_1_30' title="bbox 701 2975 2286 3052">
     <span class='ocr_line' id='line_1_30' title="bbox 701 2975 2286 3052; baseline -0.003 -16"><span class='ocrx_word' id='word_1_237' title='bbox 701 2980 815 3037; x_wconf 68' lang='lat' dir='ltr'><strong>haec</strong></span> <span class='ocrx_word' id='word_1_238' title='bbox 834 3021 851 3048; x_wconf 83' lang='lat'><strong>,</strong></span> <span class='ocrx_word' id='word_1_239' title='bbox 880 2980 1022 3051; x_wconf 92' lang='lat' dir='ltr'><strong>quod</strong></span> <span class='ocrx_word' id='word_1_240' title='bbox 1051 2993 1395 3052; x_wconf 87' lang='lat' dir='ltr'><strong>summopere</strong></span> <span class='ocrx_word' id='word_1_241' title='bbox 1423 2978 1720 3035; x_wconf 88' lang='lat' dir='ltr'><strong>mirandum</strong></span> <span class='ocrx_word' id='word_1_242' title='bbox 1739 3020 1755 3046; x_wconf 93' lang='lat'><strong>,</strong></span> <span class='ocrx_word' id='word_1_243' title='bbox 1787 2993 1961 3049; x_wconf 89' lang='lat' dir='ltr'><strong>neque</strong></span> <span class='ocrx_word' id='word_1_244' title='bbox 1991 2977 2080 3033; x_wconf 89' lang='lat' dir='ltr'><strong>hic</strong></span> <span class='ocrx_word' id='word_1_245' title='bbox 2113 2975 2286 3032; x_wconf 87' lang='lat' dir='ltr'><strong>subli-</strong></span> 
     </span>
    </p>
   </div>
   <div class='ocr_carea' id='block_1_31' title="bbox 700 3069 2284 3143">
    <p class='ocr_par' dir='ltr' id='par_1_31' title="bbox 700 3069 2284 3143">
     <span class='ocr_line' id='line_1_31' title="bbox 700 3069 2284 3143; baseline -0.003 -14"><span class='ocrx_word' id='word_1_246' title='bbox 700 3073 925 3130; x_wconf 89' lang='lat' dir='ltr'><strong>miorem</strong></span> <span class='ocrx_word' id='word_1_247' title='bbox 972 3086 1252 3143; x_wconf 84' lang='lat' dir='ltr'><strong>aggressus</strong></span> <span class='ocrx_word' id='word_1_248' title='bbox 1299 3086 1635 3138; x_wconf 87' lang='lat' dir='ltr'><strong>sermonem,</strong></span> <span class='ocrx_word' id='word_1_249' title='bbox 1667 3070 2020 3127; x_wconf 69' lang='lat' dir='ltr'><strong>oeconomiam</strong></span> <span class='ocrx_word' id='word_1_250' title='bbox 2059 3069 2284 3125; x_wconf 16' lang='lat' dir='ltr'><strong>sivesin-</strong></span> 
     </span>
    </p>
   </div>
   <div class='ocr_carea' id='block_1_32' title="bbox 700 3162 2284 3234">
    <p class='ocr_par' dir='ltr' id='par_1_32' title="bbox 700 3162 2284 3234">
     <span class='ocr_line' id='line_1_32' title="bbox 700 3162 2284 3234; baseline -0.003 -14"><span class='ocrx_word' id='word_1_251' title='bbox 700 3164 1065 3220; x_wconf 78' lang='lat' dir='ltr'><strong>rarnationem</strong></span> <span class='ocrx_word' id='word_1_252' title='bbox 1114 3163 1381 3234; x_wconf 79' lang='lat' dir='ltr'><strong>neglexit;</strong></span> <span class='ocrx_word' id='word_1_253' title='bbox 1411 3177 1604 3234; x_wconf 84' lang='lat' dir='ltr'><strong>neque,</strong></span> <span class='ocrx_word' id='word_1_254' title='bbox 1631 3162 1720 3233; x_wconf 90' lang='lat' dir='ltr'><strong>qui</strong></span> <span class='ocrx_word' id='word_1_255' title='bbox 1744 3176 1867 3217; x_wconf 85' lang='lat' dir='ltr'><strong>eam</strong></span> <span class='ocrx_word' id='word_1_256' title='bbox 1894 3168 2249 3216; x_wconf 86' lang='lat' dir='ltr'><strong>narraverunt</strong></span> <span class='ocrx_word' id='word_1_257' title='bbox 2267 3201 2284 3227; x_wconf 93' lang='lat'><strong>,</strong></span> 
     </span>
    </p>
   </div>
   <div class='ocr_carea' id='block_1_33' title="bbox 703 3251 2286 3324">
    <p class='ocr_par' dir='ltr' id='par_1_33' title="bbox 703 3251 2286 3324">
     <span class='ocr_line' id='line_1_33' title="bbox 703 3251 2286 3324; baseline -0.001 -14"><span class='ocrx_word' id='word_1_258' title='bbox 703 3255 845 3311; x_wconf 90' lang='lat' dir='ltr'><strong>illius</strong></span> <span class='ocrx_word' id='word_1_259' title='bbox 873 3263 999 3310; x_wconf 86' lang='lat' dir='ltr'><strong>ante</strong></span> <span class='ocrx_word' id='word_1_260' title='bbox 1022 3254 1214 3310; x_wconf 68' lang='lat' dir='ltr'><strong>saecula</strong></span> <span class='ocrx_word' id='word_1_261' title='bbox 1239 3255 1605 3311; x_wconf 86' lang='lat' dir='ltr'><strong>exsisteutiam</strong></span> <span class='ocrx_word' id='word_1_262' title='bbox 1641 3260 1958 3318; x_wconf 81' lang='lat' dir='ltr'><strong>tacuerunt;</strong></span> <span class='ocrx_word' id='word_1_263' title='bbox 1989 3251 2148 3324; x_wconf 85' lang='lat' dir='ltr'><strong>idque</strong></span> <span class='ocrx_word' id='word_1_264' title='bbox 2165 3253 2286 3323; x_wconf 89' lang='lat' dir='ltr'><strong>jure</strong></span> 
     </span>
    </p>
   </div>
   <div class='ocr_carea' id='block_1_34' title="bbox 701 3341 2282 3416">
    <p class='ocr_par' dir='ltr' id='par_1_34' title="bbox 701 3341 2282 3416">
     <span class='ocr_line' id='line_1_34' title="bbox 701 3341 2282 3416; baseline -0.001 -16"><span class='ocrx_word' id='word_1_265' title='bbox 701 3346 911 3402; x_wconf 84' lang='lat' dir='ltr'><strong>merito.</strong></span> <span class='ocrx_word' id='word_1_266' title='bbox 934 3342 1082 3402; x_wconf 86' lang='lat' dir='ltr'><strong>Unus</strong></span> <span class='ocrx_word' id='word_1_267' title='bbox 1101 3344 1296 3415; x_wconf 83' lang='lat' dir='ltr'><strong>quippe</strong></span> <span class='ocrx_word' id='word_1_268' title='bbox 1317 3344 1546 3416; x_wconf 90' lang='lat' dir='ltr'><strong>Spiritus</strong></span> <span class='ocrx_word' id='word_1_269' title='bbox 1566 3354 1681 3400; x_wconf 90' lang='lat' dir='ltr'><strong>erat</strong></span> <span class='ocrx_word' id='word_1_270' title='bbox 1700 3344 1788 3415; x_wconf 92' lang='lat' dir='ltr'><strong>qui</strong></span> <span class='ocrx_word' id='word_1_271' title='bbox 1809 3357 1996 3400; x_wconf 84' lang='lat' dir='ltr'><strong>omnes</strong></span> <span class='ocrx_word' id='word_1_272' title='bbox 2016 3341 2282 3409; x_wconf 83' lang='lat' dir='ltr'><strong>movebat;</strong></span> 
     </span>
    </p>
   </div>
   <div class='ocr_carea' id='block_1_35' title="bbox 702 3435 2286 3510">
    <p class='ocr_par' dir='ltr' id='par_1_35' title="bbox 702 3435 2286 3510">
     <span class='ocr_line' id='line_1_35' title="bbox 702 3435 2286 3510; baseline -0.003 -17"><span class='ocrx_word' id='word_1_273' title='bbox 702 3439 926 3510; x_wconf 85' lang='lat' dir='ltr'><strong>ideoque</strong></span> <span class='ocrx_word' id='word_1_274' title='bbox 954 3452 1202 3508; x_wconf 88' lang='lat' dir='ltr'><strong>magnum</strong></span> <span class='ocrx_word' id='word_1_275' title='bbox 1233 3437 1286 3492; x_wconf 88' lang='lat' dir='ltr'><strong>itt</strong></span> <span class='ocrx_word' id='word_1_276' title='bbox 1318 3437 1622 3492; x_wconf 85' lang='lat' dir='ltr'><strong>narratione</strong></span> <span class='ocrx_word' id='word_1_277' title='bbox 1663 3451 1985 3493; x_wconf 85' lang='lat' dir='ltr'><strong>consensum</strong></span> <span class='ocrx_word' id='word_1_278' title='bbox 2029 3435 2286 3491; x_wconf 87' lang='lat' dir='ltr'><strong>exhibue-</strong></span> 
     </span>
    </p>
   </div>
   <div class='ocr_carea' id='block_1_36' title="bbox 701 3524 2285 3595">
    <p class='ocr_par' dir='ltr' id='par_1_36' title="bbox 701 3524 2285 3595">
     <span class='ocr_line' id='line_1_36' title="bbox 701 3524 2285 3595; baseline -0.001 -11"><span class='ocrx_word' id='word_1_279' title='bbox 701 3539 844 3584; x_wconf 89' lang='lat' dir='ltr'><strong>rnnt.</strong></span> <span class='ocrx_word' id='word_1_280' title='bbox 876 3528 957 3584; x_wconf 90' lang='lat' dir='ltr'><strong>Tu</strong></span> <span class='ocrx_word' id='word_1_281' title='bbox 985 3542 1134 3594; x_wconf 81' lang='lat' dir='ltr'><strong>vero,</strong></span> <span class='ocrx_word' id='word_1_282' title='bbox 1163 3528 1376 3594; x_wconf 83' lang='lat' dir='ltr'><strong>dilecte,</strong></span> <span class='ocrx_word' id='word_1_283' title='bbox 1401 3542 1522 3583; x_wconf 91' lang='lat' dir='ltr'><strong>cum</strong></span> <span class='ocrx_word' id='word_1_284' title='bbox 1555 3527 1784 3582; x_wconf 88' lang='lat' dir='ltr'><strong>Verbum</strong></span> <span class='ocrx_word' id='word_1_285' title='bbox 1827 3527 1998 3595; x_wconf 87' lang='lat' dir='ltr'><strong>audis,</strong></span> <span class='ocrx_word' id='word_1_286' title='bbox 2029 3541 2098 3582; x_wconf 89' lang='lat' dir='ltr'><strong>ne</strong></span> <span class='ocrx_word' id='word_1_287' title='bbox 2143 3524 2285 3582; x_wconf 74' lang='lat' dir='ltr'><strong>feras</strong></span> 
     </span>
    </p>
   </div>
   <div class='ocr_carea' id='block_1_37' title="bbox 697 3618 2282 3691">
    <p class='ocr_par' dir='ltr' id='par_1_37' title="bbox 697 3618 2282 3691">
     <span class='ocr_line' id='line_1_37' title="bbox 697 3618 2282 3691; baseline -0.003 -17"><span class='ocrx_word' id='word_1_288' title='bbox 697 3635 793 3676; x_wconf 80' lang='lat' dir='ltr'><strong>eos</strong></span> <span class='ocrx_word' id='word_1_289' title='bbox 819 3621 906 3691; x_wconf 92' lang='lat' dir='ltr'><strong>qui</strong></span> <span class='ocrx_word' id='word_1_290' title='bbox 935 3621 1122 3675; x_wconf 84' lang='lat' dir='ltr'><strong>dicunt</strong></span> <span class='ocrx_word' id='word_1_291' title='bbox 1162 3621 1332 3689; x_wconf 90' lang='lat' dir='ltr'><strong>ipsum</strong></span> <span class='ocrx_word' id='word_1_292' title='bbox 1378 3619 1648 3690; x_wconf 80' lang='lat' dir='ltr'><strong>opiﬁcium</strong></span> <span class='ocrx_word' id='word_1_293' title='bbox 1678 3634 1829 3686; x_wconf 89' lang='lat' dir='ltr'><strong>esse;</strong></span> <span class='ocrx_word' id='word_1_294' title='bbox 1861 3633 2036 3690; x_wconf 88' lang='lat' dir='ltr'><strong>neque</strong></span> <span class='ocrx_word' id='word_1_295' title='bbox 2061 3631 2154 3674; x_wconf 89' lang='lat' dir='ltr'><strong>eos</strong></span> <span class='ocrx_word' id='word_1_296' title='bbox 2192 3618 2282 3687; x_wconf 88' lang='lat' dir='ltr'><strong>qui</strong></span> 
     </span>
    </p>
   </div>
   <div class='ocr_carea' id='block_1_38' title="bbox 702 3697 2316 3781">
    <p class='ocr_par' dir='ltr' id='par_1_38' title="bbox 702 3697 2316 3781">
     <span class='ocr_line' id='line_1_38' title="bbox 702 3697 2316 3781; baseline 0 -19"><span class='ocrx_word' id='word_1_297' title='bbox 702 3720 890 3781; x_wconf 78' lang='lat' dir='ltr'><strong>putant</strong></span> <span class='ocrx_word' id='word_1_298' title='bbox 917 3711 1090 3780; x_wconf 88' lang='lat' dir='ltr'><strong>ipsum</strong></span> <span class='ocrx_word' id='word_1_299' title='bbox 1121 3709 1436 3779; x_wconf 86' lang='lat' dir='ltr'><strong>simpliciter</strong></span> <span class='ocrx_word' id='word_1_300' title='bbox 1465 3709 1684 3764; x_wconf 82' lang='lat' dir='ltr'><strong>verbum</strong></span> <span class='ocrx_word' id='word_1_301' title='bbox 1729 3723 1869 3765; x_wconf 85' lang='lat' dir='ltr'><strong>esse.</strong></span> <span class='ocrx_word' id='word_1_302' title='bbox 1898 3708 2061 3763; x_wconf 80' lang='lat' dir='ltr'><strong>Multa</strong></span> <span class='ocrx_word' id='word_1_303' title='bbox 2092 3723 2283 3776; x_wconf 85' lang='lat' dir='ltr'><strong>nempe</strong></span> <span class='ocrx_word' id='word_1_304' title='bbox 2314 3697 2316 3707; x_wconf 70' lang='grc'><em>’</em></span> 
     </span>
    </p>
   </div>
   <div class='ocr_carea' id='block_1_39' title="bbox 698 3798 2281 3872">
    <p class='ocr_par' dir='ltr' id='par_1_39' title="bbox 698 3798 2281 3872">
     <span class='ocr_line' id='line_1_39' title="bbox 698 3798 2281 3872; baseline -0.003 -15"><span class='ocrx_word' id='word_1_305' title='bbox 698 3812 823 3858; x_wconf 85' lang='lat' dir='ltr'><strong>sunt</strong></span> <span class='ocrx_word' id='word_1_306' title='bbox 877 3803 971 3859; x_wconf 89' lang='lat' dir='ltr'><strong>Dei</strong></span> <span class='ocrx_word' id='word_1_307' title='bbox 1011 3803 1204 3870; x_wconf 87' lang='lat' dir='ltr'><strong>verba,</strong></span> <span class='ocrx_word' id='word_1_308' title='bbox 1242 3811 1445 3872; x_wconf 60' lang='lat' dir='ltr'><strong>quaaget</strong></span> <span class='ocrx_word' id='word_1_309' title='bbox 1468 3801 1643 3871; x_wconf 87' lang='lat' dir='ltr'><strong>angeli</strong></span> <span class='ocrx_word' id='word_1_310' title='bbox 1689 3800 1918 3864; x_wconf 81' lang='lat' dir='ltr'><strong>faciunt;</strong></span> <span class='ocrx_word' id='word_1_311' title='bbox 1950 3799 2046 3856; x_wconf 88' lang='lat' dir='ltr'><strong>sed</strong></span> <span class='ocrx_word' id='word_1_312' title='bbox 2081 3798 2281 3854; x_wconf 92' lang='lat' dir='ltr'><strong>nullum</strong></span> 
     </span>
    </p>
   </div>
   <div class='ocr_carea' id='block_1_40' title="bbox 698 3891 2286 3959">
    <p class='ocr_par' dir='ltr' id='par_1_40' title="bbox 698 3891 2286 3959">
     <span class='ocr_line' id='line_1_40' title="bbox 698 3891 2286 3959; baseline -0.001 -12"><span class='ocrx_word' id='word_1_313' title='bbox 698 3894 952 3950; x_wconf 88' lang='lat' dir='ltr'><strong>horumce</strong></span> <span class='ocrx_word' id='word_1_314' title='bbox 983 3894 1270 3949; x_wconf 83' lang='lat' dir='ltr'><strong>verborum</strong></span> <span class='ocrx_word' id='word_1_315' title='bbox 1303 3893 1439 3950; x_wconf 82' lang='lat' dir='ltr'><strong>Deus</strong></span> <span class='ocrx_word' id='word_1_316' title='bbox 1469 3905 1582 3959; x_wconf 87' lang='lat' dir='ltr'><strong>est;</strong></span> <span class='ocrx_word' id='word_1_317' title='bbox 1612 3907 1796 3947; x_wconf 86' lang='lat' dir='ltr'><strong>verum</strong></span> <span class='ocrx_word' id='word_1_318' title='bbox 1843 3892 1931 3946; x_wconf 89' lang='lat' dir='ltr'><strong>illa</strong></span> <span class='ocrx_word' id='word_1_319' title='bbox 1955 3891 2131 3947; x_wconf 86' lang='lat' dir='ltr'><strong>omnia</strong></span> <span class='ocrx_word' id='word_1_320' title='bbox 2160 3899 2286 3946; x_wconf 85' lang='lat' dir='ltr'><strong>sunt</strong></span> 
     </span>
    </p>
   </div>
   <div class='ocr_carea' id='block_1_41' title="bbox 701 3982 2282 4055">
    <p class='ocr_par' dir='ltr' id='par_1_41' title="bbox 701 3982 2282 4055">
     <span class='ocr_line' id='line_1_41' title="bbox 701 3982 2282 4055; baseline -0.001 -18"><span class='ocrx_word' id='word_1_321' title='bbox 701 3983 991 4055; x_wconf 66' lang='lat' dir='ltr'><strong>prophetia:</strong></span> <span class='ocrx_word' id='word_1_322' title='bbox 1017 3992 1073 4039; x_wconf 90' lang='lat' dir='ltr'><strong>et</strong></span> <span class='ocrx_word' id='word_1_323' title='bbox 1105 3993 1367 4055; x_wconf 67' lang='lat' dir='ltr'><strong>praecepta</strong></span> <span class='ocrx_word' id='word_1_324' title='bbox 1399 3983 1518 4055; x_wconf 84' lang='lat' dir='ltr'><strong>(sic</strong></span> <span class='ocrx_word' id='word_1_325' title='bbox 1545 3983 1688 4038; x_wconf 91' lang='lat' dir='ltr'><strong>enim</strong></span> <span class='ocrx_word' id='word_1_326' title='bbox 1719 3982 1855 4037; x_wconf 88' lang='lat' dir='ltr'><strong>solet</strong></span> <span class='ocrx_word' id='word_1_327' title='bbox 1881 3982 2156 4051; x_wconf 88' lang='lat' dir='ltr'><strong>Scriptura</strong></span> <span class='ocrx_word' id='word_1_328' title='bbox 2188 3996 2282 4036; x_wconf 80' lang='lat' dir='ltr'><strong>vo-</strong></span> 
     </span>
    </p>
   </div>
   <div class='ocr_carea' id='block_1_42' title="bbox 697 4072 2281 4147">
    <p class='ocr_par' dir='ltr' id='par_1_42' title="bbox 697 4072 2281 4147">
     <span class='ocr_line' id='line_1_42' title="bbox 697 4072 2281 4147; baseline -0.002 -14"><span class='ocrx_word' id='word_1_329' title='bbox 697 4092 819 4133; x_wconf 87' lang='lat' dir='ltr'><strong>care</strong></span> <span class='ocrx_word' id='word_1_330' title='bbox 844 4077 987 4147; x_wconf 88' lang='lat' dir='ltr'><strong>leges</strong></span> <span class='ocrx_word' id='word_1_331' title='bbox 1014 4077 1139 4143; x_wconf 88' lang='lat' dir='ltr'><strong>Dei,</strong></span> <span class='ocrx_word' id='word_1_332' title='bbox 1173 4085 1432 4146; x_wconf 68' lang='lat' dir='ltr'><strong>praecepta</strong></span> <span class='ocrx_word' id='word_1_333' title='bbox 1471 4083 1526 4130; x_wconf 93' lang='lat' dir='ltr'><strong>et</strong></span> <span class='ocrx_word' id='word_1_334' title='bbox 1571 4073 1880 4146; x_wconf 84' lang='lat' dir='ltr'><strong>prophetias</strong></span> <span class='ocrx_word' id='word_1_335' title='bbox 1913 4091 1929 4131; x_wconf 86' lang='lat'><strong>:</strong></span> <span class='ocrx_word' id='word_1_336' title='bbox 1959 4072 2186 4143; x_wconf 85' lang='lat' dir='ltr'><strong>ideoque</strong></span> <span class='ocrx_word' id='word_1_337' title='bbox 2213 4073 2281 4130; x_wconf 88' lang='lat' dir='ltr'><strong>de</strong></span> 
     </span>
    </p>
   </div>
   <div class='ocr_carea' id='block_1_43' title="bbox 693 4161 2281 4238">
    <p class='ocr_par' dir='ltr' id='par_1_43' title="bbox 693 4161 2281 4238">
     <span class='ocr_line' id='line_1_43' title="bbox 693 4161 2281 4238; baseline -0.004 -16"><span class='ocrx_word' id='word_1_338' title='bbox 693 4167 894 4238; x_wconf 83' lang='lat' dir='ltr'><strong>angelis</strong></span> <span class='ocrx_word' id='word_1_339' title='bbox 921 4161 1137 4237; x_wconf 78' lang='lat' dir='ltr'><strong>adjicit,</strong></span> <span class='ocrx_word' id='word_1_340' title='bbox 1174 4165 1410 4221; x_wconf 76' lang='lat' dir='ltr'><strong>Potentes</strong></span> <span class='ocrx_word' id='word_1_341' title='bbox 1432 4168 1614 4221; x_wconf 82' lang='lat' dir='ltr'><strong>uirtute</strong></span> <span class='ocrx_word' id='word_1_342' title='bbox 1638 4166 1878 4235; x_wconf 82' lang='lat' dir='ltr'><strong>facientes</strong></span> <span class='ocrx_word' id='word_1_343' title='bbox 1906 4165 2110 4219; x_wconf 82' lang='lat' dir='ltr'><strong>verbum</strong></span> <span class='ocrx_word' id='word_1_344' title='bbox 2138 4163 2281 4217; x_wconf 76' lang='lat' dir='ltr'><strong>illius</strong></span> 
     </span>
    </p>
   </div>
   <div class='ocr_carea' id='block_1_44' title="bbox 695 4257 2282 4334">
    <p class='ocr_par' dir='ltr' id='par_1_44' title="bbox 695 4257 2282 4334">
     <span class='ocr_line' id='line_1_44' title="bbox 695 4257 2282 4334; baseline -0.003 -20"><span class='ocrx_word' id='word_1_345' title='bbox 695 4258 716 4334; x_wconf 83' lang='lat'><strong>[</strong></span> <span class='ocrx_word' id='word_1_346' title='bbox 746 4259 892 4314; x_wconf 80' lang='lat' dir='ltr'><strong>Psal.</strong></span> <span class='ocrx_word' id='word_1_347' title='bbox 932 4259 1053 4314; x_wconf 70' lang='grc'><strong>102.</strong></span> <span class='ocrx_word' id='word_1_348' title='bbox 1080 4258 1174 4332; x_wconf 74' lang='grc'><strong>20]</strong></span> <span class='ocrx_word' id='word_1_349' title='bbox 1210 4277 1223 4312; x_wconf 86' lang='lat'><strong>:</strong></span> <span class='ocrx_word' id='word_1_350' title='bbox 1258 4259 1358 4313; x_wconf 91' lang='lat' dir='ltr'><strong>hoc</strong></span> <span class='ocrx_word' id='word_1_351' title='bbox 1386 4270 1565 4313; x_wconf 85' lang='lat' dir='ltr'><strong>autem</strong></span> <span class='ocrx_word' id='word_1_352' title='bbox 1608 4258 1844 4313; x_wconf 77' lang='lat' dir='ltr'><strong>Verbum</strong></span> <span class='ocrx_word' id='word_1_353' title='bbox 1876 4257 2171 4312; x_wconf 85' lang='lat' dir='ltr'><strong>substantia</strong></span> <span class='ocrx_word' id='word_1_354' title='bbox 2198 4266 2282 4310; x_wconf 87' lang='lat' dir='ltr'><strong>est</strong></span> 
     </span>
    </p>
   </div>
   <div class='ocr_carea' id='block_1_45' title="bbox 695 4345 2277 4420">
    <p class='ocr_par' dir='ltr' id='par_1_45' title="bbox 695 4345 2277 4420">
     <span class='ocr_line' id='line_1_45' title="bbox 695 4345 2277 4420; baseline -0.001 -18"><span class='ocrx_word' id='word_1_355' title='bbox 695 4352 746 4403; x_wconf 90' lang='lat' dir='ltr'><strong>in</strong></span> <span class='ocrx_word' id='word_1_356' title='bbox 779 4348 1086 4420; x_wconf 87' lang='lat' dir='ltr'><strong>hypostasi,</strong></span> <span class='ocrx_word' id='word_1_357' title='bbox 1117 4364 1237 4418; x_wconf 64' lang='lat' dir='ltr'><strong>quae</strong></span> <span class='ocrx_word' id='word_1_358' title='bbox 1283 4363 1312 4401; x_wconf 90' lang='lat' dir='ltr'><strong>a</strong></span> <span class='ocrx_word' id='word_1_359' title='bbox 1360 4348 1516 4403; x_wconf 84' lang='lat' dir='ltr'><strong>Patre</strong></span> <span class='ocrx_word' id='word_1_360' title='bbox 1557 4347 1674 4403; x_wconf 88' lang='lat' dir='ltr'><strong>sine</strong></span> <span class='ocrx_word' id='word_1_361' title='bbox 1719 4347 1969 4418; x_wconf 87' lang='lat' dir='ltr'><strong>passione</strong></span> <span class='ocrx_word' id='word_1_362' title='bbox 2017 4345 2277 4416; x_wconf 88' lang='lat' dir='ltr'><strong>procedit.</strong></span> 
     </span>
    </p>
   </div>
   <div class='ocr_carea' id='block_1_46' title="bbox 694 4437 2280 4511">
    <p class='ocr_par' dir='ltr' id='par_1_46' title="bbox 694 4437 2280 4511">
     <span class='ocr_line' id='line_1_46' title="bbox 694 4437 2280 4511; baseline -0.002 -15"><span class='ocrx_word' id='word_1_363' title='bbox 694 4442 827 4497; x_wconf 88' lang='lat' dir='ltr'><strong>lllttd</strong></span> <span class='ocrx_word' id='word_1_364' title='bbox 865 4440 1008 4496; x_wconf 89' lang='lat' dir='ltr'><strong>enim</strong></span> <span class='ocrx_word' id='word_1_365' title='bbox 1034 4482 1050 4508; x_wconf 95' lang='lat'><strong>,</strong></span> <span class='ocrx_word' id='word_1_366' title='bbox 1084 4448 1141 4495; x_wconf 93' lang='lat' dir='ltr'><strong>ut</strong></span> <span class='ocrx_word' id='word_1_367' title='bbox 1170 4439 1316 4507; x_wconf 88' lang='lat' dir='ltr'><strong>dixi,</strong></span> <span class='ocrx_word' id='word_1_368' title='bbox 1345 4455 1441 4508; x_wconf 89' lang='lat' dir='ltr'><strong>per</strong></span> <span class='ocrx_word' id='word_1_369' title='bbox 1475 4439 1633 4495; x_wconf 85' lang='lat' dir='ltr'><strong>Verbi</strong></span> <span class='ocrx_word' id='word_1_370' title='bbox 1673 4439 2084 4511; x_wconf 87' lang='lat' dir='ltr'><strong>appellationem</strong></span> <span class='ocrx_word' id='word_1_371' title='bbox 2114 4437 2280 4508; x_wconf 84' lang='lat' dir='ltr'><strong>signi-</strong></span> 
     </span>
    </p>
   </div>
   <div class='ocr_carea' id='block_1_47' title="bbox 692 4530 2278 4604">
    <p class='ocr_par' dir='ltr' id='par_1_47' title="bbox 692 4530 2278 4604">
     <span class='ocr_line' id='line_1_47' title="bbox 692 4530 2278 4604; baseline -0.002 -16"><span class='ocrx_word' id='word_1_372' title='bbox 692 4535 886 4590; x_wconf 84' lang='lat' dir='ltr'><strong>licavit.</strong></span> <span class='ocrx_word' id='word_1_373' title='bbox 910 4533 1367 4602; x_wconf 82' lang='lat' dir='ltr'><strong>Quemadmodum</strong></span> <span class='ocrx_word' id='word_1_374' title='bbox 1406 4533 1564 4604; x_wconf 88' lang='lat' dir='ltr'><strong>igitur</strong></span> <span class='ocrx_word' id='word_1_375' title='bbox 1600 4531 1727 4588; x_wconf 86' lang='lat' dir='ltr'><strong>illud</strong></span> <span class='ocrx_word' id='word_1_376' title='bbox 1751 4573 1766 4598; x_wconf 90' lang='lat'><strong>,</strong></span> <span class='ocrx_word' id='word_1_377' title='bbox 1801 4530 1865 4586; x_wconf 82' lang='lat' dir='ltr'><strong>In</strong></span> <span class='ocrx_word' id='word_1_378' title='bbox 1896 4531 2147 4602; x_wconf 81' lang='lat' dir='ltr'><strong>principio</strong></span> <span class='ocrx_word' id='word_1_379' title='bbox 2171 4539 2278 4585; x_wconf 81' lang='lat' dir='ltr'><strong>erat</strong></span> 
     </span>
    </p>
   </div>
   <div class='ocr_carea' id='block_1_48' title="bbox 699 4622 2276 4692">
    <p class='ocr_par' dir='ltr' id='par_1_48' title="bbox 699 4622 2276 4692">
     <span class='ocr_line' id='line_1_48' title="bbox 699 4622 2276 4692; baseline -0.001 -12"><span class='ocrx_word' id='word_1_380' title='bbox 699 4625 948 4692; x_wconf 79' lang='lat' dir='ltr'><strong>Verbum,</strong></span> <span class='ocrx_word' id='word_1_381' title='bbox 980 4626 1333 4682; x_wconf 66' lang='lat' dir='ltr'><strong>aeternitatem</strong></span> <span class='ocrx_word' id='word_1_382' title='bbox 1363 4624 1584 4680; x_wconf 80' lang='lat' dir='ltr'><strong>denotat</strong></span> <span class='ocrx_word' id='word_1_383' title='bbox 1613 4640 1625 4677; x_wconf 93' lang='lat'><strong>:</strong></span> <span class='ocrx_word' id='word_1_384' title='bbox 1664 4624 1731 4678; x_wconf 92' lang='lat' dir='ltr'><strong>ita</strong></span> <span class='ocrx_word' id='word_1_385' title='bbox 1758 4632 1810 4680; x_wconf 92' lang='lat' dir='ltr'><strong>et</strong></span> <span class='ocrx_word' id='word_1_386' title='bbox 1841 4623 1992 4690; x_wconf 90' lang='lat' dir='ltr'><strong>illud,</strong></span> <span class='ocrx_word' id='word_1_387' title='bbox 2025 4622 2142 4679; x_wconf 84' lang='lat' dir='ltr'><strong>Hoc</strong></span> <span class='ocrx_word' id='word_1_388' title='bbox 2168 4633 2276 4679; x_wconf 85' lang='lat' dir='ltr'><strong>erat</strong></span> 
     </span>
    </p>
   </div>
   <div class='ocr_carea' id='block_1_49' title="bbox 688 4717 2276 4788">
    <p class='ocr_par' dir='ltr' id='par_1_49' title="bbox 688 4717 2276 4788">
     <span class='ocr_line' id='line_1_49' title="bbox 688 4717 2276 4788; baseline -0.001 -17"><span class='ocrx_word' id='word_1_389' title='bbox 688 4720 740 4772; x_wconf 88' lang='lat' dir='ltr'><strong>in</strong></span> <span class='ocrx_word' id='word_1_390' title='bbox 772 4719 1021 4788; x_wconf 85' lang='lat' dir='ltr'><strong>principio</strong></span> <span class='ocrx_word' id='word_1_391' title='bbox 1050 4718 1187 4788; x_wconf 80' lang='lat' dir='ltr'><strong>apud</strong></span> <span class='ocrx_word' id='word_1_392' title='bbox 1212 4717 1378 4772; x_wconf 84' lang='lat' dir='ltr'><strong>Deum</strong></span> <span class='ocrx_word' id='word_1_393' title='bbox 1398 4757 1413 4783; x_wconf 86' lang='lat'><strong>,</strong></span> <span class='ocrx_word' id='word_1_394' title='bbox 1452 4717 1870 4772; x_wconf 65' lang='lat' dir='ltr'><strong>coaeternitatem</strong></span> <span class='ocrx_word' id='word_1_395' title='bbox 1896 4717 2051 4773; x_wconf 85' lang='lat' dir='ltr'><strong>nobis</strong></span> <span class='ocrx_word' id='word_1_396' title='bbox 2072 4717 2276 4787; x_wconf 81' lang='lat' dir='ltr'><strong>signiﬁ-</strong></span> 
     </span>
    </p>
   </div>
   <div class='ocr_carea' id='block_1_50' title="bbox 689 4806 2271 4878">
    <p class='ocr_par' dir='ltr' id='par_1_50' title="bbox 689 4806 2271 4878">
     <span class='ocr_line' id='line_1_50' title="bbox 689 4806 2271 4878; baseline 0.001 -18"><span class='ocrx_word' id='word_1_397' title='bbox 689 4816 795 4863; x_wconf 76' lang='lat' dir='ltr'><strong>cat.</strong></span> <span class='ocrx_word' id='word_1_398' title='bbox 828 4807 1042 4864; x_wconf 86' lang='lat' dir='ltr'><strong>Etenim</strong></span> <span class='ocrx_word' id='word_1_399' title='bbox 1089 4823 1156 4864; x_wconf 88' lang='lat' dir='ltr'><strong>ne</strong></span> <span class='ocrx_word' id='word_1_400' title='bbox 1197 4807 1455 4873; x_wconf 85' lang='lat' dir='ltr'><strong>audiens,</strong></span> <span class='ocrx_word' id='word_1_401' title='bbox 1489 4806 1554 4862; x_wconf 86' lang='lat' dir='ltr'><strong>In</strong></span> <span class='ocrx_word' id='word_1_402' title='bbox 1594 4809 1846 4878; x_wconf 83' lang='lat' dir='ltr'><strong>principio</strong></span> <span class='ocrx_word' id='word_1_403' title='bbox 1874 4819 1981 4863; x_wconf 88' lang='lat' dir='ltr'><strong>erat</strong></span> <span class='ocrx_word' id='word_1_404' title='bbox 2020 4808 2271 4876; x_wconf 82' lang='lat' dir='ltr'><strong>Verbum,</strong></span> 
     </span>
    </p>
   </div>
   <div class='ocr_carea' id='block_1_51' title="bbox 687 4899 2276 4972">
    <p class='ocr_par' dir='ltr' id='par_1_51' title="bbox 687 4899 2276 4972">
     <span class='ocr_line' id='line_1_51' title="bbox 687 4899 2276 4972; baseline 0 -18"><span class='ocrx_word' id='word_1_405' title='bbox 687 4907 948 4954; x_wconf 74' lang='lat' dir='ltr'><strong>aeternum</strong></span> <span class='ocrx_word' id='word_1_406' title='bbox 975 4899 1192 4970; x_wconf 90' lang='lat' dir='ltr'><strong>quidem</strong></span> <span class='ocrx_word' id='word_1_407' title='bbox 1223 4899 1558 4954; x_wconf 78' lang='lat' dir='ltr'><strong>existimares</strong></span> <span class='ocrx_word' id='word_1_408' title='bbox 1579 4941 1592 4966; x_wconf 94' lang='lat'><strong>,</strong></span> <span class='ocrx_word' id='word_1_409' title='bbox 1622 4899 1715 4955; x_wconf 84' lang='lat' dir='ltr'><strong>sed</strong></span> <span class='ocrx_word' id='word_1_410' title='bbox 1747 4899 1958 4955; x_wconf 87' lang='lat' dir='ltr'><strong>Patrem</strong></span> <span class='ocrx_word' id='word_1_411' title='bbox 1989 4901 2168 4972; x_wconf 86' lang='lat' dir='ltr'><strong>aliquo</strong></span> <span class='ocrx_word' id='word_1_412' title='bbox 2198 4902 2276 4954; x_wconf 57' lang='lat' dir='ltr'><strong>vi.</strong></span> 
     </span>
    </p>
   </div>
   <div class='ocr_carea' id='block_1_52' title="bbox 688 4991 2271 5063">
    <p class='ocr_par' dir='ltr' id='par_1_52' title="bbox 688 4991 2271 5063">
     <span class='ocr_line' id='line_1_52' title="bbox 688 4991 2271 5063; baseline 0.003 -17"><span class='ocrx_word' id='word_1_413' title='bbox 688 5002 754 5047; x_wconf 81' lang='lat' dir='ltr'><strong>tte</strong></span> <span class='ocrx_word' id='word_1_414' title='bbox 786 4992 1072 5048; x_wconf 90' lang='lat' dir='ltr'><strong>interstitio</strong></span> <span class='ocrx_word' id='word_1_415' title='bbox 1118 4991 1385 5049; x_wconf 83' lang='lat' dir='ltr'><strong>seniorem</strong></span> <span class='ocrx_word' id='word_1_416' title='bbox 1411 5034 1426 5054; x_wconf 89' lang='lat'><strong>,</strong></span> <span class='ocrx_word' id='word_1_417' title='bbox 1475 5001 1530 5048; x_wconf 91' lang='lat' dir='ltr'><strong>et</strong></span> <span class='ocrx_word' id='word_1_418' title='bbox 1572 4992 1792 5063; x_wconf 88' lang='lat' dir='ltr'><strong>majoris</strong></span> <span class='ocrx_word' id='word_1_419' title='bbox 1831 4993 1928 5049; x_wconf 65' lang='lat' dir='ltr'><strong>sevi</strong></span> <span class='ocrx_word' id='word_1_420' title='bbox 1978 4994 2271 5063; x_wconf 84' lang='lat' dir='ltr'><strong>crederes,</strong></span> 
     </span>
    </p>
   </div>
   <div class='ocr_carea' id='block_1_53' title="bbox 688 5084 2272 5172">
    <p class='ocr_par' dir='ltr' id='par_1_53' title="bbox 688 5084 2272 5172">
     <span class='ocr_line' id='line_1_53' title="bbox 688 5084 2272 5172; baseline 0.001 -33"><span class='ocrx_word' id='word_1_421' title='bbox 688 5101 821 5141; x_wconf 85' lang='lat' dir='ltr'><strong>neve</strong></span> <span class='ocrx_word' id='word_1_422' title='bbox 852 5087 1167 5172; x_wconf 67' lang='lat' dir='ltr'><strong>principium</strong></span> <span class='ocrx_word' id='word_1_423' title='bbox 1209 5084 1494 5155; x_wconf 88' lang='lat' dir='ltr'><strong>Unigenito</strong></span> <span class='ocrx_word' id='word_1_424' title='bbox 1539 5084 1732 5152; x_wconf 87' lang='lat' dir='ltr'><strong>dares,</strong></span> <span class='ocrx_word' id='word_1_425' title='bbox 1779 5085 1996 5155; x_wconf 87' lang='lat' dir='ltr'><strong>adjecit,</strong></span> <span class='ocrx_word' id='word_1_426' title='bbox 2045 5085 2175 5140; x_wconf 85' lang='lat' dir='ltr'><strong>Erat</strong></span> <span class='ocrx_word' id='word_1_427' title='bbox 2219 5090 2272 5142; x_wconf 88' lang='lat' dir='ltr'><strong>in</strong></span> 
     </span>
    </p>
   </div>
   <div class='ocr_carea' id='block_1_54' title="bbox 675 5175 2268 5248">
    <p class='ocr_par' dir='ltr' id='par_1_54' title="bbox 675 5175 2268 5248">
     <span class='ocr_line' id='line_1_54' title="bbox 675 5175 2268 5248; baseline 0.003 -18"><span class='ocrx_word' id='word_1_428' title='bbox 675 5178 933 5248; x_wconf 71' lang='lat' dir='ltr'><strong>principio</strong></span> <span class='ocrx_word' id='word_1_429' title='bbox 959 5178 1098 5248; x_wconf 84' lang='lat' dir='ltr'><strong>apud</strong></span> <span class='ocrx_word' id='word_1_430' title='bbox 1142 5175 1301 5231; x_wconf 85' lang='lat' dir='ltr'><strong>Deum</strong></span> <span class='ocrx_word' id='word_1_431' title='bbox 1343 5194 1362 5233; x_wconf 90' lang='lat'><em>:</em></span> <span class='ocrx_word' id='word_1_432' title='bbox 1406 5179 1476 5232; x_wconf 87' lang='lat' dir='ltr'><strong>ita</strong></span> <span class='ocrx_word' id='word_1_433' title='bbox 1508 5186 1742 5233; x_wconf 77' lang='lat' dir='ltr'><strong>:eternus</strong></span> <span class='ocrx_word' id='word_1_434' title='bbox 1774 5188 1830 5232; x_wconf 91' lang='lat' dir='ltr'><strong>ut</strong></span> <span class='ocrx_word' id='word_1_435' title='bbox 1872 5179 2068 5242; x_wconf 87' lang='lat' dir='ltr'><strong>Pater;</strong></span> <span class='ocrx_word' id='word_1_436' title='bbox 2112 5196 2268 5234; x_wconf 87' lang='lat' dir='ltr'><strong>num-</strong></span> 
     </span>
    </p>
   </div>
   <div class='ocr_carea' id='block_1_55' title="bbox 682 5267 2269 5338">
    <p class='ocr_par' dir='ltr' id='par_1_55' title="bbox 682 5267 2269 5338">
     <span class='ocr_line' id='line_1_55' title="bbox 682 5267 2269 5338; baseline 0.003 -16"><span class='ocrx_word' id='word_1_437' title='bbox 682 5283 841 5338; x_wconf 88' lang='lat' dir='ltr'><strong>quam</strong></span> <span class='ocrx_word' id='word_1_438' title='bbox 893 5268 1035 5323; x_wconf 89' lang='lat' dir='ltr'><strong>euim</strong></span> <span class='ocrx_word' id='word_1_439' title='bbox 1083 5267 1259 5322; x_wconf 86' lang='lat' dir='ltr'><strong>Verbo</strong></span> <span class='ocrx_word' id='word_1_440' title='bbox 1301 5283 1501 5324; x_wconf 79' lang='lat' dir='ltr'><strong>vacuus</strong></span> <span class='ocrx_word' id='word_1_441' title='bbox 1550 5267 1684 5333; x_wconf 81' lang='lat' dir='ltr'><strong>fuit;</strong></span> <span class='ocrx_word' id='word_1_442' title='bbox 1741 5270 1834 5325; x_wconf 90' lang='lat' dir='ltr'><strong>sed</strong></span> <span class='ocrx_word' id='word_1_443' title='bbox 1889 5285 2102 5338; x_wconf 88' lang='lat' dir='ltr'><strong>semper</strong></span> <span class='ocrx_word' id='word_1_444' title='bbox 2131 5271 2269 5327; x_wconf 84' lang='lat' dir='ltr'><strong>Deus</strong></span> 
     </span>
    </p>
   </div>
   <div class='ocr_carea' id='block_1_56' title="bbox 680 5355 2268 5430">
    <p class='ocr_par' dir='ltr' id='par_1_56' title="bbox 680 5355 2268 5430">
     <span class='ocr_line' id='line_1_56' title="bbox 680 5355 2268 5430; baseline 0.001 -16"><span class='ocrx_word' id='word_1_445' title='bbox 680 5358 822 5430; x_wconf 80' lang='lat' dir='ltr'><strong>apud</strong></span> <span class='ocrx_word' id='word_1_446' title='bbox 866 5359 1031 5414; x_wconf 84' lang='lat' dir='ltr'><strong>Deum</strong></span> <span class='ocrx_word' id='word_1_447' title='bbox 1065 5356 1159 5412; x_wconf 80' lang='lat' dir='ltr'><strong>iuit</strong></span> <span class='ocrx_word' id='word_1_448' title='bbox 1193 5358 1244 5411; x_wconf 91' lang='lat' dir='ltr'><strong>in</strong></span> <span class='ocrx_word' id='word_1_449' title='bbox 1272 5360 1482 5428; x_wconf 89' lang='lat' dir='ltr'><strong>propria</strong></span> <span class='ocrx_word' id='word_1_450' title='bbox 1511 5359 1614 5415; x_wconf 87' lang='lat' dir='ltr'><strong>sibi</strong></span> <span class='ocrx_word' id='word_1_451' title='bbox 1663 5359 1955 5430; x_wconf 81' lang='lat' dir='ltr'><strong>hypostasi.</strong></span> <span class='ocrx_word' id='word_1_452' title='bbox 1989 5355 2268 5429; x_wconf 84' lang='lat' dir='ltr'><strong>Quomodo</strong></span> 
     </span>
    </p>
   </div>
   <div class='ocr_carea' id='block_1_57' title="bbox 679 5447 2264 5523">
    <p class='ocr_par' dir='ltr' id='par_1_57' title="bbox 679 5447 2264 5523">
     <span class='ocr_line' id='line_1_57' title="bbox 679 5447 2264 5523; baseline 0.003 -21"><span class='ocrx_word' id='word_1_453' title='bbox 679 5465 829 5522; x_wconf 69' lang='lat' dir='ltr'><strong>ergo,</strong></span> <span class='ocrx_word' id='word_1_454' title='bbox 856 5449 1064 5520; x_wconf 86' lang='lat' dir='ltr'><strong>inquies</strong></span> <span class='ocrx_word' id='word_1_455' title='bbox 1082 5489 1098 5516; x_wconf 90' lang='lat'><strong>,</strong></span> <span class='ocrx_word' id='word_1_456' title='bbox 1127 5447 1340 5517; x_wconf 89' lang='lat' dir='ltr'><strong>adjecit,</strong></span> <span class='ocrx_word' id='word_1_457' title='bbox 1373 5447 1436 5502; x_wconf 87' lang='lat' dir='ltr'><strong>In</strong></span> <span class='ocrx_word' id='word_1_458' title='bbox 1461 5450 1648 5505; x_wconf 83' lang='lat' dir='ltr'><strong>mundo</strong></span> <span class='ocrx_word' id='word_1_459' title='bbox 1672 5459 1779 5506; x_wconf 84' lang='lat' dir='ltr'><strong>erat</strong></span> <span class='ocrx_word' id='word_1_460' title='bbox 1805 5449 1982 5521; x_wconf 76' lang='lat' dir='ltr'><strong>(Joan.</strong></span> <span class='ocrx_word' id='word_1_461' title='bbox 2007 5451 2058 5506; x_wconf 80' lang='lat' dir='ltr'><strong>i.</strong></span> <span class='ocrx_word' id='word_1_462' title='bbox 2091 5451 2203 5523; x_wconf 73' lang='grc'><strong>10),</strong></span> <span class='ocrx_word' id='word_1_463' title='bbox 2221 5455 2264 5507; x_wconf 90' lang='lat' dir='ltr'><strong>si</strong></span> 
     </span>
    </p>
   </div>
   <div class='ocr_carea' id='block_1_58' title="bbox 678 5539 2261 5612">
    <p class='ocr_par' dir='ltr' id='par_1_58' title="bbox 678 5539 2261 5612">
     <span class='ocr_line' id='line_1_58' title="bbox 678 5539 2261 5612; baseline 0.002 -15"><span class='ocrx_word' id='word_1_464' title='bbox 678 5553 791 5598; x_wconf 82' lang='lat' dir='ltr'><strong>erat</strong></span> <span class='ocrx_word' id='word_1_465' title='bbox 816 5540 954 5612; x_wconf 91' lang='lat' dir='ltr'><strong>apud</strong></span> <span class='ocrx_word' id='word_1_466' title='bbox 987 5540 1194 5596; x_wconf 89' lang='lat' dir='ltr'><strong>Deum?</strong></span> <span class='ocrx_word' id='word_1_467' title='bbox 1217 5539 1351 5607; x_wconf 87' lang='lat' dir='ltr'><strong>Quia</strong></span> <span class='ocrx_word' id='word_1_468' title='bbox 1377 5549 1429 5595; x_wconf 90' lang='lat' dir='ltr'><strong>et</strong></span> <span class='ocrx_word' id='word_1_469' title='bbox 1452 5542 1589 5611; x_wconf 87' lang='lat' dir='ltr'><strong>apud</strong></span> <span class='ocrx_word' id='word_1_470' title='bbox 1615 5542 1779 5597; x_wconf 87' lang='lat' dir='ltr'><strong>Deum</strong></span> <span class='ocrx_word' id='word_1_471' title='bbox 1802 5543 1941 5598; x_wconf 81' lang='lat' dir='ltr'><strong>Deus</strong></span> <span class='ocrx_word' id='word_1_472' title='bbox 1966 5553 2101 5608; x_wconf 87' lang='lat' dir='ltr'><strong>erat,</strong></span> <span class='ocrx_word' id='word_1_473' title='bbox 2133 5553 2186 5599; x_wconf 90' lang='lat' dir='ltr'><strong>et</strong></span> <span class='ocrx_word' id='word_1_474' title='bbox 2212 5546 2261 5600; x_wconf 90' lang='lat' dir='ltr'><strong>in</strong></span> 
     </span>
    </p>
   </div>
   <div class='ocr_carea' id='block_1_59' title="bbox 681 5631 2262 5703">
    <p class='ocr_par' dir='ltr' id='par_1_59' title="bbox 681 5631 2262 5703">
     <span class='ocr_line' id='line_1_59' title="bbox 681 5631 2262 5703; baseline 0.004 -16"><span class='ocrx_word' id='word_1_475' title='bbox 681 5633 876 5689; x_wconf 84' lang='lat' dir='ltr'><strong>mutulo</strong></span> <span class='ocrx_word' id='word_1_476' title='bbox 919 5642 1077 5690; x_wconf 88' lang='lat' dir='ltr'><strong>erat:</strong></span> <span class='ocrx_word' id='word_1_477' title='bbox 1123 5633 1267 5688; x_wconf 93' lang='lat' dir='ltr'><strong>nullo</strong></span> <span class='ocrx_word' id='word_1_478' title='bbox 1318 5631 1513 5703; x_wconf 87' lang='lat' dir='ltr'><strong>quippe</strong></span> <span class='ocrx_word' id='word_1_479' title='bbox 1567 5632 1830 5689; x_wconf 87' lang='lat' dir='ltr'><strong>clauditur</strong></span> <span class='ocrx_word' id='word_1_480' title='bbox 1878 5634 2108 5690; x_wconf 89' lang='lat' dir='ltr'><strong>termino</strong></span> <span class='ocrx_word' id='word_1_481' title='bbox 2150 5639 2262 5693; x_wconf 81' lang='lat' dir='ltr'><strong>sive</strong></span> 
     </span>
    </p>
   </div>
   <div class='ocr_carea' id='block_1_60' title="bbox 682 5723 2258 5798">
    <p class='ocr_par' dir='ltr' id='par_1_60' title="bbox 682 5723 2258 5798">
     <span class='ocr_line' id='line_1_60' title="bbox 682 5723 2258 5798; baseline 0.002 -15"><span class='ocrx_word' id='word_1_482' title='bbox 682 5723 856 5786; x_wconf 85' lang='lat' dir='ltr'><strong>Pater.</strong></span> <span class='ocrx_word' id='word_1_483' title='bbox 890 5726 999 5783; x_wconf 74' lang='lat' dir='ltr'><strong>sive</strong></span> <span class='ocrx_word' id='word_1_484' title='bbox 1029 5727 1215 5784; x_wconf 79' lang='lat' dir='ltr'><strong>Filius.</strong></span> <span class='ocrx_word' id='word_1_485' title='bbox 1266 5725 1396 5782; x_wconf 82' lang='lat' dir='ltr'><strong>Nam</strong></span> <span class='ocrx_word' id='word_1_486' title='bbox 1432 5725 1476 5783; x_wconf 89' lang='lat' dir='ltr'><strong>si</strong></span> <span class='ocrx_word' id='word_1_487' title='bbox 1522 5724 1889 5798; x_wconf 79' lang='lat' dir='ltr'><strong>Magnitudim‘s</strong></span> <span class='ocrx_word' id='word_1_488' title='bbox 1923 5729 2032 5794; x_wconf 76' lang='lat' dir='ltr'><strong>eius</strong></span> <span class='ocrx_word' id='word_1_489' title='bbox 2060 5745 2158 5784; x_wconf 89' lang='lat' dir='ltr'><strong>non</strong></span> <span class='ocrx_word' id='word_1_490' title='bbox 2187 5740 2258 5786; x_wconf 84' lang='lat' dir='ltr'><strong>est</strong></span> 
     </span>
    </p>
   </div>
   <div class='ocr_carea' id='block_1_61' title="bbox 2394 397 3980 478">
    <p class='ocr_par' dir='ltr' id='par_1_61' title="bbox 2394 397 3980 478">
     <span class='ocr_line' id='line_1_61' title="bbox 2394 397 3980 478; baseline 0.009 -27"><span class='ocrx_word' id='word_1_491' title='bbox 2394 399 2549 468; x_wconf 79' lang='lat' dir='ltr'><strong>ﬁnis,</strong></span> <span class='ocrx_word' id='word_1_492' title='bbox 2576 399 2650 470; x_wconf 76' lang='lat' dir='ltr'><strong>Et</strong></span> <span class='ocrx_word' id='word_1_493' title='bbox 2694 402 2962 472; x_wconf 70' lang='lat' dir='ltr'><strong>sapiensne</strong></span> <span class='ocrx_word' id='word_1_494' title='bbox 3001 405 3112 474; x_wconf 83' lang='lat' dir='ltr'><strong>ejus</strong></span> <span class='ocrx_word' id='word_1_495' title='bbox 3137 419 3239 460; x_wconf 79' lang='lat' dir='ltr'><strong>non</strong></span> <span class='ocrx_word' id='word_1_496' title='bbox 3283 412 3358 460; x_wconf 84' lang='lat' dir='ltr'><strong>est</strong></span> <span class='ocrx_word' id='word_1_497' title='bbox 3383 419 3622 462; x_wconf 75' lang='lat' dir='ltr'><strong>numerus</strong></span> <span class='ocrx_word' id='word_1_498' title='bbox 3647 397 3826 478; x_wconf 75' lang='lat' dir='ltr'><strong>(Psal.</strong></span> <span class='ocrx_word' id='word_1_499' title='bbox 3859 409 3980 467; x_wconf 73' lang='lat' dir='ltr'><strong>Hi.</strong></span> 
     </span>
    </p>
   </div>
   <div class='ocr_carea' id='block_1_62' title="bbox 2393 491 3982 566">
    <p class='ocr_par' dir='ltr' id='par_1_62' title="bbox 2393 491 3982 566">
     <span class='ocr_line' id='line_1_62' title="bbox 2393 491 3982 566; baseline 0.008 -20"><span class='ocrx_word' id='word_1_500' title='bbox 2393 491 2448 553; x_wconf 76' lang='lat'><strong>3.</strong></span> <span class='ocrx_word' id='word_1_501' title='bbox 2465 503 2513 546; x_wconf 81' lang='lat' dir='ltr'><strong>et</strong></span> <span class='ocrx_word' id='word_1_502' title='bbox 2533 492 2654 548; x_wconf 77' lang='lat' dir='ltr'><strong>N6.</strong></span> <span class='ocrx_word' id='word_1_503' title='bbox 2671 492 2748 564; x_wconf 84' lang='lat'><strong>5),</strong></span> <span class='ocrx_word' id='word_1_504' title='bbox 2766 492 2934 565; x_wconf 90' lang='lat' dir='ltr'><strong>liquet</strong></span> <span class='ocrx_word' id='word_1_505' title='bbox 2952 509 3125 566; x_wconf 83' lang='lat' dir='ltr'><strong>neque</strong></span> <span class='ocrx_word' id='word_1_506' title='bbox 3140 495 3454 552; x_wconf 72' lang='lat' dir='ltr'><strong>substantia:</strong></span> <span class='ocrx_word' id='word_1_507' title='bbox 3474 497 3618 554; x_wconf 88' lang='lat' dir='ltr'><strong>illius</strong></span> <span class='ocrx_word' id='word_1_508' title='bbox 3636 513 3756 556; x_wconf 85' lang='lat' dir='ltr'><strong>esse</strong></span> <span class='ocrx_word' id='word_1_509' title='bbox 3778 501 3982 558; x_wconf 89' lang='lat' dir='ltr'><strong>initium</strong></span> 
     </span>
    </p>
   </div>
   <div class='ocr_carea' id='block_1_63' title="bbox 2393 583 3984 660">
    <p class='ocr_par' dir='ltr' id='par_1_63' title="bbox 2393 583 3984 660">
     <span class='ocr_line' id='line_1_63' title="bbox 2393 583 3984 660; baseline 0.009 -23"><span class='ocrx_word' id='word_1_510' title='bbox 2393 583 2708 652; x_wconf 85' lang='lat' dir='ltr'><strong>temporale.</strong></span> <span class='ocrx_word' id='word_1_511' title='bbox 2733 583 2977 651; x_wconf 81' lang='lat' dir='ltr'><strong>Audisti,</strong></span> <span class='ocrx_word' id='word_1_512' title='bbox 3020 587 3089 642; x_wconf 81' lang='lat' dir='ltr'><strong>In</strong></span> <span class='ocrx_word' id='word_1_513' title='bbox 3130 588 3381 659; x_wconf 82' lang='lat' dir='ltr'><strong>principio</strong></span> <span class='ocrx_word' id='word_1_514' title='bbox 3405 590 3526 660; x_wconf 77' lang='lat' dir='ltr'><strong>fecit</strong></span> <span class='ocrx_word' id='word_1_515' title='bbox 3553 589 3693 647; x_wconf 85' lang='lat' dir='ltr'><strong>Deus</strong></span> <span class='ocrx_word' id='word_1_516' title='bbox 3721 593 3903 650; x_wconf 69' lang='lat' dir='ltr'><strong>caltam</strong></span> <span class='ocrx_word' id='word_1_517' title='bbox 3937 606 3984 651; x_wconf 80' lang='lat' dir='ltr'><strong>et</strong></span> 
     </span>
    </p>
   </div>
   <div class='ocr_carea' id='block_1_64' title="bbox 2393 674 3982 762">
    <p class='ocr_par' dir='ltr' id='par_1_64' title="bbox 2393 674 3982 762">
     <span class='ocr_line' id='line_1_64' title="bbox 2393 674 3982 762; baseline 0.013 -35"><span class='ocrx_word' id='word_1_518' title='bbox 2393 675 2629 729; x_wconf 77' lang='lat' dir='ltr'><strong>terram?</strong></span> <span class='ocrx_word' id='word_1_519' title='bbox 2654 674 2794 743; x_wconf 87' lang='lat' dir='ltr'><strong>Quid</strong></span> <span class='ocrx_word' id='word_1_520' title='bbox 2823 679 3029 748; x_wconf 81' lang='lat' dir='ltr'><strong>cogitas</strong></span> <span class='ocrx_word' id='word_1_521' title='bbox 3055 679 3124 735; x_wconf 90' lang='lat' dir='ltr'><strong>de</strong></span> <span class='ocrx_word' id='word_1_522' title='bbox 3189 680 3290 736; x_wconf 91' lang='lat' dir='ltr'><strong>hoc</strong></span> <span class='ocrx_word' id='word_1_523' title='bbox 3334 683 3639 754; x_wconf 72' lang='lat' dir='ltr'><strong>principio?</strong></span> <span class='ocrx_word' id='word_1_524' title='bbox 3666 683 3825 746; x_wconf 85' lang='lat' dir='ltr'><strong>Certe</strong></span> <span class='ocrx_word' id='word_1_525' title='bbox 3845 692 3982 762; x_wconf 84' lang='lat' dir='ltr'><strong>quod</strong></span> 
     </span>
    </p>
   </div>
   <div class='ocr_carea' id='block_1_65' title="bbox 2395 765 3984 840">
    <p class='ocr_par' dir='ltr' id='par_1_65' title="bbox 2395 765 3984 840">
     <span class='ocr_line' id='line_1_65' title="bbox 2395 765 3984 840; baseline 0.014 -22"><span class='ocrx_word' id='word_1_526' title='bbox 2395 765 2510 822; x_wconf 66' lang='lat' dir='ltr'><strong>haec</strong></span> <span class='ocrx_word' id='word_1_527' title='bbox 2537 777 2665 824; x_wconf 81' lang='lat' dir='ltr'><strong>ante</strong></span> <span class='ocrx_word' id='word_1_528' title='bbox 2687 769 2867 825; x_wconf 83' lang='lat' dir='ltr'><strong>omnis</strong></span> <span class='ocrx_word' id='word_1_529' title='bbox 2893 771 3127 827; x_wconf 82' lang='lat' dir='ltr'><strong>visibilia</strong></span> <span class='ocrx_word' id='word_1_530' title='bbox 3175 772 3313 829; x_wconf 76' lang='lat' dir='ltr'><strong>facta</strong></span> <span class='ocrx_word' id='word_1_531' title='bbox 3364 776 3493 833; x_wconf 89' lang='lat' dir='ltr'><strong>sint.</strong></span> <span class='ocrx_word' id='word_1_532' title='bbox 3542 776 3634 834; x_wconf 87' lang='lat' dir='ltr'><strong>Sic</strong></span> <span class='ocrx_word' id='word_1_533' title='bbox 3673 789 3726 836; x_wconf 89' lang='lat' dir='ltr'><strong>et</strong></span> <span class='ocrx_word' id='word_1_534' title='bbox 3751 795 3876 836; x_wconf 82' lang='lat' dir='ltr'><strong>cum</strong></span> <span class='ocrx_word' id='word_1_535' title='bbox 3919 781 3984 840; x_wconf 88' lang='lat' dir='ltr'><strong>de</strong></span> 
     </span>
    </p>
   </div>
   <div class='ocr_carea' id='block_1_66' title="bbox 2394 854 3982 942">
    <p class='ocr_par' dir='ltr' id='par_1_66' title="bbox 2394 854 3982 942">
     <span class='ocr_line' id='line_1_66' title="bbox 2394 854 3982 942; baseline 0.009 -29"><span class='ocrx_word' id='word_1_536' title='bbox 2394 854 2679 929; x_wconf 84' lang='lat' dir='ltr'><strong>Unigenito</strong></span> <span class='ocrx_word' id='word_1_537' title='bbox 2717 859 2870 929; x_wconf 72' lang='lat' dir='ltr'><strong>audis</strong></span> <span class='ocrx_word' id='word_1_538' title='bbox 2894 902 2908 926; x_wconf 89' lang='lat'><strong>,</strong></span> <span class='ocrx_word' id='word_1_539' title='bbox 2936 859 3004 915; x_wconf 80' lang='lat' dir='ltr'><strong>In</strong></span> <span class='ocrx_word' id='word_1_540' title='bbox 3030 862 3282 934; x_wconf 80' lang='lat' dir='ltr'><strong>principio</strong></span> <span class='ocrx_word' id='word_1_541' title='bbox 3309 875 3447 932; x_wconf 75' lang='lat' dir='ltr'><strong>erat,</strong></span> <span class='ocrx_word' id='word_1_542' title='bbox 3478 875 3604 924; x_wconf 80' lang='lat' dir='ltr'><strong>ante</strong></span> <span class='ocrx_word' id='word_1_543' title='bbox 3633 869 3982 942; x_wconf 86' lang='lat' dir='ltr'><strong>intelligibilia</strong></span> 
     </span>
    </p>
   </div>
   <div class='ocr_carea' id='block_1_67' title="bbox 2393 952 3981 1035">
    <p class='ocr_par' dir='ltr' id='par_1_67' title="bbox 2393 952 3981 1035">
     <span class='ocr_line' id='line_1_67' title="bbox 2393 952 3981 1035; baseline 0.01 -30"><span class='ocrx_word' id='word_1_544' title='bbox 2393 952 2572 1007; x_wconf 84' lang='lat' dir='ltr'><strong>omnia</strong></span> <span class='ocrx_word' id='word_1_545' title='bbox 2601 962 2654 1008; x_wconf 89' lang='lat' dir='ltr'><strong>et</strong></span> <span class='ocrx_word' id='word_1_546' title='bbox 2683 963 2811 1010; x_wconf 89' lang='lat' dir='ltr'><strong>ante</strong></span> <span class='ocrx_word' id='word_1_547' title='bbox 2856 957 3052 1010; x_wconf 75' lang='lat' dir='ltr'><strong>stecula</strong></span> <span class='ocrx_word' id='word_1_548' title='bbox 3087 959 3261 1028; x_wconf 89' lang='lat' dir='ltr'><strong>ipsum</strong></span> <span class='ocrx_word' id='word_1_549' title='bbox 3295 975 3420 1014; x_wconf 86' lang='lat' dir='ltr'><strong>esse</strong></span> <span class='ocrx_word' id='word_1_550' title='bbox 3458 961 3732 1034; x_wconf 79' lang='lat' dir='ltr'><strong>intelligas</strong></span> <span class='ocrx_word' id='word_1_551' title='bbox 3751 976 3981 1035; x_wconf 71' lang='lat' dir='ltr'><strong>oportet.</strong></span> 
     </span>
    </p>
   </div>
   <div class='ocr_carea' id='block_1_68' title="bbox 2392 1042 3985 1126">
    <p class='ocr_par' dir='ltr' id='par_1_68' title="bbox 2392 1042 3985 1126">
     <span class='ocr_line' id='line_1_68' title="bbox 2392 1042 3985 1126; baseline 0.013 -32"><span class='ocrx_word' id='word_1_552' title='bbox 2392 1042 2545 1111; x_wconf 86' lang='lat' dir='ltr'><strong>Quod</strong></span> <span class='ocrx_word' id='word_1_553' title='bbox 2592 1045 2637 1099; x_wconf 91' lang='lat' dir='ltr'><strong>si</strong></span> <span class='ocrx_word' id='word_1_554' title='bbox 2682 1047 2805 1118; x_wconf 83' lang='lat' dir='ltr'><strong>quis</strong></span> <span class='ocrx_word' id='word_1_555' title='bbox 2831 1045 3028 1104; x_wconf 79' lang='lat' dir='ltr'><strong>dixerit</strong></span> <span class='ocrx_word' id='word_1_556' title='bbox 3066 1066 3079 1102; x_wconf 94' lang='lat'>:</span> <span class='ocrx_word' id='word_1_557' title='bbox 3115 1049 3179 1104; x_wconf 84' lang='lat' dir='ltr'><strong>Et</strong></span> <span class='ocrx_word' id='word_1_558' title='bbox 3207 1052 3480 1121; x_wconf 85' lang='lat' dir='ltr'><strong>quomodo</strong></span> <span class='ocrx_word' id='word_1_559' title='bbox 3525 1053 3640 1110; x_wconf 81' lang='lat' dir='ltr'><strong>ﬁeri</strong></span> <span class='ocrx_word' id='word_1_560' title='bbox 3685 1065 3898 1126; x_wconf 85' lang='lat' dir='ltr'><strong>potest,</strong></span> <span class='ocrx_word' id='word_1_561' title='bbox 3931 1069 3985 1115; x_wconf 91' lang='lat' dir='ltr'><strong>ut</strong></span> 
     </span>
    </p>
   </div>
   <div class='ocr_carea' id='block_1_69' title="bbox 2396 1134 3984 1222">
    <p class='ocr_par' dir='ltr' id='par_1_69' title="bbox 2396 1134 3984 1222">
     <span class='ocr_line' id='line_1_69' title="bbox 2396 1134 3984 1222; baseline 0.012 -32"><span class='ocrx_word' id='word_1_562' title='bbox 2396 1134 2567 1192; x_wconf 87' lang='lat' dir='ltr'><strong>Filius</strong></span> <span class='ocrx_word' id='word_1_563' title='bbox 2610 1152 2734 1194; x_wconf 88' lang='lat' dir='ltr'><strong>cum</strong></span> <span class='ocrx_word' id='word_1_564' title='bbox 2774 1139 2876 1207; x_wconf 79' lang='lat' dir='ltr'><strong>sit,</strong></span> <span class='ocrx_word' id='word_1_565' title='bbox 2929 1156 3034 1198; x_wconf 92' lang='lat' dir='ltr'><strong>non</strong></span> <span class='ocrx_word' id='word_1_566' title='bbox 3083 1142 3154 1198; x_wconf 85' lang='lat' dir='ltr'><strong>sit</strong></span> <span class='ocrx_word' id='word_1_567' title='bbox 3195 1141 3379 1214; x_wconf 80' lang='lat' dir='ltr'><strong>jnnior</strong></span> <span class='ocrx_word' id='word_1_568' title='bbox 3419 1145 3612 1203; x_wconf 79' lang='lat' dir='ltr'><strong>Patre?</strong></span> <span class='ocrx_word' id='word_1_569' title='bbox 3655 1163 3776 1205; x_wconf 81' lang='lat' dir='ltr'><strong>nam</strong></span> <span class='ocrx_word' id='word_1_570' title='bbox 3803 1152 3892 1222; x_wconf 92' lang='lat' dir='ltr'><strong>qui</strong></span> <span class='ocrx_word' id='word_1_571' title='bbox 3919 1168 3984 1209; x_wconf 87' lang='lat' dir='ltr'><strong>cx</strong></span> 
     </span>
    </p>
   </div>
   <div class='ocr_carea' id='block_1_70' title="bbox 2391 1225 3980 1312">
    <p class='ocr_par' dir='ltr' id='par_1_70' title="bbox 2391 1225 3980 1312">
     <span class='ocr_line' id='line_1_70' title="bbox 2391 1225 3980 1312; baseline 0.012 -33"><span class='ocrx_word' id='word_1_572' title='bbox 2391 1225 2571 1298; x_wconf 88' lang='lat' dir='ltr'><strong>aliquo</strong></span> <span class='ocrx_word' id='word_1_573' title='bbox 2611 1238 2728 1291; x_wconf 90' lang='lat' dir='ltr'><strong>est.</strong></span> <span class='ocrx_word' id='word_1_574' title='bbox 2773 1232 3080 1306; x_wconf 78' lang='lat' dir='ltr'><strong>necessario</strong></span> <span class='ocrx_word' id='word_1_575' title='bbox 3121 1236 3392 1304; x_wconf 87' lang='lat' dir='ltr'><strong>posterior</strong></span> <span class='ocrx_word' id='word_1_576' title='bbox 3417 1247 3502 1292; x_wconf 89' lang='lat' dir='ltr'><strong>est</strong></span> <span class='ocrx_word' id='word_1_577' title='bbox 3547 1237 3639 1293; x_wconf 76' lang='lat' dir='ltr'><strong>illo</strong></span> <span class='ocrx_word' id='word_1_578' title='bbox 3663 1254 3693 1294; x_wconf 90' lang='lat' dir='ltr'><strong>a</strong></span> <span class='ocrx_word' id='word_1_579' title='bbox 3721 1257 3833 1312; x_wconf 89' lang='lat' dir='ltr'><strong>quo</strong></span> <span class='ocrx_word' id='word_1_580' title='bbox 3855 1253 3980 1298; x_wconf 84' lang='lat' dir='ltr'><strong>est:</strong></span> 
     </span>
    </p>
   </div>
   <div class='ocr_carea' id='block_1_71' title="bbox 2393 1319 3984 1404">
    <p class='ocr_par' dir='ltr' id='par_1_71' title="bbox 2393 1319 3984 1404">
     <span class='ocr_line' id='line_1_71' title="bbox 2393 1319 3984 1404; baseline 0.011 -32"><span class='ocrx_word' id='word_1_581' title='bbox 2393 1319 2869 1388; x_wconf 85' lang='lat' dir='ltr'><strong>respondebimus,</strong></span> <span class='ocrx_word' id='word_1_582' title='bbox 2901 1322 3016 1379; x_wconf 62' lang='lat' dir='ltr'><strong>haec</strong></span> <span class='ocrx_word' id='word_1_583' title='bbox 3041 1339 3108 1380; x_wconf 89' lang='lat' dir='ltr'><strong>ex</strong></span> <span class='ocrx_word' id='word_1_584' title='bbox 3140 1325 3388 1382; x_wconf 83' lang='lat' dir='ltr'><strong>humanis</strong></span> <span class='ocrx_word' id='word_1_585' title='bbox 3419 1330 3834 1397; x_wconf 80' lang='lat' dir='ltr'><strong>cogitationibus</strong></span> <span class='ocrx_word' id='word_1_586' title='bbox 3862 1349 3984 1404; x_wconf 85' lang='lat' dir='ltr'><strong>pro-</strong></span> 
     </span>
    </p>
   </div>
   <div class='ocr_carea' id='block_1_72' title="bbox 2393 1407 3984 1496">
    <p class='ocr_par' dir='ltr' id='par_1_72' title="bbox 2393 1407 3984 1496">
     <span class='ocr_line' id='line_1_72' title="bbox 2393 1407 3984 1496; baseline 0.011 -33"><span class='ocrx_word' id='word_1_587' title='bbox 2393 1407 2576 1476; x_wconf 74' lang='lat' dir='ltr'><strong>ﬁcisci,</strong></span> <span class='ocrx_word' id='word_1_588' title='bbox 2599 1421 2654 1467; x_wconf 89' lang='lat' dir='ltr'><strong>et</strong></span> <span class='ocrx_word' id='word_1_589' title='bbox 2682 1427 2805 1468; x_wconf 88' lang='lat' dir='ltr'><strong>eum</strong></span> <span class='ocrx_word' id='word_1_590' title='bbox 2834 1413 2926 1486; x_wconf 89' lang='lat' dir='ltr'><strong>qui</strong></span> <span class='ocrx_word' id='word_1_591' title='bbox 2951 1414 3067 1471; x_wconf 65' lang='lat' dir='ltr'><strong>haec</strong></span> <span class='ocrx_word' id='word_1_592' title='bbox 3091 1417 3302 1486; x_wconf 59' lang='lat' dir='ltr'><strong>quaerit,</strong></span> <span class='ocrx_word' id='word_1_593' title='bbox 3321 1417 3631 1476; x_wconf 84' lang='lat' dir='ltr'><strong>absurdiora</strong></span> <span class='ocrx_word' id='word_1_594' title='bbox 3661 1423 3821 1479; x_wconf 86' lang='lat' dir='ltr'><strong>etiam</strong></span> <span class='ocrx_word' id='word_1_595' title='bbox 3845 1440 3984 1496; x_wconf 67' lang='lat' dir='ltr'><strong>qua:-</strong></span> 
     </span>
    </p>
   </div>
   <div class='ocr_carea' id='block_1_73' title="bbox 2340 1498 3980 1585">
    <p class='ocr_par' dir='ltr' id='par_1_73' title="bbox 2340 1498 3980 1585">
     <span class='ocr_line' id='line_1_73' title="bbox 2340 1498 3980 1585; baseline 0.013 -33"><span class='ocrx_word' id='word_1_596' title='bbox 2340 1511 2342 1513; x_wconf 68' lang='lat'><strong><em>’</em></strong></span> <span class='ocrx_word' id='word_1_597' title='bbox 2390 1498 2616 1557; x_wconf 88' lang='lat' dir='ltr'><strong>siturum</strong></span> <span class='ocrx_word' id='word_1_598' title='bbox 2645 1516 2800 1570; x_wconf 82' lang='lat' dir='ltr'><strong>esse;</strong></span> <span class='ocrx_word' id='word_1_599' title='bbox 2823 1519 2924 1560; x_wconf 88' lang='lat' dir='ltr'><strong>nec</strong></span> <span class='ocrx_word' id='word_1_600' title='bbox 2961 1519 3084 1562; x_wconf 87' lang='lat' dir='ltr'><strong>esse</strong></span> <span class='ocrx_word' id='word_1_601' title='bbox 3125 1499 3338 1564; x_wconf 64' lang='lat' dir='ltr'><strong>nam</strong></span> <span class='ocrx_word' id='word_1_602' title='bbox 3377 1510 3595 1566; x_wconf 75' lang='lat' dir='ltr'><strong>auribus</strong></span> <span class='ocrx_word' id='word_1_603' title='bbox 3619 1515 3980 1585; x_wconf 84' lang='lat' dir='ltr'><strong>percipienda.</strong></span> 
     </span>
    </p>
   </div>
   <div class='ocr_carea' id='block_1_74' title="bbox 2395 1593 3983 1670">
    <p class='ocr_par' dir='ltr' id='par_1_74' title="bbox 2395 1593 3983 1670">
     <span class='ocr_line' id='line_1_74' title="bbox 2395 1593 3983 1670; baseline 0.011 -22"><span class='ocrx_word' id='word_1_604' title='bbox 2395 1593 2468 1650; x_wconf 91' lang='lat' dir='ltr'><strong>De</strong></span> <span class='ocrx_word' id='word_1_605' title='bbox 2517 1596 2624 1653; x_wconf 90' lang='lat' dir='ltr'><strong>Deo</strong></span> <span class='ocrx_word' id='word_1_606' title='bbox 2653 1598 2852 1670; x_wconf 88' lang='lat' dir='ltr'><strong>quippe</strong></span> <span class='ocrx_word' id='word_1_607' title='bbox 2891 1600 3045 1656; x_wconf 89' lang='lat' dir='ltr'><strong>nobis</strong></span> <span class='ocrx_word' id='word_1_608' title='bbox 3087 1611 3170 1657; x_wconf 89' lang='lat' dir='ltr'><strong>est</strong></span> <span class='ocrx_word' id='word_1_609' title='bbox 3215 1617 3430 1668; x_wconf 87' lang='lat' dir='ltr'><strong>sermo,</strong></span> <span class='ocrx_word' id='word_1_610' title='bbox 3475 1620 3578 1660; x_wconf 91' lang='lat' dir='ltr'><strong>non</strong></span> <span class='ocrx_word' id='word_1_611' title='bbox 3605 1607 3672 1662; x_wconf 89' lang='lat' dir='ltr'><strong>de</strong></span> <span class='ocrx_word' id='word_1_612' title='bbox 3705 1609 3983 1666; x_wconf 79' lang='lat' dir='ltr'><strong>hominum</strong></span> 
     </span>
    </p>
   </div>
   <div class='ocr_carea' id='block_1_75' title="bbox 2392 1690 3986 1770">
    <p class='ocr_par' dir='ltr' id='par_1_75' title="bbox 2392 1690 3986 1770">
     <span class='ocr_line' id='line_1_75' title="bbox 2392 1690 3986 1770; baseline 0.013 -29"><span class='ocrx_word' id='word_1_613' title='bbox 2392 1696 2616 1755; x_wconf 89' lang='lat' dir='ltr'><strong>natura,</strong></span> <span class='ocrx_word' id='word_1_614' title='bbox 2670 1690 2976 1765; x_wconf 86' lang='lat' dir='ltr'><strong>hujusmodi</strong></span> <span class='ocrx_word' id='word_1_615' title='bbox 3029 1695 3432 1751; x_wconf 88' lang='lat' dir='ltr'><strong>ratiociniorum</strong></span> <span class='ocrx_word' id='word_1_616' title='bbox 3482 1693 3884 1770; x_wconf 75' lang='lat' dir='ltr'><strong>conSeqnentim</strong></span> <span class='ocrx_word' id='word_1_617' title='bbox 3929 1713 3986 1762; x_wconf 80' lang='lat' dir='ltr'><strong>et</strong></span> 
     </span>
    </p>
   </div>
   <div class='ocr_carea' id='block_1_76' title="bbox 2391 1780 3986 1853">
    <p class='ocr_par' dir='ltr' id='par_1_76' title="bbox 2391 1780 3986 1853">
     <span class='ocr_line' id='line_1_76' title="bbox 2391 1780 3986 1853; baseline 0.013 -21"><span class='ocrx_word' id='word_1_618' title='bbox 2391 1780 2696 1836; x_wconf 88' lang='lat' dir='ltr'><strong>necessitati</strong></span> <span class='ocrx_word' id='word_1_619' title='bbox 2726 1782 2987 1852; x_wconf 86' lang='lat' dir='ltr'><strong>subjecta.</strong></span> <span class='ocrx_word' id='word_1_620' title='bbox 3013 1783 3396 1842; x_wconf 79' lang='lat' dir='ltr'><strong>Verumtamen</strong></span> <span class='ocrx_word' id='word_1_621' title='bbox 3423 1788 3490 1843; x_wconf 89' lang='lat' dir='ltr'><strong>ad</strong></span> <span class='ocrx_word' id='word_1_622' title='bbox 3521 1787 3845 1850; x_wconf 76' lang='lat' dir='ltr'><strong>inﬁrmiores</strong></span> <span class='ocrx_word' id='word_1_623' title='bbox 3892 1811 3986 1853; x_wconf 86' lang='lat' dir='ltr'><strong>ro-</strong></span> 
     </span>
    </p>
   </div>
   <div class='ocr_carea' id='block_1_77' title="bbox 2391 1868 3149 1941">
    <p class='ocr_par' dir='ltr' id='par_1_77' title="bbox 2391 1868 3149 1941">
     <span class='ocr_line' id='line_1_77' title="bbox 2391 1868 3149 1941; baseline 0.012 -18"><span class='ocrx_word' id='word_1_624' title='bbox 2391 1868 2659 1927; x_wconf 76' lang='lat' dir='ltr'><strong>borandus</strong></span> <span class='ocrx_word' id='word_1_625' title='bbox 2685 1874 3149 1941; x_wconf 80' lang='lat' dir='ltr'><strong>respondebimus.</strong></span> 
     </span>
    </p>
   </div>
   <div class='ocr_carea' id='block_1_78' title="bbox 2463 1963 3989 2038">
    <p class='ocr_par' dir='ltr' id='par_1_78' title="bbox 2463 1963 3989 2038">
     <span class='ocr_line' id='line_1_78' title="bbox 2463 1963 3989 2038; baseline 0.013 -20"><span class='ocrx_word' id='word_1_626' title='bbox 2463 1963 2519 2020; x_wconf 71' lang='lat'><strong>2.</strong></span> <span class='ocrx_word' id='word_1_627' title='bbox 2553 1964 2648 2020; x_wconf 91' lang='lat' dir='ltr'><strong>Dic</strong></span> <span class='ocrx_word' id='word_1_628' title='bbox 2672 1981 2801 2038; x_wconf 89' lang='lat' dir='ltr'><strong>ergo</strong></span> <span class='ocrx_word' id='word_1_629' title='bbox 2829 1967 2995 2023; x_wconf 88' lang='lat' dir='ltr'><strong>mihi:</strong></span> <span class='ocrx_word' id='word_1_630' title='bbox 3026 1968 3227 2038; x_wconf 80' lang='lat' dir='ltr'><strong>Radius</strong></span> <span class='ocrx_word' id='word_1_631' title='bbox 3268 1973 3398 2029; x_wconf 80' lang='lat' dir='ltr'><strong>solis</strong></span> <span class='ocrx_word' id='word_1_632' title='bbox 3433 1989 3499 2030; x_wconf 91' lang='lat' dir='ltr'><strong>ex</strong></span> <span class='ocrx_word' id='word_1_633' title='bbox 3549 1986 3812 2035; x_wconf 85' lang='lat' dir='ltr'><strong>naturane</strong></span> <span class='ocrx_word' id='word_1_634' title='bbox 3853 1981 3989 2038; x_wconf 86' lang='lat' dir='ltr'><strong>solis</strong></span> 
     </span>
    </p>
   </div>
   <div class='ocr_carea' id='block_1_79' title="bbox 2392 2055 3988 2136">
    <p class='ocr_par' dir='ltr' id='par_1_79' title="bbox 2392 2055 3988 2136">
     <span class='ocr_line' id='line_1_79' title="bbox 2392 2055 3988 2136; baseline 0.012 -27"><span class='ocrx_word' id='word_1_635' title='bbox 2392 2055 2604 2122; x_wconf 87' lang='lat' dir='ltr'><strong>exsilit,</strong></span> <span class='ocrx_word' id='word_1_636' title='bbox 2635 2072 2702 2111; x_wconf 90' lang='lat' dir='ltr'><strong>an</strong></span> <span class='ocrx_word' id='word_1_637' title='bbox 2729 2057 2987 2114; x_wconf 80' lang='lat' dir='ltr'><strong>aliunde?</strong></span> <span class='ocrx_word' id='word_1_638' title='bbox 3014 2059 3326 2119; x_wconf 87' lang='lat' dir='ltr'><strong>Necessario</strong></span> <span class='ocrx_word' id='word_1_639' title='bbox 3365 2064 3659 2136; x_wconf 73' lang='lat' dir='ltr'><strong>fatendum,</strong></span> <span class='ocrx_word' id='word_1_640' title='bbox 3690 2070 3790 2124; x_wconf 88' lang='lat' dir='ltr'><strong>nisi</strong></span> <span class='ocrx_word' id='word_1_641' title='bbox 3815 2075 3988 2127; x_wconf 87' lang='lat' dir='ltr'><strong>sensi-</strong></span> 
     </span>
    </p>
   </div>
   <div class='ocr_carea' id='block_1_80' title="bbox 2391 2144 3986 2227">
    <p class='ocr_par' dir='ltr' id='par_1_80' title="bbox 2391 2144 3986 2227">
     <span class='ocr_line' id='line_1_80' title="bbox 2391 2144 3986 2227; baseline 0.013 -27"><span class='ocrx_word' id='word_1_642' title='bbox 2391 2144 2491 2201; x_wconf 89' lang='lat' dir='ltr'><strong>bus</strong></span> <span class='ocrx_word' id='word_1_643' title='bbox 2522 2149 2672 2203; x_wconf 82' lang='lat' dir='ltr'><strong>vacui</strong></span> <span class='ocrx_word' id='word_1_644' title='bbox 2716 2150 2907 2217; x_wconf 86' lang='lat' dir='ltr'><strong>simus,</strong></span> <span class='ocrx_word' id='word_1_645' title='bbox 2934 2165 3000 2206; x_wconf 85' lang='lat' dir='ltr'><strong>ex</strong></span> <span class='ocrx_word' id='word_1_646' title='bbox 3030 2152 3148 2222; x_wconf 87' lang='lat' dir='ltr'><strong>ejus</strong></span> <span class='ocrx_word' id='word_1_647' title='bbox 3186 2163 3375 2210; x_wconf 89' lang='lat' dir='ltr'><strong>natura</strong></span> <span class='ocrx_word' id='word_1_648' title='bbox 3418 2156 3653 2227; x_wconf 89' lang='lat' dir='ltr'><strong>prodire.</strong></span> <span class='ocrx_word' id='word_1_649' title='bbox 3687 2159 3751 2215; x_wconf 83' lang='lat' dir='ltr'><strong>Et</strong></span> <span class='ocrx_word' id='word_1_650' title='bbox 3803 2170 3986 2220; x_wconf 80' lang='lat' dir='ltr'><strong>tamen</strong></span> 
     </span>
    </p>
   </div>
   <div class='ocr_carea' id='block_1_81' title="bbox 2392 2235 3988 2323">
    <p class='ocr_par' dir='ltr' id='par_1_81' title="bbox 2392 2235 3988 2323">
     <span class='ocr_line' id='line_1_81' title="bbox 2392 2235 3988 2323; baseline 0.011 -32"><span class='ocrx_word' id='word_1_651' title='bbox 2392 2235 2517 2292; x_wconf 87' lang='lat' dir='ltr'><strong>licet</strong></span> <span class='ocrx_word' id='word_1_652' title='bbox 2534 2254 2599 2294; x_wconf 92' lang='lat' dir='ltr'><strong>ex</strong></span> <span class='ocrx_word' id='word_1_653' title='bbox 2623 2239 2738 2295; x_wconf 89' lang='lat' dir='ltr'><strong>sole</strong></span> <span class='ocrx_word' id='word_1_654' title='bbox 2759 2239 2942 2296; x_wconf 89' lang='lat' dir='ltr'><strong>radius</strong></span> <span class='ocrx_word' id='word_1_655' title='bbox 2961 2236 3206 2314; x_wconf 88' lang='lat' dir='ltr'><strong>prodeat,</strong></span> <span class='ocrx_word' id='word_1_656' title='bbox 3233 2261 3523 2318; x_wconf 88' lang='lat' dir='ltr'><strong>numquam</strong></span> <span class='ocrx_word' id='word_1_657' title='bbox 3547 2249 3788 2306; x_wconf 88' lang='lat' dir='ltr'><strong>dicemus</strong></span> <span class='ocrx_word' id='word_1_658' title='bbox 3810 2252 3988 2323; x_wconf 75' lang='lat' dir='ltr'><strong>ipsum</strong></span> 
     </span>
    </p>
   </div>
   <div class='ocr_carea' id='block_1_82' title="bbox 2392 2329 3993 2412">
    <p class='ocr_par' dir='ltr' id='par_1_82' title="bbox 2392 2329 3993 2412">
     <span class='ocr_line' id='line_1_82' title="bbox 2392 2329 3993 2412; baseline 0.011 -29"><span class='ocrx_word' id='word_1_659' title='bbox 2392 2341 2512 2383; x_wconf 89' lang='lat' dir='ltr'><strong>esse</strong></span> <span class='ocrx_word' id='word_1_660' title='bbox 2541 2329 2701 2384; x_wconf 85' lang='lat' dir='ltr'><strong>solari</strong></span> <span class='ocrx_word' id='word_1_661' title='bbox 2734 2343 2922 2387; x_wconf 87' lang='lat' dir='ltr'><strong>natura</strong></span> <span class='ocrx_word' id='word_1_662' title='bbox 2954 2335 3309 2402; x_wconf 86' lang='lat' dir='ltr'><strong>posteriorem</strong></span> <span class='ocrx_word' id='word_1_663' title='bbox 3335 2354 3350 2391; x_wconf 92' lang='lat'><strong>:</strong></span> <span class='ocrx_word' id='word_1_664' title='bbox 3377 2338 3811 2412; x_wconf 86' lang='lat' dir='ltr'><strong>quandoquidem</strong></span> <span class='ocrx_word' id='word_1_665' title='bbox 3836 2359 3993 2399; x_wconf 85' lang='lat' dir='ltr'><strong>num-</strong></span> 
     </span>
    </p>
   </div>
   <div class='ocr_carea' id='block_1_83' title="bbox 2393 2421 3993 2497">
    <p class='ocr_par' dir='ltr' id='par_1_83' title="bbox 2393 2421 3993 2497">
     <span class='ocr_line' id='line_1_83' title="bbox 2393 2421 3993 2497; baseline 0.012 -24"><span class='ocrx_word' id='word_1_666' title='bbox 2393 2434 2555 2490; x_wconf 90' lang='lat' dir='ltr'><strong>quam</strong></span> <span class='ocrx_word' id='word_1_667' title='bbox 2584 2421 2666 2477; x_wconf 84' lang='lat' dir='ltr'><strong>sol</strong></span> <span class='ocrx_word' id='word_1_668' title='bbox 2692 2423 2809 2478; x_wconf 88' lang='lat' dir='ltr'><strong>sine</strong></span> <span class='ocrx_word' id='word_1_669' title='bbox 2839 2424 2991 2480; x_wconf 81' lang='lat' dir='ltr'><strong>radio</strong></span> <span class='ocrx_word' id='word_1_670' title='bbox 3017 2428 3170 2482; x_wconf 85' lang='lat' dir='ltr'><strong>visus</strong></span> <span class='ocrx_word' id='word_1_671' title='bbox 3194 2436 3297 2484; x_wconf 86' lang='lat' dir='ltr'><strong>est.</strong></span> <span class='ocrx_word' id='word_1_672' title='bbox 3325 2427 3480 2497; x_wconf 89' lang='lat' dir='ltr'><strong>Quod</strong></span> <span class='ocrx_word' id='word_1_673' title='bbox 3507 2431 3553 2486; x_wconf 85' lang='lat' dir='ltr'><strong>si</strong></span> <span class='ocrx_word' id='word_1_674' title='bbox 3597 2432 3650 2487; x_wconf 92' lang='lat' dir='ltr'><strong>in</strong></span> <span class='ocrx_word' id='word_1_675' title='bbox 3691 2432 3775 2490; x_wconf 85' lang='lat' dir='ltr'><strong>his</strong></span> <span class='ocrx_word' id='word_1_676' title='bbox 3800 2436 3993 2491; x_wconf 79' lang='lat' dir='ltr'><strong>visibi-</strong></span> 
     </span>
    </p>
   </div>
   <div class='ocr_carea' id='block_1_84' title="bbox 2393 2512 3991 2598">
    <p class='ocr_par' dir='ltr' id='par_1_84' title="bbox 2393 2512 3991 2598">
     <span class='ocr_line' id='line_1_84' title="bbox 2393 2512 3991 2598; baseline 0.009 -31"><span class='ocrx_word' id='word_1_677' title='bbox 2393 2512 2531 2569; x_wconf 81' lang='lat' dir='ltr'><strong>libus</strong></span> <span class='ocrx_word' id='word_1_678' title='bbox 2559 2523 2614 2569; x_wconf 90' lang='lat' dir='ltr'><strong>et</strong></span> <span class='ocrx_word' id='word_1_679' title='bbox 2653 2512 2997 2572; x_wconf 83' lang='lat' dir='ltr'><strong>sensibilibus</strong></span> <span class='ocrx_word' id='word_1_680' title='bbox 3023 2519 3293 2590; x_wconf 87' lang='lat' dir='ltr'><strong>quidpiam</strong></span> <span class='ocrx_word' id='word_1_681' title='bbox 3320 2522 3391 2576; x_wconf 89' lang='lat' dir='ltr'><strong>sit</strong></span> <span class='ocrx_word' id='word_1_682' title='bbox 3425 2523 3566 2592; x_wconf 90' lang='lat' dir='ltr'><strong>quod</strong></span> <span class='ocrx_word' id='word_1_683' title='bbox 3597 2525 3666 2578; x_wconf 83' lang='lat' dir='ltr'><strong>sit</strong></span> <span class='ocrx_word' id='word_1_684' title='bbox 3693 2539 3756 2580; x_wconf 82' lang='lat' dir='ltr'><strong>ex</strong></span> <span class='ocrx_word' id='word_1_685' title='bbox 3783 2526 3991 2598; x_wconf 85' lang='lat' dir='ltr'><strong>aliquo.</strong></span> 
     </span>
    </p>
   </div>
   <div class='ocr_carea' id='block_1_85' title="bbox 2392 2606 3995 2675">
    <p class='ocr_par' dir='ltr' id='par_1_85' title="bbox 2392 2606 3995 2675">
     <span class='ocr_line' id='line_1_85' title="bbox 2392 2606 3995 2675; baseline 0.011 -18"><span class='ocrx_word' id='word_1_686' title='bbox 2392 2617 2566 2674; x_wconf 88' lang='lat' dir='ltr'><strong>neque</strong></span> <span class='ocrx_word' id='word_1_687' title='bbox 2596 2606 2860 2674; x_wconf 89' lang='lat' dir='ltr'><strong>posterius</strong></span> <span class='ocrx_word' id='word_1_688' title='bbox 2899 2607 2968 2662; x_wconf 89' lang='lat' dir='ltr'><strong>sit</strong></span> <span class='ocrx_word' id='word_1_689' title='bbox 2999 2607 3128 2675; x_wconf 88' lang='lat' dir='ltr'><strong>illo;</strong></span> <span class='ocrx_word' id='word_1_690' title='bbox 3161 2624 3260 2664; x_wconf 89' lang='lat' dir='ltr'><strong>cur</strong></span> <span class='ocrx_word' id='word_1_691' title='bbox 3286 2611 3337 2665; x_wconf 92' lang='lat' dir='ltr'><strong>id</strong></span> <span class='ocrx_word' id='word_1_692' title='bbox 3370 2626 3474 2666; x_wconf 91' lang='lat' dir='ltr'><strong>non</strong></span> <span class='ocrx_word' id='word_1_693' title='bbox 3502 2614 3680 2670; x_wconf 77' lang='lat' dir='ltr'><strong>credis</strong></span> <span class='ocrx_word' id='word_1_694' title='bbox 3704 2615 3773 2671; x_wconf 89' lang='lat' dir='ltr'><strong>de</strong></span> <span class='ocrx_word' id='word_1_695' title='bbox 3799 2616 3995 2673; x_wconf 86' lang='lat' dir='ltr'><strong>invisi-</strong></span> 
     </span>
    </p>
   </div>
   <div class='ocr_carea' id='block_1_86' title="bbox 2392 2694 3993 2777">
    <p class='ocr_par' dir='ltr' id='par_1_86' title="bbox 2392 2694 3993 2777">
     <span class='ocr_line' id='line_1_86' title="bbox 2392 2694 3993 2777; baseline 0.01 -27"><span class='ocrx_word' id='word_1_696' title='bbox 2392 2694 2483 2751; x_wconf 88' lang='lat' dir='ltr'><strong>bili</strong></span> <span class='ocrx_word' id='word_1_697' title='bbox 2506 2705 2563 2752; x_wconf 90' lang='lat' dir='ltr'><strong>et</strong></span> <span class='ocrx_word' id='word_1_698' title='bbox 2583 2698 2834 2754; x_wconf 80' lang='lat' dir='ltr'><strong>ineﬂ&#39;abili</strong></span> <span class='ocrx_word' id='word_1_699' title='bbox 2858 2708 3044 2756; x_wconf 87' lang='lat' dir='ltr'><strong>natura</strong></span> <span class='ocrx_word' id='word_1_700' title='bbox 3061 2702 3085 2755; x_wconf 65' lang='grc' dir='ltr'><em>ἲ</em></span> <span class='ocrx_word' id='word_1_701' title='bbox 3104 2703 3268 2759; x_wconf 86' lang='lat' dir='ltr'><strong>Certe</strong></span> <span class='ocrx_word' id='word_1_702' title='bbox 3290 2703 3392 2760; x_wconf 88' lang='lat' dir='ltr'><strong>hoc</strong></span> <span class='ocrx_word' id='word_1_703' title='bbox 3413 2705 3586 2776; x_wconf 82' lang='lat' dir='ltr'><strong>ipsum</strong></span> <span class='ocrx_word' id='word_1_704' title='bbox 3618 2707 3689 2762; x_wconf 89' lang='lat' dir='ltr'><strong>ita</strong></span> <span class='ocrx_word' id='word_1_705' title='bbox 3718 2723 3777 2764; x_wconf 89' lang='lat' dir='ltr'><strong>se</strong></span> <span class='ocrx_word' id='word_1_706' title='bbox 3803 2709 3993 2777; x_wconf 85' lang='lat' dir='ltr'><strong>habet,</strong></span> 
     </span>
    </p>
   </div>
   <div class='ocr_carea' id='block_1_87' title="bbox 2390 2787 3994 2868">
    <p class='ocr_par' dir='ltr' id='par_1_87' title="bbox 2390 2787 3994 2868">
     <span class='ocr_line' id='line_1_87' title="bbox 2390 2787 3994 2868; baseline 0.01 -26"><span class='ocrx_word' id='word_1_707' title='bbox 2390 2796 2450 2843; x_wconf 91' lang='lat' dir='ltr'><strong>ut</strong></span> <span class='ocrx_word' id='word_1_708' title='bbox 2501 2787 2642 2844; x_wconf 89' lang='lat' dir='ltr'><strong>illam</strong></span> <span class='ocrx_word' id='word_1_709' title='bbox 2685 2790 3038 2846; x_wconf 88' lang='lat' dir='ltr'><strong>substantiam</strong></span> <span class='ocrx_word' id='word_1_710' title='bbox 3069 2793 3244 2850; x_wconf 87' lang='lat' dir='ltr'><strong>decet.</strong></span> <span class='ocrx_word' id='word_1_711' title='bbox 3302 2794 3529 2867; x_wconf 93' lang='lat' dir='ltr'><strong>Ideoque</strong></span> <span class='ocrx_word' id='word_1_712' title='bbox 3558 2798 3752 2856; x_wconf 89' lang='lat' dir='ltr'><strong>Paulus</strong></span> <span class='ocrx_word' id='word_1_713' title='bbox 3779 2800 3799 2868; x_wconf 84' lang='lat'><strong>(</strong></span> <span class='ocrx_word' id='word_1_714' title='bbox 3821 2799 3994 2859; x_wconf 76' lang='lat' dir='ltr'><strong>Hebr.</strong></span> 
     </span>
    </p>
   </div>
   <div class='ocr_carea' id='block_1_88' title="bbox 2392 2877 3997 2953">
    <p class='ocr_par' dir='ltr' id='par_1_88' title="bbox 2392 2877 3997 2953">
     <span class='ocr_line' id='line_1_88' title="bbox 2392 2877 3997 2953; baseline 0.012 -19"><span class='ocrx_word' id='word_1_715' title='bbox 2392 2877 2447 2934; x_wconf 77' lang='grc' dir='ltr'><strong>Ι.</strong></span> <span class='ocrx_word' id='word_1_716' title='bbox 2474 2878 2545 2951; x_wconf 73' lang='lat'><strong>5)</strong></span> <span class='ocrx_word' id='word_1_717' title='bbox 2575 2895 2642 2936; x_wconf 91' lang='lat' dir='ltr'><strong>eo</strong></span> <span class='ocrx_word' id='word_1_718' title='bbox 2670 2880 2842 2952; x_wconf 88' lang='lat' dir='ltr'><strong>ipsum</strong></span> <span class='ocrx_word' id='word_1_719' title='bbox 2867 2885 3080 2940; x_wconf 88' lang='lat' dir='ltr'><strong>vocavit</strong></span> <span class='ocrx_word' id='word_1_720' title='bbox 3105 2887 3337 2953; x_wconf 90' lang='lat' dir='ltr'><strong>nomine,</strong></span> <span class='ocrx_word' id='word_1_721' title='bbox 3359 2889 3516 2944; x_wconf 90' lang='lat' dir='ltr'><strong>simul</strong></span> <span class='ocrx_word' id='word_1_722' title='bbox 3543 2890 3822 2949; x_wconf 76' lang='lat' dir='ltr'><strong>declarans</strong></span> <span class='ocrx_word' id='word_1_723' title='bbox 3840 2905 3899 2950; x_wconf 91' lang='lat' dir='ltr'><strong>et</strong></span> <span class='ocrx_word' id='word_1_724' title='bbox 3926 2911 3997 2952; x_wconf 88' lang='lat' dir='ltr'><strong>cx</strong></span> 
     </span>
    </p>
   </div>
   <div class='ocr_carea' id='block_1_89' title="bbox 2390 2967 3993 3052">
    <p class='ocr_par' dir='ltr' id='par_1_89' title="bbox 2390 2967 3993 3052">
     <span class='ocr_line' id='line_1_89' title="bbox 2390 2967 3993 3052; baseline 0.011 -29"><span class='ocrx_word' id='word_1_725' title='bbox 2390 2967 2509 3039; x_wconf 89' lang='lat' dir='ltr'><strong>ipso</strong></span> <span class='ocrx_word' id='word_1_726' title='bbox 2532 2978 2588 3026; x_wconf 91' lang='lat' dir='ltr'><strong>et</strong></span> <span class='ocrx_word' id='word_1_727' title='bbox 2611 2981 2938 3029; x_wconf 75' lang='lat' dir='ltr'><strong>ceteternum</strong></span> <span class='ocrx_word' id='word_1_728' title='bbox 2978 2975 3075 3045; x_wconf 88' lang='lat' dir='ltr'><strong>ipsi</strong></span> <span class='ocrx_word' id='word_1_729' title='bbox 3120 2990 3261 3032; x_wconf 87' lang='lat' dir='ltr'><strong>esse.</strong></span> <span class='ocrx_word' id='word_1_730' title='bbox 3293 2976 3430 3045; x_wconf 86' lang='lat' dir='ltr'><strong>Quid</strong></span> <span class='ocrx_word' id='word_1_731' title='bbox 3473 2980 3668 3050; x_wconf 85' lang='lat' dir='ltr'><strong>igitur?</strong></span> <span class='ocrx_word' id='word_1_732' title='bbox 3692 2983 3779 3038; x_wconf 90' lang='lat' dir='ltr'><strong>dic</strong></span> <span class='ocrx_word' id='word_1_733' title='bbox 3822 2985 3993 3052; x_wconf 85' lang='lat' dir='ltr'><strong>mihi,</strong></span> 
     </span>
    </p>
   </div>
   <div class='ocr_carea' id='block_1_90' title="bbox 2389 3065 3998 3144">
    <p class='ocr_par' dir='ltr' id='par_1_90' title="bbox 2389 3065 3998 3144">
     <span class='ocr_line' id='line_1_90' title="bbox 2389 3065 3998 3144; baseline 0.011 -28"><span class='ocrx_word' id='word_1_734' title='bbox 2389 3077 2567 3118; x_wconf 86' lang='lat' dir='ltr'><strong>annon</strong></span> <span class='ocrx_word' id='word_1_735' title='bbox 2588 3065 2783 3120; x_wconf 65' lang='lat' dir='ltr'><strong>saecula</strong></span> <span class='ocrx_word' id='word_1_736' title='bbox 2805 3067 2982 3122; x_wconf 88' lang='lat' dir='ltr'><strong>omnia</strong></span> <span class='ocrx_word' id='word_1_737' title='bbox 3006 3075 3060 3122; x_wconf 91' lang='lat' dir='ltr'><strong>et</strong></span> <span class='ocrx_word' id='word_1_738' title='bbox 3084 3069 3314 3139; x_wconf 89' lang='lat' dir='ltr'><strong>spatium</strong></span> <span class='ocrx_word' id='word_1_739' title='bbox 3343 3085 3503 3126; x_wconf 89' lang='lat' dir='ltr'><strong>omne</strong></span> <span class='ocrx_word' id='word_1_740' title='bbox 3529 3088 3626 3142; x_wconf 85' lang='lat' dir='ltr'><strong>per</strong></span> <span class='ocrx_word' id='word_1_741' title='bbox 3645 3073 3819 3144; x_wconf 90' lang='lat' dir='ltr'><strong>ipsum</strong></span> <span class='ocrx_word' id='word_1_742' title='bbox 3842 3076 3998 3134; x_wconf 78' lang='lat' dir='ltr'><strong>facta</strong></span> 
     </span>
    </p>
   </div>
   <div class='ocr_carea' id='block_1_91' title="bbox 2390 3155 3998 3234">
    <p class='ocr_par' dir='ltr' id='par_1_91' title="bbox 2390 3155 3998 3234">
     <span class='ocr_line' id='line_1_91' title="bbox 2390 3155 3998 3234; baseline 0.011 -25"><span class='ocrx_word' id='word_1_743' title='bbox 2390 3155 2563 3210; x_wconf 79' lang='lat' dir='ltr'><strong>sunt?</strong></span> <span class='ocrx_word' id='word_1_744' title='bbox 2592 3155 2704 3212; x_wconf 89' lang='lat' dir='ltr'><strong>Hoc</strong></span> <span class='ocrx_word' id='word_1_745' title='bbox 2728 3157 3051 3214; x_wconf 80' lang='lat' dir='ltr'><strong>conﬁteatur</strong></span> <span class='ocrx_word' id='word_1_746' title='bbox 3090 3174 3312 3217; x_wconf 87' lang='lat' dir='ltr'><strong>necesse</strong></span> <span class='ocrx_word' id='word_1_747' title='bbox 3338 3171 3422 3216; x_wconf 90' lang='lat' dir='ltr'><strong>est</strong></span> <span class='ocrx_word' id='word_1_748' title='bbox 3449 3161 3495 3217; x_wconf 88' lang='lat' dir='ltr'><strong>is</strong></span> <span class='ocrx_word' id='word_1_749' title='bbox 3519 3204 3535 3230; x_wconf 93' lang='lat'><strong>,</strong></span> <span class='ocrx_word' id='word_1_750' title='bbox 3565 3165 3658 3234; x_wconf 92' lang='lat' dir='ltr'><strong>qui</strong></span> <span class='ocrx_word' id='word_1_751' title='bbox 3687 3177 3872 3223; x_wconf 87' lang='lat' dir='ltr'><strong>mente</strong></span> <span class='ocrx_word' id='word_1_752' title='bbox 3903 3184 3998 3226; x_wconf 86' lang='lat' dir='ltr'><strong>ca-</strong></span> 
     </span>
    </p>
   </div>
   <div class='ocr_carea' id='block_1_92' title="bbox 2389 3237 4003 3321">
    <p class='ocr_par' dir='ltr' id='par_1_92' title="bbox 2389 3237 4003 3321">
     <span class='ocr_line' id='line_1_92' title="bbox 2389 3237 4003 3321; baseline 0.012 -20"><span class='ocrx_word' id='word_1_753' title='bbox 2389 3255 2511 3318; x_wconf 86' lang='lat' dir='ltr'><strong>ptus</strong></span> <span class='ocrx_word' id='word_1_754' title='bbox 2537 3262 2641 3304; x_wconf 92' lang='lat' dir='ltr'><strong>non</strong></span> <span class='ocrx_word' id='word_1_755' title='bbox 2670 3249 2761 3304; x_wconf 90' lang='lat' dir='ltr'><strong>sit.</strong></span> <span class='ocrx_word' id='word_1_756' title='bbox 2797 3251 2934 3321; x_wconf 84' lang='lat' dir='ltr'><strong>Ergo</strong></span> <span class='ocrx_word' id='word_1_757' title='bbox 2963 3250 3094 3307; x_wconf 88' lang='lat' dir='ltr'><strong>nihil</strong></span> <span class='ocrx_word' id='word_1_758' title='bbox 3123 3251 3363 3309; x_wconf 88' lang='lat' dir='ltr'><strong>medium</strong></span> <span class='ocrx_word' id='word_1_759' title='bbox 3405 3263 3490 3311; x_wconf 88' lang='lat' dir='ltr'><strong>est</strong></span> <span class='ocrx_word' id='word_1_760' title='bbox 3524 3237 3676 3313; x_wconf 81' lang='lat' dir='ltr'><strong>inter</strong></span> <span class='ocrx_word' id='word_1_761' title='bbox 3703 3257 3906 3316; x_wconf 82' lang='lat' dir='ltr'><strong>Filium</strong></span> <span class='ocrx_word' id='word_1_762' title='bbox 3942 3272 4003 3320; x_wconf 87' lang='lat' dir='ltr'><strong>et</strong></span> 
     </span>
    </p>
   </div>
   <div class='ocr_carea' id='block_1_93' title="bbox 2389 3337 4006 3415">
    <p class='ocr_par' dir='ltr' id='par_1_93' title="bbox 2389 3337 4006 3415">
     <span class='ocr_line' id='line_1_93' title="bbox 2389 3337 4006 3415; baseline 0.01 -22"><span class='ocrx_word' id='word_1_763' title='bbox 2389 3337 2622 3394; x_wconf 86' lang='lat' dir='ltr'><strong>Patrem.</strong></span> <span class='ocrx_word' id='word_1_764' title='bbox 2656 3340 2714 3396; x_wconf 94' lang='lat' dir='ltr'><strong>Si</strong></span> <span class='ocrx_word' id='word_1_765' title='bbox 2742 3341 2874 3398; x_wconf 90' lang='lat' dir='ltr'><strong>nihil</strong></span> <span class='ocrx_word' id='word_1_766' title='bbox 2892 3384 2906 3408; x_wconf 86' lang='lat'><strong>,</strong></span> <span class='ocrx_word' id='word_1_767' title='bbox 2937 3357 3066 3413; x_wconf 89' lang='lat' dir='ltr'><strong>ergo</strong></span> <span class='ocrx_word' id='word_1_768' title='bbox 3114 3359 3220 3398; x_wconf 89' lang='lat' dir='ltr'><strong>non</strong></span> <span class='ocrx_word' id='word_1_769' title='bbox 3248 3345 3532 3415; x_wconf 89' lang='lat' dir='ltr'><strong>posterior,</strong></span> <span class='ocrx_word' id='word_1_770' title='bbox 3559 3347 3654 3403; x_wconf 89' lang='lat' dir='ltr'><strong>sed</strong></span> <span class='ocrx_word' id='word_1_771' title='bbox 3681 3343 4006 3410; x_wconf 67' lang='lat' dir='ltr'><strong>coartet-nus</strong></span> 
     </span>
    </p>
   </div>
   <div class='ocr_carea' id='block_1_94' title="bbox 2386 3429 4008 3514">
    <p class='ocr_par' dir='ltr' id='par_1_94' title="bbox 2386 3429 4008 3514">
     <span class='ocr_line' id='line_1_94' title="bbox 2386 3429 4008 3514; baseline 0.008 -29"><span class='ocrx_word' id='word_1_772' title='bbox 2386 3438 2488 3485; x_wconf 84' lang='lat' dir='ltr'><strong>est.</strong></span> <span class='ocrx_word' id='word_1_773' title='bbox 2513 3429 2647 3486; x_wconf 82' lang='lat' dir='ltr'><strong>Nam</strong></span> <span class='ocrx_word' id='word_1_774' title='bbox 2675 3442 2792 3487; x_wconf 89' lang='lat' dir='ltr'><strong>ante</strong></span> <span class='ocrx_word' id='word_1_775' title='bbox 2819 3442 2874 3488; x_wconf 87' lang='lat' dir='ltr'><strong>et</strong></span> <span class='ocrx_word' id='word_1_776' title='bbox 2903 3443 3015 3503; x_wconf 80' lang='lat' dir='ltr'><strong>post</strong></span> <span class='ocrx_word' id='word_1_777' title='bbox 3039 3444 3277 3505; x_wconf 89' lang='lat' dir='ltr'><strong>tempora</strong></span> <span class='ocrx_word' id='word_1_778' title='bbox 3305 3436 3632 3507; x_wconf 79' lang='lat' dir='ltr'><strong>signiﬁcant.</strong></span> <span class='ocrx_word' id='word_1_779' title='bbox 3664 3440 3757 3496; x_wconf 79' lang='lat' dir='ltr'><strong>lla:</strong></span> <span class='ocrx_word' id='word_1_780' title='bbox 3785 3443 4008 3514; x_wconf 80' lang='lat' dir='ltr'><strong>quippe</strong></span> 
     </span>
    </p>
   </div>
   <div class='ocr_carea' id='block_1_95' title="bbox 2388 3527 4003 3606">
    <p class='ocr_par' dir='ltr' id='par_1_95' title="bbox 2388 3527 4003 3606">
     <span class='ocr_line' id='line_1_95' title="bbox 2388 3527 4003 3606; baseline 0.01 -30"><span class='ocrx_word' id='word_1_781' title='bbox 2388 3538 2546 3579; x_wconf 80' lang='lat' dir='ltr'><strong>voces</strong></span> <span class='ocrx_word' id='word_1_782' title='bbox 2574 3538 2682 3578; x_wconf 90' lang='lat' dir='ltr'><strong>non</strong></span> <span class='ocrx_word' id='word_1_783' title='bbox 2713 3535 2938 3595; x_wconf 86' lang='lat' dir='ltr'><strong>possunt</strong></span> <span class='ocrx_word' id='word_1_784' title='bbox 2965 3527 3083 3582; x_wconf 89' lang='lat' dir='ltr'><strong>sine</strong></span> <span class='ocrx_word' id='word_1_785' title='bbox 3121 3528 3320 3584; x_wconf 67' lang='lat' dir='ltr'><strong>steculo</strong></span> <span class='ocrx_word' id='word_1_786' title='bbox 3346 3530 3429 3586; x_wconf 83' lang='lat' dir='ltr'><strong>vel</strong></span> <span class='ocrx_word' id='word_1_787' title='bbox 3459 3537 3704 3601; x_wconf 86' lang='lat' dir='ltr'><strong>tempore</strong></span> <span class='ocrx_word' id='word_1_788' title='bbox 3731 3534 4003 3606; x_wconf 88' lang='lat' dir='ltr'><strong>cogitari.</strong></span> 
     </span>
    </p>
   </div>
   <div class='ocr_carea' id='block_1_96' title="bbox 2343 3614 4007 3694">
    <p class='ocr_par' dir='ltr' id='par_1_96' title="bbox 2343 3614 4007 3694">
     <span class='ocr_line' id='line_1_96' title="bbox 2343 3614 4007 3694; baseline 0.012 -28"><span class='ocrx_word' id='word_1_789' title='bbox 2343 3663 2346 3666; x_wconf 83' lang='lat'><strong>.</strong></span> <span class='ocrx_word' id='word_1_790' title='bbox 2389 3614 2530 3670; x_wconf 89' lang='lat' dir='ltr'><strong>Deus</strong></span> <span class='ocrx_word' id='word_1_791' title='bbox 2558 3630 2691 3671; x_wconf 81' lang='lat' dir='ltr'><strong>vero</strong></span> <span class='ocrx_word' id='word_1_792' title='bbox 2716 3618 2965 3686; x_wconf 85' lang='lat' dir='ltr'><strong>superior</strong></span> <span class='ocrx_word' id='word_1_793' title='bbox 2993 3627 3076 3673; x_wconf 88' lang='lat' dir='ltr'><strong>est</strong></span> <span class='ocrx_word' id='word_1_794' title='bbox 3106 3619 3438 3689; x_wconf 88' lang='lat' dir='ltr'><strong>temporibus</strong></span> <span class='ocrx_word' id='word_1_795' title='bbox 3468 3630 3524 3678; x_wconf 90' lang='lat' dir='ltr'><strong>et</strong></span> <span class='ocrx_word' id='word_1_796' title='bbox 3550 3625 3789 3680; x_wconf 71' lang='lat' dir='ltr'><strong>saeculis.</strong></span> <span class='ocrx_word' id='word_1_797' title='bbox 3828 3625 4007 3694; x_wconf 80' lang='lat' dir='ltr'><strong>Quod</strong></span> 
     </span>
    </p>
   </div>
   <div class='ocr_carea' id='block_1_97' title="bbox 2387 3710 4008 3785">
    <p class='ocr_par' dir='ltr' id='par_1_97' title="bbox 2387 3710 4008 3785">
     <span class='ocr_line' id='line_1_97' title="bbox 2387 3710 4008 3785; baseline 0.011 -23"><span class='ocrx_word' id='word_1_798' title='bbox 2387 3710 2432 3762; x_wconf 90' lang='lat' dir='ltr'><strong>si</strong></span> <span class='ocrx_word' id='word_1_799' title='bbox 2471 3710 2690 3765; x_wconf 91' lang='lat' dir='ltr'><strong>omnino</strong></span> <span class='ocrx_word' id='word_1_800' title='bbox 2730 3711 2932 3768; x_wconf 80' lang='lat' dir='ltr'><strong>dixeris</strong></span> <span class='ocrx_word' id='word_1_801' title='bbox 2977 3713 3114 3768; x_wconf 86' lang='lat' dir='ltr'><strong>Filio</strong></span> <span class='ocrx_word' id='word_1_802' title='bbox 3161 3714 3480 3785; x_wconf 87' lang='lat' dir='ltr'><strong>principium</strong></span> <span class='ocrx_word' id='word_1_803' title='bbox 3528 3731 3690 3784; x_wconf 90' lang='lat' dir='ltr'><strong>esse,</strong></span> <span class='ocrx_word' id='word_1_804' title='bbox 3738 3733 3876 3778; x_wconf 88' lang='lat' dir='ltr'><strong>cave</strong></span> <span class='ocrx_word' id='word_1_805' title='bbox 3928 3738 4008 3780; x_wconf 78' lang='lat' dir='ltr'><strong>ne</strong></span> 
     </span>
    </p>
   </div>
   <div class='ocr_carea' id='block_1_98' title="bbox 2389 3797 4009 3874">
    <p class='ocr_par' dir='ltr' id='par_1_98' title="bbox 2389 3797 4009 3874">
     <span class='ocr_line' id='line_1_98' title="bbox 2389 3797 4009 3874; baseline 0.009 -22"><span class='ocrx_word' id='word_1_806' title='bbox 2389 3797 2599 3854; x_wconf 88' lang='lat' dir='ltr'><strong>Patrem</strong></span> <span class='ocrx_word' id='word_1_807' title='bbox 2629 3816 2839 3872; x_wconf 91' lang='lat' dir='ltr'><strong>quoque</strong></span> <span class='ocrx_word' id='word_1_808' title='bbox 2885 3801 2984 3858; x_wconf 88' lang='lat' dir='ltr'><strong>sub</strong></span> <span class='ocrx_word' id='word_1_809' title='bbox 3009 3804 3274 3874; x_wconf 87' lang='lat' dir='ltr'><strong>principio</strong></span> <span class='ocrx_word' id='word_1_810' title='bbox 3311 3804 3499 3862; x_wconf 89' lang='lat' dir='ltr'><strong>eadem</strong></span> <span class='ocrx_word' id='word_1_811' title='bbox 3542 3808 3750 3864; x_wconf 87' lang='lat' dir='ltr'><strong>ratione</strong></span> <span class='ocrx_word' id='word_1_812' title='bbox 3775 3813 4009 3867; x_wconf 81' lang='lat' dir='ltr'><strong>consti-</strong></span> 
     </span>
    </p>
   </div>
   <div class='ocr_carea' id='block_1_99' title="bbox 2388 3894 4010 3973">
    <p class='ocr_par' dir='ltr' id='par_1_99' title="bbox 2388 3894 4010 3973">
     <span class='ocr_line' id='line_1_99' title="bbox 2388 3894 4010 3973; baseline 0.009 -27"><span class='ocrx_word' id='word_1_813' title='bbox 2388 3900 2540 3947; x_wconf 89' lang='lat' dir='ltr'><strong>tuere</strong></span> <span class='ocrx_word' id='word_1_814' title='bbox 2569 3894 2811 3962; x_wconf 86' lang='lat' dir='ltr'><strong>cogaris;</strong></span> <span class='ocrx_word' id='word_1_815' title='bbox 2851 3895 3154 3965; x_wconf 91' lang='lat' dir='ltr'><strong>ntiquiore</strong></span> <span class='ocrx_word' id='word_1_816' title='bbox 3181 3896 3419 3966; x_wconf 90' lang='lat' dir='ltr'><strong>quidem.</strong></span> <span class='ocrx_word' id='word_1_817' title='bbox 3449 3898 3546 3956; x_wconf 89' lang='lat' dir='ltr'><strong>sed</strong></span> <span class='ocrx_word' id='word_1_818' title='bbox 3578 3909 3755 3958; x_wconf 82' lang='lat' dir='ltr'><strong>tamen</strong></span> <span class='ocrx_word' id='word_1_819' title='bbox 3782 3904 4010 3973; x_wconf 70' lang='lat' dir='ltr'><strong>princio</strong></span> 
     </span>
    </p>
   </div>
   <div class='ocr_carea' id='block_1_100' title="bbox 2387 3980 4008 4065">
    <p class='ocr_par' dir='ltr' id='par_1_100' title="bbox 2387 3980 4008 4065">
     <span class='ocr_line' id='line_1_100' title="bbox 2387 3980 4008 4065; baseline 0.012 -32"><span class='ocrx_word' id='word_1_820' title='bbox 2387 3980 2493 4050; x_wconf 89' lang='lat' dir='ltr'><strong>pio.</strong></span> <span class='ocrx_word' id='word_1_821' title='bbox 2523 3981 2616 4037; x_wconf 91' lang='lat' dir='ltr'><strong>Dic</strong></span> <span class='ocrx_word' id='word_1_822' title='bbox 2644 3984 2787 4037; x_wconf 88' lang='lat' dir='ltr'><strong>enim</strong></span> <span class='ocrx_word' id='word_1_823' title='bbox 2829 3983 2959 4039; x_wconf 90' lang='lat' dir='ltr'><strong>mihi</strong></span> <span class='ocrx_word' id='word_1_824' title='bbox 2997 4002 3010 4038; x_wconf 93' lang='lat'><strong>:</strong></span> <span class='ocrx_word' id='word_1_825' title='bbox 3049 3987 3242 4042; x_wconf 89' lang='lat' dir='ltr'><strong>Annon</strong></span> <span class='ocrx_word' id='word_1_826' title='bbox 3271 3990 3557 4046; x_wconf 87' lang='lat' dir='ltr'><strong>terminum</strong></span> <span class='ocrx_word' id='word_1_827' title='bbox 3593 4001 3752 4063; x_wconf 90' lang='lat' dir='ltr'><strong>atque</strong></span> <span class='ocrx_word' id='word_1_828' title='bbox 3779 3995 4008 4065; x_wconf 85' lang='lat' dir='ltr'><strong>princi-</strong></span> 
     </span>
    </p>
   </div>
   <div class='ocr_carea' id='block_1_101' title="bbox 2386 4072 4011 4155">
    <p class='ocr_par' dir='ltr' id='par_1_101' title="bbox 2386 4072 4011 4155">
     <span class='ocr_line' id='line_1_101' title="bbox 2386 4072 4011 4155; baseline 0.013 -29"><span class='ocrx_word' id='word_1_829' title='bbox 2386 4073 2530 4142; x_wconf 88' lang='lat' dir='ltr'><strong>pium</strong></span> <span class='ocrx_word' id='word_1_830' title='bbox 2559 4072 2700 4128; x_wconf 80' lang='lat' dir='ltr'><strong>Filio</strong></span> <span class='ocrx_word' id='word_1_831' title='bbox 2729 4074 3041 4132; x_wconf 89' lang='lat' dir='ltr'><strong>adscribens</strong></span> <span class='ocrx_word' id='word_1_832' title='bbox 3060 4117 3075 4141; x_wconf 92' lang='lat'><strong>,</strong></span> <span class='ocrx_word' id='word_1_833' title='bbox 3114 4086 3275 4148; x_wconf 89' lang='lat' dir='ltr'><strong>atque</strong></span> <span class='ocrx_word' id='word_1_834' title='bbox 3305 4080 3373 4135; x_wconf 85' lang='lat' dir='ltr'><strong>ab</strong></span> <span class='ocrx_word' id='word_1_835' title='bbox 3410 4081 3505 4137; x_wconf 89' lang='lat' dir='ltr'><strong>illo</strong></span> <span class='ocrx_word' id='word_1_836' title='bbox 3532 4085 3796 4155; x_wconf 90' lang='lat' dir='ltr'><strong>principio</strong></span> <span class='ocrx_word' id='word_1_837' title='bbox 3821 4087 4011 4148; x_wconf 78' lang='lat' dir='ltr'><strong>altius</strong></span> 
     </span>
    </p>
   </div>
   <div class='ocr_carea' id='block_1_102' title="bbox 2385 4163 4013 4239">
    <p class='ocr_par' dir='ltr' id='par_1_102' title="bbox 2385 4163 4013 4239">
     <span class='ocr_line' id='line_1_102' title="bbox 2385 4163 4013 4239; baseline 0.014 -23"><span class='ocrx_word' id='word_1_838' title='bbox 2385 4163 2671 4232; x_wconf 88' lang='lat' dir='ltr'><strong>prodiens,</strong></span> <span class='ocrx_word' id='word_1_839' title='bbox 2736 4165 2947 4220; x_wconf 88' lang='lat' dir='ltr'><strong>Patrem</strong></span> <span class='ocrx_word' id='word_1_840' title='bbox 2994 4167 3140 4237; x_wconf 89' lang='lat' dir='ltr'><strong>prius</strong></span> <span class='ocrx_word' id='word_1_841' title='bbox 3202 4170 3466 4228; x_wconf 82' lang='lat' dir='ltr'><strong>exsistere</strong></span> <span class='ocrx_word' id='word_1_842' title='bbox 3505 4173 3683 4230; x_wconf 71' lang='lat' dir='ltr'><strong>dicis?</strong></span> <span class='ocrx_word' id='word_1_843' title='bbox 3739 4176 3794 4232; x_wconf 90' lang='lat' dir='ltr'><strong>Id</strong></span> <span class='ocrx_word' id='word_1_844' title='bbox 3835 4192 4013 4239; x_wconf 80' lang='lat' dir='ltr'><strong>certe</strong></span> 
     </span>
    </p>
   </div>
   <div class='ocr_carea' id='block_1_103' title="bbox 2384 4252 4014 4337">
    <p class='ocr_par' dir='ltr' id='par_1_103' title="bbox 2384 4252 4014 4337">
     <span class='ocr_line' id='line_1_103' title="bbox 2384 4252 4014 4337; baseline 0.013 -30"><span class='ocrx_word' id='word_1_845' title='bbox 2384 4252 2745 4309; x_wconf 79' lang='lat' dir='ltr'><strong>manifestum.</strong></span> <span class='ocrx_word' id='word_1_846' title='bbox 2778 4255 2871 4312; x_wconf 89' lang='lat' dir='ltr'><strong>Die</strong></span> <span class='ocrx_word' id='word_1_847' title='bbox 2917 4272 3046 4328; x_wconf 90' lang='lat' dir='ltr'><strong>ergo</strong></span> <span class='ocrx_word' id='word_1_848' title='bbox 3084 4259 3214 4316; x_wconf 91' lang='lat' dir='ltr'><strong>mihi</strong></span> <span class='ocrx_word' id='word_1_849' title='bbox 3243 4271 3442 4332; x_wconf 89' lang='lat' dir='ltr'><strong>quanto</strong></span> <span class='ocrx_word' id='word_1_850' title='bbox 3472 4265 3646 4335; x_wconf 86' lang='lat' dir='ltr'><strong>spatio</strong></span> <span class='ocrx_word' id='word_1_851' title='bbox 3683 4273 4014 4337; x_wconf 72' lang='lat' dir='ltr'><strong>prmexistit</strong></span> 
     </span>
    </p>
   </div>
   <div class='ocr_carea' id='block_1_104' title="bbox 2384 4344 4014 4434">
    <p class='ocr_par' dir='ltr' id='par_1_104' title="bbox 2384 4344 4014 4434">
     <span class='ocr_line' id='line_1_104' title="bbox 2384 4344 4014 4434; baseline 0.012 -34"><span class='ocrx_word' id='word_1_852' title='bbox 2384 4344 2584 4401; x_wconf 82' lang='lat' dir='ltr'><strong>Pater?</strong></span> <span class='ocrx_word' id='word_1_853' title='bbox 2610 4346 2734 4402; x_wconf 81' lang='lat' dir='ltr'><strong>Sive</strong></span> <span class='ocrx_word' id='word_1_854' title='bbox 2762 4349 2905 4404; x_wconf 90' lang='lat' dir='ltr'><strong>enim</strong></span> <span class='ocrx_word' id='word_1_855' title='bbox 2935 4363 3178 4419; x_wconf 82' lang='lat' dir='ltr'><strong>parvum,</strong></span> <span class='ocrx_word' id='word_1_856' title='bbox 3207 4352 3322 4409; x_wconf 79' lang='lat' dir='ltr'><strong>sive</strong></span> <span class='ocrx_word' id='word_1_857' title='bbox 3352 4369 3605 4426; x_wconf 83' lang='lat' dir='ltr'><strong>maguum</strong></span> <span class='ocrx_word' id='word_1_858' title='bbox 3626 4356 3831 4415; x_wconf 87' lang='lat' dir='ltr'><strong>dixeris</strong></span> <span class='ocrx_word' id='word_1_859' title='bbox 3859 4377 4014 4434; x_wconf 76' lang='lat' dir='ltr'><strong>spa-</strong></span> 
     </span>
    </p>
   </div>
   <div class='ocr_carea' id='block_1_105' title="bbox 2385 4437 4016 4523">
    <p class='ocr_par' dir='ltr' id='par_1_105' title="bbox 2385 4437 4016 4523">
     <span class='ocr_line' id='line_1_105' title="bbox 2385 4437 4016 4523; baseline 0.01 -32"><span class='ocrx_word' id='word_1_860' title='bbox 2385 4438 2553 4503; x_wconf 89' lang='lat' dir='ltr'><strong>tium,</strong></span> <span class='ocrx_word' id='word_1_861' title='bbox 2585 4437 2686 4493; x_wconf 88' lang='lat' dir='ltr'><strong>sub</strong></span> <span class='ocrx_word' id='word_1_862' title='bbox 2709 4438 2977 4509; x_wconf 90' lang='lat' dir='ltr'><strong>principio</strong></span> <span class='ocrx_word' id='word_1_863' title='bbox 3015 4441 3227 4497; x_wconf 86' lang='lat' dir='ltr'><strong>Patrem</strong></span> <span class='ocrx_word' id='word_1_864' title='bbox 3259 4444 3502 4513; x_wconf 88' lang='lat' dir='ltr'><strong>posuisti.</strong></span> <span class='ocrx_word' id='word_1_865' title='bbox 3529 4445 3662 4519; x_wconf 72' lang='lat' dir='ltr'><strong>Nam</strong></span> <span class='ocrx_word' id='word_1_866' title='bbox 3693 4461 4016 4523; x_wconf 65' lang='lat' dir='ltr'><strong>postquam</strong></span> 
     </span>
    </p>
   </div>
   <div class='ocr_carea' id='block_1_106' title="bbox 2381 4531 4015 4612">
    <p class='ocr_par' dir='ltr' id='par_1_106' title="bbox 2381 4531 4015 4612">
     <span class='ocr_line' id='line_1_106' title="bbox 2381 4531 4015 4612; baseline 0.013 -28"><span class='ocrx_word' id='word_1_867' title='bbox 2381 4544 2690 4586; x_wconf 87' lang='lat' dir='ltr'><strong>mensuram</strong></span> <span class='ocrx_word' id='word_1_868' title='bbox 2714 4531 2871 4600; x_wconf 89' lang='lat' dir='ltr'><strong>spatii</strong></span> <span class='ocrx_word' id='word_1_869' title='bbox 2903 4531 3045 4588; x_wconf 88' lang='lat' dir='ltr'><strong>illius</strong></span> <span class='ocrx_word' id='word_1_870' title='bbox 3069 4532 3316 4600; x_wconf 87' lang='lat' dir='ltr'><strong>duxeris,</strong></span> <span class='ocrx_word' id='word_1_871' title='bbox 3348 4536 3427 4592; x_wconf 89' lang='lat' dir='ltr'><strong>sic</strong></span> <span class='ocrx_word' id='word_1_872' title='bbox 3460 4537 3609 4594; x_wconf 90' lang='lat' dir='ltr'><strong>dices</strong></span> <span class='ocrx_word' id='word_1_873' title='bbox 3635 4542 3718 4596; x_wconf 89' lang='lat' dir='ltr'><strong>vel</strong></span> <span class='ocrx_word' id='word_1_874' title='bbox 3747 4557 4015 4612; x_wconf 82' lang='lat' dir='ltr'><strong>parvum</strong></span> 
     </span>
    </p>
   </div>
   <div class='ocr_carea' id='block_1_107' title="bbox 2379 4621 4014 4707">
    <p class='ocr_par' dir='ltr' id='par_1_107' title="bbox 2379 4621 4014 4707">
     <span class='ocr_line' id='line_1_107' title="bbox 2379 4621 4014 4707; baseline 0.012 -33"><span class='ocrx_word' id='word_1_875' title='bbox 2379 4621 2466 4676; x_wconf 88' lang='lat' dir='ltr'><strong>vel</strong></span> <span class='ocrx_word' id='word_1_876' title='bbox 2494 4637 2746 4692; x_wconf 86' lang='lat' dir='ltr'><strong>magnum</strong></span> <span class='ocrx_word' id='word_1_877' title='bbox 2788 4638 2952 4680; x_wconf 88' lang='lat' dir='ltr'><strong>esse:</strong></span> <span class='ocrx_word' id='word_1_878' title='bbox 2982 4640 3235 4682; x_wconf 89' lang='lat' dir='ltr'><strong>mensura</strong></span> <span class='ocrx_word' id='word_1_879' title='bbox 3275 4642 3407 4684; x_wconf 90' lang='lat' dir='ltr'><strong>vero</strong></span> <span class='ocrx_word' id='word_1_880' title='bbox 3444 4628 3570 4685; x_wconf 90' lang='lat' dir='ltr'><strong>duci</strong></span> <span class='ocrx_word' id='word_1_881' title='bbox 3617 4647 3723 4688; x_wconf 93' lang='lat' dir='ltr'><strong>non</strong></span> <span class='ocrx_word' id='word_1_882' title='bbox 3755 4645 3972 4704; x_wconf 85' lang='lat' dir='ltr'><strong>potest</strong></span> <span class='ocrx_word' id='word_1_883' title='bbox 3997 4684 4014 4707; x_wconf 86' lang='lat'><strong>,</strong></span> 
     </span>
    </p>
   </div>
   <div class='ocr_carea' id='block_1_108' title="bbox 2379 4713 4019 4794">
    <p class='ocr_par' dir='ltr' id='par_1_108' title="bbox 2379 4713 4019 4794">
     <span class='ocr_line' id='line_1_108' title="bbox 2379 4713 4019 4794; baseline 0.01 -26"><span class='ocrx_word' id='word_1_884' title='bbox 2379 4713 2482 4769; x_wconf 90' lang='lat' dir='ltr'><strong>nisi</strong></span> <span class='ocrx_word' id='word_1_885' title='bbox 2512 4715 2761 4785; x_wconf 89' lang='lat' dir='ltr'><strong>utrinque</strong></span> <span class='ocrx_word' id='word_1_886' title='bbox 2792 4715 3112 4786; x_wconf 85' lang='lat' dir='ltr'><strong>principium</strong></span> <span class='ocrx_word' id='word_1_887' title='bbox 3152 4718 3242 4772; x_wconf 87' lang='lat' dir='ltr'><strong>sit.</strong></span> <span class='ocrx_word' id='word_1_888' title='bbox 3277 4717 3463 4790; x_wconf 83' lang='lat' dir='ltr'><strong>Itaque</strong></span> <span class='ocrx_word' id='word_1_889' title='bbox 3494 4721 3669 4789; x_wconf 88' lang='lat' dir='ltr'><strong>Patri,</strong></span> <span class='ocrx_word' id='word_1_890' title='bbox 3711 4738 4019 4794; x_wconf 83' lang='lat' dir='ltr'><strong>quantum</strong></span> 
     </span>
    </p>
   </div>
   <div class='ocr_carea' id='block_1_109' title="bbox 2381 4806 4023 4885">
    <p class='ocr_par' dir='ltr' id='par_1_109' title="bbox 2381 4806 4023 4885">
     <span class='ocr_line' id='line_1_109' title="bbox 2381 4806 4023 4885; baseline 0.009 -26"><span class='ocrx_word' id='word_1_891' title='bbox 2381 4806 2434 4860; x_wconf 86' lang='lat' dir='ltr'><strong>in</strong></span> <span class='ocrx_word' id='word_1_892' title='bbox 2468 4816 2518 4863; x_wconf 86' lang='lat' dir='ltr'><strong>te</strong></span> <span class='ocrx_word' id='word_1_893' title='bbox 2545 4807 2670 4873; x_wconf 83' lang='lat' dir='ltr'><strong>iuit,</strong></span> <span class='ocrx_word' id='word_1_894' title='bbox 2701 4808 3020 4880; x_wconf 83' lang='lat' dir='ltr'><strong>principium</strong></span> <span class='ocrx_word' id='word_1_895' title='bbox 3048 4809 3244 4866; x_wconf 89' lang='lat' dir='ltr'><strong>dedisti</strong></span> <span class='ocrx_word' id='word_1_896' title='bbox 3273 4827 3288 4865; x_wconf 88' lang='lat'><strong>:</strong></span> <span class='ocrx_word' id='word_1_897' title='bbox 3322 4812 3507 4885; x_wconf 87' lang='lat' dir='ltr'><strong>sicque</strong></span> <span class='ocrx_word' id='word_1_898' title='bbox 3549 4818 3862 4875; x_wconf 82' lang='lat' dir='ltr'><strong>secundum</strong></span> <span class='ocrx_word' id='word_1_899' title='bbox 3905 4840 4023 4883; x_wconf 66' lang='lat' dir='ltr'><strong>vos</strong></span> 
     </span>
    </p>
   </div>
   <div class='ocr_carea' id='block_1_110' title="bbox 2387 4901 4019 4976">
    <p class='ocr_par' dir='ltr' id='par_1_110' title="bbox 2387 4901 4019 4976">
     <span class='ocr_line' id='line_1_110' title="bbox 2387 4901 4019 4976; baseline 0.012 -22"><span class='ocrx_word' id='word_1_900' title='bbox 2387 4914 2454 4955; x_wconf 90' lang='lat' dir='ltr'><strong>ne</strong></span> <span class='ocrx_word' id='word_1_901' title='bbox 2499 4901 2656 4957; x_wconf 88' lang='lat' dir='ltr'><strong>Pater</strong></span> <span class='ocrx_word' id='word_1_902' title='bbox 2696 4903 2911 4972; x_wconf 85' lang='lat' dir='ltr'><strong>quidem</strong></span> <span class='ocrx_word' id='word_1_903' title='bbox 2961 4903 3079 4958; x_wconf 87' lang='lat' dir='ltr'><strong>sine</strong></span> <span class='ocrx_word' id='word_1_904' title='bbox 3109 4905 3372 4976; x_wconf 87' lang='lat' dir='ltr'><strong>principio</strong></span> <span class='ocrx_word' id='word_1_905' title='bbox 3411 4907 3535 4963; x_wconf 89' lang='lat' dir='ltr'><strong>erit.</strong></span> <span class='ocrx_word' id='word_1_906' title='bbox 3569 4908 3756 4965; x_wconf 84' lang='lat' dir='ltr'><strong>Viden‘</strong></span> <span class='ocrx_word' id='word_1_907' title='bbox 3785 4928 4019 4973; x_wconf 82' lang='lat' dir='ltr'><strong>verum</strong></span> 
     </span>
    </p>
   </div>
   <div class='ocr_carea' id='block_1_111' title="bbox 2377 4990 4022 5065">
    <p class='ocr_par' dir='ltr' id='par_1_111' title="bbox 2377 4990 4022 5065">
     <span class='ocr_line' id='line_1_111' title="bbox 2377 4990 4022 5065; baseline 0.01 -17"><span class='ocrx_word' id='word_1_908' title='bbox 2377 5007 2497 5048; x_wconf 90' lang='lat' dir='ltr'><strong>esse</strong></span> <span class='ocrx_word' id='word_1_909' title='bbox 2523 4990 2574 5047; x_wconf 91' lang='lat' dir='ltr'><strong>id</strong></span> <span class='ocrx_word' id='word_1_910' title='bbox 2601 4994 2742 5064; x_wconf 90' lang='lat' dir='ltr'><strong>quod</strong></span> <span class='ocrx_word' id='word_1_911' title='bbox 2778 5009 2809 5048; x_wconf 88' lang='lat' dir='ltr'><strong>a</strong></span> <span class='ocrx_word' id='word_1_912' title='bbox 2848 4993 3137 5052; x_wconf 84' lang='lat' dir='ltr'><strong>Servatore</strong></span> <span class='ocrx_word' id='word_1_913' title='bbox 3166 4995 3366 5052; x_wconf 90' lang='lat' dir='ltr'><strong>dictum</strong></span> <span class='ocrx_word' id='word_1_914' title='bbox 3402 5008 3504 5065; x_wconf 86' lang='lat' dir='ltr'><strong>est,</strong></span> <span class='ocrx_word' id='word_1_915' title='bbox 3529 5009 3582 5054; x_wconf 91' lang='lat' dir='ltr'><strong>et</strong></span> <span class='ocrx_word' id='word_1_916' title='bbox 3612 5000 3818 5057; x_wconf 89' lang='lat' dir='ltr'><strong>dictum</strong></span> <span class='ocrx_word' id='word_1_917' title='bbox 3855 5006 4022 5065; x_wconf 82' lang='lat' dir='ltr'><strong>illud</strong></span> 
     </span>
    </p>
   </div>
   <div class='ocr_carea' id='block_1_112' title="bbox 2376 5084 4020 5163">
    <p class='ocr_par' dir='ltr' id='par_1_112' title="bbox 2376 5084 4020 5163">
     <span class='ocr_line' id='line_1_112' title="bbox 2376 5084 4020 5163; baseline 0.012 -24"><span class='ocrx_word' id='word_1_918' title='bbox 2376 5084 2588 5140; x_wconf 88' lang='lat' dir='ltr'><strong>virtutis</strong></span> <span class='ocrx_word' id='word_1_919' title='bbox 2636 5086 2754 5156; x_wconf 90' lang='lat' dir='ltr'><strong>ejus</strong></span> <span class='ocrx_word' id='word_1_920' title='bbox 2805 5087 3005 5159; x_wconf 89' lang='lat' dir='ltr'><strong>ubique</strong></span> <span class='ocrx_word' id='word_1_921' title='bbox 3047 5099 3420 5159; x_wconf 88' lang='lat' dir='ltr'><strong>argumentum</strong></span> <span class='ocrx_word' id='word_1_922' title='bbox 3473 5094 3634 5148; x_wconf 71' lang='lat' dir='ltr'><strong>esse&quot;?</strong></span> <span class='ocrx_word' id='word_1_923' title='bbox 3683 5093 4020 5163; x_wconf 84' lang='lat' dir='ltr'><strong>Quodnam</strong></span> 
     </span>
    </p>
   </div>
   <div class='ocr_carea' id='block_1_113' title="bbox 2375 5181 4022 5252">
    <p class='ocr_par' dir='ltr' id='par_1_113' title="bbox 2375 5181 4022 5252">
     <span class='ocr_line' id='line_1_113' title="bbox 2375 5181 4022 5252; baseline 0.002 -15"><span class='ocrx_word' id='word_1_924' title='bbox 2375 5182 2501 5237; x_wconf 88' lang='lat' dir='ltr'><strong>illttd</strong></span> <span class='ocrx_word' id='word_1_925' title='bbox 2530 5183 2649 5237; x_wconf 80' lang='lat' dir='ltr'><strong>est?</strong></span> <span class='ocrx_word' id='word_1_926' title='bbox 2683 5181 2784 5249; x_wconf 83' lang='lat' dir='ltr'><strong>Qui</strong></span> <span class='ocrx_word' id='word_1_927' title='bbox 2822 5199 2924 5237; x_wconf 85' lang='lat' dir='ltr'><strong>non</strong></span> <span class='ocrx_word' id='word_1_928' title='bbox 2954 5183 3170 5238; x_wconf 80' lang='lat' dir='ltr'><strong>honorat</strong></span> <span class='ocrx_word' id='word_1_929' title='bbox 3222 5183 3447 5252; x_wconf 77' lang='lat' dir='ltr'><strong>Filium,</strong></span> <span class='ocrx_word' id='word_1_930' title='bbox 3483 5203 3585 5241; x_wconf 87' lang='lat' dir='ltr'><strong>non</strong></span> <span class='ocrx_word' id='word_1_931' title='bbox 3613 5189 3840 5244; x_wconf 71' lang='lat' dir='ltr'><strong>honorat</strong></span> <span class='ocrx_word' id='word_1_932' title='bbox 3879 5193 4022 5252; x_wconf 82' lang='lat' dir='ltr'><strong>Pa-</strong></span> 
     </span>
    </p>
   </div>
   <div class='ocr_carea' id='block_1_114' title="bbox 2375 5271 4022 5348">
    <p class='ocr_par' dir='ltr' id='par_1_114' title="bbox 2375 5271 4022 5348">
     <span class='ocr_line' id='line_1_114' title="bbox 2375 5271 4022 5348; baseline 0.01 -22"><span class='ocrx_word' id='word_1_933' title='bbox 2375 5282 2497 5327; x_wconf 86' lang='lat' dir='ltr'><strong>trem</strong></span> <span class='ocrx_word' id='word_1_934' title='bbox 2525 5271 2706 5343; x_wconf 82' lang='lat' dir='ltr'><strong>(Joan.</strong></span> <span class='ocrx_word' id='word_1_935' title='bbox 2738 5275 2792 5330; x_wconf 86' lang='lat'><strong>5.</strong></span> <span class='ocrx_word' id='word_1_936' title='bbox 2827 5274 2944 5345; x_wconf 71' lang='lat'><strong>25).</strong></span> <span class='ocrx_word' id='word_1_937' title='bbox 2973 5273 3111 5330; x_wconf 87' lang='lat' dir='ltr'><strong>Novi</strong></span> <span class='ocrx_word' id='word_1_938' title='bbox 3144 5275 3325 5330; x_wconf 87' lang='lat' dir='ltr'><strong>multis</strong></span> <span class='ocrx_word' id='word_1_939' title='bbox 3356 5278 3470 5333; x_wconf 73' lang='lat' dir='ltr'><strong>hare</strong></span> <span class='ocrx_word' id='word_1_940' title='bbox 3499 5278 4022 5348; x_wconf 77' lang='lat' dir='ltr'><strong>incomprehensi-</strong></span> 
     </span>
    </p>
   </div>
   <div class='ocr_carea' id='block_1_115' title="bbox 2372 5363 4023 5450">
    <p class='ocr_par' dir='ltr' id='par_1_115' title="bbox 2372 5363 4023 5450">
     <span class='ocr_line' id='line_1_115' title="bbox 2372 5363 4023 5450; baseline 0.01 -32"><span class='ocrx_word' id='word_1_941' title='bbox 2372 5363 2498 5418; x_wconf 90' lang='lat' dir='ltr'><strong>bilia</strong></span> <span class='ocrx_word' id='word_1_942' title='bbox 2525 5379 2646 5421; x_wconf 88' lang='lat' dir='ltr'><strong>esse</strong></span> <span class='ocrx_word' id='word_1_943' title='bbox 2677 5386 2691 5422; x_wconf 89' lang='lat'><strong>:</strong></span> <span class='ocrx_word' id='word_1_944' title='bbox 2725 5365 2952 5436; x_wconf 91' lang='lat' dir='ltr'><strong>ideoque</strong></span> <span class='ocrx_word' id='word_1_945' title='bbox 2971 5367 3248 5422; x_wconf 90' lang='lat' dir='ltr'><strong>ratiocinia</strong></span> <span class='ocrx_word' id='word_1_946' title='bbox 3267 5365 3570 5437; x_wconf 87' lang='lat' dir='ltr'><strong>bujusmodi</strong></span> <span class='ocrx_word' id='word_1_947' title='bbox 3589 5385 3810 5429; x_wconf 73' lang='lat' dir='ltr'><strong>movere</strong></span> <span class='ocrx_word' id='word_1_948' title='bbox 3834 5390 4023 5450; x_wconf 63' lang='lat' dir='ltr'><strong>saepe</strong></span> 
     </span>
    </p>
   </div>
   <div class='ocr_carea' id='block_1_116' title="bbox 2371 5457 4020 5535">
    <p class='ocr_par' dir='ltr' id='par_1_116' title="bbox 2371 5457 4020 5535">
     <span class='ocr_line' id='line_1_116' title="bbox 2371 5457 4020 5535; baseline 0.006 -25"><span class='ocrx_word' id='word_1_949' title='bbox 2371 5465 2684 5535; x_wconf 88' lang='lat' dir='ltr'><strong>cunctamur</strong></span> <span class='ocrx_word' id='word_1_950' title='bbox 2709 5498 2723 5521; x_wconf 90' lang='lat'><strong>,</strong></span> <span class='ocrx_word' id='word_1_951' title='bbox 2754 5457 2898 5527; x_wconf 90' lang='lat' dir='ltr'><strong>quod</strong></span> <span class='ocrx_word' id='word_1_952' title='bbox 2925 5457 3115 5528; x_wconf 77' lang='lat' dir='ltr'><strong>vulgus</strong></span> <span class='ocrx_word' id='word_1_953' title='bbox 3156 5458 3244 5513; x_wconf 91' lang='lat' dir='ltr'><strong>illa</strong></span> <span class='ocrx_word' id='word_1_954' title='bbox 3272 5460 3484 5530; x_wconf 86' lang='lat' dir='ltr'><strong>assequi</strong></span> <span class='ocrx_word' id='word_1_955' title='bbox 3513 5471 3774 5532; x_wconf 87' lang='lat' dir='ltr'><strong>nequeat;</strong></span> <span class='ocrx_word' id='word_1_956' title='bbox 3807 5471 3925 5525; x_wconf 76' lang='lat' dir='ltr'><strong>vel</strong></span> <span class='ocrx_word' id='word_1_957' title='bbox 3965 5477 4020 5531; x_wconf 78' lang='lat' dir='ltr'><strong>si</strong></span> 
     </span>
    </p>
   </div>
   <div class='ocr_carea' id='block_1_117' title="bbox 2369 5546 4025 5619">
    <p class='ocr_par' dir='ltr' id='par_1_117' title="bbox 2369 5546 4025 5619">
     <span class='ocr_line' id='line_1_117' title="bbox 2369 5546 4025 5619; baseline 0.01 -19"><span class='ocrx_word' id='word_1_958' title='bbox 2369 5556 2707 5616; x_wconf 87' lang='lat' dir='ltr'><strong>assequatur,</strong></span> <span class='ocrx_word' id='word_1_959' title='bbox 2738 5548 2827 5602; x_wconf 90' lang='lat' dir='ltr'><strong>illa</strong></span> <span class='ocrx_word' id='word_1_960' title='bbox 2867 5562 2972 5603; x_wconf 88' lang='lat' dir='ltr'><strong>non</strong></span> <span class='ocrx_word' id='word_1_961' title='bbox 2999 5546 3152 5603; x_wconf 83' lang='lat' dir='ltr'><strong>ﬁrma</strong></span> <span class='ocrx_word' id='word_1_962' title='bbox 3177 5558 3232 5604; x_wconf 92' lang='lat' dir='ltr'><strong>et</strong></span> <span class='ocrx_word' id='word_1_963' title='bbox 3259 5558 3402 5604; x_wconf 87' lang='lat' dir='ltr'><strong>certa</strong></span> <span class='ocrx_word' id='word_1_964' title='bbox 3431 5561 3700 5608; x_wconf 90' lang='lat' dir='ltr'><strong>maneant.</strong></span> <span class='ocrx_word' id='word_1_965' title='bbox 3735 5553 4025 5619; x_wconf 76' lang='lat' dir='ltr'><strong>Rarioci-</strong></span> 
     </span>
    </p>
   </div>
   <div class='ocr_carea' id='block_1_118' title="bbox 2369 5639 4024 5716">
    <p class='ocr_par' dir='ltr' id='par_1_118' title="bbox 2369 5639 4024 5716">
     <span class='ocr_line' id='line_1_118' title="bbox 2369 5639 4024 5716; baseline 0.008 -25"><span class='ocrx_word' id='word_1_966' title='bbox 2369 5641 2454 5694; x_wconf 85' lang='lat' dir='ltr'><strong>nia</strong></span> <span class='ocrx_word' id='word_1_967' title='bbox 2481 5639 2677 5710; x_wconf 88' lang='lat' dir='ltr'><strong>quippe</strong></span> <span class='ocrx_word' id='word_1_968' title='bbox 2698 5639 2960 5694; x_wconf 81' lang='lat' dir='ltr'><strong>hominum</strong></span> <span class='ocrx_word' id='word_1_969' title='bbox 2993 5641 3174 5696; x_wconf 86' lang='lat' dir='ltr'><strong>timida</strong></span> <span class='ocrx_word' id='word_1_970' title='bbox 3193 5651 3312 5697; x_wconf 85' lang='lat' dir='ltr'><strong>sunt</strong></span> <span class='ocrx_word' id='word_1_971' title='bbox 3333 5685 3347 5708; x_wconf 92' lang='lat'><strong>,</strong></span> <span class='ocrx_word' id='word_1_972' title='bbox 3378 5654 3424 5698; x_wconf 88' lang='lat' dir='ltr'><strong>et</strong></span> <span class='ocrx_word' id='word_1_973' title='bbox 3454 5645 3666 5715; x_wconf 78' lang='lat' dir='ltr'><strong>fallaces</strong></span> <span class='ocrx_word' id='word_1_974' title='bbox 3693 5649 4024 5716; x_wconf 77' lang='lat' dir='ltr'><strong>cogitatio-</strong></span> 
     </span>
    </p>
   </div>
   <div class='ocr_carea' id='block_1_119' title="bbox 2371 5729 4012 5810">
    <p class='ocr_par' dir='ltr' id='par_1_119' title="bbox 2371 5729 4012 5810">
     <span class='ocr_line' id='line_1_119' title="bbox 2371 5729 4012 5810; baseline 0.01 -24"><span class='ocrx_word' id='word_1_975' title='bbox 2371 5748 2456 5786; x_wconf 86' lang='lat' dir='ltr'><strong>nes</strong></span> <span class='ocrx_word' id='word_1_976' title='bbox 2485 5747 2656 5786; x_wconf 83' lang='lat' dir='ltr'><strong>eorum</strong></span> <span class='ocrx_word' id='word_1_977' title='bbox 2685 5729 2855 5803; x_wconf 85' lang='lat' dir='ltr'><strong>(Sap.</strong></span> <span class='ocrx_word' id='word_1_978' title='bbox 2883 5732 2935 5788; x_wconf 85' lang='lat'><strong>9.</strong></span> <span class='ocrx_word' id='word_1_979' title='bbox 2971 5733 3035 5789; x_wconf 76' lang='grc' dir='ltr'>Μ</span> <span class='ocrx_word' id='word_1_980' title='bbox 3056 5733 3096 5804; x_wconf 92' lang='grc'><strong>).</strong></span> <span class='ocrx_word' id='word_1_981' title='bbox 3129 5733 3382 5791; x_wconf 85' lang='lat' dir='ltr'><strong>Libenter</strong></span> <span class='ocrx_word' id='word_1_982' title='bbox 3411 5748 3586 5795; x_wconf 84' lang='lat' dir='ltr'><strong>autem</strong></span> <span class='ocrx_word' id='word_1_983' title='bbox 3617 5735 4012 5810; x_wconf 57' lang='lat' dir='ltr'><strong>adversario:</strong></span> 
     </span>
    </p>
   </div>
  </div>
