4164 6320
199 393 249 454 ιθ
1291 376 1362 459 ΙΝ,
1395 373 1711 434 ΙΟΑΝΝΕἈ

1839 362 1983 429 ΜΠ..
2027 370 2114 429 ιν.
2158 373 2231 429 al.
2274 372 2379 429 111.
3409 376 3482 431 Sil

194 505 613 583 interrogaverunt,
661 502 794 572 quid
837 502 907 559 sit
950 497 1081 555 illud
1129 513 1159 552 ιι
1186 494 1446 567 propheta
1492 493 1740 549 dictum:

1862 493 1979 545 culo
2005 499 2054 547 et
2084 507 2244 561 usque
2270 492 2322 547 iu
2350 491 2596 546 amulum
2621 503 2675 545 tu
2704 509 2758 549 cs
2786 484 2961 567 (Ptol.
2994 492 3088 550 89.
3131 491 3191 567 2)
3221 512 3233 547 :
3283 508 3351 548 an
3396 498 3480 548 his

196 580 295 659 Ante
333 578 401 653 ne
442 611 539 651 non
586 596 687 667 fuit
735 595 872 649 alius
918 590 1097 655 Deus,
1153 598 1201 643 et
1246 596 1358 658 post
1404 602 1484 640 me
1509 602 1610 638 non
1651 585 1749 639 erit
1862 581 2042 637 verbis
2071 582 2335 638 terminos
2366 582 2465 653 ipsi
2510 583 2702 653 punit?
2744 578 3137 656 Nequaquam;
3186 580 3284 641 sed
3314 594 3477 640 κιον-

192 693 314 763 (ltal.
339 688 418 746 43.
448 686 578 755 l0)?
610 686 742 741 Nam
766 685 809 740 si
836 684 1019 753 junior
1053 689 1136 735 est
1182 679 1341 733 Patre
1387 676 1575 741 Filius,
1606 676 1739 745 quu-

191 782 316 838 tuodo
342 780 490 845 dicit,
529 776 656 832 Post
689 794 767 830 me
808 792 908 830 non
953 774 1094 828 erit?
1122 770 1260 827 Num
1312 785 1443 841 ergo
1475 768 1743 838 Uuigeuiti

188 874 487 931 substantiam
520 871 761 929 tolletis?
793 869 1026 923 Necesse
1056 866 1201 921 enim
1231 874 1315 920 est
1356 873 1446 917 aut
1474 878 1539 917 en
1580 862 1746 916 amia-

182 970 258 1021 cil‘
272 964 563 1037 procedere,
585 972 679 1017 aut
700 975 861 1014 unam
881 958 1165 1012 admittere
1186 956 1518 1011 divinitatem
1548 954 1599 1008 in
1617 968 1743 1021 pro-

188 1058 272 1126 pria
299 1055 552 1127 hypostasi
586 1053 759 1108 Patris
784 1050 854 1107 et'
877 1050 1020 1107 Filii.
1054 1048 1339 1116 Quomodo
1364 1058 1542 1101 autem
1574 1045 1739 1111 illud,

180 1148 334 1202 Omnia
362 1163 442 1216 per
468 1146 640 1215 ipsum
660 1146 801 1215 facta
827 1151 946 1198 sunt
969 1138 1137 1211 (Joan
1193 1142 1245 1197 l.
1276 1140 1313 1195 '5
1338 1141 1378 1209 ),
1409 1155 1593 1194 verum
1623 1137 1742 1195 est?

184 1242 286 1297 Nam
327 1242 364 1295 si
407 1255 575 1294 :cvuni
623 1246 710 1293 est
740 1237 836 1292 illo
880 1236 1173 1306 antiquius,
1203 1232 1476 1304 quomodo
1504 1232 1555 1287 id
1597 1231 1739 1302 quod

178 1344 276 1389 ante
296 1334 428 1387 illum
453 1339 533 1386 cst
555 1373 570 1399 ,
600 1345 698 1401 per
720 1330 892 1400 ipsum
910 1323 1126 1407 factum
1155 1325 1355 1382 fuerit?
1381 1325 1659 1381 Videtisne
1686 1323 1738 1379 in

179 1433 387 1493 quantam
418 1415 773 1477 temeritatem
806 1419 975 1477 semel
1006 1418 1216 1489 abiecta
1245 1420 1475 1475 veritate
1512 1431 1733 1489 proces-

176 1513 343 1570 serint?
367 1513 471 1569 Cur
503 1529 613 1569 non
642 1512 778 1568 dixit
801 1510 1153 1583 evangelista,
1200 1509 1375 1581 ipsum
1412 1525 1480 1565 ex
1510 1525 1616 1564 non
1642 1524 1739 1565 ex-

178 1608 398 1662 tantibus
441 1606 640 1662 luctum
686 1622 845 1670 esse.
898 1615 955 1660 ut
1002 1605 1073 1661 de
1118 1604 1371 1660 omnibus
1406 1604 1605 1658 Paulus
1655 1603 1739 1656 his

175 1699 317 1753 rcrbis
351 1698 540 1754 asserit
570 1714 584 1751 :
619 1697 719 1763 Qui
729 1698 942 1752 ‘rocnoit
970 1712 1029 1751 ea
1058 1711 1175 1768 qua
1200 1712 1305 1750 non
1332 1703 1455 1749 sunt
1496 1703 1739 1765 tauquam

173 1810 217 1845 ra
250 1807 349 1859 qua
370 1801 483 1847 sunt
532 1798 552 1865 ί
586 1790 735 1847 Rom.
768 1791 818 1846 4.
854 1790 912 1847 l7
951 1788 1005 1861 );
1035 1789 1131 1845 sed
1161 1789 1328 1855 dicit,
1376 1784 1443 1842 lu
1485 1787 1739 1857 principio

170 1883 287 1937 erat!
298 1882 391 1938 hoc
405 1883 548 1938 enim
569 1882 899 1937 contrarium
919 1889 1006 1936 est
1021 1880 1094 1935 illi
1115 1896 1130 1947 ;
1152 1879 1347 1949 acjure
1371 1878 1579 1933 merito.
1596 1878 1737 1932 Drus

169 1976 283 2029 enim
301 1989 464 2045 neque
484 1974 566 2040 llt,
593 1989 766 2043 neque
788 1972 914 2044 quid
959 1988 1020 2029 se
1036 1972 1307 2042 antiquius
1326 1970 1522 2035 habet;
1549 1986 1734 2026 verum

169 2068 259 2121 hac
276 2065 541 2138 gentilium
570 2064 736 2122 verba
773 2073 918 2119 sunt.
963 2064 1058 2120 Dic
1080 2072 1139 2119 et
1168 2060 1464 2139 illudmihi
1492 2080 1507 2117 :
1537 2064 1732 2118 Annon

166 2154 330 2211 dixeris
352 2163 655 2213 creatorem
702 2156 897 2211 creatis
933 2153 1191 2226 operibus
1231 2152 1735 2225 incomparabiliter

165 2246 563 2305 excellentioretn
590 2246 755 2304 esse?
782 2247 917 2303 Cum
957 2260 1091 2317 ergo
1128 2245 1261 2318 ipsis
1287 2246 1463 2301 simile
1508 2244 1648 2301 foret
1678 2245 1729 2299 id

162 2339 274 2411 quod
296 2355 360 2395 ex
390 2354 496 2396 non
522 2340 863 2397 exstantibus
886 2348 1032 2396 esset
1052 2379 1068 2402 ,
1112 2339 1202 2394 ubi
1230 2346 1379 2394 esset
1406 2338 1492 2393 illa
1523 2338 1732 2393 incom-

164 2431 377 2499 parabilis
398 2430 761 2491 excellentia?
789 2430 931 2500 Quid
956 2439 1135 2486 autem
1167 2439 1251 2486 est
1275 2430 1403 2486 illud
1421 2472 1435 2497 ,
1470 2430 1583 2501 Ego
1623 2430 1707 2502 pri

161 2540 265 2591 mu,
300 2533 343 2578 et
365 2540 455 2595 ego
483 2533 602 2595 post
629 2524 759 2589 hac,
793 2531 869 2590 et,
899 2524 1033 2579 Ante
1058 2541 1137 2579 me
1162 2540 1267 2578 non
1297 2524 1398 2596 fuit
1424 2525 1561 2579 alius
1586 2523 1732 2591 “Deus

162 2612 283 2683 (lui.
307 2614 390 2670 ιι.
418 2616 473 2671 ι.
505 2626 556 2671 et
585 2617 677 2673 ιδ.
714 2615 845 2687 l0)?
869 2616 1003 2673 Nam
1033 2616 1079 2671 si
1115 2615 1281 2672 Filius
1311 2633 1418 2673 non
1450 2618 1518 2672 sit
1542 2633 1607 2673 ex
1639 2633 1732 2673 ea-

158 2706 255 2762 dem
278 2708 571 2764 substantia
596 2751 613 2777 ,
638 2709 775 2765 alius
796 2718 880 2765 est
924 2710 1103 2776 Deus;
1147 2709 1194 2765 si
1241 2724 1351 2766 non
1390 2719 1727 2777 coa'ternus,

159 2809 222 2854 est
254 2810 362 2869 post
386 2800 539 2856 illum
577 2820 593 2856 :
638 2814 702 2857 ac
727 2800 774 2857 si
800 2817 907 2857 non
926 2800 1002 2858 ex
1030 2799 1332 2857 substantia
1373 2802 1604 2873 prodiit,
1636 2813 1731 2873 pa-

156 2894 237 2947 Iam
259 2903 335 2949 est
356 2895 530 2965 ipsum
560 2896 763 2952 factum
792 2911 933 2953 esse.
966 2896 1125 2967 Quod
1153 2896 1200 2952 si
1239 2895 1477 2953 dixerint
1518 2896 1635 2952 Iuro
1660 2896 1727 2952 ad

156 2984 469 3042 dill'erentiam
516 2986 790 3045 idolorum
830 2989 973 3046 dicta
1026 2988 1193 3045 fuisse
1219 3028 1238 3056 ,
1287 2989 1563 3060 quomodo
1618 3005 1725 3044 non

154 3077 411 3134 emeedent
451 3079 522 3135 ad
570 3078 933 3137 diﬂ’erentiam
987 3079 1256 3137 idolorum
1304 3080 1480 3138 solum
1534 3096 1722 3137 verum

157 3167 292 3224 Deum
317 3168 457 3226 dici?
486 3170 646 3239 Quod
673 3172 718 3226 si
751 3170 855 3227 hoc
879 3172 1043 3229 etiam
1070 3171 1521 3229 addill’erentiam
1547 3173 1723 3231 idolo.

152 3276 243 3314 rum
268 3259 461 3318 dictum
509 3264 622 3327 sit.
654 3264 930 3335 quomodo
974 3273 1142 3321 totam
1186 3264 1510 3321 sententiam
1555 3267 1725 3321 inter-

153 3354 411 3418 pretabcris
427 3355 454 3407 ’ἒ
487 3351 623 3408 Post
649 3369 729 3408 me
751 3354 917 3420 enim,
947 3354 1152 3425 inquit.
1179 3371 1282 3410 non
1306 3365 1381 3411 est
1404 3355 1539 3411 alius
1558 3354 1722 3411 Deus.

151 3441 241 3497 Non
265 3443 480 3515 eiiciens
530 3445 731 3502 Filium
782 3445 884 3502 huc
912 3445 1078 3514 dicit,
1112 3446 1207 3503 sed
1250 3447 1513 3517 signiﬁcat
1537 3489 1552 3513 ,
1584 3447 1727 3503 Dens

149 3535 339 3592 idolicus
367 3546 489 3608 post
521 3553 617 3594 tne
664 3553 772 3594 non
818 3548 935 3604 est;
986 3554 1093 3594 non
1123 3539 1266 3610 quod
1293 3538 1467 3595 Filius
1496 3554 1602 3594 non
1631 3539 1720 3595 sit.

148 3626 288 3684 titiam
307 3671 323 3694 ,
352 3630 593 3702 inquies.
621 3630 759 3700 Quid
804 3630 997 3703 igitur?
1025 3631 1187 3698 illud,
1235 3633 1365 3686 Ante
1394 3648 1474 3686 me
1498 3647 1599 3686 non
1627 3632 1725 3702 fuit

151 3720 260 3774 alia:
288 3721 422 3777 Deus
444 3763 460 3787 ,
497 3723 574 3778 ita
600 3722 835 3795 accipies
860 3764 876 3788 ,
917 3722 1060 3793 quod
1110 3738 1306 3794 nempe
1335 3723 1561 3780 idolicus
1590 3722 1726 3778 deus

146 3826 228 3867 non
253 3810 440 3881 fuerit;
479 3825 537 3869 at
567 3813 736 3871 fuerit
763 3816 955 3872 saltem
986 3826 1112 3871 ante
1134 3831 1258 3872 eum
1286 3815 1499 3871 Filius?
1525 3815 1725 3887 Ecquis

146 3902 320 3961 damon
365 3907 486 3964 huic
517 3909 755 3963 dixerit?
805 3908 883 3964 Ne
911 3910 1089 3977 ipsum
1117 3908 1334 3980 quidem
1366 3909 1638 3965 diabolum
1671 3908 1723 3964 id

144 4005 245 4063 puto
269 3997 539 4054 dicturum
573 4013 720 4054 esse.
750 4000 1002 4069 Alioquin
1030 4009 1233 4064 autem,
1262 4000 1309 4054 si
1338 4016 1443 4054 non
1472 4008 1556 4054 est
1580 4013 1724 4054 cote-

143 4098 295 4143 teruns
321 4090 465 4145 Patri
489 4131 507 4155 ,
538 4091 819 4158 quomodo
845 4090 1107 4146 inﬁnitam
1139 4091 1258 4160 ejus
1285 4092 1448 4145 vitam
1475 4091 1723 4146 dixeris?

141 4175 246 4233 Nam
270 4180 313 4235 si
339 4182 673 4254 principium
720 4182 961 4237 anterius
998 4182 1191 4248 habet;
1226 4184 1441 4239 etiamsi
1482 4183 1724 4239 inﬁnitus

140 4269 219 4329 sit.
264 4286 367 4326 non
407 4282 602 4328 tamn
654 4273 950 4329 immensus
991 4274 1096 4329 erit
1148 4291 1162 4330 ε
1211 4276 1532 4330 immensum
1577 4274 1721 4329 enim

142 4361 355 4432 utrisque
407 4364 747 4421 immensum
798 4379 920 4422 esse
964 4374 1213 4435 oportet;
1265 4365 1318 4421 id
1366 4366 1510 4436 quod
1558 4366 1721 4421 etiam

138 4452 300 4511 Paulus
341 4457 643 4513 declarans
666 4456 880 4513 dicebat
909 4476 923 4513 :
955 4455 1133 4528 Neque
1159 4459 1469 4528 principium
1499 4459 1720 4525 dierum,

137 4560 265 4615 Nam
288 4548 443 4619 ﬁerent
474 4550 604 4605 vita:
628 4548 817 4605 habens
845 4550 865 4624 (
891 4548 1050 4605 Hebr.
1084 4551 1137 4605 7.
1168 4551 1203 4606 3
1226 4552 1266 4621 ),
1300 4561 1352 4606 et
1385 4552 1646 4622 principio
1668 4561 1724 4607 ct

136 4640 216 4693 line
241 4656 421 4698 carere
446 4642 748 4699 declarans
772 4681 786 4697 .
816 4642 1281 4710 Quemadmodum
1306 4646 1449 4700 enim
1483 4645 1607 4711 hoc,
1641 4647 1720 4702 sic

137 4745 276 4800 usque
318 4734 450 4789 illud
503 4734 679 4789 linem
712 4733 907 4801 habet;
936 4750 1060 4790 cum
1097 4751 1272 4807 neque
1319 4736 1407 4792 hic
1454 4736 1575 4794 linis
1612 4738 1719 4803 sit,

134 4837 279 4893 ιιαμιο
305 4826 416 4881 illic
452 4825 708 4881 initium.

188 4914 234 4969 3.
281 4913 505 4971 Vultum
534 4916 588 4972 ai
627 4917 730 4970 vita
753 4926 849 4983 est,
880 4926 1123 4973 clerum
1151 4917 1484 4990 al.06jectio
1514 4920 1718 4976 lucreti-

133 5022 276 5060 ιοηυιι
302 5025 319 5061 :
351 5008 530 5065 Filius
557 5016 680 5071 Θεὸς
720 5008 908 5065 dicitur
943 5011 1056 5065 sine
1079 5011 1320 5074 mticulo,
1348 5011 1625 5082 refutatur.
1652 5044 1723 5053 —

134 5100 381 5181 Wo
405 5110 607 5157 autem
637 5116 761 5156 eum
788 5102 897 5156 vita
923 5102 1015 5167 ait,
1036 5101 1197 5159 iuuit
1225 5111 1438 5173 tempus
1463 5120 1586 5159 cum
1613 5122 1720 5160 non

135 5192 279 5247 met?
321 5191 443 5249 Vita
487 5192 659 5250 enim
691 5209 928 5263 semper,
957 5209 1023 5250 ac
1069 5196 1186 5252 sine
1217 5198 1483 5269 principio
1511 5210 1568 5253 ct
1613 5200 1723 5254 line

134 5296 228 5335 esse
251 5299 406 5341 nemo
434 5300 553 5340 non
588 5283 843 5349 fateatur,
859 5286 908 5341 si
936 5286 1027 5343 ille
1056 5302 1185 5344 vero
1206 5284 1313 5344 vita
1334 5291 1504 5357 sit,.ut
1532 5307 1722 5346 revera

134 5383 214 5427 est.
240 5375 292 5430 Si
316 5393 453 5433 vero
480 5377 594 5433 fuit
622 5376 915 5448 alitpando
948 5392 1076 5434 cum
1106 5394 1212 5435 non
1250 5391 1419 5446 esset,
1447 5382 1723 5452 quomodo

137 5466 220 5519 vita
243 5468 471 5525 aliorum
513 5468 621 5535 sit,
649 5483 769 5539 qua:
796 5469 1093 5540 aliquando
1115 5487 1221 5526 non
1255 5471 1396 5527 luit?
1439 5472 1724 5541 Quomodo

138 5558 286 5628 igitur,
316 5563 518 5634 inquit,
553 5560 807 5618 Joannes
826 5562 1148 5633 principium
1192 5566 1370 5634 posuit
1414 5565 1620 5628 dicens.
1652 5564 1721 5621 lu

142 5653 354 5724 principio
376 5654 541 5710 eratt’
571 5653 735 5711 Illinc
754 5655 892 5721 voci,
923 5671 1130 5726 qnteso,
1153 5656 1215 5710 lu
1243 5658 1519 5729 principio,
1542 5668 1597 5713 ct
1622 5659 1720 5724 illi,

146 5739 261 5809 Erat,
300 5748 587 5812 utendis;
636 5756 693 5801 et
733 5745 905 5813 illam,
947 5746 1166 5805 Verbum
1191 5761 1319 5815 erat,
1347 5765 1451 5805 non
1483 5752 1725 5822 cogitas?

142 5836 247 5900 QN
274 5855 416 5908 vero,
449 5840 687 5913 quando
742 5840 810 5896 de
859 5843 1013 5897 Patre
1046 5843 1176 5899 dicit
1208 5843 1467 5915 propheta
1499 5862 1511 5897 :
1558 5844 1599 5898 Α
1626 5860 1722 5901 ια’-

1858 674 2081 730 nitatem
2112 674 2405 747 signiﬁcat.
2451 673 2687 746 ldipsum
2721 676 2809 732 hic
2837 679 3038 747 cogita.
3067 674 3183 733 Non
3214 678 3479 733 terminos

1857 782 2064 837 ponens
2110 769 2181 823 ita
2211 768 2468 841 loquutus
2498 778 2581 825 est
2610 786 2625 825 :
2661 785 2840 842 neque
2880 772 3029 827 enim
3077 771 3236 840 dixit,
3266 771 3481 827 Princi-

1857 862 2001 931 pium
2032 863 2254 930 habult;
2282 864 2401 924 sed.
2434 864 2501 918 In
2530 866 2786 938 principio
2807 874 2962 929 erat;
3004 864 3105 922 hac
3132 881 3285 933 voce,
3321 864 3473 931 Em,

1856 962 1908 1008 te
1936 952 2216 1011 deducens
2246 966 2301 1010 ut
2335 956 2530 1012 Filium
2562 960 2683 1014 sine
2713 959 2979 1029 principio
3014 974 3142 1015 esse
3179 960 3472 1031 cogitares.

1853 1048 1948 1110 At,
1995 1047 2230 1119 inquies,
2263 1048 2427 1105 Pater
2455 1064 2577 1104 cum
2621 1049 2851 1107 articulo
2880 1050 3098 1116 dicitur,
3134 1049 3299 1105 Filius
3343 1065 3475 1106 vero

1850 1138 1967 1193 sine
1985 1139 2332 1211 articulo(a).
2350 1140 2490 1209 Quid
2514 1155 2644 1210 ergo
2663 1156 2789 1197 cum
2814 1142 3096 1212 apostolus
3114 1140 3268 1208 dicit,
3292 1139 3472 1213 Ungui

1855 1228 1950 1284 Dei
1975 1240 2023 1285 rt
2055 1231 2342 1286 Saluatoris
2390 1232 2553 1286 nostri
2591 1229 2720 1287 heu
2770 1230 3119 1302 Christi-(Tit.
3150 1231 3203 1287 9..
3238 1232 3366 1303 15);
3416 1242 3473 1288 et

1848 1336 2084 1385 rursum.
2122 1323 2226 1391 Qui
2254 1332 2327 1378 est
2353 1341 2508 1391 super
2534 1325 2707 1378 omnia
2745 1323 2889 1379 Deus
2910 1324 3099 1400 (nam.
3126 1323 3183 1379 9.
3215 1324 3312 1395 b)?
3340 1338 3473 1381 erce

1849 1427 2083 1483 namque
2109 1413 2198 1469 hic
2227 1400 2345 1470 sine
2369 1414 2599 1471 articulo
2624 1414 2819 1470 Filium
2854 1415 3197 1472 memoravit.
3229 1416 3472 1489 ldipsnm

1848 1507 1915 1562 de
1947 1507 2107 1562 Patre
2132 1505 2412 1563 observes.
2445 1504 2579 1562 Nam
2607 1507 2673 1560 ad
2706 1506 3087 1579 Philippenscs
3112 1506 3362 1569 scribens
3386 1508 3467 1562 sic

1846 1600 1922 1654 ait
1950 1616 1964 1653 :
1990 1599 2097 1667 Qui
2120 1613 2238 1653 cum
2277 1600 2329 1653 in
2358 1602 2526 1670 forum
2553 1599 2651 1654 Dei
2679 1609 2829 1667 esset,
2852 1615 2956 1655 non
2985 1600 3223 1671 rapinam
3246 1601 3468 1655 arbitra-

1847 1702 1931 1748 tus
1954 1700 2027 1747 ut
2048 1709 2157 1748 esse
2179 1709 2234 1748 te
2256 1683 2507 1763 aequalem
2535 1692 2645 1748 Deo
2687 1692 2948 1765 (Philipp.
2970 1693 3028 1749 2.
3050 1691 3112 1767 6)
3134 1711 3149 1750 :
3176 1703 3234 1749 ct
3253 1693 3324 1751 ad
3358 1692 3467 1747 llo-

1846 1794 2071 1839 manos:
2098 1781 2281 1839 Gratia
2305 1784 2443 1839 vobis
2468 1793 2517 1839 et
2539 1802 2645 1855 pas:
2668 1803 2700 1839 a
2724 1784 2838 1840 Deo
2860 1784 3025 1841 Patre
3042 1784 3249 1851 nostra,
3280 1794 3330 1842 et
3354 1783 3465 1839 De»

1844 1879 1983 1931 mino
2010 1876 2138 1932 lerat
2164 1875 2368 1934 Chrian
2406 1876 2571 1951 (Rom
2622 1879 2673 1933 ι.
2704 1876 2779 1950 7).
2816 1877 3072 1949 Alioquin
3103 1892 3239 1934 vero
3268 1891 3463 1948 cupen-

1842 1983 2137 2024 vacaneum
2158 1967 2348 2025 luisset
2373 1969 2460 2026 hic
2481 1970 2769 2025 articulum
2795 1985 3275 2039 Immnemcum
3298 1985 3477 2039 supra

1844 2059 2159 2131 l'requentcr
2175 2062 2457 2132 appositus
2482 2060 2663 2117 inerit.
2683 2060 3158 2129 Quemadmodum
3174 2062 3319 2117 cnim
3337 2078 3461 2118 cum

1839 2152 1911 2209 de
1943 2154 2106 2210 Patre
2144 2154 2298 2221 dicit,
2333 2153 2567 2226 Spiritus
2586 2165 2660 2209 at
2690 2153 3042 2227 Derte(loau.
3071 2155 3126 2212 4.
3153 2154 3246 2225 24)
3273 2172 3289 2222 ;
3334 2158 3467 2227 quia

1842 2246 2107 2303 articulus
2134 2246 2357 2317 Spiritui
2414 2262 2521 2303 non
2569 2248 2898 2319 praepositus
2924 2257 3031 2315 est,
3064 2263 3171 2302 non
3224 2247 3347 2303 ideo
3375 2248 3461 2301 in-

1839 2354 2165 2409 corporeum
2212 2355 2339 2395 esse
2381 2339 2549 2395 Deum
2601 2348 2865 2411 negamus
2892 2358 2909 2397 :
2940 2340 3023 2395 sic
3065 2349 3122 2396 et
3166 2338 3271 2396 hoc
3317 2340 3460 2401 ιορυ,

1840 2432 2055 2489 etiamsi
2100 2431 2240 2488 Filio
2266 2434 2527 2488 articulus
2582 2448 2688 2489 non
2723 2442 3091 2504 praeponatur,
3123 2448 3231 2489 non
3281 2433 3461 2497 minus

1842 2532 2023 2582 tamen
2045 2523 2190 2582 Deus
2211 2535 2296 2583 est
2318 2524 2509 2583 Filius.
2527 2512 2645 2595 Qua
2672 2541 2805 2583 vero
2830 2525 2899 2583 de
2917 2540 3081 2584 causa
3098 2527 3124 2580 τ
3149 2526 3286 2582 Cum
3314 2525 3461 2582 enim

1840 2619 2013 2677 Deum
2039 2620 2294 2677 etrDeum
2324 2620 2482 2689 dixit,
2506 2620 2714 2676 nullum
2748 2619 2951 2677 indicat
2974 2619 3136 2677 nobis
3158 2618 3460 2676 divinitatis

1837 2710 2165 2777 discrimen;
2226 2712 2337 2768 imo
2388 2727 2616 2784 prorsus
2671 2720 2884 2768 contra.
2938 2712 3077 2769 Cum
3107 2712 3253 2768 enim
3308 2712 3459 2782 prius

1836 2802 2090 2870 dixisset,
2120 2801 2190 2858 Et
2216 2802 2353 2858 Dm
2378 2812 2489 2858 erat
2521 2801 2763 2865 Verbum.
2792 2819 2862 2859 ne
2884 2803 3013 2875 quis
3033 2810 3250 2876 putaret
3276 2803 3453 2858 mino-

1836 2910 1952 2951 rem
1983 2908 2105 2952 esse
2131 2894 2252 2951 Filii
2280 2894 2639 2966 divinitatem,
2662 2896 2844 2952 statim
2866 2909 3009 2952 verat
3028 2892 3324 2952 divinitatis
3337 2895 3459 2966 ejus

1835 2985 2158 3042 documenta
2189 2985 2414 3056 profert;
2437 2990 2794 3045 aeternitatem
2816 3000 3010 3057 nempe
3040 2986 3121 3043 sic
3145 3001 3462 3051 resumens,

1840 3076 1942 3131 llic
1988 3089 2097 3133 erat
2150 3095 2184 3133 α
2228 3078 2483 3149 principio
2543 3079 2687 3149 apud
2751 3079 2921 3135 Deum
2967 3078 3176 3152 (latnt.
3228 3080 3282 3135 ί.
3332 3078 3460 3149 2);

1833 3171 2055 3228 creandi
2084 3172 2193 3227 vim
2232 3187 2355 3228 cum
2396 3172 2566 3240 addit,
2598 3173 2787 3227 (Munia
2819 3189 2909 3241 per
2933 3174 3105 3244 ipsum
3140 3174 3279 3244 facta
3306 3181 3457 3236 sunt,

1833 3276 1880 3320 et
1908 3266 2018 3321 sine
2035 3265 2149 3332 ipso
2169 3270 2364 3337 factum
2392 3274 2467 3320 eat
2496 3264 2627 3319 nihil
2656 3265 2793 3332 (mod
2822 3266 3016 3336 factum
3045 3274 3117 3319 est
3147 3262 3316 3332 (Ibid.
3349 3264 3407 3333 5)
3437 3282 3447 3315 :

1835 3356 1886 3412 id
1909 3356 2055 3427 quod
2079 3357 2313 3412 maxime
2332 3356 2491 3413 Pater
2514 3357 2634 3425 ejus
2661 3372 2758 3427 per
2784 3356 3077 3427 prophetas
3095 3356 3307 3429 ubique
3325 3358 3456 3412 snh~

1834 3448 2050 3504 stautize
2080 3448 2201 3517 ejus
2244 3458 2624 3518 argumentum
2652 3462 2774 3503 esse
2813 3447 2967 3503 dicit.
3017 3447 3096 3503 Ac
3141 3445 3457 3518 frequentet»

1836 3541 1939 3597 hoc
1963 3541 2447 3598 demonstrationis
2471 3556 2645 3613 genus
2672 3540 2955 3612 propheta:
2980 3546 3202 3596 versant
3222 3555 3243 3596 ;
3276 3553 3461 3609 neque

1834 3634 1901 3689 ad
1931 3634 2035 3689 hoc
2061 3634 2261 3700 solum,
2294 3633 2389 3690 sed
2418 3643 2477 3689 ut
2499 3634 2663 3691 etiam
2694 3632 2963 3689 idolorum
2993 3631 3202 3688 cultum
3233 3629 3445 3686 tollant.

1835 3724 1971 3781 Nam
2013 3727 2110 3793 dii,
2158 3727 2352 3795 inquit,
2381 3727 2471 3797 qui
2515 3725 2701 3782 mlum
2746 3733 2795 3782 et
2824 3732 3016 3780 terram
3045 3740 3150 3778 non
3196 3722 3457 3793 fremat,

1836 3827 2047 3887 pereant
2073 3815 2212 3887 (Jer.
2248 3818 2339 3874 l0.
2366 3817 2494 3890 ll);
2529 3832 2594 3873 ac
2623 3832 2860 3883 rursum,
2889 3814 3191 3889 Egomauu
3216 3823 3336 3870 utea
3356 3830 3447 3869 ea;-

1833 3908 1973 3962 tendi
2017 3908 2201 3962 celum
2240 3905 2523 3977 (Ιειιίπιιι.
2553 3905 2689 3981 2i):
2731 3906 3141 3977 ostendensque
3169 3904 3300 3960 illud
3326 3919 3461 3960 esse

1833 4001 2130 4056 divinitatis
2159 4010 2564 4072 argumentum,
2595 4000 2647 4056 id
2674 4000 2877 4071 ubique
2916 3999 3086 4070 ponit.
3117 3998 3239 4068 Ipse
3264 4006 3464 4052 autem.

1833 4095 2187 4163 evangelista,
2222 4093 2309 4149 his
2349 4100 2458 4148 non
2485 4101 2788 4149 contentus
2819 4092 3021 4158 verbis,
3050 4092 3217 4145 vitam
3271 4090 3448 4158 ipsum

1834 4186 2043 4239 vocavit
2070 4194 2127 4239 et
2158 4186 2352 4240 lucem.
2380 4184 2438 4240 Si
2482 4185 2664 4255 itaque
2705 4199 2923 4253 semper
2960 4198 3085 4237 cum
3118 4182 3279 4237 Patre
3305 4190 3445 4241 erat.

1832 4277 1877 4331 si
1898 4276 2080 4332 omnia
2106 4276 2224 4346 ipse
2243 4275 2509 4339 condidit.
2541 4275 2793 4346 produxit
2818 4286 2871 4329 et
2892 4273 3135 4330 continet
3156 4272 3283 4344 (hoc
3298 4273 3445 4331 enitn

1837 4383 1934 4437 per
1961 4368 2125 4424 vitam
2156 4367 2478 4440 signiﬁcavit
2498 4368 2542 4440 ),
2569 4368 2614 4423 si
2643 4368 2824 4423 omnia
2852 4367 3160 4433 illuminat;
3210 4366 3335 4438 quis
3375 4365 3451 4420 ita

1832 4460 2031 4517 stultus
2054 4462 2160 4516 erit
2189 4461 2247 4517 ut
2270 4460 2436 4529 dicat,
2469 4461 2859 4533 evangelistam
2891 4461 3010 4517 lucc
3036 4461 3199 4517 verba
3228 4472 3285 4525 ut
3310 4460 3449 4517 divi-

1834 4554 2058 4610 nitatem
2089 4556 2209 4624 ejus
2253 4554 2528 4610 minueret
2575 4553 2884 4620 induxisse,
2917 4554 3115 4625 quibus
3164 4554 3450 4625 aequalitas

1834 4647 2143 4717 paruosque
2164 4646 2533 4723 demonstrari
2565 4649 2816 4719 poterat?
2843 4647 2945 4714 Ne,
2976 4664 3187 4719 quaeso,
3220 4647 3463 4704 conlun«

1831 4740 2025 4793 damus
2054 4749 2359 4795 creaturam
2394 4756 2517 4795 cum
2546 4740 2827 4808 Creatore,
2862 4756 2930 4797 ne
2958 4757 3059 4797 nos
3099 4752 3317 4813 quoque
3347 4758 3445 4795 au—

1832 4830 2047 4886 diamus
2077 4847 2092 4886 :
2125 4830 2405 4887 Colueruut
2430 4840 2720 4888 creaturam
2763 4849 2872 4903 prta
2897 4833 3139 4890 Crantore
3180 4831 3359 4906 (Rom.
3398 4836 3462 4889 l.

1829 4922 1947 4996 25).
1973 4924 2196 4980 Etiamsi
2221 4925 2368 4979 enim
2396 4925 2464 4981 de
2490 4926 2641 4982 caelis
2682 4925 2802 4983 lucc
2842 4926 3197 4997 intelligenda
3222 4925 3411 4982 dicant
3438 4946 3453 4979 :

1830 5024 2070 5075 attamen
2089 5014 2160 5071 de
2182 5015 2267 5071 bis
2298 5003 2775 5091 loquensomnino
2805 5017 3083 5090 prohibuit
3102 5033 3175 5074 ne
3198 5026 3463 5074 creatura

1832 5109 2062 5173 colatur,
2093 5110 2184 5179 qui
2233 5111 2516 5181 gentilium
2546 5127 2701 5167 error
2726 5121 2831 5167 est.

1905 5203 1960 5257 4.
2004 5203 2046 5256 Α
2073 5204 2312 5257 servitute
2338 5203 2594 5258 idolorum
2639 5219 2732 5257 nos
2773 5199 3286 5259 liberavit’Christus.
3337 5202 3454 5257 Do.

1832 5304 2004 5365 gmata
2038 5312 2140 5349 non
2169 5305 2382 5363 prosunt
2410 5295 2480 5371 a4
2508 5295 2743 5361 salutem,
2766 5297 2809 5351 si
2841 5297 2943 5350 vita
2970 5298 3036 5349 sit
3061 5307 3327 5369 corrupta.
3361 5297 3455 5351 Im

1832 5386 2061 5441 celeriter
2098 5387 2485 5457 exstinguenda.
2537 5386 2742 5451 Laudes
2783 5389 3047 5444 hominum
3080 5390 3158 5445 uel
3188 5407 3253 5445 ea:
3276 5392 3449 5463 gratia

1898 5544 1971 5605 (η)
1997 5550 2094 5591 [loc
2139 5544 2342 5605 respicit
2357 5542 2476 5593 illud
2509 5542 2781 5606 Evangelii,
2808 5558 2871 5595 ιιι
2896 5554 2917 5606 t_
2941 5558 3053 5606 um
3077 5549 3121 5606 ἦν
3139 5558 3228 5606 πρὸς
3263 5556 3325 5603 τὸν
3349 5556 3452 5603 ea.

1832 5618 1894 5656 ul
1918 5603 2065 5664 and»
2090 5615 2111 5655 ι
2140 5603 2267 5667 an...
2286 5606 2371 5654 ubi
2406 5618 2472 5656 τι..
2503 5620 2596 5657 Oulv
2618 5603 2729 5656 cum
2748 5603 2955 5657 articulo
2989 5603 3178 5658 dicitur
3194 5606 3261 5656 de
3294 5614 3451 5663 Patre.

1833 5681 1889 5715 ..ι
1910 5679 1994 5733 aut;
2016 5672 2061 5725 ἦ.
2081 5668 2193 5733 sine
2208 5668 2492 5733 articulodc
2507 5668 2643 5719 Filio.
2664 5668 2799 5733 unde
2814 5669 3095 5733 arguebant
3112 5670 3271 5730 impie
3289 5668 3455 5733 Ariani

1834 5737 1888 5779 et
1922 5730 2143 5779 Auouuni
2169 5763 2184 5786 ,
2220 5727 2388 5779 Filium
2416 5744 2512 5780 non
2538 5736 2654 5781 esSc
2678 5730 2841 5781 Deum
2865 5727 2994 5781 s'itmt
3018 5727 3228 5791 Patroni,
3255 5730 3344 5780 scd
3368 5745 3457 5778 nu-

1834 5805 2027 5858 ιιυι-οιιιε
2056 5804 2149 5840 ncc
2184 5794 2385 5854 proprio
2404 5793 2567 5843 Deum
2599 5807 2610 5842 ε
2637 5793 2767 5858 quod
2794 5795 3055 5845 contrariis
3079 5792 3327 5858 exempli:
3346 5807 3457 5844 tot»

1839 5855 1957 5905 luta!
1993 5854 2381 5917 lluysostomus.
