4164 6320
711 346 772 408 Μ
1449 345 1508 406 8.
1546 345 1825 404 JOANNIS
1861 337 2344 401 ειιῐιῖδοετυιιι
2385 337 2703 397 ARCHIEP.
2745 340 3287 402 CONSTANTINOD.
3930 341 3994 402 ω

716 469 984 536 prodeunt,
1013 465 1096 525 uel
1113 479 1176 519 ex
1219 464 1338 531 odio
1388 472 1655 535 negantur.
1680 460 1851 517 —Ne
1882 462 2060 531 itaque
2103 456 2292 527 hujus-

711 556 850 611 mmli
885 553 1246 611 maledictiont
1280 570 1376 608 nos
1398 555 1768 624 subjiciamus.
1802 552 1929 607 ldeo
1956 551 2099 605 venit
2126 547 2294 603 Filius

714 647 826 715 Dei,
854 656 909 700 ut
936 661 1032 701 nos
1059 647 1127 701 ab
1152 645 1254 701 hoc
1282 652 1430 701 cultu
1455 653 1705 709 erueret;
1752 643 1872 698 ideo
1896 642 2033 697 servi
2067 641 2292 695 formam

709 741 930 806 sect-pit,
955 745 1012 792 ut
1040 752 1140 792 nos
1159 738 1227 792 ab
1256 738 1345 792 illa
1367 739 1624 795 servitute
1654 736 1945 800 liberaret;
1975 733 2093 788 ideo
2123 731 2293 801 sputis

708 836 762 883 et
792 829 1035 900 colaphis
1083 829 1487 899 dehonestatus,
1519 829 1644 886 ideo
1669 839 1898 884 mortem
1932 827 2290 897 turpissimam

707 934 895 989 passus
919 929 1021 975 est.
1040 917 1146 984 Ne,
1166 936 1370 991 quaeso,
1395 922 1510 976 ha:c
1539 922 1722 976 omnia
1749 920 1958 974 inutilia
1983 918 2289 985 reddamus,

710 1027 885 1083 neque
927 1029 1144 1070 rursum
1193 1012 1260 1067 ad
1313 1013 1592 1082 pristinam
1625 1012 1910 1068 redeamus
1939 1012 2288 1082 impietatem,

708 1106 816 1162 imo
846 1106 896 1159 in
929 1105 1086 1176 longe
1109 1106 1409 1177 graviorem
1438 1123 1451 1159 :
1493 1120 1600 1160 non
1628 1106 1772 1162 enim
1803 1105 2006 1176 mquale
2031 1114 2114 1159 est
2142 1119 2293 1160 crea-

701 1206 873 1250 turam
895 1198 1091 1262 colere,
1107 1206 1161 1253 et
1183 1198 1354 1267 ipsum
1373 1198 1686 1254 Creatorem
1699 1199 1764 1252 ad
1781 1206 2146 1252 creaturarum
2169 1196 2289 1252 vili-

706 1294 894 1351 tatem,
925 1300 1182 1356 quantum
1231 1290 1283 1344 in
1311 1289 1468 1344 nobis
1511 1297 1613 1354 est,
1645 1289 1970 1359 deprimere.
2011 1286 2144 1342 Nam
2178 1287 2290 1357 ipse

703 1386 881 1433 manet
919 1379 1094 1448 qualis
1132 1383 1236 1443 est,
1264 1379 1347 1433 Tu
1383 1390 1552 1435 autem
1592 1379 1724 1434 idem
1772 1380 1882 1450 ipse
1915 1395 1988 1442 es,
2025 1378 2218 1448 inquit,
2244 1385 2291 1434 el

701 1470 826 1523 anni
857 1471 932 1523 tui
978 1487 1079 1525 non
1113 1471 1346 1540 deﬁcient
1393 1469 1568 1542 (Psnl.
1611 1470 1732 1526 101.
1765 1470 1880 1540 28).
1912 1469 2290 1527 Glorilicetuus

705 1561 860 1627 igitur
889 1576 1033 1625 eum,
1060 1543 1189 1615 mi
1223 1563 1533 1631 accepimus
1555 1576 1585 1615 a
1618 1562 1857 1632 patribus
1882 1579 1898 1616 :
1925 1561 2291 1632 glorificemus

699 1666 821 1706 eum
848 1663 903 1707 et
933 1654 1036 1709 fide
1058 1662 1112 1708 et
1131 1654 1418 1725 operibus,
1446 1652 1578 1708 nihil
1608 1655 1750 1709 enim
1781 1653 1939 1709 nobis
1964 1654 2030 1709 ad
2059 1655 2286 1708 salutem

700 1757 926 1812 jrosnnt
953 1749 1198 1820 dogmata
1225 1749 1330 1817 pia,
1349 1749 1393 1801 si
1428 1748 1534 1801 vita
1553 1735 2287 1818 sitcorrupta.Quamobrem

702 1844 845 1897 illam
869 1843 1254 1898 continuemns
1272 1842 1340 1898 ad
1361 1842 1454 1898 Dei
1475 1842 1912 1913 plaeitum,omni
1934 1842 2285 1913 turpitudine,

701 1938 981 2008 iniustitia,
1015 1938 1234 1992 avaritia
1280 1937 1437 2008 longe
1483 1937 1693 2004 abacta,
1726 1945 1999 2007 tamquam
2052 1936 2289 2006 hospites

698 2038 755 2083 ct
791 2030 1031 2093 advenat,
1064 2035 1120 2084 et
1148 2045 1176 2083 a
1209 2029 1563 2100 praesentibus
1606 2029 1761 2099 longe
1786 2029 1965 2084 alieni.
1997 2027 2051 2083 Si
2076 2028 2288 2083 divitias

696 2120 817 2189 quis
844 2120 1038 2173 multas
1066 2120 1262 2175 habeat
1291 2129 1345 2175 et
1375 2119 1597 2190 prmdia,
1624 2119 1704 2174 sic
1734 2120 1798 2174 iis
1825 2127 2025 2184 utatur,
2050 2128 2106 2171 ut
2136 2133 2288 2188 pere-

696 2210 883 2279 grinus
909 2209 998 2279 qui
1045 2210 1204 2279 paulo
1255 2220 1374 2280 post
1404 2211 1528 2266 velit
1560 2211 1694 2265 nolit
1722 2209 2056 2265 discessurus
2097 2218 2199 2264 est.
2229 2209 2285 2265 Si

694 2302 814 2370 quis
830 2302 897 2356 ab
911 2302 1022 2355 alio
1036 2303 1221 2372 injuria
1242 2303 1398 2357 bcsus
1414 2303 1482 2358 sit
1499 2343 1514 2368 ,
1529 2319 1596 2357 ne
1611 2303 1985 2358 immortaliter
2000 2302 2282 2368 irascatur,

697 2393 805 2446 imo
835 2408 902 2446 ne
942 2393 1122 2462 aliquo
1147 2392 1361 2463 quidem
1393 2405 1635 2462 tempore
1665 2412 1683 2448 ι
1727 2408 1831 2447 non
1864 2393 1983 2464 plus
2012 2393 2153 2448 enim
2180 2409 2287 2448 uno

693 2481 782 2537 die
813 2483 967 2536 nobis
1005 2482 1071 2536 ad
1104 2484 1242 2536 iram
1281 2484 1551 2538 concessit
1584 2484 1869 2554 Apostolus
1898 2501 1913 2538 :
1945 2482 2057 2548 Sol,
2090 2485 2282 2554 inquit,

694 2589 794 2627 non
828 2573 1025 2627 occidat
1053 2590 1206 2643 super
1238 2575 1559 2629 iracundiam
1588 2585 1802 2630 vestram
1840 2575 2056 2648 (Ep/tes.
2087 2577 2142 2634 4.
2163 2576 2283 2649 26).

696 2665 900 2736 litjnre
921 2665 1135 2735 quidem
1167 2684 1181 2720 :
1222 2666 1513 2735 optandum
1549 2668 1747 2738 quippe
1775 2675 1880 2734 est,
1905 2678 1961 2724 et
1986 2670 2070 2724 vix
2103 2670 2282 2725 caveri

697 2763 894 2824 potest,
927 2765 980 2809 nt
1010 2772 1075 2810 ne
1104 2757 1160 2810 in
1207 2765 1311 2812 tam
1357 2757 1570 2814 modico
1617 2760 1795 2829 spatio
1819 2761 1944 2831 quid
1996 2762 2281 2818 molestum

692 2845 916 2900 accidat.
944 2846 1002 2901 Si
1025 2856 1202 2902 autem
1231 2863 1336 2903 nox
1368 2865 1466 2904 nos
1488 2850 1874 2921 apprehendat.
1896 2867 1982 2907 res
2008 2855 2283 2922 graviores

690 2940 946 3005 evadunt,
977 2942 1234 2995 memoria
1278 2942 1545 3011 ingentem
1575 2943 1736 2999 nobis
1767 2945 1942 3013 ignem
1974 2947 2277 3017 colligente,

692 3031 952 3101 nobisque
982 3047 1078 3101 per
1123 3025 1382 3102 temporis
1426 3034 1656 3104 spatium
1707 3034 1824 3089 haec
1852 3037 2098 3091 acerbius
2126 3054 2280 3092 scru-

691 3123 947 3178 tantibus.
1008 3125 1308 3195 Antequam
1338 3141 1469 3198 ergo
1497 3128 1663 3182 otium
1715 3129 2017 3197 hujusmodl
2049 3145 2280 3198 occupe-

689 3230 828 3278 mus,
859 3224 913 3269 et
958 3215 1414 3271 vehementiorem
1471 3218 1830 3273 accendamus
1882 3237 2105 3292 rogum,
2131 3223 2280 3290 jubet

690 3305 888 3366 malum
913 3317 1256 3375 pra-.vertere,
1286 3317 1342 3363 et
1369 3309 1733 3379 exstinguere.
1755 3311 2057 3368 Vehemens
2082 3315 2278 3385 quippe

688 3408 771 3450 est
803 3398 893 3451 ira:
929 3409 1126 3460 motus,
1156 3401 1408 3470 omnique
1441 3402 1650 3458 flamma
1680 3407 1905 3459 acutius.
1937 3405 2059 3460 Ideo
2083 3409 2278 3463 celeri-

691 3499 798 3544 tate
829 3491 988 3544 multa
1019 3493 1170 3548 nobis
1195 3504 1277 3548 est
1305 3509 1456 3564 opus,
1489 3506 1544 3548 ut
1567 3483 1834 3550 flammam
1868 3509 2275 3568 prmvertamus,

692 3598 789 3637 nec
809 3582 1048 3638 sinamus
1072 3601 1371 3655 assurgere.
1399 3587 1497 3641 Hic
1521 3587 1718 3657 quippe
1744 3590 1961 3644 morbus
1987 3591 2274 3645 multorum

685 3689 844 3728 eausa
877 3677 1138 3731 malorum
1169 3677 1420 3733 efficitur.
1455 3680 1648 3734 Domos
1691 3682 1836 3735 enim
1889 3691 2030 3738 totas
2059 3686 2274 3747 evertit.

688 3777 901 3822 veteres
948 3769 1106 3823 solvit
1147 3772 1582 3838 consuetudines,
1615 3787 1719 3826 non
1766 3774 2124 3833 consolabiles
2166 3787 2275 3831 tra-

685 3858 892 3922 gmdias
920 3859 1069 3914 brevi
1110 3874 1348 3931 tempore
1389 3878 1450 3917 ac
1499 3872 1771 3918 momento
1798 3866 1956 3934 parit.
1989 3866 2121 3922 Nam
2153 3867 2273 3923 Μο-

685 3963 906 4006 mentum
935 3955 1121 4024 furoris
1147 3957 1274 4026 ejus.
1307 3959 1457 4011 ruina
1480 3959 1592 4030 ejus
1632 3958 1817 4028 (Eccli.
1849 3962 1901 4015 Ι.
1930 3960 2047 4029 22),
2080 3961 2269 4031 inquit.

683 4043 759 4098 Nc
790 4044 967 4113 itaque
1009 4045 1172 4101 feram
1221 4049 1355 4103 hanc
1402 4050 1522 4106 sine
1568 4051 1719 4106 freno
1766 4052 2028 4118 sinamus,
2055 4054 2148 4108 sed
2180 4069 2272 4108 ca-

684 4153 829 4189 llllllll
860 4137 957 4206 ipsi
983 4138 1214 4211 undique
1245 4141 1615 4209 fortissimum,
1640 4143 1798 4199 futuri
1827 4145 2010 4214 judicii
2044 4157 2268 4215 metum,

683 4232 1001 4298 injiciatnus.
1028 4230 1160 4291 Cum
1186 4244 1236 4287 te
1265 4236 1468 4289 amicus
1490 4237 1711 4304 lzcserit,
1729 4249 1820 4292 aut
1845 4240 2121 4293 familiaris
2142 4255 2268 4296 eon-

685 4326 955 4392 citaverit,
988 4327 1162 4396 cogita
1210 4338 1408 4397 quanta
1458 4344 1585 4399 erga
1637 4329 1805 4385 Deum
1861 4333 2192 4402 peccaveris.
2218 4342 2273 4389 et

688 4417 962 4487 perpende
995 4429 1046 4472 te
1076 4419 1118 4472 si
1150 4419 1479 4476 moderatius
1507 4435 1630 4476 cum
1659 4423 1749 4477 illo
1778 4437 1925 4493 agas,
1971 4425 2152 4481 mitius
2175 4426 2269 4481 tibi

675 4510 935 4579 judicium
964 4510 1090 4566 illud
1120 4513 1466 4568 constituere.
1488 4512 1620 4568 Nam
1647 4515 1740 4583 ait,
1773 4514 2000 4586 Dimitte,
2023 4527 2072 4571 et
2098 4518 2270 4572 dimit-

678 4613 811 4655 tetnr
838 4603 972 4656 vobis
1001 4602 1150 4673 (an.
1187 4604 1242 4658 6.
1273 4605 1400 4676 57);
1447 4607 1735 4676 statimque
1762 4609 1981 4663 morbus
2007 4610 2264 4676 attfngiet.

678 4694 757 4747 Ad
787 4694 900 4748 haec
927 4695 1232 4751 consideres
1260 4697 1443 4762 velim,
1475 4713 1600 4752 tutm
1635 4701 1920 4769 aliquando
1951 4702 2002 4756 in
2032 4701 2265 4757 furorem

681 4793 853 4847 actus,
890 4796 940 4839 te
965 4787 1330 4852 continueris;
1364 4798 1417 4843 et
1442 4805 1568 4843 num
1595 4791 1883 4861 aliquando
1912 4795 2072 4848 etiam
2101 4795 2169 4850 ab
2191 4797 2265 4849 ira

676 4878 932 4946 abreptus
976 4878 1137 4934 fueris
1166 4897 1180 4934 :
1216 4890 1561 4952 utrorumque
1597 4885 1997 4954 comparatione
2054 4896 2264 4957 tempo-

677 4985 818 5031 rum,
850 4970 914 5022 ad
946 4971 1373 5028 emendationem
1427 4974 1580 5029 valde
1624 4975 1913 5044 juvaberis.
1970 4978 2065 5033 Dic
2121 4982 2262 5035 enim

675 5063 827 5125 mihi,
859 5063 1196 5131 quandonant
1230 5069 1455 5136 teipsqu
1485 5067 1731 5133 laudasti,
1755 5084 1875 5124 cum
1905 5070 1974 5123 ab
1997 5072 2072 5126 ira
2104 5087 2263 5143 supe-

675 5167 821 5209 ratus
851 5172 931 5220 es,
957 5172 1021 5209 an
1049 5174 1168 5212 cum
1200 5160 1502 5228 superasti?
1543 5161 1733 5215 Annon
1758 5177 1879 5215 cum
1908 5163 2140 5232 primum
2172 5181 2261 5219 ac-

672 5249 823 5312 cidit,
851 5264 946 5301 nos
974 5250 1317 5307 vehementer
1337 5253 1663 5320 incusamus,
1681 5255 2070 5320 erubescimus.
2095 5258 2258 5313 etiam

676 5340 892 5394 nemine
922 5350 1198 5409 arguente,
1225 5359 1287 5396 ac
1333 5346 1496 5398 multa
1533 5361 1632 5400 nos
1657 5357 1710 5402 et
1741 5347 2024 5404 verborum
2072 5359 2126 5404 et
2166 5367 2261 5421 εον

672 5446 872 5490 stornm
923 5434 1067 5489 subit
1115 5436 1458 5504 paenitentia?
1508 5455 1630 5494 cum
1677 5451 1854 5496 autem
1900 5459 2252 5510 superamus,

666 5527 980 5592 gaudemus.
1032 5536 1087 5581 ct
1136 5529 1286 5598 quasi
1334 5530 1563 5587 victores
1608 5533 1976 5589 exsultamus?
2021 5536 2252 5592 Victoria

665 5618 807 5672 enim
858 5628 1047 5673 contra
1083 5620 1214 5673 iram
1247 5630 1348 5686 est,
1379 5636 1483 5676 non
1514 5638 1634 5677 cum
1685 5639 1782 5694 par
1812 5625 1924 5694 pari
1971 5625 2255 5684 referimus

667 5708 814 5777 (haec
856 5709 1053 5779 quippe
1102 5717 1338 5766 extrema
1391 5713 1569 5769 clades
1617 5716 1755 5787 est),
1788 5717 1881 5772 sed
1927 5731 2048 5773 cum
2098 5735 2253 5792 teque

672 5802 846 5856 animo
877 5807 1054 5859 omnia
1099 5806 1326 5874 patimur
1356 5816 1409 5862 et
1452 5807 1714 5865 audimus.
1769 5811 1879 5867 lloc
1922 5811 2117 5886 quippe
2166 5825 2250 5874 est

2407 456 2748 522 superiorem
2774 473 2917 526 esse,
2946 475 3052 516 non
3101 463 3239 516 mala
3288 460 3510 530 inferre,
3538 462 3634 520 sed
3681 463 3819 519 mala
3870 462 3988 532 pati.

2405 543 2538 602 Cum
2587 549 2835 606 irasceris
2882 553 3062 624 igitur,
3109 569 3178 608 ne
3226 552 3418 609 dicas:
3463 554 3693 611 Prorsus
3743 555 3989 612 obsistam

2403 653 2526 710 ego.
2557 655 2779 711 prorsus
2807 643 3002 698 irrnam
3035 646 3088 700 in
3118 645 3267 701 illum
3295 663 3309 699 :
3353 658 3527 718 neque
3567 646 3908 704 monentibus
3940 655 3994 702 ut

2403 731 2538 787 iram
2568 733 2824 791 cohibens
2854 735 3056 791 dixeris
3089 756 3105 792 :
3147 736 3264 792 Non
3307 737 3481 808 patiar
3507 747 3565 793 ut
3596 748 3875 809 postquam
3911 739 3993 795 ille

2403 822 2535 878 mihi
2567 824 2815 890 illuserit,
2846 827 3063 898 impune
3085 827 3263 883 abem.
3298 826 3482 897 Neque
3509 829 3656 886 enim
3687 837 3741 883 te
3767 843 3991 898 unquatn

2403 915 2666 981 irridebit,
2701 917 2802 972 nisi
2830 917 3046 988 quando
3073 917 3140 974 ad
3168 917 3456 973 vindictam
3484 928 3536 973 te
3559 918 3888 974 contuleris:
3915 919 3992 974 sin

2402 1015 2455 1061 te
2483 1008 2795 1077 quiescente
2845 1009 3107 1077 irriserit,
3139 1018 3198 1064 ut
3226 1009 3426 1064 stultus
3471 1008 3523 1064 id
3572 1017 3713 1080 aget.
3749 1009 3830 1065 Tu
3873 1024 3996 1066 vero

2400 1112 2522 1154 cum
2554 1099 2766 1165 viceris,
2788 1116 2856 1156 ne
2885 1115 3093 1171 quaeras
3121 1100 3348 1172 gloriam
3378 1115 3407 1154 a
3436 1101 3638 1169 stultis,
3659 1101 3752 1156 sed
3781 1117 3846 1158 ea
3871 1116 3997 1158 con-

2399 1198 2582 1244 tentus
2605 1202 2741 1256 esto,
2774 1208 2932 1262 quam
2958 1206 2988 1246 a
3017 1192 3349 1261 sapientibus
3379 1193 3707 1262 assequeris.
3739 1193 3851 1249 lmo
3872 1208 3996 1249 vero

2398 1296 2497 1335 cur
2525 1283 2620 1337 tibi
2679 1297 2904 1353 parvum
2948 1283 3076 1340 illud
3125 1298 3189 1340 ac
3241 1285 3349 1340 vile
3402 1284 3671 1341 theatrum
3722 1286 3996 1342 hominum

2397 1374 2709 1428 constituo?
2736 1374 2817 1428 Ad
2846 1375 3011 1430 Deum
3040 1376 3219 1430 statim
3245 1375 3482 1446 respice,
3511 1387 3568 1430 et
3593 1377 3710 1446 ipse
3740 1385 3791 1432 te
3817 1377 3996 1432 lauda-

2397 1463 2474 1518 bit
2500 1479 2514 1515 :
2543 1479 2652 1534 quo
2679 1465 2931 1521 laudante
2960 1480 3118 1520 nemo
3146 1465 3308 1523 debet
3337 1466 3408 1522 ab
3437 1467 3753 1524 hominibus
3769 1469 3994 1541 gloriam

2396 1570 2658 1624 quaerere.
2689 1555 2979 1614 Hominum
3009 1557 3207 1628 quippe
3231 1557 3421 1614 laudes
3461 1559 3778 1633 plerumque
3816 1562 3900 1617 vel
3929 1577 3994 1616 ex

2395 1646 2564 1715 gratia
2597 1647 2884 1716 prodeunt,
2906 1651 2990 1703 vel
3019 1663 3085 1703 ex
3111 1648 3237 1704 odio
3267 1661 3562 1719 negantur;
3596 1652 3835 1725 nihilque
3865 1654 3994 1709 lucri

2396 1736 2654 1792 aferunt:
2686 1739 2778 1794 Dei
2805 1753 2935 1794 vero
2957 1738 3217 1810 judicium
3244 1739 3345 1795 hac
3377 1740 3794 1812 inzequabilitate
3819 1754 3996 1812 vacat,

2399 1829 2730 1901 multamque
2755 1830 2971 1886 laudato
2993 1829 3152 1886 atl'ert
3191 1830 3496 1888 utilitatem.
3527 1832 3677 1891 llanc
3699 1835 3859 1906 igitur
3880 1837 3995 1892 lau-

2397 1920 2519 1977 dem
2552 1938 2865 1991 sequamur.
3651 1983 3654 1986 .

2467 2013 2519 2068 5.
2550 2012 2636 2068 Ex
2651 2014 2885 2069 iracundi
2909 2015 3148 2085 imagine,
3178 2026 3423 2086 quantum
3453 2019 3647 2073 malum
3673 2020 3739 2074 sit
3765 2021 3843 2074 ira
3874 2039 3996 2088 pro-

2393 2101 2561 2158 batur.
2595 2104 2784 2159 Contra
2813 2121 2899 2160 cos
2926 2107 3014 2177 qui
3041 2108 3387 2177 superstitiose
3431 2118 3661 2179 tempora
3711 2111 4001 2169 observant.

2391 2221 2465 2234 —
2490 2194 2652 2252 Visne
2677 2195 2887 2253 discere
2919 2208 3176 2268 quantum
3223 2199 3294 2254 sit
3339 2200 3539 2255 malum
3595 2203 3710 2256 ira?
3749 2203 4001 2262 Pra‘sens

2393 2296 2513 2342 esto
2541 2285 2667 2343 dum
2699 2288 2787 2343 alii
2815 2289 3060 2346 rixantur
3097 2291 3147 2344 in
3180 2289 3323 2346 foro.
3355 2291 3542 2363 Neque
3567 2295 3712 2351 enim
3743 2296 3794 2350 in
3826 2298 4002 2367 teipso

2396 2379 2778 2449 turpitudinem
2831 2382 2976 2437 illam
3022 2391 3128 2437 tam
3179 2383 3333 2440 facile
3368 2385 3780 2455 deprehendes,
3815 2392 4003 2443 animo

2396 2486 2589 2540 nempe
2622 2479 2750 2527 tunc
2778 2472 3015 2528 tenebris
3041 2481 3098 2528 et
3127 2475 3388 2531 ebrietate
3427 2476 3718 2544 obvoluto;
3747 2479 3841 2533 sed
3874 2495 3999 2536 cum

2395 2562 2472 2617 ira
2501 2578 2697 2618 vacuus
2723 2581 2784 2620 es
2804 2607 2820 2632 ,
2845 2575 2971 2620 tunc
3004 2567 3054 2619 itt
3083 2567 3204 2622 aliis
3232 2577 3318 2621 tua
3345 2571 3752 2640 contemplare;
3779 2573 4002 2642 quando

2387 2653 2646 2724 judicium
2675 2665 2828 2712 tuum
2853 2669 3169 2730 corruptum
3202 2675 3308 2715 non
3334 2671 3436 2716 est.
3470 2661 3604 2718 Vide
3627 2664 3754 2718 mihi
3782 2666 4005 2721 turbam

2391 2745 2874 2813 circumfluentem,
2917 2759 2971 2804 et
3017 2750 3205 2817 iratos,
3253 2765 3316 2806 ac
3353 2753 3398 2808 si
3427 2753 3692 2821 furerent,
3737 2756 3787 2810 in
3818 2759 4004 2811 media

2393 2840 2621 2910 turpiter
2655 2849 2897 2912 agentes.
2919 2841 3058 2898 Cum
3082 2845 3223 2897 enim
3253 2844 3327 2898 ira
3358 2845 3413 2899 in
3442 2844 3660 2915 pectore
3690 2846 3999 2904 efferri-scit

2389 2943 2442 2984 et
2473 2931 2760 2999 ell'cratur,
2788 2949 2851 2990 os
2878 2935 3052 3007 ignem
3081 2937 3281 3007 spirat,
3314 2939 3455 2993 oeuli
3495 2939 3669 3010 ignem
3701 2943 3960 2997 emittunt
3984 2987 4002 3007 ,

2393 3023 2606 3077 inflatur
2635 3024 2871 3096 undique
2913 3027 3118 3092 voltus,
3165 3029 3521 3100 incomposite
3559 3046 3749 3086 manus
3780 3033 4003 3103 jactan-

2392 3124 2499 3183 tur,
2531 3118 2757 3174 ridicule
2787 3120 2956 3189 pedes
2982 3122 3272 3188 exsiliunt,
3304 3132 3360 3177 et
3392 3124 3653 3179 insultant
3679 3126 3826 3182 litem
3859 3128 4002 3182 diri-

2389 3221 2539 3263 mere
2575 3211 2930 3278 conantibus;
2974 3212 3104 3267 nihil
3136 3213 3255 3267 irati
3285 3212 3544 3292 differunt
3585 3231 3616 3270 a
3647 3217 3956 3276 furentibus
3983 3265 3998 3284 ,

2386 3315 2508 3357 cum
2543 3301 2656 3357 lucc
2685 3304 2865 3357 omnia
2912 3305 3057 3358 nullo
3104 3306 3312 3375 praéditi
3360 3323 3522 3362 sensu
3555 3321 3850 3380 peragunt;
3888 3312 4008 3368 into

2387 3411 2454 3452 ne
2479 3396 2550 3451 ab
2573 3398 2739 3453 asinis
2765 3399 3084 3469 agrestibus,
3108 3401 3472 3466 calcitrantes,
3498 3404 3827 3460 mordentes.
3851 3406 4007 3463 Sane

2386 3487 2468 3541 vir
2496 3488 2784 3543 iracundus
2811 3489 3054 3545 modeste
3081 3505 3245 3562 agere
3275 3492 3464 3548 nescit.
3496 3493 3697 3549 Deinde
3720 3505 3840 3564 post
3869 3506 4002 3551 tan-

2387 3589 2497 3635 tum
2538 3582 2828 3636 excitatum
2855 3584 3054 3649 risum,
3089 3585 3178 3638 ubi
3206 3583 3424 3638 domum
3468 3585 3759 3650 redierint,
3811 3588 3880 3642 ad
3936 3605 4006 3646 se

2386 3673 2593 3728 reversi
2615 3714 2629 3737 ,
2660 3672 2850 3729 dolore
2875 3674 3032 3729 simul
3062 3691 3125 3730 ac
3154 3688 3300 3731 metu
3327 3677 3598 3746 agit-uitur
3622 3695 3636 3743 ;
3661 3678 3844 3733 animo
3874 3682 4004 3736 vol—

2383 3779 2614 3835 ventes,
2653 3769 2871 3838 quinam
2922 3771 3051 3824 rixa:
3079 3780 3378 3839 prmsentes
3423 3771 3644 3827 fuerint.
3695 3773 4004 3844 Postquam

2382 3861 2525 3914 enim
2553 3876 2649 3915 ceu
2679 3860 2920 3916 furentes
2946 3862 3013 3918 de
3039 3863 3408 3933 spectantibus
3434 3866 3567 3920 nihil
3594 3866 4002 3938 cogitaverant,

2380 3953 2763 4023 resipiscentes
2809 3963 2995 4022 postea
3042 3970 3224 4010 secmn
3274 3966 3562 4026 reputant,
3614 3975 3740 4014 num
3787 3961 4000 4027 amici,

2381 4061 2508 4100 num
2541 4047 2741 4102 inimici
2767 4058 3102 4116 spectatores
3133 4049 3354 4104 fuerint.
3379 4050 3511 4105 Nam
3547 4052 3766 4122 perinde
3799 4062 3993 4109 utros-

2381 4153 2487 4206 que
2517 4146 2804 4203 metuunt;
2838 4139 2992 4204 illos,
3038 4149 3094 4193 ut
3121 4155 3181 4195 se
3219 4141 3588 4210 improbantes
3619 4145 4002 4218 majorequ

2380 4229 2672 4284 inferentes
2699 4231 2987 4300 pudorem;
3022 4232 3153 4300 hos,
3190 4242 3247 4288 ut
3273 4234 3341 4288 de
3367 4251 3465 4290 sua
3495 4238 3826 4307 turpitudine
3857 4257 4002 4311 gau-

2377 4325 2588 4382 dentes.
2621 4326 2772 4392 Quod
2820 4329 2863 4381 si
2909 4328 2974 4382 ad
3021 4330 3204 4399 plagas
3233 4344 3402 4398 uSque
3451 4341 3665 4386 mutuas
3708 4333 3818 4388 rixa
3854 4349 3999 4405 pro-

2379 4419 2601 4487 ruperit,
2638 4428 2748 4472 tum
2781 4429 2958 4474 metus
2987 4423 3222 4492 gravior,
3254 4437 3321 4475 ne
3353 4421 3478 4491 quid
3511 4421 3749 4479 deterius
3777 4427 3993 4482 verbe-

2373 4519 2490 4565 rato
2518 4511 2760 4576 accidat,
2812 4527 2880 4567 ne
2925 4513 3259 4583 subsequens
3292 4513 3456 4568 febris
3483 4524 3711 4571 mortem
3743 4516 3948 4574 inferat
3975 4563 3995 4587 ,

2373 4601 2459 4657 vel
2500 4611 2678 4657 tumor
2724 4614 2912 4657 curato
2956 4604 3188 4659 difficilis
3231 4605 3282 4659 in
3330 4615 3629 4662 extremum
3679 4609 3995 4679 periculum

2378 4695 2648 4764 conjiciat.
2693 4696 2831 4764 Quid
2878 4698 3020 4750 enim
3074 4697 3202 4751 mihi
3257 4713 3428 4769 pugna
3483 4715 3618 4768 opus
3663 4702 3819 4756 erat?
3849 4705 3993 4773 quid

2373 4789 2714 4844 contumeliis
2740 4798 2796 4844 et
2817 4790 2988 4844 rixis?
3019 4799 3240 4861 pereant
3274 4800 3328 4846 et
3355 4791 3468 4847 lucc
3495 4803 3550 4847 et
3577 4793 3687 4848 illa.
3717 4794 3996 4869 Tuncque

2373 4883 2624 4937 omnibus
2655 4881 2803 4937 hisce
2833 4882 2991 4937 fluxis
3019 4881 3180 4937 rebus
3223 4870 3583 4951 maledicunt,
3615 4900 3735 4956 quae
3764 4888 3991 4946 rixandi

2369 4991 2528 5032 causa
2559 4976 2727 5032 fuere.
2760 4977 3166 5046 insipientiores
3207 4992 3338 5032 vero
3372 4985 3428 5032 et
3471 4979 3732 5048 malignos
3764 4981 3992 5037 dzcmo-

2371 5084 2500 5135 nas,
2542 5078 2597 5123 et
2637 5069 2826 5123 lteram
2876 5077 3196 5139 tempusque
3225 5069 3600 5126 criminantur.
3638 5072 3833 5129 Verum
3866 5092 3989 5133 non

2374 5161 2503 5217 hora
2536 5162 2672 5216 mala
2719 5162 2770 5216 in
2813 5176 2974 5216 causa
3018 5171 3135 5226 est;
3188 5162 3332 5216 nulla
3376 5164 3573 5234 quippe
3618 5164 3749 5220 hora
3783 5169 3928 5221 mala
3967 5186 3987 5224 :

2367 5271 2540 5325 neque
2562 5255 2677 5311 lucc
2712 5271 2741 5310 a
2770 5256 3007 5326 maligno
3037 5255 3284 5312 daemone
3311 5258 3747 5328 proficiscuntur,
3775 5262 3872 5316 sed
3905 5279 3986 5320 ex

2367 5348 2600 5419 nequitia
2655 5349 2961 5403 rixantium.
2998 5347 3062 5402 lli
3107 5363 3338 5420 namque
3381 5361 3436 5405 et
3473 5352 3749 5407 daemonas
3795 5363 3986 5411 attra-

2365 5441 2520 5509 hunt,
2549 5450 2604 5498 et
2633 5442 2735 5497 sibi
2768 5443 2899 5513 ipsis
2930 5442 3067 5497 mala
3100 5441 3355 5501 inferunt.
3383 5443 3488 5499 Sed
3517 5458 3611 5499 cor
3633 5445 3983 5518 intumescit,

2365 5535 2572 5606 inquies
2595 5578 2610 5603 ,
2643 5546 2697 5590 et
2722 5552 2751 5590 a
2780 5531 3126 5591 contumeliis
3155 5536 3469 5591 mordetur?
3493 5537 3547 5591 Id
3581 5546 3635 5591 et
3659 5554 3758 5606 ego
3787 5544 3918 5593 novi
3963 5562 3980 5599 ;

2364 5629 2590 5701 ideoque
2620 5630 2785 5684 miror
2812 5645 2907 5685 eos
2936 5631 3026 5700 qui
3072 5629 3271 5684 malam
3304 5628 3443 5684 hanc
3485 5627 3653 5684 feram
3682 5645 3978 5690 coercent.

2361 5725 2417 5776 Si
2451 5724 2593 5780 enim
2635 5725 2862 5780 velimus
2885 5766 2901 5791 ,
2934 5739 3219 5794 possumus
3247 5724 3492 5780 morbum
3523 5724 3817 5795 depellere.
3854 5726 3980 5784 Cor

2362 5819 2502 5875 enim
2530 5833 2648 5874 cum
2683 5819 2948 5889 principes
2979 5818 3074 5874 viri
3101 5835 3197 5873 uos
3225 5821 3552 5873 continui-ha
3587 5817 3833 5874 afficiunt
3863 5861 3878 5884 ,
3916 5820 3979 5878 id
