4164 6320
199 393 251 443 ῖῧ
1322 382 1385 436 ΙΝ
1424 379 1735 437 ΙΟᾹΝΝΕΜ
1783 382 1793 434 l

1897 381 2009 436 ιιι.
2059 383 2117 437 γ.
2163 382 2233 437 al.
2279 380 2363 436 iV.
3430 376 3500 431 δι

199 522 289 558 non
334 500 586 571 agimus?
637 515 826 555 nonue
870 500 991 569 quia
1041 500 1233 563 timor,
1283 515 1389 553 tton
1432 501 1607 553 tttinor
1637 514 1796 568 quam

199 598 285 659 ira,
318 608 424 647 nos
453 592 721 656 deterret,
754 607 854 645 nee
884 592 967 645 vel
999 606 1027 643 a
1062 591 1322 659 principio
1354 591 1483 643 iram
1515 606 1801 660 ertnnpere

195 688 353 741 sinit?
402 686 515 739 Cur
560 701 725 753 porro
780 686 919 739 servi
970 701 997 735 a
1050 682 1209 735 nobis
1258 682 1407 736 mille
1462 682 1801 737 contumeliis

197 780 403 833 nnetati
432 820 446 840 ,
480 779 661 830 oumia
696 777 836 829 taciti
872 774 1084 828 ferunt?
1116 789 1295 828 nonne
1339 775 1464 841 quia
1496 785 1547 825 et
1580 774 1676 842 ipsi
1700 788 1797 827 eo-

194 872 307 922 dem
355 869 575 923 vinculo
624 866 893 935 ligantur?
924 865 1001 918 Tn
1043 879 1172 918 vero
1202 880 1270 919 ne
1310 866 1484 918 solum
1516 865 1609 919 Dei
1641 867 1797 917 timo—

195 980 301 1016 retn
345 964 578 1032 cogites.
627 962 718 1013 sed
775 960 937 1013 etiam
986 970 1038 1013 te
1084 969 1210 1012 tunc
1258 975 1288 1011 a
1319 958 1427 1011 Deo
1458 957 1800 1012 contumeliis

194 1054 328 1107 amri
363 1098 377 1115 ,
410 1055 497 1123 qui
525 1052 676 1119 jubet
725 1063 775 1104 te
812 1060 1019 1113 tacere,
1058 1060 1112 1105 et
1137 1049 1313 1103 omnia
1342 1050 1607 1120 patienter
1637 1049 1795 1103 feres.

194 1148 282 1199 liic
329 1155 386 1199 te
438 1145 725 1198 lacessenti
762 1143 941 1209 :Quid
986 1143 1175 1196 faciam
1230 1141 1362 1203 tibi;
1414 1142 1549 1195 alius
1581 1142 1709 1194 mihi
1747 1151 1801 1194 et

192 1254 411 1291 manum
442 1246 498 1290 et
528 1237 761 1306 linguam
789 1236 1044 1290 cohibet:
1072 1234 1283 1303 eritque
1312 1232 1517 1286 dictum
1550 1232 1680 1286 illud
1703 1273 1717 1294 ,
1744 1242 1799 1286 et

190 1330 280 1383 tibi
326 1338 385 1383 et
416 1329 517 1397 ipsi
551 1328 907 1398 philosophiae
938 1327 1184 1383 materia.
1214 1326 1373 1381 Nune
1404 1335 1584 1399 autem
1628 1324 1799 1378 homi-

190 1436 314 1473 num
340 1422 518 1489 gratia
547 1421 709 1474 etiam
738 1418 1095 1473 intolerabilia
1126 1417 1351 1473 ferimus
1374 1460 1388 1483 ,
1417 1426 1471 1473 et
1496 1418 1560 1471 iis
1584 1420 1672 1486 qui
1702 1432 1799 1471 nos

189 1512 465 1566 lacessunt
491 1528 637 1579 s:epe
671 1512 900 1565 dicimus
931 1529 944 1566 :
977 1512 1070 1567 Ille
1099 1526 1184 1565 me
1212 1511 1481 1565 lacessivit
1508 1551 1522 1575 ,
1566 1526 1671 1564 non
1698 1518 1750 1563 tu
1782 1528 1795 1563 :

190 1605 299 1657 Deo
324 1614 509 1658 autem
538 1618 608 1658 ne
637 1619 817 1672 parem
862 1602 1079 1672 quidem
1127 1603 1484 1657 reverentiam
1522 1602 1802 1656 exhibebi-

186 1698 342 1751 mus?
364 1698 546 1766 Ecqua
576 1698 727 1751 nobis
756 1698 855 1752 erit
884 1697 1034 1751 venia
1052 1697 1075 1751 ἲ
1095 1698 1303 1751 Anima:
1322 1706 1515 1749 nostra-
1536 1697 1797 1750 dicamus:

187 1792 329 1844 Deus
352 1805 453 1844 nos
481 1804 625 1844 nunc
647 1790 880 1855 lacessit,
905 1790 991 1859 qtti
1017 1806 1207 1843 manus
1227 1798 1438 1843 nostras
1466 1788 1711 1843 cohibet:
1733 1803 1798 1841 ne

184 1883 488 1936 insiliatnus
510 1922 525 1947 ,
566 1896 667 1935 nec
714 1882 922 1936 minore
957 1881 1124 1936 Deum
1159 1896 1317 1950 quam
1353 1882 1597 1934 homines
1637 1881 1795 1934 obsc-

182 1973 400 2039 quentia
453 1987 867 2041 prosequamur.
898 1972 976 2025 Ad
1011 1972 1112 2027 hoc
1138 1973 1358 2024 verbum
1394 1971 1798 2027 exhorruistis?

180 2064 287 2117 Sed
332 2079 437 2115 non
496 2071 703 2117 tantum
733 2062 799 2117 ad
849 2064 1029 2127 verba,
1063 2063 1159 2117 sed
1207 2065 1367 2117 etiam
1403 2065 1467 2117 ad
1496 2079 1632 2132 Opus
1660 2066 1792 2116 vos‘

180 2156 575 2208 exhorrescere
603 2156 779 2222 cupio.
809 2152 975 2209 Jussit
1009 2154 1152 2207 Deus
1181 2169 1281 2208 nos
1307 2156 1443 2224 colaj
1468 2155 1549 2207 his
1589 2169 1759 2209 ea-Sos
1778 2195 1792 2219 ,

252 2333 268 2362 I
305 2330 385 2379 Alli
412 2332 618 2391 habent,
646 2345 750 2391 nos,
778 2330 906 2393 loco,
935 2345 1053 2384 πνοι.-

1901 514 2007 552 non
2041 498 2200 553 modo
2231 498 2387 563 ferre,
2422 496 2515 551 sed
2546 498 2709 551 etiam
2736 496 2801 551 ad
2828 495 2979 566 pejus
3000 495 3270 566 quidpiam
3302 501 3504 567 patien~

1899 589 2025 643 dum
2059 605 2157 642 nos
2202 589 2417 643 offerre.
2450 590 2556 643 Nos
2586 600 2764 643 autem
2796 605 2920 643 eum
2951 600 3093 643 tanta
3125 591 3378 645 violentia
3405 596 3503 646 ob—

1893 681 2152 743 sistimus,
2202 692 2254 733 ut
2307 697 2411 733 non
2453 681 2612 735 tnodo
2642 696 2738 735 nos
2765 681 2831 735 ad
2874 683 3014 735 male
3060 682 3371 751 patiendum
3400 702 3507 738 non

1894 771 2223 832 offeramus.
2272 770 2364 824 sed
2420 772 2579 825 etiam
2627 786 2726 826 nos
2780 771 3141 836 ulciscantur;
3199 774 3306 828 imo
3363 788 3509 843 Saqie

1897 862 2101 929 priores
2157 878 2349 916 manus
2400 862 2714 929 inferamus,
2766 881 2971 934 nosque
3021 865 3162 919 vinei
3213 878 3459 935 putemus
3489 912 3501 928 ,

1895 955 1995 1006 nisi
2032 956 2247 1022 paribus
2279 955 2600 1010 afﬁciamus.
2651 957 2783 1011 Nam
2829 958 2956 1011 illttd
2997 960 3217 1028 gravius
3245 970 3326 1013 est
3359 964 3500 1029 quod

1848 1043 1853 1047 ’
1894 1061 1993 1100 nos
2022 1048 2232 1101 vincere
2259 1049 2650 1113 existimemus,
2681 1049 2895 1120 quando
2924 1062 3163 1105 extrema
3192 1052 3345 1106 clade
3388 1053 3507 1106 afli-

1891 1140 2085 1203 cintur,
2119 1150 2173 1193 et
2206 1140 2349 1194 humi
2380 1144 2636 1210 prostrati
2664 1143 2942 1213 jacemus;
2975 1159 3037 1199 ae
3076 1144 3225 1199 mille
3272 1148 3503 1214 acceptis

1893 1247 1920 1284 a
1970 1232 2185 1287 diabolo
2237 1234 2568 1299 vulneribus,
2620 1236 2688 1291 de
2732 1237 2821 1291 illo
2868 1238 3147 1291 victoriam
3195 1244 3506 1305 reportasse

1889 1324 2186 1379 credamus.
2224 1327 2609 1394 Quamobrem,
2632 1344 2780 1397 rogo,
2805 1327 3078 1382 discamus
3103 1329 3223 1397 quis
3245 1328 3315 1382 sit
3343 1330 3501 1398 hujus

1894 1417 2133 1472 victoria:
2178 1418 2401 1481 modus,
2451 1428 2505 1473 et
2536 1418 2673 1473 hanc
2716 1434 2925 1473 morum
2959 1420 3197 1490 speciem
3226 1420 3502 1474 adeamus.

1892 1509 2169 1579 Siquidem
2220 1514 2359 1565 tnale
2407 1512 2513 1580 pati
2536 1552 2549 1573 ,
2583 1512 2813 1580 itlipsum
2862 1511 3113 1581 estquod
3140 1514 3410 1566 coronari.
3445 1512 3503 1566 Si

1891 1620 2021 1673 ergo
2052 1604 2302 1657 volumus
2334 1620 2434 1657 nos
2461 1620 2491 1658 a
2522 1605 2632 1659 Deo
2671 1605 2905 1659 victores
2938 1605 3259 1670 proclatnari
3282 1645 3297 1669 ,
3332 1604 3383 1657 in
3419 1605 3502 1659 his

1892 1696 2281 1750 certaminibus
2333 1712 2398 1750 ne
2450 1697 2622 1764 legem
2670 1696 3006 1750 smenlarium
3038 1711 3269 1764 agonum
3322 1710 3508 1749 serve-

1892 1802 2030 1850 mus,
2064 1787 2158 1840 sed
2196 1787 2367 1857 legem
2400 1803 2427 1839 a
2458 1787 2568 1842 Deo
2601 1802 2698 1856 pro
2729 1788 2811 1841 his
2837 1788 3220 1842 certaminibus
3251 1789 3506 1857 positam,

1894 1886 1953 1931 ut
1992 1878 2169 1931 omnia
2202 1893 2356 1947 arquo
2388 1878 2567 1933 animo
2591 1878 2845 1933 feramus.
2877 1876 2951 1931 lta
2982 1878 3125 1932 enim
3158 1888 3210 1931 et
3252 1878 3510 1932 adversa-

1896 1972 2006 2025 rios
2058 1980 2111 2025 et
2161 1973 2445 2039 prmsentia
2477 1972 2653 2025 omnia
2687 1971 3083 2042 snperabimns,
3136 1979 3191 2025 et
3242 1972 3507 2041 promissa

1889 2076 2287 2129 consequemur
2337 2061 2472 2114 bona
2501 2104 2517 2129 ,
2564 2063 2737 2131 gratia
2781 2070 2835 2116 et
2888 2062 3218 2131 benignitate
3274 2063 3481 2116 Domini

1892 2154 2057 2207 nostri
2086 2152 2213 2207 Jesn
2246 2152 2443 2206 Christi
2467 2193 2480 2214 ,
2515 2169 2611 2223 per
2642 2170 2800 2223 quem
2830 2163 2885 2209 et
2920 2169 3042 2209 cum
3071 2170 3177 2225 quo
3207 2155 3348 2209 Patri
3377 2197 3392 2221 ,
3437 2156 3511 2209 si-

1871 2227 2112 2313 -tntilqtte
2159 2245 2379 2313 Spiritui
2429 2257 2651 2311 sancto,
2695 2247 2903 2317 gloria,
2954 2248 3276 2317 imperium,
3312 2247 3505 2312 honor,

1894 2349 2037 2387 nunc
2058 2345 2110 2389 ct
2137 2348 2371 2403 semper,
2403 2347 2455 2390 et
2486 2339 2535 2389 itt
2566 2339 2759 2390 Suacnli
2791 2337 3136 2391 smCttloruut.
3174 2339 3371 2393 Amen.

190 2453 3511 2487 Ἦ

1617 2559 1964 2622 HOMILIA
2010 2563 2087 2623 ν.

182 2692 307 2743 Car.
344 2690 381 2744 Ι.
419 2709 466 2742 v.
502 2688 556 2747 3.
596 2693 782 2747 Omnia
806 2712 894 2765 per
922 2696 1087 2762 ipsum
1120 2698 1256 2765 [arta
1287 2708 1403 2751 sunt
1425 2741 1437 2759 .
1470 2709 1517 2751 et
1548 2701 1657 2754 sine
1684 2703 1794 2771 ipso

520 2786 710 2853 factum
738 2797 809 2837 est
837 2786 966 2839 nihil
990 2787 1126 2856 quod
1153 2787 1346 2857 factum
1373 2798 1466 2843 est.

257 2920 305 2971 l.
336 2916 544 2988 Moyses
574 2919 849 2974 historiam
884 2920 1092 2976 Veteris
1122 2922 1450 2979 Testatnenti
1501 2940 1531 2979 a
1577 2928 1789 2982 sensili-

188 3012 283 3061 bus
331 3011 488 3063 nobis
531 3011 774 3075 orditur,
808 3022 860 3066 et
903 3031 963 3066 ea
1019 3014 1260 3082 pluribus
1305 3028 1583 3070 enumerat
1618 3036 1631 3070 :
1668 3036 1789 3071 nam

187 3101 275 3159 nil,
311 3097 377 3150 In
406 3100 656 3170 principio
682 3102 801 3169 fecit
832 3100 965 3157 Dens
995 3103 1176 3158 rwlum
1193 3114 1239 3159 ει
1260 3117 1443 3159 terram.
1466 3110 1482 3173 (
1492 3106 1620 3161 Gen.
1649 3110 1694 3163 l.
1720 3111 1789 3180 I):

188 3190 379 3243 deinde
407 3190 592 3257 adjicit
622 3192 796 3246 lucem
842 3192 1033 3248 factam
1060 3236 1074 3257 ,
1118 3197 1411 3251 secundum
1448 3200 1637 3253 ca-lum
1666 3202 1743 3271 (τι)
1772 3242 1790 3267 ,

188 3282 463 3336 stellarum
496 3295 739 3338 naturam
769 3327 784 3349 ,
811 3289 1091 3357 onmigena
1119 3290 1430 3345 animalium
1459 3308 1654 3360 genem
1677 3336 1689 3355 ,
1725 3310 1793 3349 ne

188 3376 388 3445 singula
453 3389 842 3445 prosequentes
906 3379 1175 3449 longiores
1219 3382 1411 3436 simus.
1463 3384 1560 3439 llic
1607 3396 1789 3439 autem

187 3467 508 3536 evangelista
552 3485 659 3521 ttno
705 3470 870 3523 verbo
915 3473 1290 3542 complectitur
1332 3476 1547 3538 omnia,
1601 3488 1650 3532 et
1699 3478 1787 3531 illa

188 3573 378 3626 nempe
405 3567 461 3612 et
488 3559 596 3611 illis
620 3563 921 3629 superiora.
957 3563 1022 3616 Et
1045 3564 1167 3632 jure
1212 3577 1388 3631 certe,
1424 3569 1546 3636 quia
1578 3569 1663 3621 illa
1695 3587 1791 3623 au-

186 3648 444 3703 ditoribus
473 3662 599 3703 nuta
625 3662 772 3715 sunt,
802 3663 858 3707 et
887 3655 998 3723 ipse
1030 3655 1097 3709 ad
1128 3658 1473 3724 prtestantius
1499 3675 1790 3730 argumen-

190 3750 294 3794 tum
321 3751 597 3810 properat.
625 3758 687 3797 ac
714 3752 891 3798 totum
919 3761 1054 3815 opus
1082 3748 1408 3818 aggreditur,
1442 3767 1547 3805 non
1574 3752 1640 3807 de
1658 3770 1791 3823 ope-

190 3830 361 3897 ribus,
416 3832 512 3886 sed
565 3832 635 3887 de
691 3833 897 3904 Opiﬂce
954 3846 1007 3890 et
1062 3836 1321 3893 C’reatore
1365 3840 1631 3897 dicturus.
1669 3843 1792 3899 Ideo

189 3924 392 3995 Moyses
418 3925 633 3995 quidem
662 3969 675 3991 ,
708 3929 807 3981 etsi
835 3930 1098 3984 minorem
1138 3933 1425 3987 creationis
1454 3944 1657 4003 partem
1697 3952 1792 4007 ag-

187 4015 457 4081 grediatur
486 4018 504 4083 (
532 4016 664 4070 nihil
711 4018 852 4072 enint
897 4020 1050 4074 nobis
1072 4021 1139 4076 dc
1169 4023 1525 4079 invisibilibus
1558 4036 1790 4094 potesta-

191 4110 321 4164 tibus
364 4110 604 4163 narravit
630 4111 647 4179 )
674 4152 688 4175 ,
738 4112 790 4165 iu
825 4112 932 4166 illis
958 4124 1211 4169 versatur
1242 4134 1255 4169 :
1295 4117 1380 4171 hic
1411 4134 1539 4173 vero
1560 4160 1575 4184 ,
1606 4123 1695 4189 qui
1724 4121 1789 4175 ad

190 4203 356 4270 ipsum
410 4200 728 4257 Creatorem
777 4204 1073 4260 ascendere
1128 4206 1383 4275 festinat,
1435 4210 1558 4280 jure
1612 4214 1790 4267 omnia

191 4296 585 4361 pratercurrit,
614 4304 672 4351 et
712 4296 827 4351 haec
852 4312 971 4367 qua:
1020 4299 1111 4355 ille
1149 4300 1321 4368 dixit,
1354 4311 1408 4357 et
1438 4320 1497 4357 ea
1530 4320 1648 4374 qua:
1677 4307 1792 4375 ipse

190 4388 381 4453 tacuit,
427 4390 614 4457 paucis
653 4391 1069 4459 complectitur,
1106 4392 1293 4447 Omnia
1336 4414 1423 4465 per
1464 4399 1629 4469 ipsum
1657 4400 1793 4468 facta

186 4491 313 4534 unt.
348 4480 429 4535 Ne
459 4496 586 4535 vero
620 4490 773 4549 putes
801 4482 1067 4561 ipsumea
1102 4494 1302 4539 tantum
1332 4503 1637 4543 memorare
1672 4508 1791 4559 qua:

188 4572 394 4644 Moyses
420 4574 691 4638 narravit,
720 4575 1027 4646 sultjungit,
1066 4575 1131 4629 Ει
1172 4580 1280 4632 sine
1323 4580 1434 4650 ipso
1480 4584 1672 4653 factum
1719 4594 1791 4638 est

188 4668 308 4721 nihil
326 4667 470 4738 quod
499 4672 730 4738 factum:
759 4669 862 4725 hoc
888 4680 1000 4735 est,
1037 4672 1115 4726 Ex
1146 4673 1309 4728 rebus
1342 4676 1514 4739 factis,
1542 4678 1655 4731 sive
1687 4680 1791 4732 sub

187 4772 458 4831 aspeuunt
481 4802 497 4824 ,
528 4762 644 4817 sive
671 4763 770 4817 sub
799 4764 1127 4819 intellectum
1162 4775 1365 4820 tantum
1393 4768 1588 4822 cadant
1614 4811 1628 4833 ,
1662 4771 1792 4823 nihil

187 4855 296 4909 sine
326 4854 449 4910 Filii
496 4856 691 4910 virtute
721 4858 1038 4925 productum
1086 4871 1187 4913 est.
1237 4859 1421 4929 Neque
1466 4862 1609 4915 enim
1654 4879 1795 4931 putt-

190 4961 327 5003 t-tum
354 4965 692 5019 apponemus
714 4961 835 5018 post
858 4951 1009 5017 illud,
1031 4950 1200 5018 Nihil,
1228 4963 1280 5005 ut
1303 4954 1542 5010 haeretici
1568 4957 1790 5011 faciunt.

192 5038 262 5094 Illi
292 5041 437 5096 enim
469 5056 591 5096 eum
633 5043 801 5097 velint
834 5043 1091 5112 Spiritum
1123 5054 1362 5099 creatmn
1393 5061 1515 5102 esse
1538 5086 1555 5107 .
1600 5048 1671 5102 ita
1717 5048 1794 5103 le-

192 5143 315 5200 gunt
350 5150 363 5186 :
403 5133 558 5200 Quod
581 5134 774 5202 factum
808 5146 901 5199 εει,
937 5136 990 5189 in
1018 5137 1130 5207 ipso
1172 5139 1272 5191 vita
1310 5148 1439 5193 erat.
1475 5145 1543 5194 At
1570 5141 1647 5195 sic
1680 5143 1796 5197 haec

195 5224 334 5278 nullo
379 5225 542 5279 modo
572 5225 797 5296 intelligi
844 5237 1111 5295 poterunt.
1166 5228 1345 5283 Primo
1388 5231 1530 5285 enim
1566 5230 1654 5285 hic
1687 5247 1791 5285 non

196 5328 485 5386 opportuna
516 5318 749 5387 Spiritus
776 5320 979 5375 mentio
1012 5329 1195 5376 esset:
1226 5322 1368 5391 qttod
1406 5324 1449 5376 si
1494 5324 1706 5378 tandem
1742 5324 1792 5378 id

201 5411 461 5473 voluisset,
490 5425 589 5465 cur
618 5420 724 5465 tam
755 5411 985 5467 obscure
1012 5413 1265 5483 loquutus
1284 5414 1465 5467 esset?
1490 5414 1630 5468 unde
1651 5414 1793 5469 enim

200 5510 399 5554 constat
440 5501 543 5556 hoc
582 5504 650 5556 de
677 5502 878 5571 Spiritu
909 5504 1109 5558 dictum
1141 5506 1298 5559 esse?
1325 5506 1571 5575 Alioquin
1614 5518 1793 5561 autem

203 5592 479 5646 secundum
509 5593 649 5647 hanc
670 5596 871 5649 seriem
899 5596 1298 5665 cumperiemus
1320 5638 1332 5660 ,
1360 5611 1465 5650 non
1490 5596 1749 5667 Spiritum
1777 5639 1791 5663 ,

204 5684 285 5737 sed
330 5685 497 5754 ipsum
545 5685 746 5742 Filium
779 5702 876 5759 per
902 5688 1136 5761 seipsum
1176 5688 1375 5743 factum
1417 5704 1560 5746 esse.
1594 5687 1792 5745 Verum

260 5821 326 5882 tu)
357 5821 407 5872 id
441 5832 536 5883 est,
557 5823 945 5874 ﬁrmamentum.

1907 2707 2188 2773 attendite,
2220 2726 2285 2762 ne.
2315 2724 2410 2763 vos
2441 2711 2539 2764 hoc
2568 2712 2771 2767 dictum
2794 2711 3042 2780 effugiat;
3074 2723 3128 2767 et
3152 2728 3250 2783 age
3294 2712 3509 2767 interim

1901 2799 1966 2851 ad
2002 2800 2208 2853 illortnn
2244 2817 2446 2856 morem
2476 2804 2719 2873 legamus
2753 2822 2765 2857 τ
2797 2803 2900 2858 hoc
2947 2815 3103 2873 pacto
3152 2805 3294 2857 enim
3341 2806 3513 2856 mani-

1903 2891 2087 2944 festior
2116 2893 2218 2946 erit
2247 2893 2548 2947 absurditas
2579 2914 2590 2947 :
2628 2895 2778 2960 Quod
2806 2900 2998 2966 [artant
3036 2905 3105 2949 est
3134 2939 3148 2961 ,
3184 2897 3235 2948 in
3270 2897 3381 2965 ipso
3413 2898 3511 2948 rita

1906 2993 2033 3033 crnl.
2069 2982 2240 3037 Vitam
2272 2984 2357 3037 hic
2387 2986 2643 3052 Spiritum
2676 2988 2977 3055 significare
3007 2987 3209 3041 dieuot.
3258 2986 3362 3041 Sed
3405 2990 3510 3042 vita

1902 3075 2063 3127 etiam
2114 3075 2199 3128 lux
2251 3076 2515 3144 appellata
2551 3076 2634 3129 hic
2671 3080 2941 3142 occurrit;
2990 3079 3411 3146 sulijieitenim,
3448 3077 3511 3130 Et

1900 3165 2001 3217 vita
2047 3175 2154 3217 erat
2188 3164 2279 3217 har
2311 3167 2593 3219 Ituminuot.
2628 3168 2934 3222 Secundum
2988 3170 3110 3223 illos
3159 3184 3287 3237 ergo
3336 3169 3509 3223 lucent

1904 3258 2178 3311 hominum
2214 3258 2299 3312 hic
2330 3258 2589 3329 Spiritunt
2621 3260 2768 3314 dicit.
2804 3259 2941 3327 Quid
2990 3261 3187 3329 igitur?
3215 3259 3347 3314 Cum
3380 3262 3509 3313 snb‘

1902 3352 2000 3415 dit,
2030 3352 2153 3405 Fuit
2183 3354 2333 3406 Itonia
2364 3355 2546 3407 missus
2577 3372 2608 3406 a
2637 3352 2763 3417 Deo,
2789 3364 2839 3406 ut
2861 3355 3204 3407 testiinonium
3228 3354 3513 3423 perhiberet

1901 3445 1964 3498 de
1993 3447 2204 3510 lumine,
2238 3461 2461 3500 necesse
2488 3456 2571 3501 est
2615 3457 2670 3499 ttt
2696 3446 2899 3510 dicant,
2936 3446 3040 3500 hoc
3068 3447 3229 3500 etiam
3275 3446 3343 3499 de
3385 3447 3510 3517 Spi-

1900 3539 2004 3592 ritu
2052 3540 2297 3608 proferri.
2348 3538 2482 3593 Eum
2529 3541 2671 3593 enim
2703 3554 2860 3609 quem
2893 3553 3055 3607 supra
3086 3538 3320 3592 Verbum
3348 3539 3509 3605 dixit,

1902 3633 1951 3684 in
1984 3632 2331 3699 sequentibus
2366 3632 2553 3694 ltenm,
2586 3634 2771 3693 vitam,
2802 3641 2855 3685 et
2884 3632 3058 3685 lucem
3089 3632 3350 3683 nominat.
3400 3629 3513 3684 l’ita

1900 3732 2027 3788 erat,
2064 3724 2255 3792 inquit,
2291 3723 2392 3777 hoc
2421 3723 2655 3777 Verbum
2682 3762 2698 3789 ,
2744 3732 2799 3777 et
2828 3722 2941 3777 lure
2970 3722 3081 3791 ipsa
3117 3723 3220 3775 vita
3253 3723 3339 3775 lux
3372 3732 3509 3777 erat.

1901 3816 1955 3870 Si
2007 3818 2184 3885 itaque
2233 3816 2465 3870 Verbum
2512 3815 2617 3869 vita
2662 3824 2823 3879 erat;
2856 3815 3089 3871 Verbum
3122 3826 3299 3870 autem
3324 3857 3336 3877 ,
3369 3816 3511 3883 quod

1902 3918 1985 3961 est
2019 3907 2123 3960 vita
2158 3909 2171 3938 ¹
2199 3949 2214 3971 ,
2248 3922 2375 3961 caro
2420 3906 2617 3961 lacuna
2645 3914 2766 3962 est:
2802 3907 2905 3960 vita
2934 3922 3059 3961 caro
3090 3905 3228 3961 facta
3260 3916 3374 3970 est,
3412 3906 3515 3961 hoc

1898 4010 2004 4061 est.
2036 4000 2267 4053 Verbum
2292 4017 2306 4065 ;
2334 4011 2382 4053 et
2414 4002 2531 4067 ejus
2569 4000 2796 4071 gloriam
2830 4000 3063 4055 vidimus
3085 4042 3099 4066 ,
3134 4003 3285 4070 quasi
3316 4000 3513 4071 Unigo-

1900 4091 1994 4144 niti
2018 4107 2045 4143 a
2073 4089 2253 4144 Patre.
2285 4091 2339 4143 Si
2364 4106 2495 4160 etgo
2521 4090 2696 4145 dicant
2724 4089 2982 4161 Spiritum
3010 4090 3097 4144 hic
3120 4091 3280 4144 vitam
3308 4092 3513 4157 vocari,

1901 4184 2023 4239 vide
2053 4196 2248 4254 quanta
2281 4185 2512 4239 absorda
2543 4194 2862 4254 sequantur.
2898 4184 3131 4254 Spiritus
3162 4184 3305 4239 enim
3341 4184 3515 4239 incar-

1902 4285 2057 4329 natus
2101 4274 2303 4341 fuerit,
2357 4291 2460 4329 non
2513 4273 2679 4328 Filius
2717 4294 2729 4327 :
2762 4276 2998 4343 Spiritus
3048 4275 3153 4328 erit.
3208 4276 3517 4345 unigenitus

1902 4367 2089 4421 Filius.
2124 4367 2178 4422 Si
2215 4385 2319 4421 non
2354 4369 2423 4421 ita
2456 4383 2543 4421 res
2575 4366 2760 4432 fuerit,
2809 4367 2937 4421 dum
2988 4367 3091 4421 hoc
3136 4366 3414 4438 effugient,
3462 4368 3515 4423 in

1900 4460 2044 4513 aliud
2092 4460 2251 4529 longe
2295 4460 2583 4513 absurdius
2618 4459 2856 4513 incident
2901 4462 2969 4514 ita
3003 4460 3263 4529 legentes.
3296 4461 3428 4515 Nam
3470 4464 3513 4515 si

1900 4554 2257 4605 contiteantnr
2286 4550 2410 4604 illud
2445 4551 2511 4603 de
2543 4551 2681 4605 Filio
2712 4550 2913 4605 dictum
2948 4566 3101 4617 esse,
3134 4568 3307 4622 neque
3353 4553 3520 4607 inter-

1900 4653 2159 4713 pungant,
2193 4658 2294 4697 nec
2321 4644 2503 4713 legant
2532 4652 2591 4697 ut
2621 4661 2719 4697 nos
2748 4644 2976 4713 legimus
2998 4687 3012 4710 ,
3054 4645 3229 4713 ipsum
3259 4644 3453 4699 Filium
3487 4664 3515 4697 a

1900 4737 2079 4806 seipse
2131 4737 2326 4790 factum
2370 4752 2491 4793 esse
2531 4738 2712 4791 dicant
2752 4747 2989 4807 oportet.
3022 4738 3077 4791 Si
3104 4739 3248 4793 enitn
3278 4738 3520 4793 Verbum

1903 4830 2006 4883 vita
2030 4838 2181 4893 erat;
2214 4830 2257 4883 si
2296 4830 2441 4901 quod
2473 4830 2671 4885 factum
2706 4842 2823 4896 est,
2856 4832 2907 4885 in
2947 4832 3063 4901 ipso
3095 4832 3199 4884 vita
3234 4841 3391 4886 erat:
3428 4832 3515 4899 ip-

1900 4938 2021 4977 sum
2050 4924 2101 4977 in
2132 4924 2312 4993 seipso
2352 4935 2408 4980 et
2457 4941 2554 4995 per
2593 4926 2833 4994 seipsuin
2874 4926 3067 4979 factum
3099 4935 3181 4979 est
3222 4924 3521 4979 secundum

1902 5015 2042 5071 hanc
2072 5017 2378 5073 lectionem.
2410 5017 2616 5073 Deinde
2656 5018 2979 5089 quibusdam
3019 5020 3353 5088 interpositis
3380 5021 3519 5089 adji-

1900 5108 1971 5162 cit
1998 5127 2011 5164 :
2044 5106 2111 5161 Et
2138 5109 2355 5164 vidimus
2398 5110 2616 5181 gloriam
2643 5112 2753 5180 ejus
2777 5152 2791 5175 ,
2828 5109 3047 5181 gloriam
3079 5113 3226 5180 quasi
3260 5111 3523 5183 llnigeniti

1900 5218 1933 5253 a
1979 5200 2151 5257 Putre.
2190 5202 2330 5257 Ecce
2360 5202 2661 5258 secundum
2712 5203 2928 5258 illorum
2976 5205 3065 5273 qui
3116 5205 3185 5257 ita
3230 5204 3527 5275 loquuntur

1903 5294 2189 5351 lectionem
2216 5296 2448 5364 Spiritus
2474 5306 2691 5351 sanctus
2710 5338 2723 5361 ,
2757 5296 3063 5366 unigenitus
3090 5311 3211 5351 esse
3234 5296 3401 5352 Filius
3426 5298 3521 5353 de-

1906 5387 2276 5454 prehenditur.
2314 5387 2391 5441 De
2434 5386 2526 5441 illo
2551 5388 2695 5443 enim
2726 5388 2843 5442 hate
2871 5388 3049 5443 omnis
3080 5391 3318 5444 narratio
3364 5391 3520 5443 insti-

1904 5476 2089 5530 tuitur.
2116 5476 2411 5542 Videtisne,
2439 5478 2654 5548 quando
2678 5493 2707 5531 a
2734 5478 2961 5533 veritate
2987 5492 3170 5533 sermo
3200 5480 3435 5541 aberrat,
3469 5479 3521 5532 in

1906 5585 2025 5639 qua:
2058 5570 2351 5639 pr.ecipitia
2382 5570 2575 5636 abeat;
2607 5579 2661 5626 et
2703 5581 2833 5641 quot
2869 5571 3106 5625 absurda
3140 5574 3352 5641 pariat?
3382 5572 3522 5635 Quid

1926 5696 1937 5722 ¹
1965 5712 2105 5772 Juvta
2141 5706 2347 5772 Boisium
2382 5708 2487 5756 haec
2512 5707 2680 5772 ,_qno_d
2712 5713 2781 5758 est
2825 5706 2921 5757 vita
2949 5688 3522 5772 ,_de|c[ttla:su_nt:|l1lle

1903 5778 2020 5813 vero
2047 5768 2451 5876 i3lllltllall011t'lfl,
2482 5769 2540 5819 ad
2563 5766 2750 5819 nullius
2776 5768 3079 5832 exemplaris
3102 5766 3526 5825 Mennindttcem

1904 5840 2059 5889 αδετις
2098 5837 2209 5878 Itur.

1966 5862 2015 5893 ς’
2033 5862 2181 5878 ’συιιιιι
2197 5864 2209 5876 I
