4164 6320
636 383 705 441 88
1355 375 1415 436 S.
1450 373 1730 434 JOANNIS
1764 370 2234 433 CHRYSOSTOIII

2343 370 2605 431 RCIIIEP.
2634 370 3168 431 CONSTANTINOP.
3852 379 3934 436 88

638 497 837 571 igitur?
886 494 1135 568 Spiritus,
1185 491 1413 565 inquies.
1465 505 1572 547 non
1610 499 1694 546 est
1727 490 1858 545 ius?
1887 489 1980 545 Est
2005 488 2216 560 quidem

639 590 748 654 ius,
777 603 964 644 verum
992 586 1079 642 hic
1117 600 1222 641 non
1251 584 1320 641 de
1348 583 1439 639 illo
1467 582 1642 656 agitur
1669 600 1683 634 :
1711 580 2145 654 quandoquidem
2167 587 2220 634 et

641 683 782 738 Deus
801 679 1046 752 Spiritus,
1073 677 1175 733 hoc
1199 686 1300 743 est,
1325 675 1706 746 incorporeus;
1731 674 1823 729 sed
1853 689 1957 728 non
1985 671 2222 727 ubicum-

639 787 748 842 que
773 771 1003 843 Spiritus
1031 770 1252 834 dicitur,
1283 770 1450 825 Deum
1493 783 1614 825 esse
1647 767 1970 823 declaratur.
2003 765 2069 821 Et
2097 764 2217 835 quid

640 863 874 927 miraris,
903 862 947 916 si
978 862 1030 917 id
1055 861 1125 917 de
1152 861 1311 916 Patro
1330 861 1609 917 dicamus?
1635 859 1819 930 Neque
1849 859 1993 915 enim
2021 857 2089 913 de
2115 857 2217 913 Pa-

640 953 843 1008 racleto
870 969 1085 1024 quoque
1116 954 1164 1008 id
1194 953 1492 1009 dixerimus
1513 994 1528 1017 ,
1565 951 1708 1022 quod
1753 951 2072 1022 ubicumque
2099 949 2222 1019 Spi-

639 1045 776 1099 ritus
812 1044 1045 1111 dicitur,
1087 1044 1137 1099 id
1177 1044 1247 1099 de
1284 1043 1560 1100 Paracleto
1599 1042 1957 1114 intelligatur:
1983 1040 2224 1113 quamvis

641 1135 746 1192 hoc
772 1151 970 1192 nomen
1003 1136 1101 1206 ipsi
1131 1136 1362 1192 maxime
1387 1143 1656 1206 competat
1681 1153 1696 1190 :
1725 1143 1958 1189 attamen
1986 1132 2073 1187 ubi
2105 1131 2225 1203 Spi-

641 1229 775 1282 ritus
796 1227 1007 1297 legitur.
1032 1241 1138 1282 non
1161 1241 1372 1296 semper
1391 1225 1697 1281 Paracietns
1721 1234 1804 1281 est
1827 1223 2222 1295 intelligendus.

642 1317 773 1373 Nam
800 1327 855 1372 et
879 1317 1121 1373 Christus
1150 1317 1242 1372 Dei
1268 1316 1438 1373 virtus
1462 1326 1518 1373 et
1548 1317 1639 1372 Dei
1668 1316 1928 1388 sapientia
1958 1324 2178 1371 vocatur
2205 1330 2222 1381 ;

639 1418 696 1463 at
722 1423 827 1464 non
858 1424 1073 1478 semper
1098 1409 1186 1464 ubi
1217 1407 1310 1464 Dei
1342 1411 1508 1463 virtus
1527 1417 1584 1463 et
1613 1408 1705 1463 Dei
1726 1406 1982 1478 sapientia
2007 1404 2223 1474 dicitur,

641 1499 920 1555 Christus‘
947 1499 1232 1555 iudicatur.
1277 1499 1366 1557 Sic
1412 1509 1466 1554 et
1507 1499 1609 1555 hoc
1653 1500 1808 1565 loco,
1838 1498 1960 1554 licet
1996 1496 2227 1569 Spiritus

645 1591 943 1656 illuminet,
970 1607 1075 1645 non
1109 1599 1286 1646 tamen
1317 1591 1384 1647 do
1417 1593 1531 1662 ipso
1559 1608 1701 1646 lilltlc
1729 1591 1962 1661 loquitur
1998 1603 2226 1660 evange-

646 1683 785 1737 lista.
829 1683 1078 1738 Attamen
1119 1683 1200 1737 his
1238 1683 1470 1738 exclusis
1512 1683 1759 1739 absurdis
1780 1683 2092 1748 ratiociniis,
2125 1681 2225 1749 illi,

641 1773 733 1843 qui
758 1788 972 1844 semper
998 1774 1206 1829 veritati
1234 1786 1551 1845 repugnant,
1579 1775 1761 1830 dicere
1790 1790 1893 1829 non
1921 1773 2185 1830 desistunt
2211 1791 2224 1828 :

649 1865 802 1932 Quod
822 1865 1012 1934 factum
1040 1875 1133 1933 est,
1162 1867 1216 1921 in
1239 1867 1350 1937 ipso
1376 1869 1477 1920 vita
1498 1877 1605 1921 erat
1628 1866 1694 1938 (υ.
1722 1867 1809 1938 Η)
1831 1882 1847 1930 ;
1873 1867 1923 1920 id
1946 1877 2048 1932 est,
2075 1864 2228 1934 Quod

644 1961 839 2012 tactum
884 1967 968 2014 est
1011 1960 1119 2011 vita
1171 1968 1308 2014 erat.
1357 1959 1493 2025 Quid
1543 1957 1744 2029 igitur?
1780 1974 1846 2012 an
1873 1956 2228 2013 Sodomorum

643 2050 986 2121 supplicium,
1033 2051 1314 2113 diluvium,
1357 2051 1600 2121 gehenna
1648 2059 1704 2105 ct
1747 2049 1895 2104 mille
1919 2063 2008 2103 res
2047 2047 2230 2117 hujus-

645 2144 787 2198 modi
827 2145 935 2200 vita
972 2145 1170 2200 erant?
1201 2143 1305 2200 Sed
1344 2143 1412 2199 de
1437 2143 1710 2198 creatione
1738 2143 1891 2198 nobis
1917 2148 2001 2195 est
2027 2154 2226 2205 sermo,

645 2238 907 2310 inquiunt.
941 2237 1095 2293 Certe
1123 2238 1209 2292 illa
1237 2253 1451 2309 quoque
1483 2237 1548 2290 ad
1585 2236 1913 2290 creationem
1940 2232 2226 2304 pertinent.

651 2328 844 2384 Verum
874 2343 930 2385 ut
956 2329 1169 2384 aliunde
1193 2329 1352 2384 etiam
1395 2329 1606 2383 illorum
1644 2326 1962 2382 sententiam
2007 2323 2233 2379 validius

646 2419 986 2476 confulemns
1014 2461 1028 2485 ,
1083 2419 1527 2491 iuterrogabimus
1589 2419 1710 2474 illos
1759 2435 1774 2471 :
1819 2417 1957 2474 Num
2005 2431 2231 2487 qumso,

649 2516 850 2584 lignum
889 2515 995 2568 vita
1027 2514 1152 2567 est?
1183 2530 1307 2568 num
1337 2513 1493 2583 lapis,
1527 2512 1758 2566 inanima
1805 2511 1921 2565 haec
1963 2519 2018 2565 et
2046 2510 2235 2564 immo-

647 2607 812 2660 hilia?
853 2622 919 2660 an
970 2605 1133 2660 homo
1173 2605 1393 2660 omnino
1424 2605 1528 2659 vita
1558 2605 1676 2660 est?
1703 2603 1896 2673 Ecquis
1940 2601 2043 2657 hoc
2084 2601 2236 2657 dixe-

649 2698 753 2752 rit?
782 2696 896 2754 Non
923 2699 1065 2753 enim
1095 2698 1207 2767 ipsa
1235 2698 1340 2752 vita
1373 2697 1535 2752 honto
1561 2737 1576 2761 ,
1601 2697 1696 2752 sed
1725 2697 1848 2750 vitae
1875 2710 2044 2766 capas
2073 2695 2235 2750 homo

647 2797 749 2845 est.

718 2877 772 2932 2.
809 2878 942 2934 Vide
991 2894 1202 2934 rursum
1245 2879 1330 2935 hic
1373 2879 1753 2935 ahsurditatem
1788 2893 1952 2934 :nam
1984 2880 2121 2935 hanc
2146 2894 2237 2935 se-

649 2984 874 3038 quemur
915 2968 1125 3023 dicendi
1169 2969 1362 3024 seriem
1389 3010 1403 3034 ,
1436 2979 1494 3024 ut
1520 2968 1643 3024 hinc
1670 2985 1856 3025 eorum
1880 2969 2233 3046 insipientiam

649 3062 940 3116 discamus.
981 3062 1069 3116 Sic
1113 3061 1246 3116 nihil
1284 3077 1506 3134 nsquam
1538 3063 1612 3117 illi
1643 3062 1825 3118 dicunt
1852 3063 1991 3134 quod
2017 3064 2236 3135 Spiritui

650 3163 959 3223 competere
1002 3153 1188 3222 possit.
1237 3152 1523 3223 Postquam
1564 3155 1705 3209 enim
1740 3155 1860 3210 inde
1886 3155 2238 3222 exciderunt,

655 3246 954 3300 hominibus
986 3246 1073 3300 illa
1097 3245 1422 3313 adscribunt,
1455 3262 1570 3317 quae
1592 3247 1658 3303 de
1685 3248 1883 3316 Spiritu
1912 3247 2069 3320 digne
2097 3248 2235 3303 dicta

655 3338 818 3394 fuisse
839 3338 1109 3408 putabant.
1129 3337 1394 3394 Caeterum
1417 3339 1526 3408 jam
1551 3341 1830 3396 lectionem
1853 3343 2236 3397 examinentns.

653 3431 908 3485 Creatura
932 3446 1071 3486 nunc
1093 3432 1194 3485 vita
1219 3431 1438 3494 dicitur;
1464 3447 1591 3502 ergo
1615 3433 1702 3487 lux
1735 3434 2003 3489 etiamest
2032 3435 2240 3504 :deqne

657 3521 744 3574 illa
768 3520 1140 3575 testilicaturns
1159 3523 1303 3576 venit
1331 3521 1582 3577 Joannes.
1612 3524 1722 3577 Cur
1749 3541 1876 3594 ergo
1909 3540 2012 3579 non
2043 3536 2095 3580 et
2125 3527 2240 3597 ipse

657 3611 745 3664 lux
775 3611 892 3666 est?
920 3611 1050 3666 Nam
1079 3610 1199 3665 Non
1222 3623 1328 3666 erat
1351 3614 1437 3667 ille
1462 3615 1570 3680 luat,
1601 3614 1788 3684 inquit.
1818 3615 1975 3686 Atqui
1998 3633 2062 3672 ex
2091 3632 2240 3672 crea-

655 3711 892 3756 turarum
938 3718 1160 3759 numero
1201 3715 1335 3760 erat.
1381 3707 1660 3774 Quomodo
1688 3723 1816 3778 ergo
1851 3724 1956 3764 non
1997 3719 2080 3764 est
2115 3711 2242 3764 lux?

655 3795 922 3864 quomodo
949 3794 1014 3849 In
1044 3797 1231 3851 mundo
1257 3808 1384 3865 erat,
1415 3809 1460 3854 et
1491 3801 1708 3854 mundus
1740 3818 1828 3869 per
1853 3803 2022 3871 ipsum
2073 3805 2242 3876 factus

656 3898 730 3942 est
746 3890 771 3942 .’
794 3897 1106 3944 creaturane
1136 3899 1251 3945 erat
1281 3891 1333 3945 iri
1358 3901 1623 3959 creatura,
1645 3903 1700 3949 et
1715 3904 1958 3949 creatura
1983 3910 2076 3964 per
2096 3910 2245 3950 crea-

657 3988 828 4034 turam
861 3980 992 4034 l'acta
1022 3980 1138 4034 est?
1163 3981 1430 4050 quomodo
1459 3981 1514 4035 Μ
1521 3985 1684 4037 nntius
1711 4001 1820 4035 eum
1849 4002 1947 4038 non
1975 3987 2245 4054 cognovit?

657 4084 723 4123 an
753 4079 993 4126 creatura
1025 4082 1319 4126 creaturam
1352 4089 1455 4126 non
1483 4075 1667 4127 novit?
1700 4075 1952 4144 Quotquot
1979 4087 2144 4129 autem
2165 4093 2245 4129 re-

659 4170 896 4228 ceperunt
926 4179 1037 4216 eum
1059 4204 1079 4228 ,
1104 4163 1243 4216 dedit
1271 4165 1342 4218 eis
1368 4175 1658 4234 potestatem
1691 4167 1824 4234 [ilics
1856 4166 1947 4219 Dei
1976 4168 2107 4235 ﬁeri.
2137 4167 2242 4223 Sed

657 4262 741 4306 sat
765 4253 893 4307 risui
914 4253 1096 4308 datum
1119 4264 1220 4308 est.
1256 4255 1378 4309 Haec
1400 4265 1636 4310 monstra
1668 4257 1949 4310 verborum
1975 4258 2126 4310 vobis
2151 4258 2247 4312 de-

663 4345 842 4412 inceps
885 4345 1207 4399 coniutanda
1251 4347 1528 4415 relinquo,
1563 4363 1628 4400 ne
1656 4362 1754 4400 nos
1783 4347 1896 4402 hmo
1926 4348 2094 4403 risum
2126 4365 2244 4404 mo-

662 4436 817 4488 vendi
843 4450 1002 4491 causa
1032 4437 1352 4504 praemisisse
1381 4439 1676 4503 videamur,
1708 4449 2022 4511 tempusque
2051 4441 2243 4498 frustra

662 4533 913 4581 teramus.
937 4526 1068 4581 Nam
1092 4529 1135 4580 si
1167 4528 1279 4582 hare
1300 4529 1365 4584 de
1386 4529 1581 4598 Spiritu
1603 4547 1706 4584 non
1728 4531 1865 4586 dicta
1889 4542 2030 4596 sunt,
2060 4533 2242 4603 utjam

658 4616 1077 4673 demonstratum
1119 4631 1221 4682 est.
1267 4638 1438 4691 neque
1471 4622 1539 4677 de
1581 4635 1858 4688 creatura;
1902 4634 1955 4679 et
1999 4627 2240 4681 eamdem

661 4719 837 4765 tamen
870 4711 942 4768 illi
976 4711 1260 4768 lectionem
1303 4722 1547 4769 tueantur
1578 4733 1589 4768 :
1627 4716 1751 4770 illud
1783 4718 2018 4771 omnium
2051 4718 2243 4772 absur-

656 4802 933 4858 dissimum
975 4817 1245 4874 sequetur.
1277 4817 1333 4859 ut
1373 4807 1621 4868 diximus.
1651 4809 1788 4878 quod
1834 4809 1998 4862 Filius
2029 4825 2124 4878 per
2161 4824 2246 4864 se-

658 4895 832 4963 ipsum
873 4895 1041 4950 lactus
1082 4897 1168 4950 sit.
1215 4897 1267 4952 Si
1314 4898 1457 4952 enim
1506 4898 1592 4952 lnx
1626 4915 1744 4954 vera
1791 4899 1958 4954 Filius
1998 4911 2110 4967 est;
2159 4902 2243 4955 lnx

658 4995 834 5039 autem
863 4987 976 5041 lucc
1006 4987 1108 5040 vita
1137 4999 1270 5052 erat,
1303 4989 1513 5060 vitaque
1555 4990 1605 5043 in
1654 4991 1769 5058 ipso
1815 4990 1947 5045 facta
1980 5001 2064 5046 est
2095 5011 2108 5045 ς
2141 5009 2242 5047 ne-

656 5077 891 5132 cessario
914 5077 1036 5131 illud
1054 5081 1394 5148 consequitur
1413 5080 1702 5134 secundum
1729 5097 1914 5136 eorum
1935 5082 2241 5139 lectionem.

660 5169 784 5222 ideo
814 5169 912 5225 hac
941 5173 1135 5225 omissa
1157 5212 1172 5236 ,
1205 5172 1269 5225 ad
1311 5171 1597 5240 legitimam
1642 5175 1915 5228 veniamus
1959 5175 2242 5230 lectionem

659 5270 714 5313 et
768 5261 1278 5330 interpreL'ttionem.
1322 5264 1576 5332 Qua-nam
1631 5266 1714 5320 illa
1759 5267 1876 5320 est?
1917 5267 1984 5323 Ut
2031 5268 2081 5321 in
2131 5267 2246 5322 hinc

658 5352 818 5407 verba
845 5392 860 5416 ,
904 5351 1053 5416 Quod
1101 5356 1288 5422 factum
1333 5366 1439 5424 est,
1485 5359 1829 5412 terminemus
1873 5360 2192 5414 sententiam
2227 5378 2238 5414 :

654 5445 850 5501 deinde
878 5447 946 5500 ah
978 5447 1078 5502 hoc
1097 5447 1240 5503 dicto
1267 5449 1598 5518 incipiamus,
1626 5452 1690 5506 In
1711 5453 1823 5520 ipso
1849 5453 1950 5506 vita
1971 5463 2095 5507 erat.
2133 5453 2243 5507 Hoc

657 5546 832 5592 autem
867 5538 957 5594 ille
988 5539 1099 5592 vult
1129 5539 1428 5607 signiﬁcare
1461 5559 1471 5593 :
1508 5543 1633 5596 Sine
1661 5544 1769 5612 ipso
1801 5547 1989 5612 factum
2017 5553 2090 5598 est
2116 5543 2241 5596 nihil

659 5632 791 5697 quod
812 5631 1004 5698 factum
1028 5642 1120 5685 est.
1151 5631 1205 5686 Si
1234 5632 1378 5702 quid,
1416 5634 1599 5704 inquit,
1636 5635 1829 5692 factum
1857 5645 1958 5704 cst,
1983 5635 2096 5690 sine
2127 5637 2241 5706 ipso

719 5798 736 5826 ί
777 5789 828 5840 lu
861 5787 1020 5839 Morel.
1050 5790 1248 5852 legitur,
1276 5791 1435 5844 Filius.

2333 486 2527 542 factum
2561 504 2665 543 non
2692 501 2794 544 est.
2828 487 3014 544 \‘iden‘
3037 489 3308 561 quomodo
3334 508 3430 562 per
3451 492 3616 549 breve
3643 495 3743 550 hoc
3772 497 3926 551 addi—

2330 589 2622 634 tamentum
2651 579 2879 634 absurda
2907 581 3084 635 omnia
3127 596 3246 650 qua:
3285 581 3513 637 suboriri
3543 594 3789 653 poterant
3818 589 3926 642 eli-

2329 668 2584 723 minavit?
2627 669 2730 724 Per
2767 668 2818 724 id
2858 671 3001 725 enim
3035 669 3176 740 quod
3208 671 3418 739 intulit,
3449 672 3707 743 Sinsipso
3722 676 3930 743 factum

2329 771 2402 816 est
2424 760 2569 827 nihil,
2597 771 2650 817 et
2675 776 2769 831 per
2795 761 2924 816 illud
2955 761 3216 827 additum,
3247 763 3397 831 Quod
3417 771 3610 835 [aetum
3637 777 3732 828 est,
3767 768 3929 821 intel-

2331 853 2573 908 Icctuaiia
2602 852 2760 908 simul
2787 854 3217 924 comprehendit.
3244 854 3609 926 Spiritnmque
3634 855 3925 910 subtraxit.

2330 941 2462 998 Cum
2492 943 2632 999 enim
2659 943 2901 1010 dixisset,
2929 943 3117 1001 Omnia
3137 962 3227 1015 per
3245 946 3412 1017 ipsum
3434 949 3569 1017 facta
3587 956 3727 1010 sunt,
3749 956 3796 1001 et
3814 947 3934 1000 sine

2332 1035 2442 1105 ipso
2469 1039 2660 1105 factum
2687 1044 2759 1090 est
2789 1035 2918 1089 nihil
2941 1051 2960 1090 :
2989 1052 3057 1091 ne
3083 1037 3204 1108 quis
3228 1037 3451 1101 diceret,
3478 1037 3534 1093 Si
3563 1037 3765 1103 omnia,
3789 1052 3930 1108 ergo

2332 1125 2563 1197 Spiritus
2591 1142 2685 1197 per
2709 1127 2880 1197 ipsum
2912 1126 3085 1184 factus
3111 1138 3194 1184 est
3212 1170 3226 1192 ,
3260 1128 3366 1184 hoc
3393 1129 3758 1185 additamento
3785 1144 3931 1198 opus

2333 1219 2450 1273 init.
2494 1217 2639 1289 Ego,
2679 1217 2871 1289 inquit,
2900 1219 2944 1274 si
2975 1219 3101 1289 quid
3131 1218 3329 1274 factum
3361 1228 3464 1286 est,
3495 1221 3596 1274 hoe
3625 1235 3719 1292 per
3747 1220 3928 1290 ipsum

2335 1305 2529 1363 factum
2571 1323 2691 1365 esse
2727 1309 2872 1375 dixi;
2919 1311 3033 1365 sive
3061 1309 3347 1377 invisibile,
3379 1311 3494 1366 sive
3521 1312 3927 1381 incorporeum,

2333 1401 2448 1457 sive
2473 1401 2525 1455 in
2554 1401 2687 1456 czelo
2707 1402 2723 1434 ⁸
2755 1401 2951 1458 factum
2979 1402 3069 1459 sit.
3108 1401 3234 1458 Ideo
3263 1417 3368 1457 non
3403 1401 3722 1472 simpliciter
3743 1401 3930 1456 omnia

2331 1492 2472 1558 dixi;
2501 1493 2596 1550 sed
2626 1494 2672 1550 si
2699 1495 2827 1567 quid
2859 1495 3054 1552 iactum
3075 1504 3159 1550 est
3182 1514 3196 1550 :
3219 1494 3322 1552 hoc
3346 1503 3450 1560 est,
3469 1511 3588 1565 qua:
3615 1494 3753 1550 facta
3776 1504 3928 1549 sunt.

2333 1591 2562 1659 Spiritus
2584 1605 2713 1646 vero
2735 1589 2907 1646 factus
2936 1607 3041 1645 non
3065 1602 3168 1646 esl.
3187 1589 3370 1645 Viden‘
3397 1599 3700 1645 accuratam
3726 1587 3934 1644 doctri-

2336 1683 2494 1739 nam?
2517 1681 2718 1738 Rerum
2745 1682 3022 1739 sensilium
3051 1687 3377 1738 creationem
3408 1682 3742 1747 memoravit,
3764 1696 3931 1752 quam

2336 1784 2489 1830 antea
2521 1776 2730 1847 Moyses
2756 1775 3010 1830 docuerat
3043 1792 3058 1830 :
3088 1773 3281 1830 deinde
3299 1773 3412 1844 jam
3442 1771 3674 1828 imbutos
3699 1771 3764 1827 ad
3792 1771 3935 1828 διώ·

2337 1869 2544 1923 limiora
2570 1867 2794 1936 ducens,
2822 1868 3135 1938 incorporea
3169 1882 3363 1938 nempe
3387 1874 3443 1922 et
3467 1866 3780 1932 invisibilia,
3803 1864 3934 1935 Spir

2338 1960 2494 2013 ritnm
2517 1967 2759 2016 sanctum
2780 1959 2848 2015 ab
2866 1959 3011 2014 omni
3030 1967 3274 2015 creatura
3303 1957 3558 2033 seiunxit.
3584 1957 3675 2014 Sic
3701 1966 3757 2012 et
3787 1955 3936 2016 Path-

2340 2052 2421 2107 lns
2459 2054 2559 2108 hac
2603 2053 2772 2123 gratia
2821 2053 3109 2122 inspiratus
3144 2053 3357 2109 dicebat
3387 2069 3402 2107 :
3436 2051 3690 2118 Quoniam
3726 2051 3780 2106 in
3816 2051 3949 2122 ipso.

2337 2152 2506 2196 creata
2533 2151 2655 2197 sunt
2683 2144 2856 2198 omnia
2878 2142 3015 2213 (Col.
3041 2145 3092 2200 ί.
3119 2143 3230 2215 i6).
3260 2143 3358 2199 Hic
3382 2157 3517 2198 vero
3535 2158 3746 2198 rnrsunt
3777 2157 3936 2198 eam—

2336 2233 2460 2291 dem
2504 2236 2900 2292 accurationem
2950 2238 3206 2292 observes
3257 2236 3440 2295 velint.
3505 2235 3648 2294 idem
3696 2252 3948 2306 namque

2337 2327 2572 2400 Spiritus
2593 2327 2729 2384 lianc
2756 2345 2968 2400 quoque
2995 2329 3243 2384 movebat
3265 2329 3519 2384 animam.
3547 2327 3624 2383 Ne
3647 2327 3770 2398 quis
3788 2325 3936 2381 enim

2341 2435 2454 2476 rem
2483 2420 2672 2476 factam
2700 2424 3004 2490 quampiam
3032 2437 3060 2472 a
3096 2421 3188 2475 Dei
3216 2420 3494 2476 creatione
3517 2433 3837 2480 removeret,
3869 2434 3946 2473 eo.

2341 2512 2481 2582 quod
2515 2512 2626 2581 ipsa
2658 2510 2941 2566 invisibilia
2960 2521 3170 2574 essent;
3203 2525 3335 2564 neve
3368 2510 3451 2564 his
3481 2510 3815 2565 Paracletum
3839 2509 3942 2562 atl-

2343 2604 2628 2668 misceret,
2677 2603 3052 2673 przetermissis
3097 2601 3476 2669 scusih'dihes,
3516 2616 3637 2670 qum
3685 2600 3943 2656 omnist

2343 2706 2465 2750 nota
2493 2703 2665 2760 erant,
2693 2695 2924 2750 caelestia
2945 2703 3218 2749 enumerat
3249 2693 3332 2747 his
3353 2690 3528 2751 verbis
3558 2707 3574 2748 :
3601 2690 3718 2747 Sive
3744 2691 3937 2753 throni,

2343 2787 2444 2840 sive
2459 2788 2843 2852 dominationes,
2857 2788 2960 2848 sine
2971 2785 3309 2856 principatus,
3327 2787 3426 2839 sive
3442 2793 3708 2852 potestates
3721 2781 3942 2854 (lbid.),

2347 2877 2475 2931 Illud
2504 2878 2669 2945 enim,
2702 2878 2839 2943 Sive,
2877 2878 3098 2947 singulis
3131 2877 3431 2946 appositum
3457 2916 3473 2942 ,
3507 2875 3635 2928 nihil
3665 2874 3814 2929 aliud
3836 2889 3944 2928 no-

2348 2968 2429 3023 luis
2455 2969 2741 3039 signiﬁcat,
2768 2987 2927 3041 quam
2956 2970 3077 3035 hoc,
3104 2970 3291 3024 (Jmnia
3318 2986 3406 3038 per
3433 2970 3598 3040 ipsum
3629 2971 3765 3039 {victa
3795 2977 3943 3030 sunt,

2345 3072 2390 3116 ct
2424 3063 2533 3118 sine
2566 3063 2680 3133 ipse
2714 3066 2904 3134 factum
2933 3074 3005 3118 est
3041 3061 3174 3117 nihil
3199 3062 3334 3133 quod
3360 3064 3551 3132 factum
3576 3069 3667 3116 est.
3711 3059 3866 3126 Quod
3898 3062 3946 3115 si

2349 3155 2498 3218 illud,
2534 3154 2656 3221 Per,
2685 3155 3091 3232 diminutionem
3119 3154 3423 3225 signiﬁcare
3450 3164 3625 3225 putes,
3654 3152 3778 3207 audi
3814 3167 3948 3221 prn-

2348 3250 2562 3321 pltctam
2594 3250 2856 3326 dicentem
2884 3269 2896 3304 :
2929 3249 3084 3303 Initio
3115 3260 3188 3310 tu,
3212 3247 3449 3313 Domine,
3462 3258 3660 3300 terram
3689 3246 3946 3315 fatnlastt',

2347 3356 2392 3399 et
2439 3362 2593 3414 opera
2631 3361 2870 3398 manuum
2905 3355 3105 3398 tuarum
3138 3352 3250 3395 stmt
3279 3341 3390 3397 curii
3421 3341 3438 3409 (
3469 3340 3615 3395 Paul.
3649 3341 3772 3396 ιτθι.
3802 3340 3876 3394 iii
3905 3341 3946 3406 ).

2346 3437 2498 3504 Quod
2548 3435 2616 3490 de
2659 3436 2812 3491 Patre
2862 3445 2915 3489 ttt
2956 3444 3198 3489 creatore
3245 3433 3445 3486 dictum
3490 3442 3592 3496 est,
3629 3431 3778 3486 id'dc
3809 3430 3962 3482 Filio.

2347 3528 2478 3581 dicit
2507 3545 2520 3580 :
2556 3543 2660 3582 non
2701 3526 2971 3591 dicturus,
3017 3525 3116 3580 nisi
3162 3533 3390 3581 creatur.
3425 3539 3524 3578 nec
3553 3531 3755 3577 tantum
3787 3521 3950 3574 mini-

2348 3627 2459 3672 ster
2480 3617 2814 3672 existimatus
2837 3626 2996 3672 esset.
3031 3614 3181 3682 Quod
3213 3616 3256 3668 si
3285 3615 3368 3668 hic
3397 3612 3496 3667 Per
3517 3614 3681 3681 ipsum
3712 3612 3950 3674 dicatur,

2351 3727 2454 3765 nrn
2495 3713 2594 3764 alia
2626 3711 2692 3764 de
2718 3722 2877 3764 causa
2914 3709 3143 3775 dicitur,
3175 3724 3333 3778 quam
3361 3722 3427 3762 ne
3451 3707 3572 3777 quis
3610 3705 3801 3759 Filium
3836 3722 3950 3758 non

2349 3803 2589 3872 genitum
2614 3817 2733 3856 esse
2761 3802 3082 3870 suspicetur.
3113 3799 3552 3868 Quandoquidem
3583 3798 3724 3865 quod
3751 3813 3951 3853 secun-

2351 3892 2476 3945 dum
2503 3891 2789 3945 creationis
2817 3890 3128 3960 dignitatem
3157 3887 3290 3944 nihil
3323 3889 3499 3942 minus
3531 3887 3748 3947 haheat.
3781 3905 3948 3957 quam

2352 3982 2528 4047 Pater,
2553 3982 2674 4036 audi
2705 3983 2874 4048 ipsum
2901 3983 3166 4036 dicentem
3189 3998 3201 4034 :
3224 3979 3370 4034 Sicut
3401 3979 3556 4034 Pater
3581 3981 3791 4034 suscitat
3811 3997 3954 4033 mor-

2351 4084 2462 4127 tnos
2494 4085 2539 4127 rt
2569 4075 2804 4142 viviﬁcat.
2836 4075 2906 4128 sie
2933 4083 2979 4127 et
3011 4071 3177 4127 Filius
3206 4089 3331 4140 quos
3361 4073 3466 4126 vult
3493 4073 3713 4140 vivi/ient
3746 4073 3765 4143 (
3783 4072 3949 4128 Joan.

2351 4165 2404 4219 5.
2434 4165 2552 4232 2i).
2596 4164 2653 4218 Si
2699 4166 2877 4233 itaque
2907 4164 2975 4217 dc
3019 4163 3150 4216 Filio
3190 4163 3396 4216 dicatur
3436 4162 3487 4214 in
3535 4161 3714 4216 Veteri
3757 4161 3953 4217 Testa-

2355 4265 2555 4318 mento,
2590 4253 2746 4307 Initio
2777 4264 2849 4319 tn,
2882 4253 3118 4318 Domine,
3145 4263 3328 4305 terram
3358 4253 3590 4324 fundasti
3614 4293 3629 4318 ,
3667 4252 3954 4308 manifesta

2353 4359 2436 4402 est
2478 4347 2767 4402 creationis
2807 4346 3038 4416 dignitas
3068 4363 3081 4397 :
3107 4345 3188 4400 sin
3229 4345 3297 4399 de
3337 4344 3493 4398 Patre
3536 4343 3849 4414 prophetam
3898 4345 3951 4399 id

2355 4440 2633 4510 quuutnm
2656 4438 2876 4504 dixeris,
2909 4438 3129 4492 Paulum
3153 4447 3331 4492 autem
3359 4437 3490 4491 Filio
3521 4438 3876 4507 adscripsisse
3901 4439 3954 4494 id

2352 4533 2491 4599 quod
2523 4531 2590 4586 de
2620 4530 2774 4586 Patre
2804 4530 3004 4584 dictum
3033 4539 3177 4593 erat;
3207 4529 3435 4597 idipsnm
3462 4539 3637 4583 tamen
3670 4540 3952 4599 sequetur.

2354 4623 2536 4694 Neque
2558 4623 2700 4678 enim
2731 4622 2778 4676 id
2809 4622 3001 4677 Paulus
3032 4621 3166 4675 Filio
3192 4630 3497 4690 competere
3525 4622 3820 4688 statuisset,
3847 4625 3961 4678 nisi

2353 4715 2642 4770 admodum
2687 4727 2864 4770 certus
2888 4758 2902 4775 ,
2941 4731 3120 4784 parem
3149 4731 3269 4769 esse
3297 4715 3629 4785 dignitatem.
3678 4710 3954 4772 Extrema:

2357 4823 2584 4876 namque
2610 4807 2845 4861 audaciae
2871 4817 3034 4870 esset,
3063 4823 3122 4860 ca
3155 4824 3274 4878 qua:
3303 4807 3706 4875 incomparabili
3740 4818 3955 4864 natura:

2355 4909 2744 4968 t'otnpeterent,
2773 4900 2962 4954 minori
2992 4910 3045 4955 et
3072 4899 3322 4956 inferiori
3344 4900 3675 4956 adst-rihere.

2427 4995 2477 5047 5.
2505 4996 2572 5046 At
2597 5007 2770 5062 neque
2793 4998 2986 5057 minor,
3013 5008 3184 5062 neque
3209 4992 3428 5046 inferior
3453 4992 3625 5047 Patris
3649 4993 3953 5049 substantia

2355 5093 2437 5137 cst
2467 5083 2652 5137 Filius.
2685 5079 3019 5152 Quapropter
3053 5099 3156 5135 non
3191 5082 3291 5138 hoc
3321 5084 3493 5138 solum
3524 5082 3593 5146 de
3620 5083 3756 5138 Filio
3785 5099 3958 5140 ausus

2355 5187 2435 5228 est
2461 5175 2656 5229 Paulus
2683 5175 2893 5239 dioere,
2921 5175 3015 5230 sed
3044 5176 3203 5230 etiam
3233 5175 3336 5228 alia
3367 5176 3582 5228 similia.
3615 5174 3747 5230 Nam
3777 5175 3914 5230 illud
3937 5218 3952 5242 ,

2357 5267 2436 5320 lia:
2461 5284 2579 5336 quo.
2609 5265 2750 5336 quod
2783 5276 2836 5321 tu
2865 5267 3031 5321 solius
3061 5267 3231 5322 Patris
3257 5267 3502 5338 dignitati
3528 5267 3790 5324 adscribis
3810 5309 3827 5334 ,
3859 5270 3956 5326 ille

2352 5360 2418 5414 de
2466 5361 2601 5415 Filio
2643 5359 2772 5413 dicit
2820 5358 2904 5414 Itis
2947 5359 3120 5414 verbis
3147 5377 3159 5412 :
3191 5359 3271 5412 Ea:
3299 5377 3397 5430 quo
3428 5369 3586 5412 totum
3612 5376 3797 5430 corpus
3817 5403 3830 5424 ,
3861 5379 3957 5428 κν

2353 5468 2511 5504 nexus
2543 5461 2588 5504 et
2623 5451 3003 5520 conjunctiones
3038 5449 3472 5504 subministrantur
3504 5460 3548 5503 et
3575 5460 3952 5516 constructum,

2351 5541 2526 5596 crescit
2553 5543 2603 5594 in
2633 5551 2958 5612 augmentum
2984 5540 3076 5595 Dei
3108 5540 3339 5610 (Coloss.
3364 5541 3419 5594 2.
3455 5542 3573 5612 i9).
3619 5539 3802 5610 Neque
3845 5539 3955 5598 hoc

2352 5635 2466 5689 δυιο
2489 5641 2773 5688 contentus
2795 5642 2896 5699 est,
2923 5632 3016 5687 sed
3047 5641 3100 5688 et
3125 5631 3341 5688 aliunde
3362 5632 3511 5688 vobis
3535 5634 3801 5688 obstruxit
3825 5649 3950 5698 ora,

2417 5793 2429 5820 '
2473 5792 2554 5841 ,λιιι
2589 5791 2788 5851 habent,
2815 5793 2910 5842 sit‘c
2936 5792 2983 5840 in
3003 5789 3286 5842 hominibus.
