4164 6320
232 296 295 356 ετ
1363 287 1427 342 lN
1465 281 1783 342 JOANNEM
1826 282 2061 340 llOMlL.
2097 284 2161 339 ν.
2204 286 2276 343 al.
2317 284 2407 346 iV.

233 430 357 466 rttttt
388 409 539 473 illud,
575 407 684 463 Per
713 425 886 480 quem,
915 407 1057 478 quod
1081 404 1339 461 minorem
1368 399 1670 470 signiﬁcare
1700 397 1855 463 dicis,

234 505 382 559 l‘atri
409 502 695 559 adscribit.
734 500 930 555 Fidelis
954 501 1097 556 enim
1130 497 1298 560 Deus,
1330 494 1533 565 inquit,
1576 508 1668 562 per
1708 506 1854 555 quem

234 598 404 650 vocati
429 596 550 651 estis
581 595 635 647 in
662 596 955 648 societatem
998 590 1126 645 Filii
1164 590 1276 657 ejus
1322 589 1369 652 (Ι
1426 584 1545 640 Car.
1579 585 1630 639 1.
1669 582 1771 651 9);
1801 590 1853 636 et

208 684 480 754 rrursum,
518 686 620 742 Per
649 690 959 743 voluntatem
986 686 1097 756 cjns
1125 681 1351 751 (Ep/tes.
1385 681 1435 734 1.
1464 682 1487 733 1
1516 678 1569 747 );
1601 686 1653 730 et
1684 676 1808 728 alibi
1835 714 1849 738 ,

230 782 502 848 Quoniam
550 797 613 834 ea;
657 780 772 848 ipso
797 820 812 844 ,
849 788 895 831 ct
934 793 1023 847 per
1064 776 1255 844 ipsum,
1288 783 1334 826 et
1378 773 1432 825 in
1473 771 1644 838 ipsum
1679 770 1852 821 omnia

226 872 414 941 (Rosa.
444 873 532 928 11.
558 872 671 943 56).
704 871 888 940 Itaque
916 884 1019 923 non
1048 868 1139 922 nni
1168 865 1305 920 Filio
1326 863 1476 927 illud,
1505 863 1587 917 Ea:
1609 878 1727 934 quo,
1752 861 1846 915 sed

223 966 401 1018 ctiam
430 963 653 1035 Spiritui
691 964 959 1018 tribuitur.
995 961 1204 1016 Elcttitn
1235 958 1473 1027 .losepho
1502 957 1727 1028 angelus
1756 955 1845 1009 di-

220 1057 435 1110 ccbat:
478 1055 557 1109 Nc
597 1056 775 1108 timeas
816 1057 1046 1125 accipere
1087 1051 1311 1106 Mariam
1349 1050 1619 1121 conjugem
1659 1058 1797 1102 luant
1826 1064 1845 1101 :

219 1151 371 1218 quod
402 1152 537 1204 enim
561 1150 613 1203 in
637 1166 697 1204 ca
712 1160 886 1203 natum
909 1159 1001 1213 cst,
1025 1164 1089 1201 ex
1109 1147 1309 1217 Spiritu
1331 1154 1508 1199 sancto
1530 1152 1603 1198 cst
1625 1142 1839 1213 (Matt/1.

223 1244 276 1294 1.
310 1242 432 1309 20).
467 1240 928 1307 Quemadmodum
952 1249 1006 1293 ct
1032 1238 1181 1299 illud,
1207 1236 1274 1291 In
1295 1254 1414 1308 quo,
1438 1235 1578 1307 quod
1610 1236 1842 1302 Spiritus

218 1346 336 1393 est.
373 1352 484 1389 non
515 1345 726 1389 recinat
750 1333 1005 1404 propheta
1040 1333 1150 1385 lico
1182 1333 1438 1397 trilmere,
1468 1331 1593 1383 dum
1625 1330 1700 1382 ait
1732 1347 1743 1381 :
1777 1327 1841 1381 In

221 1427 342 1481 Deo
374 1432 620 1496 faciemus
642 1430 874 1482 virtutem
903 1426 1079 1498 (Psal.
1110 1426 1201 1484 59.
1235 1425 1339 1494 l4).
1376 1425 1440 1478 Et
1468 1424 1661 1478 Paulos
1686 1463 1701 1489 ,
1732 1421 1839 1475 0b-

217 1538 439 1576 scrrnns
460 1562 475 1588 ,
514 1522 623 1587 ait,
657 1523 699 1575 si
722 1521 973 1589 quomodo
1001 1520 1207 1575 tandem
1237 1519 1510 1589 aliquando
1539 1533 1838 1587 prosperam;

216 1615 327 1668 iter
354 1616 569 1669 habeam
596 1618 651 1669 in
680 1616 937 1670 voluntate
968 1614 1061 1670 Dei
1088 1615 1323 1669 veniendi
1351 1614 1421 1667 ad
1449 1628 1535 1667 vos
1566 1612 1743 1683 (Rom.
1781 1613 1832 1667 1.

218 1710 323 1779 10)
352 1728 367 1764 :
399 1718 455 1764 et
502 1712 689 1765 iterum
736 1709 789 1765 id
830 1711 896 1765 de
935 1709 1152 1765 Christo
1178 1709 1339 1773 dicit,
1374 1707 1436 1761 In
1458 1706 1661 1763 Christo
1683 1706 1831 1761 λεια.

218 1800 614 1869 llujosccmodi
661 1812 811 1857 certo
866 1801 1024 1857 verba
1082 1801 1554 1863 indiscriminatim
1612 1808 1831 1868 accepta

217 1896 545 1964 troqm-ntcr
564 1894 895 1963 reperiemus
920 1913 931 1947 :
958 1893 1099 1962 quod
1133 1894 1355 1947 minimc
1387 1891 1558 1956 licrct,
1591 1891 1690 1946 nisi
1718 1891 1826 1943 nbi-

213 2002 332 2053 quo
359 1985 549 2040 eadem
580 1987 872 2040 substantia
904 1995 1066 2040 esset.
1110 1986 1186 2040 Nc
1221 1994 1401 2039 autem
1435 1984 1564 2039 illud
1591 2026 1604 2047 ,
1641 1982 1830 2038 Omnia

214 2095 314 2145 per
333 2081 502 2150 ipsum
523 2079 661 2147 facta
679 2089 818 2145 sunt,
836 2079 903 2133 de
923 2079 1089 2149 signis
1112 2088 1265 2149 potes
1284 2093 1560 2133 nnncusse
1582 2077 1783 2133 dictum
1810 2095 1824 2131 :

209 2170 285 2222 de
326 2171 390 2223 iis
429 2172 573 2224 enim
613 2170 805 2241 reliqui
841 2172 1183 2241 cvangelich
1212 2171 1368 2226 verba
1403 2170 1673 2235 fecerunt;
1708 2181 1827 2239 post

213 2259 339 2315 lure
363 2262 540 2315 subdit
566 2278 579 2315 :
602 2261 667 2316 In
694 2263 883 2316 mundo
905 2276 1031 2327 erat,
1055 2275 1101 2317 ct
1125 2264 1345 2317 nmndus
1365 2280 1452 2325 per
1468 2264 1635 2331 ipsum
1657 2266 1825 2332 factus

206 2362 287 2405 est
320 2367 339 2405 :
366 2367 474 2406 non
500 2361 681 2408 autem
705 2352 954 2421 Spiritus,
986 2354 1072 2425 qui
1104 2370 1209 2408 non
1239 2371 1301 2408 ex
1332 2369 1558 2408 innuero
1584 2354 1826 2423 opilicio-

207 2460 332 2499 rum
364 2454 473 2511 est,
503 2447 599 2501 sed
630 2461 795 2517 supra
819 2462 1006 2502 oumcs
1031 2436 1252 2501 omnino
1284 2456 1583 2502 creaturas.
1621 2444 1819 2499 Verum

202 2538 317 2605 jam
347 2538 555 2608 reliqua
583 2554 990 2609 prosequamur.
1036 2540 1167 2594 Cum
1196 2539 1264 2592 dc
1290 2540 1564 2594 creatione
1595 2538 1821 2609 loquens

203 2628 449 2684 Joannes
474 2629 703 2684 dixisset
733 2649 745 2683 :
780 2629 963 2683 Omnia
995 2648 1085 2698 per
1105 2632 1271 2701 ipsum
1301 2633 1441 2703 facta
1469 2640 1605 2691 sunt,
1634 2644 1683 2684 et
1710 2633 1822 2686 sine

203 2721 318 2790 ipso
343 2725 543 2791 frictum
575 2731 648 2775 est
674 2721 808 2775 nihil
833 2721 971 2789 quod
996 2726 1187 2792 factum
1219 2733 1329 2789 est;
1367 2722 1439 2777 de
1480 2723 1815 2793 providentia

202 2827 518 2867 sertnonem
546 2812 729 2879 adjicit
757 2813 841 2868 his
867 2812 1065 2878 verbis,
1092 2812 1155 2867 In
1176 2814 1286 2884 ipso
1310 2814 1411 2867 vita
1432 2824 1558 2867 erat.
1592 2813 1670 2868 Ne
1695 2815 1818 2884 quis

201 2904 350 2958 enim
380 2903 689 2959 incredulus
715 2904 1005 2970 dubitaret,
1028 2906 1303 2975 quomodo
1331 2915 1408 2959 tot
1434 2914 1689 2973 tantaque
1719 2920 1817 2975 per

204 2997 381 3068 ipsum
433 2996 571 3053 facta
618 2998 748 3064 sint,
780 2999 1017 3053 subdidit
1048 3017 1062 3053 :
1098 2997 1161 3052 In
1191 3002 1303 3070 ipso
1324 3001 1424 3053 vita
1446 3010 1573 3053 crat.
1608 2999 1813 3066 Quem-

201 3091 497 3145 admodtnn
530 3092 574 3145 si
608 3107 674 3146 ex
715 3090 864 3149 fonte
892 3092 1117 3165 abyssos
1145 3093 1427 3147 emittente
1454 3085 1649 3162 aquarii
1679 3093 1814 3145 han-

200 3185 366 3245 scris,
395 3196 891 3255 quantumcumque
920 3184 1137 3241 haurias
1161 3185 1361 3241 fontem
1389 3184 1522 3241 nihil
1552 3185 1763 3241 minues
1793 3204 1806 3241 :

200 3277 271 3331 ita
294 3278 364 3333 de
386 3276 655 3349 linigeniti
682 3278 732 3332 vi
752 3279 1011 3349 operandi
1035 3280 1351 3350 putandum,
1375 3289 1810 3351 quantacumque

200 3390 300 3440 por
330 3374 505 3442 ipsam
535 3372 670 3427 facta
699 3374 998 3429 credideris
1018 3416 1033 3437 ,
1065 3390 1356 3444 numquam
1390 3375 1477 3429 illa
1510 3376 1807 3440 minuitur;

201 3465 311 3518 imo
340 3481 470 3519 vero
498 3475 557 3519 nt
584 3466 753 3536 magis
781 3467 1000 3537 proprio
1028 3477 1147 3521 utar
1170 3467 1422 3537 exemplo
1442 3509 1457 3531 ,
1493 3484 1688 3538 nempe
1718 3468 1799 3522 lu-

198 3558 298 3618 ris,
332 3557 404 3611 de
430 3572 533 3625 qua
563 3555 655 3612 ille
684 3573 808 3613 mox
835 3558 1055 3628 adjicit,
1096 3557 1159 3612 Et
1188 3560 1290 3613 vita
1318 3570 1426 3613 erat
1456 3559 1566 3613 lux.
1600 3558 1804 3627 Quem-

197 3648 493 3702 admodum
534 3664 663 3720 ergo
706 3649 792 3704 ius
814 3691 828 3712 ,
868 3660 1302 3721 quantacumque
1327 3649 1606 3706 hominum
1639 3651 1804 3707 millia

199 3741 463 3796 illuminct
488 3783 503 3806 ,
536 3741 669 3795 nihil
696 3742 1001 3812 splendoris
1028 3743 1226 3796 amittit
1254 3760 1268 3797 :
1301 3743 1378 3797 sic
1404 3758 1619 3814 quoque
1661 3743 1806 3799 Dens

197 3845 251 3886 et
286 3843 576 3904 antequam
603 3845 863 3903 operetur
889 3843 944 3890 et
976 3844 1095 3903 post
1121 3835 1317 3890 emissa
1349 3851 1513 3905 Opera
1532 3879 1548 3899 ,
1578 3837 1805 3907 perinde

198 3926 407 3997 integer
450 3929 654 3990 manet,
700 3942 800 3983 nec
844 3928 1119 3991 minuitur,
1151 3944 1324 4000 neque
1373 3945 1438 3985 ex
1486 3931 1803 4008 Operatione

197 4020 361 4072 ianua
416 4017 698 4089 fatigatur;
744 4020 837 4074 sed
876 4021 1086 4075 etiamsi
1132 4022 1276 4075 mille
1327 4021 1556 4077 tumulos
1599 4023 1803 4079 similes

195 4124 385 4162 creare
415 4119 716 4188 oporteret,
743 4111 953 4166 etiamsi
989 4111 1247 4178 inﬁnitos,
1282 4112 1383 4167 illis
1410 4114 1663 4168 omnibus
1687 4114 1801 4170 sul-

196 4198 380 4253 liecrct
401 4239 415 4260 ,
458 4214 560 4255 nec
597 4200 847 4256 creandis
875 4202 1070 4268 modo,
1103 4203 1197 4258 sed
1226 4205 1386 4259 etiam
1418 4214 1540 4275 post
1567 4207 1799 4261 creatio-

199 4305 317 4346 nem
344 4292 648 4345 servandis.
679 4291 815 4348 Vita:
844 4294 1041 4365 quippe
1067 4311 1265 4349 nontcn
1297 4295 1383 4350 hic
1413 4312 1518 4351 non
1551 4296 1616 4351 ad
1644 4312 1801 4365 crea-

200 4384 397 4437 tionem
425 4383 603 4438 solum
636 4384 861 4454 pertinet
890 4427 905 4452 ,
938 4386 1032 4440 sed
1063 4395 1118 4441 et
1141 4386 1207 4441 nd
1239 4387 1666 4456 providentiam,
1696 4405 1799 4460 qua

198 4488 283 4528 res
302 4483 505 4529 creata:
531 4483 819 4530 servantur
840 4486 894 4531 et
918 4489 1254 4553 permanent.
1305 4477 1588 4549 Etiamque
1612 4496 1799 4535 resur-

197 4568 451 4621 rectionis
479 4566 783 4622 doctrinam
810 4567 921 4636 jam
958 4568 1110 4623 nobis
1138 4568 1363 4625 fundare
1400 4572 1621 4642 incipit,
1651 4582 1705 4627 et
1730 4573 1800 4627 ab

196 4658 530 4713 admirandis
586 4658 734 4715 hisce
782 4661 1078 4729 evangeliis
1126 4662 1353 4717 orditur.
1402 4662 1521 4718 Vita
1567 4681 1800 4736 namque

196 4752 259 4804 ad
288 4767 389 4806 nos
418 4751 767 4817 adveniente,
794 4753 1029 4809 solutum
1052 4764 1133 4810 est
1165 4755 1356 4810 mortis
1384 4756 1690 4825 imperium,
1720 4759 1800 4812 ln-

196 4859 361 4913 eeque
408 4852 510 4900 nus
537 4844 885 4902 illuminanle
908 4888 924 4912 ,
959 4848 1197 4904 tenebrae
1226 4864 1337 4903 non
1366 4849 1500 4903 ultra
1537 4862 1755 4905 manent
1780 4869 1794 4915 ;

196 4937 289 4991 sed
312 4947 499 4993 manet
525 4954 743 5010 semper
772 4940 824 4995 in
857 4941 1011 4997 nobis
1036 4943 1162 5009 vita,
1191 4951 1244 4997 et
1275 4958 1419 4997 mors
1449 4945 1497 4999 ei
1531 4946 1796 5002 dominari

200 5044 299 5083 non
325 5040 523 5099 potest.
556 5031 738 5102 Itaque
762 5034 904 5102 quod
931 5034 999 5091 de
1026 5035 1185 5092 Patre
1204 5036 1406 5091 dictum
1438 5046 1522 5094 est
1543 5080 1557 5102 ,
1596 5040 1663 5095 de
1697 5042 1797 5095 hoc

197 5135 406 5190 quoque
439 5122 659 5191 proprie
686 5123 917 5190 dicatur,
949 5123 1011 5179 lu
1038 5126 1151 5196 ipso
1179 5128 1413 5194 vicimus,
1443 5146 1718 5195 movemur,
1751 5144 1798 5186 et

199 5207 371 5267 sumtis
406 5214 562 5282 (Act.
594 5216 677 5269 17.
706 5213 813 5285 28)
852 5232 866 5272 :
898 5217 949 5272 id
979 5218 1121 5289 quod
1146 5220 1307 5274 etiam
1339 5220 1535 5276 Paulus
1560 5223 1798 5279 declarat

202 5300 278 5356 his
304 5304 481 5360 verbis
509 5321 523 5357 :
561 5304 816 5372 Quoniam
840 5308 893 5362 in
917 5308 1030 5378 ipso
1059 5320 1230 5363 creata
1256 5322 1373 5365 sunt
1393 5314 1586 5379 omnia,
1615 5326 1663 5368 et
1689 5333 1800 5367 om—

201 5394 281 5445 nia
306 5395 358 5447 in
384 5395 495 5465 ipso
520 5407 752 5451 constant
782 5401 800 5461 l
820 5397 932 5454 Col.
959 5401 1006 5455 1.
1042 5401 1166 5471 l6).
1198 5401 1539 5473 Quapropter
1566 5417 1620 5460 et
1647 5408 1795 5461 radix

200 5482 389 5539 dicitur
412 5501 467 5541 et
498 5487 930 5547 lundamentmn.

273 5573 423 5631 Pater
462 5596 561 5633 non
601 5584 951 5653 compositus,
987 5582 1152 5639 Filius
1191 5587 1310 5639 item
1353 5605 1453 5643 non
1489 5593 1797 5659 compositus

204 5678 290 5719 est.
310 5694 383 5710 -ι-
402 5678 529 5725 Lum
560 5682 747 5727 autem
778 5672 950 5739 audis,
980 5673 1043 5751 In
1074 5680 1185 5745 ipso
1206 5679 1309 5731 vita
1332 5690 1458 5745 erat,
1488 5696 1555 5735 nc
1584 5697 1796 5752 compo-

204 5757 352 5814 situm
384 5765 717 5836 suspiceris:
754 5780 879 5820 nam
913 5777 1093 5837 postea
1136 5769 1202 5824 de
1238 5770 1394 5825 Patre
1434 5772 1561 5825 dicit
1594 5793 1606 5827 :
1641 5774 1793 5829 Sicut

3521 294 3593 351 53

1974 395 2132 451 Pater
2160 401 2307 456 liabet
2332 402 2487 457 vitam
2518 402 2571 457 in
2593 403 2887 476 sentctipso,
2909 407 2984 459 sic
3006 406 3145 458 dedit
3166 415 3214 459 et
3240 404 3377 460 Filio
3405 407 3588 463 habere

1967 491 2120 543 vitam
2150 490 2334 561 (locu.
2358 492 2413 548 5.
2442 492 2556 565 26).
2591 493 2699 550 Sed
2721 496 2866 551 sicut
2894 495 3111 551 Patrem
3135 513 3241 551 non
3276 498 3399 553 ideo
3427 513 3581 554 com-

1966 583 2203 650 positum
2247 584 2486 651 dixeris,
2533 587 2613 642 sic
2651 603 2751 644 nec
2782 587 2974 643 Filium
3003 588 3175 644 dicas.
3208 589 3421 647 Etenim
3454 591 3582 647 alibi

1962 690 2179 747 quoque
2199 678 2347 743 dicit,
2379 678 2497 735 Lux
2524 691 2597 739 est
2620 679 2761 736 Deus
2786 682 2836 752 (1
2892 681 3054 737 Joan.
3089 682 3143 737 1.
3176 681 3264 755 5);
3293 693 3347 739 et
3370 699 3583 749 rursus,

1960 768 2151 824 Lucem
2194 770 2385 825 habitat
2420 773 2814 827 inacccssibilem
2864 774 2928 846 (l
3003 774 3139 829 Tim.
3188 776 3241 830 li.
3274 776 3343 831 12
3453 777 3581 832 ΙΙειιε

1959 877 2125 933 porro
2148 862 2326 916 onmia
2359 864 2501 918 dicta
2527 874 2675 926 sunt,
2710 882 2816 920 non
2845 876 2903 921 nt
2926 868 3377 938 compositionem
3408 870 3581 940 susipi-

1956 960 2177 1019 cemur,
2212 956 2305 1008 sed
2338 967 2393 1009 ut
2432 958 2686 1026 paulatim
2719 947 2788 1012 ad
2822 957 3083 1014 doctrina:
3123 960 3341 1013 culmen
3371 961 3575 1015 eveha-

1955 1060 2077 1099 mur
2131 1044 2262 1100 Cum
2288 1048 2431 1101 enim
2463 1063 2567 1102 non
2593 1047 2751 1105 facile
2770 1064 2799 1105 a
2824 1050 2983 1121 vulgo
3010 1050 3232 1121 intelligi
3263 1053 3449 1120 possit,
3469 1069 3572 1121 qua

1953 1138 2166 1195 ratione
2192 1140 2295 1193 vita
2338 1141 2388 1194 in
2429 1141 2546 1211 ipso
2572 1144 2819 1209 exsistat,
2852 1145 3028 1212 primo
3057 1142 3108 1198 id
3137 1146 3280 1215 quod
3313 1147 3572 1202 humilius

1950 1240 2033 1283 est
2059 1231 2218 1294 dicit;
2252 1233 2493 1289 crmlitos
2530 1250 2659 1289 vero
2688 1246 2873 1305 postea
2896 1237 3060 1292 altius
3088 1229 3400 1308 erigiuQni
3423 1241 3569 1295 enim

1949 1321 2104 1388 dixit,
2137 1322 2293 1377 Dedit
2316 1325 2363 1378 ei
2383 1326 2537 1380 vitam
2559 1326 2765 1394 habere,
2801 1328 2845 1382 is
2878 1328 2992 1398 ipsc
3018 1330 3094 1384 ait
3118 1347 3131 1385 :
3154 1328 3266 1397 Ego
3292 1347 3407 1384 sum
3434 1332 3573 1397 cita;

1946 1423 2003 1468 et
2031 1428 2238 1477 rursus,
2268 1415 2378 1486 Ego
2407 1434 2521 1471 sum
2548 1418 2639 1471 luat
2666 1417 2845 1487 (Joau.
2877 1420 2931 1474 5.
2960 1418 3052 1476 26.
3098 1422 3186 1477 11.
3215 1421 3269 1477 6.
3304 1424 3427 1480 e18.
3450 1422 3564 1496 12).

1947 1506 2018 1561 Ει
2041 1507 2235 1577 qualis,
2264 1524 2473 1578 quaeso,
2506 1508 2619 1565 lucc
2654 1511 2739 1565 lux
2769 1513 2890 1566 est?
2918 1512 3033 1567 Non
3058 1515 3298 1581 sensilis,
3329 1515 3425 1572 sed
3453 1518 3566 1587 spi-

1945 1598 2155 1653 ritualis
2177 1641 2191 1665 ,
2222 1615 2341 1670 qua:
2375 1601 2644 1656 illmninat
2670 1607 2928 1658 animam.
2977 1605 3111 1674 Quia
3144 1606 3288 1660 enim
3316 1607 3564 1663 Christus

1942 1692 2190 1747 dicturus
2215 1703 2362 1760 erat,
2393 1693 2562 1749 Nemo
2594 1708 2755 1767 potest
2799 1697 2969 1752 venire
3002 1699 3073 1753 ad
3107 1701 3365 1767 mc,,nisi
3406 1700 3564 1755 Pater

1943 1785 2155 1840 traxerit
2180 1802 2292 1839 eum
2329 1786 2489 1855 (Ibid.
2523 1787 2575 1842 6.
2608 1787 2723 1859 44),
2759 1789 2880 1845 idco
2912 1792 3251 1859 prmrcnicns
3281 1794 3557 1864 evangeli-

1939 1886 2021 1932 sta
2047 1877 2185 1932 dixit
2211 1880 2384 1947 ipsum
2415 1894 2538 1935 esse
2559 1882 2647 1951 qui
2672 1881 2973 1949 illinninat;
3004 1894 3059 1937 ut
3084 1884 3128 1938 si
3153 1884 3221 1938 de
3250 1885 3408 1941 Patre
3430 1887 3559 1958 quid

1938 1969 2115 2024 simile
2154 1970 2362 2037 audias,
2411 1986 2479 2025 ne
2526 1971 2576 2026 id
2623 1972 2791 2027 solius
2841 1972 3038 2040 Patris,
3063 1974 3158 2029 sed
3187 1974 3306 2029 Filii
3341 1992 3560 2049 quoque

1936 2077 2057 2118 esse
2086 2063 2391 2134 proﬁtearis
2426 2082 2439 2120 :
2471 2080 2595 2119 nam
2628 2058 2849 2132 Omnia,
2871 2067 3062 2137 inquit,
3095 2084 3425 2141 quaecumque
3463 2072 3559 2124 Im-

1935 2154 2200 2211 bet-Pater
2221 2172 2380 2222 meus,
2417 2174 2527 2211 mea
2554 2167 2671 2211 stml
2703 2157 2867 2228 (ibid.
2898 2160 2987 2215 16.
3015 2160 3143 2230 l5).
3178 2160 3364 2217 Primo
3392 2163 3557 2235 igitur

1932 2250 2265 2305 creationem
2308 2266 2405 2305 nos
2446 2251 2628 2306 docuit
2654 2270 2665 2304 :
2690 2252 2888 2308 deinde
2918 2255 3115 2308 anima:
3140 2253 3277 2309 bona
3308 2271 3431 2326 quae
3461 2272 3557 2312 re-

1933 2342 2088 2397 niens
2113 2342 2268 2398 nobis
2294 2343 2516 2413 largitos
2545 2353 2649 2408 cst,
2675 2360 2784 2399 uno
2807 2345 2973 2401 verbo
3000 2336 3360 2409 subindicavit
3385 2364 3553 2404 eran-

1927 2436 2116 2507 gelista
2157 2436 2347 2493 dicens
2379 2454 2395 2492 :
2431 2436 2497 2490 Et
2537 2440 2640 2492 vita
2666 2447 2772 2491 crat
2802 2439 2896 2492 tua:
2929 2440 3211 2495 hominum.
3249 2441 3361 2497 Nec
3391 2442 3549 2505 dixit,

1929 2527 2060 2583 Erat
2110 2529 2197 2583 lux
2244 2529 2580 2594 Judaiornm,
2626 2530 2743 2596 sed,
2800 2530 3187 2587 Universormn
3240 2534 3546 2591 hominntn.

1926 2621 2112 2693 Neque
2140 2625 2283 2677 enim
2312 2623 2483 2679 Judari
2515 2632 2743 2690 tantmn,
2770 2626 2863 2678 sed
2886 2627 3048 2679 etiam
3072 2626 3299 2696 gctttiles
3320 2627 3549 2685 adhunc

1924 2717 2290 2785 cognitionem
2330 2717 2668 2771 devenerunt
2692 2759 2705 2780 ,
2736 2728 2784 2771 et
2824 2719 2938 2773 ltmc
2970 2716 3057 2774 lux
3090 2721 3396 2775 communis
3426 2737 3548 2776 om-

1924 2808 2085 2865 nilms
2117 2812 2388 2880 proposita
2411 2820 2549 2865 erat.
2580 2809 2692 2865 Cur
2718 2820 2899 2866 autem
2932 2827 3036 2866 non
3062 2812 3285 2883 angelos
3308 2812 3543 2879 addidit,

1922 2902 2017 2957 sed
2046 2902 2291 2959 hmnines
2322 2904 2499 2958 solum
2520 2904 2705 2959 dixit?
2732 2905 2866 2972 Quia
2900 2921 3043 2961 nunc
3072 2907 3171 2978 ipsi
3203 2906 3272 2963 de
3302 2908 3539 2964 humana

1922 3004 2109 3049 natura
2156 3011 2337 3051 sermo
2385 3005 2499 3059 est;
2545 3007 2602 3051 ct
2646 2997 2957 3053 hominibus
3004 3000 3142 3053 bona
3187 3002 3537 3058 mtntiaturns

1920 3088 2086 3142 venit.
2118 3087 2172 3142 5.
2205 3086 2273 3142 Et
2300 3088 2394 3143 lux
2418 3089 2472 3142 in
2504 3090 2721 3142 tenebris
2748 3091 2902 3143 lucet.
2945 3088 3227 3147 Tenebras
3266 3091 3353 3147 hic
3381 3103 3540 3149 vocat

1918 3192 2152 3238 mortem
2193 3190 2250 3237 et
2288 3197 2552 3237 errorem.
2589 3182 2713 3237 llaec
2742 3183 2942 3253 quippe
2971 3183 3059 3238 lux
3092 3184 3314 3239 sensilis
3339 3201 3446 3241 non
3482 3188 3535 3241 in

1918 3275 2160 3331 tenebris
2191 3274 2363 3342 lucet,
2394 3273 2490 3329 sed
2527 3275 2645 3329 sine
2681 3276 2920 3330 tenebris
2957 3283 3061 3335 est.
3095 3276 3416 3334 Pra‘dicatio
3439 3295 3537 3333 an-

1915 3375 2023 3422 tem
2056 3365 2197 3422 inter
2215 3380 2363 3431 eum,
2385 3367 2477 3436 qui
2504 3366 2684 3420 omnia
2707 3376 3088 3437 occupaverat,
3115 3384 3363 3437 errorem,
3381 3369 3533 3425 cliul-

1913 3460 2022 3526 sit,
2058 3473 2291 3528 eumque
2335 3458 2572 3513 sustulit.
2617 3458 2687 3513 Et
2732 3459 2785 3513 in
2835 3459 3005 3531 ipsam
3054 3470 3284 3517 mortem
3312 3462 3542 3521 veniens

1915 3554 2052 3623 ipse,
2075 3553 2163 3623 sic
2193 3552 2341 3607 illam
2373 3554 2653 3621 superarit
2680 3593 2693 3615 ,
2725 3563 2782 3606 nt
2812 3568 2910 3608 eos
2933 3554 3022 3624 qni
3054 3562 3229 3610 morte
3253 3554 3366 3626 jam
3395 3555 3533 3611 deti-

1913 3645 2203 3711 nebantur,
2228 3651 2464 3699 erueret.
2492 3643 2758 3711 Quoniam
2785 3646 2945 3717 igitur
2968 3662 3143 3718 neque
3163 3662 3331 3717 mors,
3357 3664 3537 3721 nequo

1910 3752 2067 3793 error
2089 3736 2263 3792 lucem
2294 3735 2442 3791 illam
2463 3749 2829 3806 superarunt;
2874 3737 2967 3792 sed
2995 3750 3077 3794 est
3106 3739 3304 3811 ubique
3343 3740 3530 3811 splen-

1910 3828 2057 3894 dida,
2084 3837 2140 3884 et
2168 3829 2384 3898 propria
2415 3828 2465 3881 vi
2496 3829 2657 3899 fulget
2694 3845 2708 3883 :
2746 3828 2866 3883 ideo
2891 3834 2966 3884 ait
2992 3872 3007 3897 ,
3055 3827 3121 3883 Et
3161 3832 3386 3887 teucbra:
3419 3848 3535 3887 eam

1910 3940 2011 3977 non
2036 3922 2552 3993 comprehcttdrrunt.
2601 3922 2696 3978 Est
2740 3924 2887 3979 enim
2929 3910 3399 3996 inexpugnabilis,
3430 3941 3536 3983 nec

1911 4017 2143 4073 libenter
2169 4016 2221 4070 in
2252 4015 2450 4070 animis
2475 4016 2699 4082 habitat,
2733 4016 2821 4085 qni
2852 4016 3043 4071 nolunt
3068 4017 3381 4073 illuminari.

1980 4110 2035 4165 4.
2060 4108 2257 4163 Lumen
2295 4110 2495 4164 calcate
2536 4124 2636 4163 non
2674 4108 2931 4163 illuminat
2966 4110 3068 4164 nisi
3094 4110 3277 4173 virtute
3312 4120 3360 4166 et
3396 4111 3535 4167 bona

1908 4204 2165 4257 voluntate
2190 4202 2481 4256 instructos.
2524 4200 2775 4256 Peccator
2800 4209 2946 4273 quasi
2970 4204 3023 4257 in
3052 4204 3293 4264 ebrietate
3316 4215 3362 4261 ct
3391 4215 3532 4262 tene-

1909 4297 2013 4351 bris
2031 4306 2279 4357 versatur,
2304 4296 2477 4349 omnia
2499 4304 2609 4348 tata
2631 4296 2831 4363 timens.
2860 4295 3037 4352 Satius
3062 4308 3136 4353 est
3152 4299 3345 4354 nudum
3373 4316 3532 4371 quam

1908 4395 2128 4467 peccatis
2154 4402 2388 4448 onustum
2417 4392 2703 4447 ambulare.
2720 4422 2794 4433 -—-
2821 4393 2977 4461 Quod
3003 4394 3048 4449 si
3082 4410 3190 4449 non
3222 4410 3415 4452 omnes
3438 4412 3526 4453 ce-

1910 4489 2067 4557 perit,
2100 4502 2169 4542 ne
2213 4486 2263 4541 id
2293 4496 2345 4541 te
2388 4486 2679 4541 conturbet
2720 4503 2734 4540 :
2771 4502 2876 4541 non
2915 4488 3059 4541 enim
3101 4502 3166 4542 ex
3198 4489 3526 4546 necessitate

1906 4591 1999 4634 aut
2026 4581 2099 4643 vi,
2131 4582 2227 4634 sed
2262 4593 2327 4632 ex
2360 4577 2637 4631 voluntate
2665 4585 2721 4632 et
2771 4577 3002 4632 arbitrio
3042 4578 3109 4631 ad
3168 4594 3267 4633 nos
3312 4581 3523 4635 accedit

1910 4671 2073 4727 Dens.
2099 4670 2175 4725 Ne
2214 4669 2317 4724 luci
2340 4667 2465 4723 huic
2486 4668 2686 4724 ostium
2717 4668 2960 4735 claudas,
2983 4678 3035 4726 et
3058 4669 3227 4723 multa
3251 4670 3527 4739 voluptate

1908 4764 2125 4819 frueris.
2148 4764 2275 4818 llmc
2305 4778 2470 4834 porro
2498 4763 2587 4817 lux
2619 4778 2711 4832 per
2738 4763 2898 4817 iidem
2927 4763 3161 4829 accedit,
3188 4772 3244 4818 et
3272 4778 3396 4819 cum
3441 4779 3529 4819 se-

1908 4859 2015 4914 mcl
2039 4858 2276 4922 advenit,
2310 4858 2672 4926 excipientem
2702 4872 2763 4911 se
2812 4855 3104 4911 admodum
3136 4856 3404 4911 illuminat
3433 4875 3447 4912 :
3477 4867 3535 4912 ct

1905 4953 1949 5007 si
1990 4967 2179 5021 pttram
2222 4950 2485 5005 exhibeas
2532 4950 2720 5014 vitam,
2768 4957 3027 5018 perpetuo
3056 4949 3202 5004 intus
3242 4949 3531 5005 manebit;

1907 5060 2031 5098 nam
2082 5042 2184 5109 Qui
2210 5042 2381 5113 diligit
2425 5058 2525 5107 me,
2566 5041 2815 5094 mandata
2846 5056 2959 5095 utea
2989 5040 3227 5107 servabit,
3264 5051 3312 5096 et
3357 5043 3529 5096 senic-

1907 5152 2020 5190 mus
2048 5135 2117 5188 ad
2145 5151 2261 5189 cum
2301 5151 2396 5206 ego
2441 5144 2489 5187 et
2539 5131 2696 5186 Pater
2725 5149 2886 5196 meus,
2939 5142 2984 5186 ct
3032 5132 3351 5188 mansionem
3386 5134 3537 5204 apud

1906 5245 2022 5282 eum
2078 5228 2326 5296 faciemus
2359 5224 2541 5295 (Joan.
2592 5225 2681 5280 14.
2709 5224 2824 5297 9.3)
2872 5222 3536 5303 Qucmadmodmnenim

1907 5334 2013 5373 non
2073 5326 2252 5390 potest
2291 5320 2412 5389 quis
2455 5318 2609 5372 mdio
2642 5318 2802 5373 Solari
2836 5317 3007 5386 probe
3038 5318 3161 5383 lrni,
3209 5318 3308 5373 nisi
3340 5319 3536 5376 oculos

1907 5415 2114 5482 aperiat
2147 5432 2159 5467 :
2194 5413 2265 5467 ita
2299 5429 2474 5483 neque
2534 5412 2695 5479 hujus
2722 5411 3026 5481 splendoris
3056 5412 3272 5469 abunde
3306 5429 3537 5470 consors

1906 5521 2051 5572 esse,
2078 5505 2181 5561 nisi
2208 5506 2404 5559 animm
2436 5504 2624 5559 oculos
2654 5504 2881 5574 aperiat,
2902 5517 3203 5574 eorumque
3226 5505 3398 5559 aciem
3427 5521 3530 5558 uu-

1910 5597 2069 5666 dique
2099 5606 2271 5667 paret.
2302 5596 2589 5663 Quomodo
2631 5603 2814 5650 autem
2846 5595 2898 5650 id
2933 5595 3047 5650 ﬁeri
3077 5596 3291 5667 possit?
3333 5596 3389 5651 Si
3417 5599 3532 5650 ani.

1912 5704 2059 5741 mum
2087 5686 2239 5741 omni
2272 5688 2403 5741 vitio
2437 5700 2747 5757 purgemus.
2784 5686 3070 5740 Peccatum
3098 5686 3244 5740 enim
3279 5686 3536 5741 tenebro-

1912 5795 2029 5832 sum
2085 5791 2165 5833 cst
2197 5823 2211 5844 ,
2260 5781 2536 5851 densaque
2592 5780 2820 5851 caligine
2882 5778 3150 5847 otiosum;
3201 5780 3361 5851 idque
3408 5780 3533 5837 inde
