4164 6320
605 328 677 387 η
1295 318 1355 376 S.
1396 316 1671 375 JOANNIS
1705 305 2183 370 CIIRYSOSTOMI
2224 303 2543 368 ARCIIIEP.
2582 309 3126 369 CONSTANTINOP.

609 440 784 514 palam
830 448 934 506 est,
967 437 1106 510 quod
1155 435 1542 492 incensiderate
1589 442 1644 488 et
1687 433 1802 486 sine
1844 429 2062 485 arbitris
2089 429 2184 482 ad-

611 534 872 589 mittatur.
917 530 1049 586 Nam
1105 527 1280 583 Omnis
1328 527 1415 593 qui
1461 525 1594 577 male
1635 525 1770 593 agit,
1798 523 1902 576 odit
1931 521 2115 585 lucem,
2142 530 2188 573 ct

612 641 713 679 non
737 623 868 678 venit
917 619 984 674 ad
1012 621 1169 674 lucem
1186 601 1552 687 (Jo.an.3.20)
1578 629 1593 678 ;
1621 623 1696 676 et,
1729 611 1857 678 Qua
1891 611 1945 664 in
1990 611 2189 663 occulto

610 719 763 785 fiant,
791 726 938 783 turpe
955 721 1027 768 est
1051 719 1098 764 et
1126 710 1294 763 dicere
1315 705 1534 777 (Ephes.
1557 705 1611 760 5.
1645 703 1755 775 η).
1784 700 1934 759 Sicut
1958 701 2100 757 enim
2133 700 2186 754 in

611 805 841 861 tenebris
868 817 966 859 nec
1000 803 1232 857 amicum
1273 813 1372 855 nec
1407 797 1677 853 inimicum
1715 793 2054 865 agnoscimus
2095 805 2187 846 re-

612 912 834 964 rumque
854 894 1091 952 onmium
1112 901 1351 947 naturam
1374 891 1699 960 ignoramus,
1729 890 1807 944 sic
1821 897 1875 942 et
1896 888 1948 941 in
1973 895 2190 956 peccato

610 987 824 1044 accidit.
851 985 981 1040 Nam
1012 985 1101 1055 qui
1122 983 1356 1038 avaritize
1377 981 1575 1047 studet,
1606 995 1709 1034 non
1737 975 2014 1048 distinguit
2055 975 2192 1030 ami-

607 1096 730 1135 cum
755 1082 824 1134 ab
852 1077 1068 1134 inimico
1101 1093 1116 1130 :
1148 1075 1466 1144 inridusque
1496 1070 1890 1127 necessitudine
1931 1068 2034 1125 sibi
2058 1066 2188 1138 jun-

607 1182 750 1228 ctmn
780 1182 835 1226 nt
879 1171 1148 1225 inimicum
1180 1166 1377 1232 habet;
1434 1181 1496 1222 ac
1524 1166 1614 1236 qui
1645 1163 1953 1224 insidiatur.
2000 1169 2188 1216 contra

607 1280 792 1319 omnes
813 1263 1008 1318 bellum
1031 1265 1163 1331 gerit
1178 1277 1213 1314 .:
1246 1273 1352 1314 uno
1369 1259 1549 1322 verbo,
1579 1257 1818 1328 quisquis
1844 1263 2062 1324 peccato
2086 1252 2187 1308 ob-

609 1359 796 1412 noxius
824 1364 924 1421 est,
955 1351 1084 1408 nihil
1112 1351 1289 1407 dillert
1315 1350 1384 1405 ab
1410 1349 1570 1404 ebriis
1584 1362 1633 1402 et
1653 1347 1970 1410 furentibus,
2016 1358 2189 1413 neque

610 1462 789 1502 rerum
836 1455 1077 1499 naturam
1123 1441 1289 1498 novit.
1334 1443 1413 1496 Ac
1446 1439 1894 1508 quemadmodum
1939 1445 2098 1491 noctu
2130 1435 2192 1488 li-

609 1555 790 1610 gnum,
818 1537 1111 1608 plumbum,
1144 1535 1364 1600 ferrum,
1389 1543 1690 1604 argentum.
1721 1546 1927 1594 aurum,
1958 1527 2188 1598 lapidem

610 1633 925 1702 pretiosum,
954 1628 1237 1697 omniaque
1282 1625 1394 1696 pari
1441 1624 1602 1680 modo
1627 1623 1913 1687 cernimus,
1942 1636 2063 1677 cum
2099 1619 2189 1673 lux

609 1721 677 1775 ad
717 1717 834 1776 hate
859 1717 1206 1775 discernenda
1237 1731 1343 1770 non
1365 1713 1506 1769 adsit
1533 1730 1548 1766 :
1580 1714 1660 1768 sic
1698 1712 1786 1782 qui
1819 1711 1921 1764 vita
1949 1711 2190 1778 impurus

610 1821 712 1879 est,
743 1811 1108 1878 temperantia:
1127 1809 1376 1862 virtutem
1408 1822 1513 1862 non
1545 1805 1715 1869 novit,
1743 1817 1916 1874 neque
1945 1801 2189 1872 philoso-

611 1903 748 1973 phiae
776 1899 1246 1972 pulchritudinem.
1299 1898 1353 1953 In
1385 1896 1620 1952 tenebris
1650 1895 1813 1960 enim,
1845 1902 1900 1948 ut
1917 1894 2028 1963 jam
2055 1892 2187 1954 disi.

611 2009 678 2048 ne
708 1992 910 2063 lapides
935 1991 1147 2062 quidem
1172 1991 1389 2060 pretiosi
1422 1987 1866 2058 pulchritudinem
1914 2000 2064 2038 suam
2094 1999 2190 2037 ex-

613 2087 816 2150 hibent,
849 2100 954 2138 non
981 2092 1184 2138 natura:
1204 2097 1314 2137 suae
1346 2081 1494 2142 vitio,
1525 2078 1619 2135 sed
1649 2077 2002 2149 spectantium
2043 2077 2191 2146 igno-

610 2179 804 2234 rantia.
843 2177 1022 2246 Neque
1052 2175 1152 2231 hoc
1183 2190 1343 2229 unum
1388 2172 1543 2228 nobis
1575 2172 1828 2227 dammnn
1877 2171 1928 2224 in
1973 2177 2190 2238 peccato

609 2269 924 2338 degentibus
948 2266 1166 2332 accidit;
1189 2265 1281 2321 sed
1296 2276 1351 2319 et
1366 2265 1418 2319 in
1445 2272 1703 2333 perpetuo
1719 2272 1862 2316 metu
1882 2275 2188 2314 versamur:

611 2375 675 2415 ac
716 2357 1163 2430 quemadmodum
1204 2358 1236 2412 ii
1280 2357 1370 2427 qni
1418 2371 1515 2426 per
1560 2365 1771 2409 noctem
1822 2353 2043 2406 illunem
2093 2351 2195 2404 iter

613 2460 797 2520 agunt,
825 2465 1039 2519 semper
1064 2457 1314 2513 tremunt,
1339 2447 1465 2502 licet
1488 2461 1647 2501 nemo
1689 2445 1829 2499 adsit
1871 2444 1958 2513 qui
1991 2453 2192 2498 metum

614 2543 834 2598 incutiat
864 2561 876 2596 :
905 2543 982 2598 sic
1006 2543 1040 2597 ii
1070 2542 1155 2611 qui
1181 2541 1408 2610 peccatis
1434 2539 1599 2594 dediti
1632 2548 1776 2602 sunt,
1803 2537 1967 2592 iidere
1990 2550 2192 2606 neque-

614 2643 709 2685 unt
733 2675 748 2697 ,
776 2631 981 2686 etiamsi
1023 2631 1198 2685 nullus
1234 2629 1371 2684 adsit
1417 2629 1506 2699 qui
1547 2627 1862 2697 redarguunt;
1895 2627 1985 2680 sed
2016 2627 2193 2680 omnia

616 2721 965 2776 formidantet
985 2729 1228 2788 suspecta
1244 2720 1460 2779 habent.
1480 2719 1810 2774 conscientia
1827 2717 2134 2772 stimulante
2151 2717 2192 2781 '.

614 2813 900 2882 omniaque
929 2813 1056 2879 ipsis
1080 2823 1284 2866 terrore
1303 2823 1356 2865 et
1383 2810 1663 2864 formidine
1680 2809 1832 2878 plena
1856 2819 2001 2872 sunt,
2017 2809 2192 2861 omnia

614 2899 1219 2970 anxiicircumspiciunt.
1243 2900 1370 2954 Tam
1400 2902 1674 2955 molestam
1697 2914 1824 2970 ergo
1839 2900 1998 2953 vitam
2023 2898 2195 2968 fugia-

619 3010 757 3049 mus.
789 2993 920 3048 Nam
947 3003 1064 3062 post
1091 3007 1342 3062 angorem
1391 2992 1715 3062 huiusmodi,
1747 3007 1891 3047 mors
1921 3000 2193 3060 sequetur,

598 3100 763 3154 mors
781 3085 1098 3141 immortalis
1122 3101 1136 3136 :
1165 3084 1274 3139 illic
1291 3085 1430 3138 enim
1455 3085 1631 3139 nulhts
1649 3083 1891 3153 supplicii
1920 3083 2039 3136 linis
2058 3082 2158 3136 erit
2179 3099 2194 3146 ;

617 3177 703 3233 hic
722 3192 848 3233 vero
871 3175 940 3232 ab
967 3176 1354 3231 insanientibus
1375 3176 1504 3230 nihil
1527 3176 1776 3231 differunt
1798 3175 1854 3240 ii,
1885 3175 2076 3245 quires
2096 3173 2196 3228 sibi

617 3269 839 3339 tingunt,
859 3284 976 3339 qua:
1005 3283 1073 3324 ne
1093 3266 1307 3338 quidem
1328 3267 1616 3323 exsistunt.
1648 3265 1904 3320 Videntur
1929 3265 2068 3319 enim
2097 3264 2196 3319 sibi

614 3364 805 3417 divites
847 3377 1004 3426 esse,
1056 3377 1178 3416 cum
1208 3376 1312 3415 non
1344 3361 1481 3424 sint;
1521 3374 1581 3415 se
1611 3359 1847 3414 deliciari
1893 3366 2099 3428 putant,
2145 3366 2201 3412 et

623 3453 788 3508 nulla:
816 3452 1024 3508 deliciae
1049 3468 1063 3505 :
1097 3467 1195 3506 nec
1234 3453 1378 3522 prius
1406 3449 1670 3505 fallaciam
1697 3460 1751 3503 nt
1784 3465 1879 3518 par
1908 3459 2052 3504 esset
2078 3463 2200 3502 sen-

617 3545 776 3608 tiunt,
809 3558 965 3611 quam
991 3541 1059 3594 ab
1081 3541 1181 3596 hac
1211 3541 1413 3595 insania
1442 3541 1753 3604 liberentur,
1785 3549 1836 3594 et
1858 3538 2031 3593 donec
2051 3553 2200 3593 som-

621 3649 745 3688 num
772 3632 1060 3689 excutiant.
1096 3631 1326 3702 Ideoque
1359 3639 1416 3685 nt
1441 3631 1604 3685 sobrii
1633 3631 1801 3686 simus
1837 3639 1892 3684 et
1921 3630 2203 3700 vigilemus

624 3725 817 3780 Paulus
841 3725 1089 3780 omnibus
1119 3722 1362 3794 prmcipit
1393 3738 1406 3778 :
1438 3733 1496 3778 et
1539 3722 1767 3791 idipsmn
1800 3737 2012 3791 quoque
2044 3721 2202 3775 Chri-

620 3826 753 3871 stus.
781 3815 879 3882 Qui
900 3815 1109 3871 sobrius
1137 3827 1220 3870 est
1241 3825 1296 3869 et
1317 3813 1518 3884 vigilat,
1550 3815 1595 3868 si
1641 3829 1670 3867 a
1700 3822 1919 3884 peccato
1941 3813 2202 3883 capiatur,

627 3907 735 3962 cito
763 3905 935 3977 ipsum
971 3904 1171 3960 excutit
1209 3922 1222 3958 :
1250 3904 1340 3975 qui
1372 3920 1499 3960 vero
1528 3903 1725 3959 dormit
1749 3913 1840 3959 aut
1889 3903 2107 3968 insanit,
2138 3919 2206 3959 ne

687 4019 704 4050 ι
741 4016 850 4076 Alii,
875 4014 1139 4092 mordente.

2297 429 2513 500 quidem
2536 432 2691 488 sentit
2715 431 2986 502 quomodo
3004 447 3034 486 a
3062 441 3283 502 peccato
3309 439 3570 485 teneatur.
3599 426 3676 485 Ne
3707 431 3892 503 itaque

2295 523 2643 578 dormiamus.
2674 523 2856 593 Neque
2885 524 3026 579 enim
3054 524 3229 578 noctis
3257 532 3466 592 tempus
3489 532 3593 584 est.
3630 521 3725 578 sed
3753 521 3890 578 diei.

2297 612 2479 683 Itaque
2502 613 2646 670 Sicut
2671 615 2724 668 in
2753 614 2836 669 die
2864 618 3067 670 honeste
3093 613 3410 668 ambulemus
3434 612 3610 684 (Rom.
3647 615 3734 670 15.
3767 615 3889 681 13).

2297 704 2436 760 Nihil
2461 707 2603 762 enim
2625 715 2843 776 peccato
2863 706 3093 774 turpius.
3121 705 3298 761 linus
3326 716 3410 760 est
3435 705 3658 766 malum.
3687 720 3886 762 secun-

2296 797 2422 853 dum
2473 792 2815 868 turpitudinis
2863 798 3147 862 rationem,
3199 796 3396 861 nudos,
3452 811 3611 865 quam
3655 795 3896 865 peccatis

2294 899 2351 945 et
2392 890 2684 945 sceleribus
2725 898 2950 945 onustos
2999 887 3369 944 obambulare.
3404 886 3533 943 Illud
3580 889 3722 942 enim
3778 901 3892 942 non

2301 991 2506 1038 tantum
2534 982 2737 1037 crimen
2781 990 2960 1036 esset:
3007 995 3152 1050 sa-pe
3188 995 3419 1050 namque
3458 995 3524 1036 ex
3572 987 3896 1050 paupertate

2296 1077 2503 1132 oritur:
2536 1083 2818 1144 peccatore
2843 1085 3022 1130 autem
3047 1071 3179 1128 nihil
3211 1073 3439 1143 turpius,
3473 1072 3605 1127 nihil
3632 1079 3890 1128 contem-

2297 1180 2388 1238 ptu
2405 1168 2635 1238 dignius.
2653 1165 2960 1236 Cogitemus
2984 1181 3111 1237 ergo
3131 1180 3248 1229 eos,
3279 1164 3371 1232 qui
3403 1164 3604 1235 rapina:
3631 1173 3685 1218 et
3711 1177 3894 1218 usura:

2297 1276 2455 1317 causa
2487 1262 2539 1315 in
2563 1258 2820 1327 judicium
2848 1270 3149 1329 raptantur,
3177 1274 3336 1328 quam
3369 1268 3582 1328 turpes.
3609 1273 3769 1327 quam
3810 1255 3892 1309 ri-

2297 1353 2458 1410 diculi
2487 1353 2787 1418 videantur,
2812 1363 2869 1408 ut
2890 1353 2981 1424 qni
3025 1354 3205 1406 omnia
3237 1349 3596 1421 impudenter,
3627 1349 3894 1404 fallaciter

2295 1456 2350 1503 et
2377 1462 2500 1502 cum
2530 1445 2780 1502 violentia
2809 1445 3042 1516 egerint.
3072 1443 3183 1500 Nos
3208 1452 3386 1499 autem
3421 1443 3492 1498 ita
3531 1443 3712 1498 miseri
3747 1441 3891 1495 inie-

2297 1538 2530 1608 licesque
2595 1551 2809 1600 sumus,
2861 1545 2920 1592 ut
2948 1535 3075 1592 dum
3125 1536 3345 1607 pallium
3409 1535 3744 1606 negligenter
3800 1532 3890 1589 vel

2296 1639 2598 1686 transverse
2623 1629 2852 1700 positum
2874 1636 3086 1700 gestare
3101 1642 3206 1682 non
3230 1627 3496 1696 patimur;
3525 1641 3633 1680 uno
3656 1626 3890 1698 idipsttm

2296 1722 2348 1777 in
2374 1721 2481 1777 alio
2523 1720 2906 1785 emendamus;
2951 1736 3073 1778 cum
3123 1730 3302 1774 autem
3332 1730 3387 1775 et
3415 1733 3515 1774 nos
3559 1729 3614 1774 et
3658 1720 3891 1789 prosilui

2296 1813 2461 1867 nostri
2490 1812 2703 1868 inverso
2728 1811 2902 1881 capite
2926 1810 3278 1872 ambulemus.
3302 1810 3352 1864 id
3375 1825 3441 1864 ne
3456 1809 3671 1879 quidem
3689 1812 3894 1866 sentia-

2296 1919 2432 1959 mus.
2462 1903 2597 1970 Quid
2617 1902 2783 1966 enim,
2806 1917 3007 1972 qntcso,
3041 1901 3248 1971 turpius
3261 1901 3405 1966 "viro,
3430 1902 3518 1971 qui
3547 1901 3891 1957 meretricem

2294 1995 2444 2049 adit?
2470 1993 2594 2063 quid
2625 1993 3034 2057 contumelioso,
3067 1991 3192 2062 quid
3222 1992 3508 2056 maledico,
3531 1991 3657 2062 quid
3706 1992 3894 2046 invido

2296 2087 2404 2142 risu
2435 2086 2680 2156 dignius?
2709 2085 2799 2156 qui
2853 2085 2965 2140 fieri
2999 2094 3174 2155 potest
3206 2093 3264 2138 ut
3293 2083 3408 2138 ha-c
3437 2098 3541 2138 non
3575 2092 3681 2137 tam
3713 2084 3891 2152 turpia

2299 2178 2612 2241 habeantur.
2662 2192 2820 2246 quam
2850 2175 3022 2230 nudos
3050 2174 3360 2230 stnbulare?
3407 2175 3452 2228 Α
3497 2173 3892 2228 consuetudine

2298 2278 2521 2323 Lautum.
2557 2267 2690 2322 Illud
2723 2268 2865 2323 enim
2895 2281 3055 2322 nemo
3079 2281 3312 2337 unquam
3359 2273 3549 2335 sponte
3578 2280 3671 2321 sna
3699 2279 3896 2335 passus

2297 2367 2398 2423 est,
2434 2360 2533 2413 hoc
2553 2373 2684 2413 vero
2710 2373 2899 2412 omnes
2922 2356 3255 2413 confidenter
3279 2355 3496 2411 audent.
3521 2341 3676 2412 Certe
3697 2355 3740 2409 si
3769 2357 3898 2425 quis

2299 2453 2611 2520 angelorum
2639 2460 2837 2505 emtum
2866 2450 3058 2515 adiret,
3084 2449 3135 2503 in
3153 2464 3259 2518 quo
3285 2447 3417 2503 nihil
3443 2463 3674 2517 unquam
3708 2445 3900 2516 Imjus-

2301 2540 2442 2596 modi
2472 2549 2679 2610 gestum
2718 2550 2822 2605 ρει,
2855 2540 3033 2593 statim
3083 2537 3290 2592 videret
3331 2552 3491 2607 quam
3536 2536 3758 2591 ridicula
3804 2548 3898 2589 res

2298 2643 2464 2689 esset.
2521 2632 2719 2702 Ecquid
2769 2631 3078 2702 angelorum
3113 2639 3314 2684 emtum
3348 2629 3633 2683 memoro?
3674 2626 3805 2681 Nam
3839 2625 3896 2678 in

2301 2725 2656 2794 imperatoriis
2698 2724 2834 2792 apud
2879 2738 2978 2777 nos
3006 2722 3231 2784 aedibus,
3257 2721 3299 2775 si
3330 2721 3450 2789 quis
3477 2719 3687 2774 inducta
3711 2732 3896 2772 mere-

2301 2818 2432 2872 trice
2453 2826 2652 2881 utatur,
2681 2816 2762 2870 vel
2787 2816 2829 2869 si
2858 2814 3120 2870 ebrietate
3145 2813 3406 2883 capiatur,
3437 2811 3519 2865 vel
3549 2820 3705 2880 turpe
3746 2809 3897 2864 aliud

2301 2907 2567 2978 quidpiam
2590 2907 2854 2972 admittat,
2905 2915 3172 2961 extremas
3215 2903 3306 2958 dat
3334 2917 3540 2972 pcenas.
3571 2901 3724 2971 Quod
3754 2902 3798 2955 si
3842 2902 3900 2956 in

2303 2998 2654 3068 imperatoriis
2670 2997 2872 3052 aalibus
2901 2998 3022 3051 talia
3044 2996 3243 3050 audere
3274 3010 3378 3051 non
3414 2996 3564 3058 licet;
3583 2995 3748 3072 mtilto
3775 3013 3899 3051 ma-

2301 3092 2403 3161 gis,
2442 3089 2636 3161 ubique
2668 3099 2931 3160 praisente
2980 3090 3349 3147 universorum
3401 3089 3569 3165 Rege,
3601 3089 3901 3159 omniaque

2301 3183 2786 3252 circumspicientc,
2815 3183 2860 3236 si
2915 3180 3110 3237 similia
3149 3181 3559 3252 aggrediamur,
3591 3191 3899 3237 estmnnm

2307 3274 2520 3328 luemus
2543 3274 2883 3343 supplicium.
2912 3273 3250 3343 Quapropter
3273 3287 3424 3343 rogo,
3449 3273 3669 3327 multam
3695 3272 3748 3325 in
3798 3273 3902 3324 hm-

2304 3366 2408 3419 vita
2463 3365 2695 3436 quietem
2764 3372 2819 3420 et
2875 3363 3229 3431 modestiam,
3287 3364 3510 3418 multam
3579 3363 3902 3417 munditiem

2304 3458 2672 3513 cxhibeamus.
2721 3457 2919 3527 Regem
2969 3457 3167 3527 quippe
3227 3455 3520 3521 habemus,
3568 3455 3659 3526 qui
3716 3465 3902 3509 ltttslt‘.o

2306 3550 2483 3605 omnia
2515 3557 2772 3618 perpetuo
2813 3548 3066 3602 intuetur.
3097 3546 3167 3603 Ut
3214 3548 3394 3617 itaque
3429 3547 3757 3617 semperqu
3812 3545 3906 3598 illa

2308 3656 2407 3695 nos
2461 3642 2740 3704 illumiuet,
2794 3639 2933 3694 lumc
2976 3639 3130 3693 nobis
3176 3639 3380 3693 radium
3425 3638 3782 3694 attrahamns.
3824 3637 3905 3691 Ita

2309 3733 2450 3786 enim
2489 3743 2542 3786 et
2579 3731 2929 3801 prmsentihus
2955 3741 3007 3786 et
3027 3729 3220 3785 futuris
3255 3731 3499 3786 fruemur
3518 3732 3694 3796 bonis,
3729 3731 3908 3802 gratia

2310 3833 2364 3876 et
2395 3821 2723 3890 benignitate
2771 3819 2982 3874 Domini
3017 3820 3184 3875 nostri
3210 3819 3336 3875 Jesu
3368 3820 3586 3886 Christi,
3619 3836 3713 3891 per
3740 3835 3909 3890 quem

2309 3923 2362 3967 et
2389 3928 2509 3966 cum
2538 3927 2644 3980 quo
2683 3911 2825 3965 Patri
2856 3911 3027 3980 gloria
3052 3951 3068 3974 ,
3101 3926 3313 3982 unaque
3342 3912 3563 3981 Spiritui
3608 3922 3816 3978 sancto,
3851 3911 3909 3964 in

2311 4007 2505 4062 stccnla
2547 4006 2886 4061 mulorum.
2915 4008 3106 4060 Amen.

2015 4215 2358 4276 HOMILIA
2403 4215 2512 4277 VI.

627 4339 679 4394 ϐ.
714 4336 832 4392 Fuit
857 4337 1005 4390 homo
1033 4337 1212 4390 missus
1247 4351 1278 4388 a
1313 4333 1420 4389 Deo
1440 4376 1456 4400 ,
1501 4336 1584 4389 cui
1620 4352 1799 4389 nomen
1827 4345 1934 4389 erat
1963 4334 2208 4389 Joannes.

694 4434 912 4490 Ioannis
941 4433 1179 4504 Baptista
1195 4433 1383 4488 missio.
1410 4430 1710 4503 Explicatur
1727 4432 1876 4496 illud,
1917 4429 2035 4485 Fuit
2053 4429 2212 4483 homo

629 4530 822 4584 missus
855 4544 885 4582 a
927 4527 1054 4582 Deo.
1082 4523 1187 4582 Cur
1224 4534 1272 4579 et
1308 4525 1560 4592 quomodo
1603 4523 1832 4578 Christus
1873 4523 2211 4577 testimonium

627 4622 839 4691 accipiat
867 4620 928 4674 ab
968 4619 1184 4674 homine.
1234 4617 1477 4671 Doctrina
1513 4617 1640 4670 nihil
1679 4617 1881 4684 prodest
1923 4616 2033 4670 sine
2072 4615 2214 4669 bonis

631 4709 1024 4780 φαείνει-1η
1051 4709 1272 4785 exordio
1296 4708 1364 4763 de
1392 4709 1501 4763 Deo
1526 4707 1702 4762 Verbo
1723 4724 1840 4778 qua:
1867 4709 2133 4778 prmcipua
2159 4717 2216 4763 et

635 4804 800 4872 magis
829 4800 1125 4856 necessaria
1163 4808 1317 4854 erant
1351 4799 1601 4868 loquutus
1628 4798 1953 4866 evangelista
1975 4840 1988 4862 ,
2030 4797 2218 4852 ordine

638 4892 958 4964 procedens.
1006 4890 1074 4946 ad
1118 4890 1276 4946 Verbi
1325 4905 1628 4960 prmconem
1689 4888 1788 4943 sibi
1845 4887 2216 4957 cognominem

633 4985 893 5041 Joannem
923 4991 1103 5052 postea
1135 4980 1298 5035 venit.
1346 4981 1423 5034 'I'u
1454 4995 1576 5036 vera
1615 4995 1734 5034 cum
1778 4979 1931 5033 audis
1975 4979 2146 5048 ipsum
2189 4995 2219 5032 a

639 5075 750 5130 Deo
774 5074 993 5128 missum
1020 5071 1213 5137 fuisse,
1251 5072 1383 5127 nihil
1411 5070 1698 5125 humanum
1725 5071 1792 5125 ab
1818 5086 1883 5126 eo
1911 5072 2014 5125 dici
2043 5084 2218 5142 putes.

638 5166 751 5222 Non
778 5167 919 5222 enim
947 5180 1040 5220 sua
1061 5205 1075 5229 ,
1099 5163 1191 5219 sed
1218 5163 1474 5218 mittentis
1498 5179 1556 5218 se
1581 5163 1719 5218 dicta
1744 5162 1970 5234 profert.
1994 5162 2224 5234 Ideoque

641 5259 859 5330 angelus
888 5256 1182 5327 appellatus
1211 5267 1294 5310 est
1336 5270 1351 5308 :
1393 5255 1567 5326 angeli
1611 5271 1738 5310 vero
1765 5255 1878 5309 sive
1909 5255 2077 5308 nuntii
2108 5254 2226 5308 offi-

643 5353 780 5406 t‘itlttt
807 5360 918 5412 est,
953 5348 1082 5402 nihil
1108 5363 1171 5403 ex
1200 5347 1475 5422 sedicere.
1505 5347 1637 5402 Illud
1669 5357 1845 5402 autem
1871 5389 1884 5410 ,
1918 5345 2072 5410 Fuit,
2121 5361 2223 5400 non

646 5444 730 5499 hic
759 5442 824 5496 ad
861 5439 1226 5494 essistcntiam
1257 5439 1531 5494 transitum
1559 5439 1856 5508 significat,
1888 5437 1981 5493 sed
2014 5438 2223 5490 missio-

647 5547 767 5589 nem
800 5534 988 5602 ipsam.
1021 5529 1151 5584 Nam
1181 5528 1312 5583 illud
1334 5571 1348 5593 ,
1384 5528 1502 5584 Fuit
1542 5532 1723 5586 missus
1750 5548 1782 5584 a
1813 5529 1952 5593 Deo,
1999 5528 2224 5597 idipsum

649 5633 728 5680 est
759 5623 898 5695 quod
912 5621 1164 5690 ,‘Missus
1201 5628 1283 5675 est
1319 5635 1346 5673 a
1391 5620 1515 5677 Deo.
1549 5621 1826 5689 Quomodo
1865 5622 2024 5692 igitur
2053 5620 2218 5686 illud,

653 5713 886 5781 Quicum
915 5713 967 5764 in
995 5712 1161 5780 forma
1203 5709 1295 5765 Dei
1333 5722 1455 5765 esset
1485 5710 1752 5784 (Philipp.
1793 5712 1848 5768 2.
1890 5712 1924 5768 6
1946 5712 1963 5780 )
1984 5752 2002 5780 ,
2041 5712 2221 5767 dicunt

2315 4350 2420 4390 non
2461 4334 2677 4404 intelligi
2704 4333 2772 4390 de
2799 4334 3101 4405 aequalitate
3139 4335 3257 4390 Filii
3287 4352 3409 4391 cum
3441 4336 3632 4404 Patre,
3673 4353 3738 4392 eo
3765 4341 3916 4408 quod

2315 4426 2574 4480 articulus
2601 4441 2705 4480 non
2733 4427 3069 4496 apponatur?
3097 4427 3232 4482 Ecce
3257 4429 3400 4483 enim
3445 4429 3530 4484 hic
3557 4445 3772 4499 quoque
3798 4433 3916 4487 mil-

2317 4517 2398 4572 lus
2427 4517 2578 4573 adest
2605 4518 2879 4572 articulus.
2927 4520 3008 4572 An
3049 4518 3210 4589 igitur
3250 4520 3336 4575 hic
3379 4522 3448 4576 de
3486 4521 3642 4577 Patre
3685 4539 3790 4578 non
3828 4534 3919 4579 est

2316 4612 2534 4664 sermo?
2560 4609 2695 4678 Quid
2721 4626 2849 4681 ergo
2873 4611 3114 4666 dicemus
3140 4612 3207 4667 de
3235 4614 3492 4682 pr0pheta
3519 4615 3608 4685 qui
3633 4615 3707 4670 ait
3736 4634 3749 4669 :
3783 4615 3918 4671 Ecce

2318 4717 2409 4770 ego
2439 4702 2580 4754 mitto
2604 4703 2841 4769 angelum
2865 4719 3032 4756 meum
3055 4712 3172 4757 ante
3196 4705 3375 4774 faciem
3404 4716 3572 4770 tuam,
3591 4709 3677 4778 qui
3705 4724 3915 4779 prepa—

2319 4790 2450 4844 rabit
2479 4791 2608 4844 viam
2637 4802 2774 4845 tuam
2806 4791 2960 4865 (Hal.
2991 4793 3045 4848 5.
3078 4795 3101 4849 I
3136 4795 3195 4862 )‘l
3229 4794 3358 4849 Illud
3406 4813 3582 4851 meum
3627 4807 3678 4852 et
3719 4807 3870 4854 tuum
3903 4847 3918 4868 ,

2321 4883 2454 4938 duas
2481 4899 2736 4953 personas
2765 4885 3026 4955 signiﬁcat
3054 4904 3068 4938 :
3102 4887 3155 4941 7.
3183 4885 3285 4942 Hic
3313 4889 3442 4940 venit
3468 4889 3521 4941 in
3548 4890 3915 4958 testimonium,

2323 4988 2376 5030 ut
2405 4977 2740 5031 testimonium
2773 4977 3048 5047 perhiberet
3076 4979 3138 5032 de
3167 4981 3373 5034 lumine.
3412 4979 3551 5046 Quid
3592 4980 3694 5036 hoc
3713 5023 3728 5047 ,
3769 4982 3919 5039 dicet

2326 5067 2545 5122 fortasse
2593 5068 2892 5139 quispiam,
2941 5083 3126 5123 servus
3173 5071 3240 5124 de
3287 5070 3506 5125 domino
3551 5073 3920 5129 testiinonium

2327 5159 2604 5227 perhibet?
2631 5160 2762 5214 Cum
2790 5176 2918 5230 ergo
2945 5175 3049 5215 non
3077 5160 3236 5215 modo
3263 5161 3411 5215 illum
3441 5161 3580 5216 servi
3608 5163 3922 5218 testimonio

2327 5250 2591 5319 perhiberi
2623 5252 2862 5315 videbis.
2904 5252 2997 5308 sed
3027 5254 3186 5309 etiam
3225 5253 3291 5308 ad
3333 5270 3544 5309 servum
3589 5257 3809 5323 venire,
3853 5272 3922 5312 ac

2326 5359 2445 5396 cum
2463 5341 2661 5399 Judaeis
2683 5345 2748 5398 ab
2767 5345 2856 5399 illo
2880 5345 3158 5414 baptizari,
3176 5362 3353 5400 annon
3379 5349 3548 5418 magis
3569 5348 3921 5418 obstupesces

2326 5445 2380 5489 et
2408 5435 2705 5490 dubitabis?
2732 5435 2835 5492 Sed
2867 5453 2972 5491 non
2999 5447 3212 5506 oportet
3233 5440 3432 5494 turbari
3456 5441 3536 5496 vel
3565 5446 3922 5509 commoveri,

2327 5536 2383 5582 at
2424 5529 2599 5598 potius
2643 5529 2759 5599 ejus
2805 5528 3123 5585 ineffabilem
3172 5528 3552 5601 benignitatem
3601 5533 3803 5589 mirari.
3859 5537 3920 5592 Si

2329 5633 2458 5674 vero
2485 5621 2603 5690 quis
2627 5618 2820 5674 dubius
2849 5620 2900 5674 in
2932 5621 3328 5690 perturbatione
3368 5634 3616 5691 inanest,
3659 5625 3708 5679 id
3741 5625 3814 5680 illi
3838 5629 3924 5682 di-

2331 5721 2415 5768 cct
2435 5754 2448 5779 ,
2479 5711 2616 5782 quod
2647 5709 2833 5767 Joanni
2863 5729 2875 5766 :
2909 5711 3033 5766 Sine
3061 5713 3211 5768 modo
3241 5729 3260 5768 :
3281 5715 3352 5769 sic
3380 5717 3513 5772 acim
3538 5718 3674 5771 decet
3703 5733 3794 5772 nos
3821 5723 3923 5773 ins-
