4164 6320
174 311 211 363 iii
913 280 975 336 IN
1014 274 1330 335 JOANNEM
1373 270 1603 329 llOMlL.
1640 271 1719 325 Vl.

1807 260 1856 325 Τ
1899 269 2011 325 γιι.
2052 270 2124 324 al.
2171 268 2232 325 γ.
2280 267 2367 323 ΕΤ
2411 264 2496 321 Vl.
3343 270 3411 323 ΕΞ

176 424 444 491 ptaeouumu
464 402 713 476 justitiam
744 395 971 491 (dictum
1002 393 1055 447 5.
1096 390 1163 491 1.5-
1174 389 1213 461 ).
1246 386 1401 491 Qupd'
1429 385 1476 491 si.
1515 384 1685 491 ,ῄηξῑε

172 473 291 566 [illiille
312 473 530 560 turbetur,
561 492 708 546 dicet
752 487 826 542 illi
859 497 1068 538 rursum
1114 480 1164 535 id
1204 476 1345 548 quod
1376 474 1577 566 iudicis
1605 473 1687 566 di-

172 563 305 658 cebat,
340 590 438 645 Non
464 586 519 639 ab
547 583 754 636 homine
782 574 1120 631 testimonium
1156 568 1353 637 accipio
1401 563 1594 637 (Joan.
1629 564 1683 618 5.

169 690 257 759 at).
279 657 322 741 Si
347 697 453 751 ergo
482 680 579 730 ltoc
613 669 922 727 tesﬁmonio
968 681 1072 718 non
1119 669 1273 731 eget,
1317 674 1415 713 cur
1451 657 1686 710 Joannes

171 750 309 838 uissus
332 750 448 830 estia
475 768 616 824 Deo?
665 764 781 819 Non
826 758 967 830 quod
1010 757 1128 827 ejus
1169 750 1474 807 testimonio
1505 757 1686 818 egeret

168 875 233 940 (id
252 870 366 926 enim
391 865 572 924 dicere,
604 866 861 911 extrema:
892 849 1180 919 impietatis
1207 844 1373 914 esset)
1401 886 1415 909 ,
1455 841 1550 895 sed
1592 856 1689 893 cur

171 934 356 1019 nudent?
381 956 491 1012 lllttd
520 955 635 1022 ipse
663 950 896 1004 Joannes
916 945 1237 1007 docet,cum
1269 940 1340 992 ait
1374 955 1385 989 :
1416 934 1484 990 Ut
1516 951 1689 988 omnes

168 1058 356 1111 crederent
381 1065 457 1119 per
477 1046 623 1099 illum
643 1050 681 1095 ι.
713 1042 836 1111 Ipse'
857 1052 984 1091 vero
1002 1034 1246 1089 Christus
1276 1044 1398 1084 cum
1429 1027 1686 1088 dixisset,

168 1148 251 1201 Non
273 1148 322 1197 ab
344 1120 523 1195 homine
551 1133 889 1190 testimonium
917 1128 1134 1197 accipio,
1166 1139 1234 1178 ne
1262 1121 1401 1191 apud
1433 1120 1689 1188 insipien-

166 1240 281 1290 tiores
316 1232 400 1286 sibi
445 1228 538 1300 ipsi
589 1236 889 1294 repugnare
924 1217 1231 1278 videretur;
1271 1227 1393 1267 cum
1436 1224 1577 1265 nunc
1610 1207 1691 1261 di-

164 1340 219 1379 tat
245 1326 387 1379 :Alius
410 1330 473 1374 est
488 1319 575 1389 qui
589 1313 924 1369 testimonium
943 1308 1163 1379 perhibet
1176 1307 1238 1359 de
1253 1321 1333 1358 me
1352 1314 1424 1369 :et
1446 1304 1549 1377 scio
1570 1302 1690 1370 quia

164 1434 284 1469 rerum
304 1425 363 1468 et:
388 1409 711 1466 testimonium
730 1408 837 1472 ejus
859 1400 1036 1474 (Joan.
1065 1400 1119 1454 5.
1152 1397 1264 1467 59.),
1293 1395 1360 1450 de
1386 1395 1591 1449 Joanne
1613 1392 1692 1445 Io-

162 1525 308 1578 quens;
329 1519 450 1559 nunc
474 1515 626 1566 vero,
652 1498 773 1552 Non
794 1497 856 1550 ab
877 1495 1080 1548 homine
1103 1490 1439 1545 testimonium
1468 1486 1686 1553 accipio,

163 1602 408 1653 solutionem
438 1609 557 1648 mox
588 1590 771 1660 adjicit
798 1588 984 1643 dicens
1022 1602 1037 1637 :
1068 1581 1174 1638 Sed
1202 1581 1309 1633 Iuno
1338 1579 1451 1631 dico
1486 1585 1690 1647 propter

160 1712 233 1755 tot,
257 1703 297 1744 ut
333 1691 444 1744 salvi
471 1688 617 1751 sitis;
659 1699 722 1739 ac
752 1683 796 1737 si
825 1681 1029 1736 diceret
1060 1696 1074 1733 :
1106 1677 1247 1730 Deus
1290 1688 1407 1726 sum
1431 1714 1446 1737 ,
1496 1678 1550 1724 et
1594 1666 1689 1722 Dei

161 1801 275 1839 vetus
298 1784 456 1844 Filius,
489 1798 559 1835 ex
593 1777 891 1833 substantia
935 1774 1024 1827 illa
1069 1766 1359 1825 immortali
1400 1775 1453 1820 et
1495 1764 1649 1817 beata
1672 1802 1687 1824 ,

158 1879 393 1945 uulliusque
418 1871 720 1928 testimonio
748 1881 896 1937 egeo.
929 1864 1039 1918 Etsi
1070 1862 1213 1917 enim
1243 1873 1401 1913 nemo
1424 1856 1475 1909 id
1506 1852 1693 1910 testiﬁ-

158 1967 233 2019 (ειτί
256 1966 406 2031 vellet,
432 1965 480 2018 in
505 1962 653 2016 nullo
682 1958 977 2015 secundum
1006 1962 1255 2009 naturam
1284 1950 1461 2004 minor
1489 1961 1687 2001 essem.

154 2061 247 2125 Quia
266 2074 375 2113 vero
392 2058 680 2112 multorum
705 2053 850 2108 salus
878 2050 1007 2105 mihi
1028 2062 1173 2103 cura:
1199 2055 1301 2109 est,
1328 2043 1452 2097 ideo
1476 2043 1529 2096 in
1554 2039 1693 2094 hanc

158 2170 214 2206 me
231 2152 387 2206 demisi
408 2151 782 2213 humilitatem,
812 2156 866 2199 ut
892 2142 1099 2199 homini
1126 2138 1491 2195 testimonium
1516 2135 1583 2189 de
1607 2149 1693 2189 me

154 2242 369 2297 terendum
414 2242 828 2297 committerem.
874 2235 1009 2290 Nam
1052 2238 1329 2301 perspecta
1379 2227 1691 2283 ludaeorum

155 2335 486 2398 imbecillitate,
520 2334 604 2387 sic
632 2331 837 2385 facilior
868 2326 1000 2383 fides
1026 2328 1076 2379 in
1105 2338 1226 2379 eum
1268 2321 1445 2375 futura
1474 2318 1694 2373 videba-

154 2440 225 2481 tur.
251 2427 379 2481 Sicut
406 2427 563 2496 igitur
593 2437 810 2478 carnem
844 2420 1046 2484 induit,
1084 2432 1150 2471 ne
1179 2430 1302 2470 cum
1331 2412 1472 2468 nuda
1504 2410 1696 2466 divini-

154 2529 227 2571 L'tte
251 2533 582 2588 congressus,
616 2530 805 2571 omnes
845 2512 1133 2583 perderet;
1176 2508 1253 2562 sic
1292 2516 1348 2561 et
1391 2518 1693 2575 praeconem

151 2612 255 2665 misit
278 2610 558 2673 hominem,
583 2619 641 2663 ut
662 2619 1018 2675 cettgenerem
1044 2602 1145 2657 sibi
1177 2615 1365 2655 vocem
1392 2597 1692 2658 audientes,

152 2704 307 2755 ritilius
335 2704 366 2755 ii
393 2704 475 2771 qui
506 2712 634 2755 tunc
662 2699 951 2753 audiebant
990 2694 1331 2749 accederent.
1374 2691 1504 2744 Nam
1552 2688 1697 2759 quod

150 2811 227 2848 non
251 2796 369 2848 illius
397 2795 703 2848 testimonio
737 2806 871 2861 Opus
898 2789 1158 2851 haberet,
1194 2785 1294 2839 hoc
1321 2783 1493 2837 solum
1535 2780 1697 2834 modo

151 2888 310 2938 ostendi
346 2894 579 2954 poterat,
614 2885 656 2938 si
699 2896 892 2949 nempe
932 2894 991 2934 se
1033 2877 1175 2932 nuda
1218 2874 1517 2929 substantia
1549 2870 1696 2925 exhi-

152 2977 335 3041 bUlSsCl,
367 2992 663 3045 comesque
705 2976 756 3028 in
800 2983 1073 3042 stuporem
1120 2968 1461 3037 conjecisset.
1503 2965 1696 3019 Verum

149 3070 183 3120 id
204 3086 288 3121 non
312 3070 425 3123 fecit
447 3110 460 3133 ,
489 3069 745 3138 quoniam
768 3108 781 3131 ,
809 3075 866 3119 ut
889 3062 1106 3133 jnntjatn
1134 3061 1274 3125 dixi,
1302 3072 1491 3113 omnes
1522 3056 1703 3126 perdi-

148 3163 268 3216 disset
290 3206 302 3226 ,
331 3163 465 3231 quod
494 3178 657 3217 nemo
686 3163 866 3229 posset
895 3158 1226 3210 inaccessam
1259 3152 1401 3205 illam
1430 3150 1565 3203 lucis
1593 3149 1697 3200 vim

147 3253 269 3307 ferre.
300 3254 415 3308 Ideo
444 3267 668 3307 carnem
702 3249 904 3311 induit,
938 3258 991 3301 et
1023 3244 1390 3301 testimonium
1428 3241 1496 3295 de
1536 3255 1594 3293 se
1626 3239 1702 3291 fe-

148 3347 262 3399 rendi
300 3347 527 3402 ofﬁcium
577 3345 667 3399 nni
712 3354 1096 3397 conservorum
1141 3345 1451 3391 nostrorum
1500 3332 1697 3397 tradit,

143 3440 231 3504 quia
252 3440 414 3494 omnia
437 3438 504 3493 ad
535 3437 764 3492 salutem
795 3433 1070 3487 hominum
1098 3437 1349 3498 operatus
1371 3436 1453 3481 est
1480 3442 1493 3479 :
1530 3438 1703 3491 neque

145 3550 224 3588 sua
247 3535 471 3605 dignitati
505 3544 712 3589 tantum
732 3574 745 3597 ,
777 3530 869 3585 sed
900 3529 1059 3583 etiam
1088 3522 1392 3580 auditorum
1431 3520 1610 3590 captui
1651 3527 1705 3572 et

142 3628 311 3682 utilitati
334 3628 607 3683 consuluit
637 3644 649 3680 :
681 3622 826 3695 quod
852 3631 908 3678 et
936 3621 1050 3690 ipse
1076 3616 1425 3673 subindicans
1447 3612 1659 3668 dicebat
1687 3630 1702 3667 :

148 3716 241 3769 Hoc
265 3720 368 3772 dico
398 3730 608 3789 propter
647 3733 733 3771 vos
753 3758 767 3779 ,
813 3724 868 3767 ut
898 3710 1181 3768 satvemini.
1228 3708 1298 3763 Et
1336 3705 1664 3777 evangelista
1686 3744 1702 3767 ,

142 3812 207 3876 qui
229 3825 281 3863 ea
308 3812 413 3880 ipsa
439 3854 453 3874 ,
482 3825 610 3881 quae
641 3808 917 3871 Dominus,
951 3804 1206 3874 loquitur,
1237 3808 1518 3872 postquam
1556 3795 1707 3851 dixe-

144 3912 225 3957 rat.
254 3900 311 3956 Ut
339 3903 683 3956 testimonium
713 3900 995 3967 perhiberet
1022 3896 1084 3950 de
1123 3894 1316 3948 lumine
1340 3933 1354 3956 ,
1387 3889 1662 3960 subjunxit
1689 3930 1702 3952 ,

143 3989 191 4045 Ut
222 4011 376 4049 omnes
401 3996 666 4050 crederent
704 4009 797 4063 per
822 4008 971 4057 eum;
1000 4004 1063 4044 ac
1092 3988 1136 4043 si
1168 3986 1373 4041 diceret
1406 4004 1416 4035 :
1448 3983 1525 4038 Ne
1552 3992 1707 4053 putes

188 4123 200 4154 ¹
228 4123 273 4173 in
305 4125 410 4178 aliis
442 4126 640 4240 lemr
666 4142 677 4176 :
703 4127 796 4177 Sed
839 4138 928 4175 cur
966 4133 1173 4175 Joannes
1197 4120 1357 4181 addit,
1392 4138 1413 4165 ι
1444 4125 1503 4169 Ut
1546 4130 1709 4167 omnes

188 4192 345 4239 ederent
363 4204 450 4240 per
474 4204 491 4239 i
650 4188 673 4238 Ρ
696 4207 718 4233 ι

139 4192 345 4239 crederent
363 4204 450 4251 per
474 4188 622 4240 illum
650 4188 673 4238 Ρ
696 4207 718 4233 ι

1797 380 1921 437 ideo
1967 380 2374 436 testificaturutn
2416 380 2628 433 venisse
2657 378 2920 434 Joannnn
2972 379 3263 451 Baptistam
3290 424 3303 445 ,
3353 399 3412 439 tu.

1792 473 1994 544 aliquid
2036 472 2159 527 ﬁdei
2198 472 2379 527 verbis
2419 472 2632 525 Domini
2674 470 2941 525 adderet:
2975 488 3081 525 non
3125 484 3409 543 projttctea

1794 566 1973 629 venit,
2021 564 2116 619 sed
2159 573 2217 618 ut
2255 563 2583 617 contribules
2626 565 2707 617 sui
2756 579 2849 632 per
2890 563 3061 632 ipsum
3100 564 3406 619 crederent.

1792 658 1947 726 Quod
1979 668 2154 713 autem
2182 657 2247 712 ad
2281 673 2399 710 eam
2431 656 2725 711 tollendam
2767 658 3129 728 suspicionem
3175 658 3289 711 hinc
3331 660 3409 712 di-

1796 752 1953 813 xerit,
1978 767 2043 806 ex
2067 750 2414 819 sequentibus
2436 759 2647 804 constat
2673 767 2684 801 :
2710 748 2858 804 addit
2879 753 3021 803 enim
3044 768 3057 803 :
3079 751 3131 805 8.
3160 749 3281 805 Non
3304 763 3410 806 erat

1794 844 1880 897 ille
1906 843 2014 895 lux.
2044 842 2156 896 Nisi
2185 843 2328 895 enim
2373 841 2531 908 hujus
2560 840 2839 911 abigende:
2880 841 3200 909 suspicionis
3238 844 3406 911 gratia

1796 934 1913 989 base
1938 934 2194 998 dixisset,
2228 932 2557 1000 superﬂuunt
2603 932 2705 986 hoc
2731 941 2879 986 esset
2904 974 2917 994 ,
2964 941 3018 986 et
3059 934 3227 1003 mtgis
3257 950 3411 1004 repo-

1797 1028 1914 1078 titio
1945 1040 2103 1095 quant
2136 1025 2423 1093 explicatio
2452 1022 2733 1077 doctrinm.
2775 1023 2910 1077 Cum
2954 1024 3186 1079 dixisset
3223 1028 3365 1081 enim
3393 1069 3406 1089 ,

1796 1120 1987 1173 Missus
2014 1128 2096 1174 est
2144 1117 2211 1171 Ut
2240 1117 2582 1171 testimonium
2624 1117 2905 1186 perhiberet
2945 1117 3007 1171 de
3047 1118 3271 1184 lumine,
3314 1135 3413 1174 cur

1799 1212 1988 1264 iterum
2015 1210 2182 1275 dicit,
2224 1207 2341 1262 Non
2374 1219 2480 1261 erat
2520 1208 2607 1263 ille
2635 1208 2766 1263 tum?
2792 1208 2907 1264 Non
2938 1207 3134 1264 frustra
3168 1226 3265 1265 nec
3294 1213 3411 1267 sine

1794 1318 1958 1357 causa
1992 1322 2004 1356 :
2036 1302 2130 1357 scd
2157 1302 2279 1371 quia
2316 1300 2628 1371 frequenter
2657 1301 2800 1371 apud
2829 1316 2927 1355 nos
2952 1303 3123 1370 major
3149 1314 3227 1357 est
3258 1304 3302 1359 is
3321 1309 3409 1373 qui

1796 1394 2135 1458 testiﬁcatur,
2189 1409 2350 1463 quam
2398 1394 2490 1448 ille
2534 1394 2603 1449 de
2647 1411 2754 1463 quo
2802 1395 3183 1449 testimonium-
3219 1395 3406 1461 fertur,

1799 1489 2011 1557 ﬁdeque
2041 1488 2253 1556 dignior
2283 1489 2605 1557 plerumque
2634 1486 2847 1541 videtur
2873 1501 2995 1541 esse
3042 1504 3056 1541 :
3100 1502 3167 1542 ne
3194 1489 3313 1557 quis
3344 1488 3412 1541 de

1795 1581 2003 1637 Joanne
2035 1580 2086 1634 id
2123 1580 2514 1649 suspicaretur,
2556 1579 2735 1632 statim
2768 1594 2797 1633 a
2830 1580 3092 1648 principio
3122 1578 3261 1633 hanc
3300 1596 3413 1632 ma-

1800 1675 1902 1728 lam
1934 1673 2296 1743 suspicionem
2332 1672 2492 1733 tollit,
2516 1686 2687 1741 eaque
2715 1665 3203 1734 radicitus'evulsa,
3232 1683 3415 1726 osten-

1797 1767 1874 1820 dit
1901 1768 2023 1837 quis
2052 1766 2122 1820 sit
2150 1766 2195 1818 is
2219 1766 2309 1833 qui
2334 1762 2673 1830 testiﬁcatur,
2717 1775 2771 1818 et
2809 1764 2931 1833 quis
2971 1765 3058 1819 ille
3097 1766 3165 1819 de
3201 1782 3307 1837 quo
3335 1777 3408 1821 tc-

1797 1862 2111 1917 stimonium
2162 1857 2353 1924 fertur,
2405 1870 2459 1913 et
2509 1869 2767 1927 quantum
2820 1858 2889 1912 sit
2937 1860 3076 1913 inter
3129 1871 3415 1930 utrumque

1797 1956 2110 2010 discrimen.
2146 1955 2223 2008 Ac
2254 1960 2533 2022 postquam
2566 1952 2667 2005 hoc
2696 1950 2849 2016 fecit,
2894 1952 3239 2024 ostenditque
3274 1956 3415 2009 illius

1780 2046 2276 2123 incomparabilem
2323 2044 2739 2112 excellentiam,
2790 2044 3021 2100 fidenter
3057 2046 3167 2116 jam
3219 2058 3411 2103 caetera

1800 2141 2144 2211 prosequitur
2174 2158 2187 2192 :
2221 2146 2277 2193 et
2312 2138 2357 2192 si
2398 2136 2523 2207 quid
2560 2137 2779 2191 absurdi
2824 2139 3254 2208 insipientiorum
3294 2143 3416 2194 aui-

1802 2249 1919 2288 tnos
1948 2234 2183 2297 subiret,
2216 2232 2317 2286 hoc
2347 2231 2637 2301 diligenter
2676 2233 2917 2299 sublato,
2964 2233 3119 2289 facile
3162 2236 3419 2307 deinceps

1800 2333 1855 2380 et
1898 2325 2014 2381 sine
2059 2325 2213 2379 obice
2252 2325 2512 2379 doctrinre
2553 2324 2775 2379 verbum
2816 2325 3075 2381 immittit.
3129 2328 3418 2384 Precemur

1802 2419 2009 2488 itaque,
2048 2429 2104 2471 ttt
2134 2432 2258 2472 eum
2287 2425 2556 2470 tantarum
2586 2418 2920 2473 revelatione
2949 2434 3158 2483 rerum,
3190 2435 3419 2489 cumque

1802 2526 1932 2567 sana
1958 2522 2211 2581 rectaque
2240 2510 2483 2565 doctrina
2514 2510 2678 2564 vitam
2707 2526 2920 2581 quoque
2943 2527 3129 2582 puram
3157 2522 3420 2568 sanctam-

1802 2619 1905 2673 que
1928 2603 2207 2656 dueamns.
2238 2602 2488 2656 Doctrina
2511 2603 2709 2672 quippe
2734 2604 2862 2657 nihil
2887 2605 3041 2658 nobis
3063 2606 3282 2675 prodest
3303 2607 3419 2661 sine

1805 2696 1959 2750 boois
1986 2694 2264 2765 operibus.
2289 2695 2441 2749 Licet
2467 2696 2611 2747 enim
2638 2695 2797 2750 (idem
2825 2696 3088 2765 integrant
3119 2698 3419 2768 Scriptura-

1805 2803 2031 2858 rmnque
2060 2790 2463 2858 intelligentiam
2496 2798 2798 2855 teneamus,
2830 2791 2872 2843 si
2904 2790 3056 2845 bona:
3092 2793 3215 2846 vitm
3243 2802 3421 2862 patro;

1805 2883 1949 2936 ciuio
1991 2883 2116 2935 nttdi
2146 2891 2200 2936 ct
2230 2882 2379 2935 vacui
2416 2882 2623 2947 simus,
2668 2880 2798 2935 nihil
2842 2882 3096 2952 impediet
3135 2887 3422 2954 quominus

1808 2977 1858 3030 in
1911 2976 2174 3046 gehennae
2221 2975 2396 3045 ignem
2425 2974 2763 3041 dejieiantur,
2795 2984 2851 3030 et
2889 2977 2939 3029 in
2980 2976 3244 3031 inﬁnitum
3274 2980 3422 3034 inex-

1807 3066 2098 3136 stinguibili
2150 3066 2366 3121 ﬂamma
2419 3066 2822 3120 comburantur.
2875 3068 3023 3123 Sicut
3064 3070 3206 3123 enim
3251 3069 3285 3123 ii
3330 3074 3420 3140 qui

1809 3160 1946 3212 bona
1974 3166 2231 3228 egerunt,
2276 3168 2563 3228 resurgent
2602 3158 2652 3211 in
2693 3161 2857 3213 vitam
2899 3170 3188 3227 aeternam;
3231 3164 3308 3218 sic
3352 3166 3424 3218 illi

1808 3251 1896 3320 qui
1920 3251 2187 3304 contraria
2212 3250 2323 3302 ausi
2348 3258 2505 3315 sunt,
2533 3250 2584 3302 in
2613 3261 2876 3305 :ezernum
2895 3264 2948 3305 et
2967 3269 3236 3323 nunquam
3262 3254 3422 3309 ﬁnem

1812 3342 2115 3395 habiturum
2139 3342 2481 3411 supplicium.
2509 3342 2870 3409 Quamobrem
2895 3359 3055 3401 omne
3074 3348 3426 3405 adhibeamus

1810 3436 2077 3501 studium,
2115 3440 2178 3489 'ut
2210 3451 2277 3491 ne
2310 3436 2515 3490 lucrum
2548 3437 2703 3492 nobis
2744 3453 2811 3492 ex
2851 3450 2995 3494 recta
3036 3442 3137 3497 fide
3179 3455 3423 3513 partum,

1812 3543 2035 3598 operum
2065 3528 2326 3597 pravitate
2353 3526 2767 3594 labefactemus;
2797 3531 2889 3585 sed
2912 3546 3034 3586 cum
3062 3532 3150 3587 hic
3178 3536 3261 3603 pie
3290 3537 3428 3591 vixe-

1812 3622 2000 3686 rimus,
2031 3619 2307 3675 Christum
2335 3636 2457 3674 cum
2487 3620 2678 3675 fiducia
2717 3622 3017 3689 videamus,
3062 3628 3145 3680 cui
3192 3628 3428 3684 beatitu-

1812 3710 1922 3764 dini
1954 3727 2048 3780 par
2076 3711 2208 3766 nihil
2240 3728 2473 3782 unquam
2506 3711 2683 3767 fuerit.
2718 3713 2931 3770 Utinam
2962 3732 3061 3771 nos
3091 3734 3251 3789 supra
3284 3721 3425 3775 dicta

1814 3806 2198 3875 consequuti‘,
2247 3806 2312 3858 ad
2359 3807 2584 3875 gloriam
2635 3808 2726 3861 Dei
2779 3810 2959 3864 omnia
3004 3812 3291 3878 faciamus,
3342 3820 3426 3870 cui

1812 3899 1981 3968 gloria
2012 3912 2115 3952 una
2141 3913 2264 3953 cum
2298 3900 2577 3969 unigenito
2623 3898 2757 3955 Filio
2786 3911 2840 3956 et
2877 3902 3080 3972 Spiritu
3119 3920 3336 3973 sancto,
3378 3910 3426 3961 in

1815 3992 2009 4047 saecula
2041 3992 2384 4047 saeculorum.
2416 3994 2608 4047 Amen.

1881 4112 1898 4142 ι
1936 4105 2292 4180 Alii:_Utinam_
2331 4119 2438 4180 nos.
2463 4112 2609 4180 utam
2633 4120 2785 4180 supra
2822 4107 3262 4180 dict_is_consonam
3286 4129 3431 4180 agen-

1816 4182 1903 4224 tes.
1924 4179 2013 4219 Pro
2045 4175 2254 4230 utraque
2282 4169 2502 4217 lectione
2520 4173 2652 4219 Stant
2676 4169 2782 4219 Mss.
2800 4170 3020 4233 plurimi.

141 4293 3433 4327 MM

1503 4374 1855 4439 HOMILIA
1893 4371 2030 4463 vn.

140 4527 171 4579 θ.
210 4531 319 4587 Erat
348 4536 441 4588 tua:
470 4553 595 4589 cera
614 4576 626 4599 ,
658 4548 772 4603 quae
813 4532 1067 4585 illuminat
1112 4545 1310 4583 omnem
1340 4527 1594 4581 hominem
1625 4540 1712 4578 re-

532 4628 755 4681 nientem
781 4628 831 4678 in
855 4626 985 4678 hunc
1012 4625 1277 4677 mundum.

193 4786 232 4837 l.
266 4787 569 4841 Methodttm
594 4783 876 4838 disserendi
900 4800 929 4836 a
956 4799 1008 4837 se
1033 4791 1331 4851 usurpatam
1353 4778 1529 4832 asserit
1550 4774 1718 4845 Chry-

142 4886 364 4932 tostoutua.
416 4875 977 4945 lncomprehcnsibilia
1020 4872 1116 4926 Dei
1162 4889 1264 4925 non
1308 4869 1604 4925 scrutanda.
1646 4897 1718 4908 —-

143 4966 235 5020 Ideo
258 5011 271 5031 ,
302 4969 654 5024 dilectissimi
698 4967 820 5031 ﬁlii,
853 4982 948 5019 vos
994 4963 1295 5018 minutatim
1326 4970 1381 5017 et
1415 4978 1509 5031 per
1540 4970 1718 5031 partes

141 5055 505 5125 Scripturarunt
536 5058 783 5113 doctrina
817 5059 1104 5126 pascimus,
1141 5070 1313 5125 neque
1350 5054 1506 5107 simul
1539 5053 1718 5106 omnia

139 5148 429 5206 ~ll’undimus
455 5196 470 5219 ,
511 5161 571 5205 ut
603 5150 811 5204 facilior
854 5149 1005 5203 vobis
1035 5149 1104 5201 sit
1134 5149 1315 5202 emissi
1352 5146 1500 5201 verbi
1534 5156 1719 5200 custo-

1818 4523 2028 4570 vestras
2059 4513 2385 4571 mdiﬁcemus
2424 4516 2633 4569 animas
2658 4518 2694 4569 ί.
2732 4517 3012 4575 Tintcmus
3039 4525 3182 4577 enim
3206 4566 3219 4588 ,
3253 4543 3317 4578 no
3350 4545 3436 4580 re-

1820 4596 1951 4663 cens
1977 4623 2098 4661 cmn
2130 4606 2199 4659 sit
2231 4606 2381 4675 prior
2407 4615 2697 4673 structura,
2729 4612 2982 4666 secunda:
3013 4614 3211 4670 addita:
3240 4634 3437 4687 specu-

1824 4703 2070 4765 lationes,
2097 4702 2304 4770 priores
2330 4701 2697 4770 pessumdent,
2727 4717 2848 4757 cum
2879 4722 3032 4761 mens
3062 4722 3292 4777 nequeat
3322 4731 3437 4765 om—

1824 4796 1911 4849 nia
1952 4793 2110 4847 simul
2153 4793 2455 4846 continere.
2485 4793 2624 4860 Quid
2670 4796 2831 4865 igitur
2871 4796 3030 4853 hodie
3075 4800 3273 4855 lectum
3317 4813 3433 4869 cst,

1824 4884 1955 4939 Erat
1986 4884 2077 4938 lux
2096 4900 2212 4937 vera
2238 4900 2349 4953 qttw
2373 4884 2629 4938 illuminat
2655 4903 2853 4940 omnem
2885 4889 3141 4945 hominem
3164 4896 3441 4951 venientem

1824 4978 1877 5030 in
1918 4977 2053 5029 hunc
2095 4976 2364 5029 mundum.
2394 4975 2492 5041 Qui
2539 4978 2682 5031 enim
2732 4996 2893 5047 supra
2926 4982 2996 5037 de
3026 4982 3235 5041 Joanne
3264 4988 3442 5043 disse—

1828 5086 1972 5135 rens,
2008 5070 2222 5123 dicehat
2246 5084 2369 5125 eum
2403 5070 2637 5135 venisse,
2678 5071 2745 5127 Ut
2782 5076 3123 5130 testimonium
3162 5080 3444 5144 perhiberet

1829 5164 1891 5218 de
1921 5164 2143 5228 lumine,
2176 5174 2230 5217 et
2270 5178 2414 5218 nunc
2455 5167 2679 5219 missum
2720 5181 2881 5232 esse;
2926 5185 2991 5224 ne
3031 5172 3150 5239 quis
3194 5174 3309 5227 hinc
3348 5191 3444 5228 au-

142 5238 221 5291 »lia.
252 5242 370 5297 Nam
396 5246 463 5299 ‘in
499 5243 780 5307 adiﬁciis,
814 5242 903 5311 qui
946 5250 1230 5311 antequam
1270 5240 1477 5308 priores
1516 5239 1722 5308 lapides

138 5338 371 5402 \DlljllllCll
405 5340 524 5393 sint
544 5381 559 5403 ,
594 5338 729 5391 alios
760 5336 1183 5405 superimponit,
1214 5348 1318 5387 non
1353 5332 1563 5386 ﬁrntttm
1586 5373 1601 5399 ,
1628 5333 1723 5386 sed

142 5424 267 5481 facile
293 5433 567 5484 ruiturum
601 5431 761 5485 struit
796 5431 1086 5499 parietem;
1116 5429 1205 5498 qui
1236 5436 1415 5481 autem
1448 5437 1728 5497 exspectat

138 5516 277 5575 donec
303 5523 455 5577 calce
488 5524 797 5587 ﬁrmentur,
830 5533 883 5575 et
908 5524 986 5577 sic
1013 5522 1264 5591 paulatim
1293 5530 1491 5576 cratera
1519 5520 1722 5589 adjicit,

142 5620 297 5677 uuam,
316 5616 545 5687 ﬁrmam
568 5615 769 5685 diuque
790 5615 1100 5668 duraturam
1128 5614 1345 5670 domum
1377 5616 1593 5670 excitat.
1620 5614 1729 5669 llos

138 5705 301 5759 vitam
334 5719 645 5762 urinatores
674 5718 731 5761 et
774 5722 875 5761 nos
916 5707 1205 5773 imitemur,
1239 5708 1538 5779 eodemque
1570 5707 1732 5763 modo

1828 5257 2013 5316 diens,
2046 5256 2115 5310 ob
2144 5264 2409 5323 nuperum
2442 5257 2781 5311 testificantis
2812 5260 3135 5330 adventum,
3168 5265 3236 5319 de
3264 5281 3330 5320 eo
3360 5271 3443 5321 cui

1832 5348 2198 5401 testimonium
2233 5348 2505 5402 ferebatur
2538 5347 2768 5418 aliquant
2801 5354 3163 5421 suspicionem
3199 5360 3447 5412 admitte.

1834 5452 1937 5508 ret,
1972 5450 2180 5496 mentes
2210 5443 2421 5510 erexit,
2450 5453 2503 5497 et
2542 5443 2605 5497 ad
2636 5447 2781 5499 omni
2815 5446 3082 5517 principio
3113 5454 3447 5521 superiorem

1904 5600 1917 5629 ¹
1957 5598 2030 5645 sic
2074 5600 2409 5669 bis_s_.nquidam
2434 5609 2593 5669 recte.
2620 5604 2762 5655 Savil.
2792 5615 2958 5656 autem
2980 5616 3031 5658 et
3054 5606 3219 5657 Morel.
3250 5647 3262 5669 ,
3290 5610 3449 5659 ἑρκίτας

1839 5672 2028 5735 mina,“
2070 5658 2394 5735 mitiﬁcant-us,
2434 5663 2640 5735 legunt;
2668 5682 2780 5730 quae
2814 5670 2872 5719 ad
2908 5673 3092 5722 seriem
3123 5658 3449 5735 Chrysosttnnt

1842 5734 1939 5770 non
1976 5730 2073 5772 tam
2094 5724 2225 5773 bene
2251 5724 2766 5788 qttadrare'vidcnt'ur.

448 5829 719 5889 Parrum“
767 5825 888 5883 Gn.
936 5822 1095 5883 ΗΧ.

3020 5818 3055 5876 'o
3091 5871 3096 5875 .
