4164 6320
732 408 798 459 6'5

732 514 1097 573 i-xsistetttiam
1127 497 1456 563 transmisit,
1491 508 1609 565 quae
1643 486 1844 543 nullum
1876 479 2120 536 habitura
2149 471 2313 525 ﬁnem

734 621 834 665 est.
864 608 932 664 Et
957 599 1223 677 quomodo
1254 598 1475 666 possunt
1506 562 1623 641 haec
1647 594 1800 644 esse,
1831 572 2066 645 inquies,
2099 562 2314 677 cumjsi:

742 702 903 757 Filius
920 700 935 730 ¹
955 651 1074 750 ἶῡθ
1098 691 1208 746 Deo
1227 651 1513 755 loquimur,
1537 687 1592 732 et
1614 683 1671 729 tu
1697 672 1994 737 interrogas
2013 651 2315 731 quomodo?

742 805 912 863 aeque
942 789 1097 842 times
1120 781 1207 838 vel
1235 770 1538 835 horrescis?
1563 767 1643 823 Ad
1674 765 1810 828 haec,
1840 761 1884 814 si
1913 755 2034 829 quis
2059 756 2260 852 quaerat
2286 760 2315 800 a

741 840 1100 952 tothtomodo
1128 873 1319 928 anima:
1339 875 1392 923 et
1411 874 1636 931 corpora
1662 849 1945 911 immortali
1970 847 2077 900 vita
2098 840 2317 896 fruitura

741 930 869 1040 sint:
897 964 1366 1040 interrogationem
1394 957 1542 1011 illam
1565 947 1782 1010 ridebis,
1811 939 1962 1013 quasi
1992 951 2097 992 non
2125 934 2194 987 sit
2224 930 2322 984 hu-

741 1031 916 1121 mana:
944 1031 1137 1114 mentis
1165 1062 1424 1124 quaerere,
1448 1041 1543 1100 sed
1569 1037 1791 1096 credere
1818 1041 2019 1087 tantum
2040 1031 2317 1096 Oporteat;

743 1168 914 1225 neque
950 1151 1147 1206 dictum
1184 1112 1315 1198 illud
1357 1133 1585 1194 scrutari
1609 1173 1624 1196 ,
1655 1128 1807 1197 cujus
1836 1119 2107 1178 sufﬁciens
2133 1116 2202 1169 sit
2224 1112 2320 1167 de-

745 1202 1058 1301 liro'nstratio
1087 1232 1313 1292 dicentis
1351 1225 1586 1300 potentia
1611 1238 1627 1288 ;
1657 1220 1737 1274 sin
1768 1222 1946 1269 autem
1976 1209 2126 1263 illum
2153 1202 2241 1274 qui
2271 1211 2325 1255 et.

744 1340 950 1395 animas
987 1343 1043 1390 et
1086 1341 1311 1398 corpora
1354 1297 1597 1383 creavit,
1645 1323 1696 1370 et
1742 1308 1884 1365 nulla
1926 1297 2325 1370 comparatione

745 1489 1006 1580 dicamus,
1035 1477 1091 1568 tu
1119 1503 1471 1576 interrogabis
1497 1477 1766 1570 quomodo
1792 1490 1842 1544 id
1875 1491 2066 1541 factum
2093 1479 2199 1536 sit?
2227 1477 2328 1533 Ec-

741 1611 866 1681 quis
892 1620 1037 1664 same
1065 1601 1258 1659 mentis
1284 1598 1397 1651 haec
1426 1606 1547 1650 esse
1576 1583 1810 1644 dixerit?
1842 1580 1963 1652 quis
1990 1578 2125 1632 bene
2150 1571 2329 1625 valen-

750 1667 817 1756 tis
846 1698 1008 1755 animi
1036 1706 1089 1750 et
1117 1686 1420 1749 ratiocinii?
1451 1681 1686 1740 Audistis
1715 1674 1867 1740 illud,
1901 1672 2024 1727 Erat
2064 1667 2153 1721 lux
2190 1677 2324 1718 vero.

750 1790 884 1859 Quid
918 1789 1110 1843 frustra
1138 1778 1418 1839 contendis
1438 1817 1454 1842 ,
1485 1783 1543 1828 ut
1571 1770 1832 1827 inﬁnitam
1872 1764 2017 1818 illam
2049 1758 2209 1812 vitam
2240 1769 2327 1808 ra-

750 1847 966 1936 tiocinio
985 1873 1306 1945 assequaris,
1330 1883 1452 1939 quas
1470 1879 1574 1919 non
1599 1867 1775 1932 potest
1797 1853 1981 1924 attingi
1998 1853 2021 1906 ?
2039 1847 2166 1921 quid
2186 1860 2331 1916 qua:-

751 1975 821 2028 ris
849 1987 912 2027 ea
941 1985 1057 2041 qua:
1085 1964 1292 2037 exquiri
1320 1956 1631 2031 nequeunt?
1653 1969 1750 2008 cur
1775 1938 2330 2018 incomprehensibilia

749 2062 1042 2120 serumris?
1079 2075 1175 2115 cur
1212 2055 1488 2113 examinas
1517 2064 1576 2105 ea
1605 2063 1724 2117 qua:
1754 2039 1990 2100 examini
2012 2053 2116 2092 non
2149 2033 2332 2103 suhja-

749 2156 915 2213 cent?
940 2153 1202 2210 Solarium
1234 2146 1501 2202 radiorum
1531 2134 2064 2212 perquire,radicem;
2097 2142 2202 2182 non
2235 2139 2331 2194 po.

754 2247 882 2303 teris
910 2242 1118 2312 assequi
1141 2281 1155 2302 .
1196 2251 1370 2308 neque
1411 2242 1587 2289 tamen
1627 2223 1950 2296 indignaris,
1982 2233 2156 2289 neque
2193 2229 2334 2284 aegre

755 2341 862 2393 fers
903 2309 1315 2390 imbecillitatem
1348 2339 1512 2380 tuam.
1551 2322 1657 2378 Cur
1689 2332 1816 2385 ergo
1844 2317 1897 2369 in
1923 2309 2211 2379 majoribus
2237 2321 2334 2360 au-

753 2434 854 2486 dax
882 2445 942 2484 es
968 2438 1020 2483 et
1050 2419 1404 2481 temerarius?
1428 2418 1660 2473 Joannes
1687 2411 1824 2465 ﬁlius
1847 2403 2085 2468 tonitrui,
2113 2400 2201 2471 qui
2227 2397 2335 2466 spi-

753 2521 927 2579 rituali
959 2517 1082 2572 tuba
1107 2514 1282 2577 canit,
1316 2509 1403 2566 ubi
1439 2506 1564 2562 illud
1585 2545 1602 2571 ,
1635 2502 1792 2563 Erat,
1823 2513 1850 2549 τι
1878 2493 2075 2564 Spiritu
2106 2488 2334 2552 audivit,

755 2614 883 2669 nihil
913 2612 1045 2666 ultra
1073 2603 1318 2678 quaesivit
1347 2618 1360 2655 :
1390 2609 1446 2656 et
1485 2607 1538 2651 tu
1576 2609 1681 2648 non
1724 2589 1834 2661 pari
1874 2585 2042 2657 gratia
2072 2581 2334 2643 donatus,

752 2705 841 2775 qui
869 2717 935 2758 ex
977 2696 1201 2754 inﬁrmis
1242 2689 1533 2749 ratiociniis
1577 2684 1680 2740 tuis
1715 2677 1951 2749 loqueris
1974 2715 1991 2741 ,
2021 2668 2340 2743 cognitionis

755 2795 897 2850 illius
928 2790 1214 2847 terminum
1261 2778 1638 2840 transcendere
1679 2770 1927 2829 conaris?
1967 2765 2196 2834 Ideoque
2234 2775 2338 2814 non

756 2900 937 2957 parem
962 2884 1049 2946 ei,
1080 2894 1238 2951 quam
1281 2876 1372 2931 ille
1412 2869 1628 2934 habuit,
1667 2866 1905 2920 notitiam
1932 2872 2162 2930 unquam
2189 2867 2336 2909 asse-

754 2950 950 3049 queris.
983 2950 1292 3044 llnjusmodi
1323 2976 1551 3033 namque
1578 2969 1660 3042 est
1684 2955 1879 3012 diaboli
1909 2950 2215 3007 calliditas:
2245 2958 2338 3000 eos

711 3119 714 3122 .
759 3038 849 3139 qui
876 3066 949 3121 illi
976 3038 1364 3132 obsequuntur,
1391 3063 1541 3111 extra
1571 3038 1828 3108 terminos
1853 3059 1882 3098 a
1913 3045 2022 3098 Deo
2050 3038 2204 3096 nobis
2244 3051 2338 3106 po-

760 3127 893 3215 sitos
920 3127 1194 3219 transfert,
1225 3130 1377 3221 quasi
1417 3145 1574 3214 longe
1599 3139 1851 3196 ulteriora
1878 3136 2137 3203 attingere
2167 3127 2341 3200 possi-

760 3265 874 3304 inns
897 3264 912 3301 :
937 3253 1214 3317 postquam
1237 3248 1412 3294 autem
1439 3235 1540 3290 hac
1566 3247 1660 3304 spe
1687 3231 1951 3284 inescatos
1973 3240 2002 3279 a
2027 3224 2201 3278 divina
2224 3233 2343 3290 gra-

761 3343 832 3395 tia
860 3313 1103 3401 extrusit,
1134 3343 1258 3388 tune
1281 3330 1493 3384 demum
1522 3339 1628 3381 non
1658 3320 1817 3376 modo
1839 3318 1970 3374 nihil
2004 3316 2141 3370 ultra
2163 3313 2338 3376 addit;

759 3426 1026 3500 quomodo
1053 3424 1193 3481 enim
1223 3421 1274 3478 id
1305 3419 1540 3481 faceret,
1568 3413 1822 3495 diabolus
1837 3425 1957 3466 cum
1983 3405 2097 3462 sit?
2120 3402 2215 3459 sed
2245 3416 2343 3456 nec

761 3489 884 3578 sinit
910 3527 963 3574 ut
1006 3517 1075 3572 ad
1115 3515 1291 3587 priora
1313 3552 1326 3576 ,
1361 3512 1412 3565 in
1439 3508 1590 3579 queis
1617 3513 1731 3560 tuto
1760 3489 2123 3561 versabantur,
2152 3492 2342 3549 redea-

763 3628 880 3670 mus
905 3631 919 3678 ;
949 3623 1134 3666 verum
1164 3609 1364 3663 circum
1395 3614 1603 3672 quaque
1637 3598 1744 3668 agit
1779 3601 2027 3650 errantes
2048 3631 2063 3656 ,
2093 3588 2182 3659 qui
2221 3600 2344 3640 nus-

766 3721 921 3777 quam
949 3703 1244 3759 consistere
1273 3696 1556 3768 possimus.
1589 3691 1678 3746 Sic
1717 3687 1942 3758 primum
1974 3691 2251 3753 parentem
2278 3691 2345 3730 ex

767 3776 1010 3868 paradiso
1046 3791 1296 3849 excidere
1333 3786 1554 3842 curavit.
1585 3782 1716 3836 Cum
1756 3779 1898 3835 enim
1935 3776 2083 3829 illum
2115 3786 2210 3842 spe
2235 3784 2349 3822 ma-

768 3887 895 3960 joris
925 3884 1162 3943 scientia:
1192 3889 1249 3937 et
1275 3874 1494 3936 honoris
1521 3873 1756 3930 inllasset
1781 3911 1795 3932 .
1828 3869 1987 3925 etiam
2019 3866 2164 3920 illum
2189 3862 2257 3916 ab
2287 3860 2350 3914 iis

769 3951 961 4051 quibus
1001 3974 1287 4046 tranquille
1327 3970 1597 4025 fruebatur
1635 3963 1811 4034 ejecit.
1853 3961 1968 4015 Non
2013 3955 2171 4010 modo
2207 3951 2346 4007 enim

774 4042 878 4126 non
908 4069 1074 4123 factus
1103 4042 1185 4120 est
1223 4061 1438 4132 a'qualis
1475 4059 1614 4120 Deo,
1647 4065 1702 4111 ut
1731 4053 1826 4123 ipsi
1862 4049 2226 4122 pollicebatur,
2256 4042 2348 4098 sed

772 4160 874 4217 sub
915 4158 1101 4214 mortis
1143 4152 1477 4226 tyrannidem
1519 4147 1787 4211 detrusit;
1823 4156 1921 4196 nec
1955 4141 2131 4195 solum
2163 4154 2190 4188 a
2223 4135 2350 4202 ligni

773 4268 867 4309 esu
906 4250 1036 4306 nihil
1082 4246 1319 4316 accepit,
1349 4242 1445 4297 sed
1489 4241 1647 4296 etiam
1688 4253 1754 4294 ex
1800 4236 1885 4289 illa
1925 4247 2083 4302 quam
2128 4227 2356 4282 habebat

775 4342 996 4398 scientia
1029 4353 1134 4393 non
1162 4350 1348 4408 parum
1378 4332 1555 4388 amisit
1577 4370 1592 4392 ,
1626 4328 1785 4396 idque
1813 4340 1908 4395 spe
1936 4321 2152 4391 majoris
2185 4317 2354 4386 adipi-

779 4432 1009 4488 scendaa.
1053 4429 1181 4484 Nam
1227 4434 1354 4481 tunc
1394 4423 1623 4493 primttm
1665 4419 1731 4472 dc
1771 4416 2007 4471 nuditate
2042 4411 2356 4467 erube>cere

779 4522 975 4591 cmpit,
1016 4535 1134 4572 cum
1179 4524 1330 4570 antea
1375 4513 1521 4567 onmi
1562 4508 1762 4580 pudore
1803 4516 1856 4560 et
1897 4505 2090 4558 rubore
2116 4498 2357 4569 superior

781 4616 986 4670 fuisset.
1017 4609 1146 4666 Illud
1188 4608 1347 4663 etiam
1377 4602 1518 4675 quod
1548 4616 1606 4657 se
1635 4600 1833 4654 nudum
1868 4610 1988 4651 esse
2025 4595 2354 4657 adverteret,

781 4705 922 4776 quod
950 4702 1186 4758 vestibus
1217 4697 1408 4754 exinde
1451 4703 1662 4765 egeret,
1692 4689 1824 4745 illud
1845 4731 1858 4752 ,
1890 4692 2134 4757 inquam,
2167 4692 2222 4740 et
2259 4684 2360 4738 alia

783 4795 1008 4865 plurima
1035 4789 1202 4844 tristia
1224 4786 1552 4842 acciderunt.
1576 4781 1728 4850 Quod
1752 4795 1818 4835 ne
1840 4779 1992 4833 nobis
2013 4792 2222 4844 quoque
2242 4790 2363 4828 eon-

788 4890 988 4955 tingat,
1021 4883 1128 4936 Deo
1157 4880 1614 4947 obtemperemus,
1655 4873 1771 4941 ejus
1811 4879 2073 4940 praecepta
2113 4867 2364 4921 observe-

789 4992 926 5041 mus,
953 4981 1006 5030 et
1035 4973 1166 5027 nihil
1196 4971 1422 5025 ulterius
1447 4968 1662 5022 curiose
1687 4964 2088 5035 perquiramus;
2123 4967 2179 5012 ut
2205 4973 2270 5011 ne
2300 4971 2365 5010 ex

793 5067 945 5122 nobis
965 5065 1238 5121 concessis
1261 5061 1569 5118 exeidamus
1593 5058 1764 5120 bonis,
1790 5055 1931 5126 quod
1957 5062 2010 5108 et
2034 5053 2133 5107 illis
2155 5049 2364 5105 accidit.

794 5162 926 5216 Dum
966 5159 1105 5213 enim
1141 5156 1264 5210 vitae
1307 5152 1570 5224 principio
1623 5149 1850 5205 carentis
1899 5144 2213 5216 principium
2251 5155 2369 5209 pcr-

792 5253 1041 5320 quirunt,
1073 5251 1234 5303 etiam
1267 5248 1352 5301 illa
1386 5261 1502 5315 qua:
1543 5242 1753 5297 habere
1780 5246 2021 5309 poterant
2056 5235 2366 5290 amiserunt.

794 5343 973 5411 Neque
997 5341 1137 5396 enim
1166 5340 1214 5393 id
1242 5337 1380 5407 quod
1402 5335 1713 5407 qumrebant
1735 5334 2080 5390 invenerunt;
2107 5341 2210 5380 non
2230 5323 2370 5379 enim

797 5440 1044 5504 poterant
1067 5450 1079 5497 ;
1115 5442 1274 5500 atque
1301 5444 1331 5483 a
1357 5444 1483 5483 sana
1506 5429 1646 5481 circa
1669 5424 2007 5494 Unigcnitum
2040 5419 2140 5473 lide
2163 5415 2373 5472 excide~

796 5539 935 5584 runt.
962 5527 1143 5581 Atnos
1173 5540 1237 5580 ne
1265 5522 1641 5578 transferamus
1667 5519 1920 5572 terminos
1945 5513 2213 5581 antiquos,
2243 5523 2374 5577 quos

799 5629 1090 5690 posuerunt
1117 5628 1295 5690 patres
1329 5615 1495 5668 n0stri
1515 5656 1527 5676 ,
1556 5622 1610 5668 et
1637 5613 1828 5680 ubique
1852 5609 2079 5679 Spiritus
2106 5603 2273 5657 sancti
2298 5603 2374 5655 le-

867 5817 884 5846 ’
916 5822 1054 5866 Juxta
1071 5816 1300 5880 quosdam
1319 5812 1584 5878 legendum
1604 5819 1697 5873 est,
1723 5823 1833 5860 cum
1856 5810 1914 5858 sit
1940 5807 2090 5858 Filius
2114 5813 2156 5855 ct
2171 5804 2324 5853 hoino.

1448 382 1504 437 S.
1545 369 1823 435 JOMNNIS
1858 353 2325 424 CHRYSOSTOMI
2367 346 2686 408 ARCIIIEP.
2729 336 3263 401 CONSTAN'I'INOP.
3950 324 4022 378 (ιι

2423 464 2579 534 gibus
2603 461 2856 518 cedamus
2882 475 2895 512 :
2919 465 2973 512 et
3000 469 3122 511 cum
3147 451 3416 512 audimus,
3451 446 3575 502 Erat
3602 446 3694 501 tu:
3719 459 3859 508 vera,
3885 438 4020 495 nihil

2425 558 2647 614 ulterius
2673 552 3000 622 inquiramus
3025 564 3038 600 :
3063 558 3238 611 neque
3258 542 3402 597 enim
3425 538 3558 593 ultra
3583 547 3872 607 possumus
3894 546 4021 602 per-

2426 651 2652 720 tingere.
2680 646 2813 700 Nam
2841 643 2886 698 si
2915 642 3058 696 Deus
3094 646 3152 693 ut
3189 636 3352 691 homo
3379 631 3683 703 genuisset,
3709 624 4028 682 necessario

2428 718 2697 806 interstitii
2735 736 3009 808 quidpiam
3051 732 3238 786 fuisset
3271 729 3567 800 genitorem
3601 724 3739 778 inter
3775 731 3830 774 et
3868 718 4024 787 geni-

2429 843 2540 888 tum
2565 809 2704 899 ἴδει]
2743 833 2863 900 quia
2900 823 3152 880 ineﬂ'abili
3193 820 3354 876 modo
3383 826 3437 873 et
3462 828 3516 872 ut
3544 816 3709 870 Deum
3736 812 3897 867 decet
3926 821 4023 879 ge-

2430 925 2570 991 nuit,
2591 922 2799 977 ahstine
2820 918 2888 973 ab
2913 916 2996 971 his
3021 913 3262 978 vocibus,
3286 919 3403 964 ante
3428 922 3482 962 et
3508 915 3616 978 post
3639 921 3658 959 :
3686 905 3799 959 hinc
3821 901 4026 971 quippe

2431 1025 2731 1085 temporum
2753 1009 2967 1065 nomina
2994 1013 3119 1060 sunt
3141 1021 3154 1057 :
3180 1002 3344 1058 Filius
3365 1015 3492 1056 vero
3513 998 3674 1054 etiam
3697 995 4025 1051 saeculorum

2429 1107 2666 1163 omnium
2694 1100 2940 1162 conditor
2963 1107 3065 1154 est.

2501 1198 2557 1251 2.
2595 1195 2726 1250 Vera
2747 1194 2810 1247 de
2843 1190 2998 1244 Patre
3021 1186 3156 1243 etde
3190 1185 3325 1241 Filio
3369 1182 3618 1238 doctrina.
3669 1175 4028 1233 Sabbelliano-

2431 1308 2545 1345 rum
2603 1297 2649 1343 et
2703 1285 3154 1341 Marcellianornm
3213 1278 3429 1334 insania.
3488 1274 3705 1329 Peccata
3769 1267 4028 1341 quomodo

2432 1378 2945 1446 uolitantum—Ergo
2975 1390 3079 1428 ιιυιι
3112 1380 3280 1442 pater,
3299 1371 3431 1433 aies,
3450 1366 3545 1421 sed
3574 1364 3737 1418 frater
3764 1357 3869 1416 est.
3891 1359 4031 1426 Qua:

2435 1477 2746 1538 necessitas,
2779 1469 3005 1543 qmeso?
3035 1468 3166 1524 Nam
3199 1467 3242 1519 si
3275 1463 3489 1518 Patrem
3509 1466 3569 1514 et
3607 1457 3800 1512 Filium
3831 1468 3896 1508 ex
3918 1451 4028 1505 alia

2435 1583 2489 1628 et
2513 1571 2718 1625 diversa
2745 1564 2925 1622 radice
2954 1572 3104 1619 ortos
3145 1559 3449 1615 diceremus
3472 1594 3488 1618 ,
3535 1551 3651 1606 lucc
3683 1549 3805 1619 jure
3841 1546 4034 1600 dicere

2438 1678 2624 1734 posses
2657 1680 2675 1715 ε
2703 1661 2787 1714 sin
2829 1658 2971 1714 hanc
3012 1654 3242 1708 vitamus
3285 1648 3646 1719 impietatem,
3692 1639 4035 1706 dicimusqua

2437 1755 2647 1810 Patrem
2673 1753 2788 1807 sine
2815 1747 3073 1819 principio
3103 1759 3254 1809 esse,
3283 1755 3382 1796 nec
3406 1737 3640 1809 genitum
3685 1731 3887 1793 fuisse;
3935 1726 4032 1781 Fi-

2438 1846 2564 1900 lium
2596 1858 2726 1897 vero
2752 1843 2869 1895 sine
2894 1836 3158 1910 principio
3185 1832 3399 1902 quidem
3440 1841 3561 1883 esse
3584 1865 3601 1887 .
3647 1821 3742 1878 sed
3782 1821 4034 1891 genitum

2439 1951 2469 1991 a
2497 1936 2650 1991 Patre
2675 1976 2690 1998 ,
2719 1948 2838 2003 quae
2867 1928 3158 1985 necessitas
3186 1939 3256 1980 ex
3288 1922 3386 1977 hac
3412 1917 3734 1990 cogitatione
3758 1955 3774 1982 ,
3802 1911 4036 1982 impium

2439 2029 2586 2084 illum
2615 2025 2813 2080 inferre
2842 2018 3182 2078 sermonem?
3219 2014 3374 2071 Nulla
3405 2027 3555 2067 sane.
3587 2008 3799 2064 Etenim
3841 2004 4035 2075 Splen-

2437 2119 2536 2174 dor
2562 2126 2676 2182 est;
2709 2113 2964 2186 splendor
2989 2121 3168 2164 autem
3204 2105 3361 2161 simul
3404 2100 3718 2171 intelligitur
3757 2111 3879 2153 cum
3931 2109 4037 2148 na-

2440 2221 2558 2269 tura
2589 2211 2676 2266 illa
2698 2249 2712 2275 ,
2745 2207 2898 2276 cujus
2924 2213 3009 2261 est
3033 2200 3306 2272 splendor.
3333 2197 3457 2252 Ideo
3485 2193 3628 2250 enim
3659 2189 3856 2247 Paulus
3881 2187 4039 2242 illum

2440 2306 2519 2362 sic
2544 2301 2751 2357 vocavit
2773 2339 2790 2362 ,
2825 2308 2884 2351 nt
2910 2294 3038 2350 nihil
3070 2291 3303 2348 medium
3343 2284 3694 2357 suspicareris
3739 2282 3880 2336 inter
3931 2277 4042 2333 Pa-

2443 2405 2576 2452 trem
2605 2402 2659 2449 et
2696 2391 2933 2447 Filium:
2968 2385 3021 2441 id
3061 2385 3202 2440 enim
3256 2381 3358 2436 hoc
3407 2377 3624 2433 nomine
3673 2371 4035 2444 signiﬁcatur.

2444 2487 2568 2543 Post
2597 2487 2698 2540 hoc
2726 2479 3030 2550 exemplum
3056 2518 3071 2542 ,
3107 2490 3229 2532 eam
3275 2487 3396 2543 quae
3452 2470 3574 2523 hinc
3624 2465 3763 2536 apud
3813 2463 4044 2516 insanos

2442 2578 2671 2635 suboriri
2700 2583 2905 2646 poterat
2948 2568 3330 2625 absurditatem
3377 2561 3617 2633 corrigit.
3664 2559 3780 2622 Ne,
3827 2554 4039 2625 inquit,

2442 2645 3067 2740 quoniamsplendorcm
3116 2657 3346 2720 audisti,
3383 2656 3556 2723 ipsum
3598 2648 3809 2720 propria
3862 2645 4044 2715 hypo-

2443 2761 2570 2816 stasi
2602 2734 2796 2830 privari
2827 2766 3000 2826 putes.
3031 2751 3163 2807 Nam
3195 2749 3417 2819 impium
3445 2745 3546 2798 hoc
3566 2748 3726 2804 esset,
3760 2747 3815 2792 et
3839 2734 4044 2792 Sabel-

2443 2853 2704 2909 lianorum
2730 2845 3300 2909 Marcellianorumque
3327 2835 3552 2906 insania.
3577 2831 3685 2891 Nos
3713 2837 3895 2883 autem
3929 2839 4046 2880 non

2444 2944 2518 2999 ita
2545 2940 2840 3004 sentimus,
2879 2935 2973 2990 sed
3022 2936 3194 3004 ipsum
3243 2931 3296 2984 in
3348 2926 3560 2998 propria
3607 2921 3706 2978 sibi
3758 2915 4048 2991 hypostasi

2445 3050 2565 3092 esse
2595 3033 2824 3088 dicimus
2856 3047 2867 3082 :
2901 3028 3019 3082 ideo
3048 3033 3328 3095 postquam
3367 3019 3515 3074 illum
3561 3010 3904 3085 splendorem
3945 3022 4049 3076 ap-

2447 3128 2772 3200 pellaverat,
2818 3092 3064 3184 intulit,—
3094 3117 3161 3171 Et
3187 3092 3470 3170 vcharacter
3517 3092 3812 3163 substantia
3856 3102 4052 3166 illius,

2447 3196 2644 3293 (Hebr.
2687 3219 2737 3272 1.
2775 3216 2874 3285 '5),
2907 3222 2963 3268 ut
2991 3209 3260 3281 propriam
3311 3201 3622 3276 hypostasin
3669 3196 4053 3268 significaret,

2447 3303 2866 3386 ostenderetque
2891 3309 3063 3376 ipsum
3091 3320 3156 3359 ex
3187 3299 3376 3356 eadem
3404 3311 3524 3352 esse
3549 3291 3868 3354 substantia,
3885 3287 4055 3356 cujus

2448 3384 2730 3464 character
2759 3411 2862 3458 est.
2903 3397 3088 3466 Neque
3110 3393 3253 3450 enim
3286 3390 3417 3445 satis
3445 3398 3529 3443 est
3571 3384 3790 3440 verbum
3829 3395 4006 3435 unum
4036 3418 4053 3440 ,

2450 3509 2506 3554 ut
2528 3499 2637 3566 jam
2662 3495 2809 3559 dixi,
2840 3491 2906 3546 ad
2937 3490 3026 3545 illa
3054 3488 3121 3542 de
3163 3486 3272 3540 Deo
3310 3483 3559 3553 dogmata
3609 3473 3918 3533 hominibus
3969 3474 4057 3527 si-

2450 3564 2748 3663 gniﬁcanda
2785 3605 2797 3639 :
2832 3584 2925 3640 sed
2955 3578 3246 3652 optandum
3275 3585 3332 3631 ut
3360 3573 3541 3630 multis
3569 3568 3728 3626 simul
3753 3564 3955 3630 allatis,
3983 3581 4056 3618 ex

2451 3681 2672 3752 singulis
2687 3676 2824 3746 quod
2841 3673 3123 3730 conveniat
3138 3669 3446 3738 seligamus.
3485 3663 3558 3716 Ita
3581 3662 3722 3716 enim
3749 3655 4060 3729 poterimus

2453 3745 2612 3842 digito
2635 3745 2862 3840 gloriam
2891 3765 2982 3819 Dei
3005 3760 3315 3823 celebrare;
3344 3757 3500 3826 digne
3521 3752 3725 3808 scilicet
3747 3745 4060 3804 secundum

2456 3840 2755 3920 facultatem
2788 3868 3044 3913 nostram.
3076 3853 3131 3909 Si
3163 3853 3283 3925 quis
3329 3849 3474 3905 enim
3526 3845 3594 3901 de
3641 3844 3729 3898 illa
3780 3840 3942 3911 digne
3994 3854 4064 3892 se

2453 3956 2596 4028 loqui
2626 3967 2781 4025 posse
2807 3958 2977 4022 putet,
3007 3956 3167 4017 atque
3193 3947 3466 3998 asseveret
3491 3953 3550 3992 se
3572 3937 3644 3992 ita
3666 3937 3830 3990 Deum
3860 3945 4060 3994 nosse,

2457 4060 2514 4105 ut
2538 4050 2651 4120 ipse
2678 4062 2738 4101 se
2767 4045 2944 4109 novit,
2975 4043 3020 4097 is
3044 4040 3275 4094 maxime
3299 4037 3465 4089 Deum
3498 4033 3728 4102 ignorat.
3761 4027 3886 4080 llrcc
3922 4040 4060 4078 cum

2457 4144 2688 4196 sciamus
2706 4178 2719 4201 ,
2747 4135 3032 4204 diligenter
3058 4131 3386 4184 retineamus
3411 4139 3473 4178 ea
3501 4139 3621 4193 qua:
3653 4117 3923 4174 tradidere
3947 4132 4062 4169 no-

2461 4236 2542 4290 bis
2569 4233 2605 4287 ii
2631 4231 2720 4302 qui
2745 4229 2817 4283 ab
2842 4227 2993 4282 initio
3023 4223 3150 4295 ipsis
3176 4220 3348 4275 oculis
3397 4216 3680 4278 viderunt,
3725 4221 3777 4266 et
3817 4209 4067 4265 ministri

2462 4327 2611 4381 fuere
2654 4322 2855 4385 Verbi,
2905 4331 3080 4386 neque
3129 4314 3265 4368 ultra
3316 4311 3527 4366 curiose
3570 4315 3889 4362 scrutemur.
3937 4301 4072 4357 Duo

2463 4430 2694 4485 namque
2746 4413 2942 4467 damna
3001 4409 3104 4462 hoc
3149 4405 3340 4460 morbo
3396 4401 3702 4456 laborantes
3751 4393 4065 4450 invadent:

2463 4505 2605 4578 quod
2635 4513 2840 4559 temere
2872 4501 3117 4553 laborent
3144 4495 3232 4549 illa
3264 4489 3556 4562 quzrrendo
3576 4531 3593 4554 ,
3639 4502 3758 4556 quae
3807 4485 4071 4539 invenire

2466 4603 2771 4668 nequeunt;
2802 4600 2856 4646 et
2877 4589 3020 4660 quod
3055 4590 3220 4642 Deum
3249 4587 3300 4639 in
3330 4585 3462 4638 iram
3496 4589 3808 4651 provocent,
3840 4578 3976 4631 dum
3997 4578 4077 4628 ab

2468 4691 2584 4760 ipso
2612 4686 2815 4757 positos
2844 4683 3103 4738 terminos
3128 4687 3371 4734 evertere
3396 4683 3682 4729 conantur.
3712 4670 3860 4737 Quod
3892 4685 4074 4740 qua»

2471 4791 2652 4850 tepere
2679 4779 2810 4831 iram
2843 4775 2938 4842 Dei
2964 4773 3232 4836 concitet,
3265 4785 3370 4823 non
3402 4783 3537 4836 Opus
3562 4775 3645 4820 est
3676 4764 3826 4818 vobis
3850 4762 4078 4828 dicere,

2470 4888 2588 4929 cum
2619 4872 2667 4926 id
2697 4884 2882 4923 omnes
2911 4867 3113 4920 sciatis.
3139 4861 3502 4931 Quamobrem
3537 4858 3698 4912 missa
3724 4855 3940 4910 illorum
3973 4873 4078 4908 ar-

2474 4965 2710 5036 rogantis
2736 5004 2751 5029 ,
2785 4961 2877 5015 Dei
2903 4958 3062 5013 verba
3086 4972 3204 5010 cum
3234 4966 3468 5008 tremore
3503 4951 3781 5003 audiamus
3804 4987 3819 5008 ,
3863 4956 3925 5000 ιιι
3980 4947 4084 5001 ille

2474 5065 2733 5128 perpetuo
2757 5068 2856 5108 nos
2889 5059 3099 5105 tueatur
3130 5065 3142 5100 :
3177 5062 3298 5100 nam
3328 5045 3438 5109 ait,
3485 5043 3563 5095 Ad
3605 5057 3753 5111 quem
3793 5038 4082 5106 respiciam

2476 5150 2572 5204 nisi
2598 5149 2664 5200 ad
2689 5153 3006 5199 mansuetum
3031 5149 3076 5194 et
3106 5139 3348 5192 humilem
3368 5178 3381 5200 ,
3415 5146 3461 5190 ct
3487 5135 3706 5204 quietum
3735 5175 3748 5198 ,
3777 5142 3821 5186 et
3848 5141 4084 5185 tremen-

2478 5251 2571 5295 tem
2595 5238 2741 5292 verba
2764 5252 2872 5288 utea
2895 5232 3058 5301 (luti.
3091 5230 3181 5286 66.
3211 5230 3246 5283 2
3270 5230 3324 5298 )?
3367 5227 3479 5282 Hac
3509 5226 3669 5295 igitur
3696 5225 3854 5277 missa
3885 5226 4086 5277 curio-

2479 5334 2670 5396 sitate,
2730 5337 3076 5383 conteramus
3114 5323 3316 5382 corda.
3377 5327 3594 5391 peccata
3644 5316 3960 5385 lugeamus,
4033 5330 4090 5371 ut

2480 5425 2722 5481 Christus
2746 5419 2902 5490 jussit
2927 5457 2942 5481 ,
2971 5415 3038 5470 de
3065 5414 3358 5469 sceleribus
3387 5410 3589 5466 nostris
3619 5421 4089 5477 ουιιιριιιιεειηιιπ,

2482 5534 2542 5572 ac
2569 5514 2852 5584 diligenter
2881 5510 3062 5563 animo
3091 5514 3396 5574 repetamus
3426 5517 3486 5556 ea
3519 5517 3636 5571 qua:
3675 5481 3933 5553 hactenus
3982 5503 4060 5552 at
4079 5533 4091 5538 -

2485 5609 2729 5662 misimus
2753 5602 2944 5658 delicta
2973 5617 2988 5664 ;
3022 5593 3446 5652 studeamusilla
3473 5593 3692 5646 omnino
3721 5590 3965 5644 abluere.
4013 5592 4095 5643 Art

2489 5704 2623 5752 hanc
2645 5695 2839 5765 quippe
2872 5706 2987 5746 rem
3013 5687 3206 5742 multas
3233 5686 3375 5740 Deus
3401 5667 3554 5738 nobis
3580 5683 3780 5750 aperuit
3807 5681 3940 5732 vias.
3997 5680 4095 5733 his

2497 5802 2547 5844 tu
2578 5791 2715 5859 prior
2736 5829 2750 5853 ,
2783 5785 2954 5855 inquit
2971 5824 2985 5850 ,
3012 5781 3300 5851 iniquitates
3325 5787 3435 5832 tum
3453 5820 3467 5845 ,
3498 5786 3549 5830 ut
3566 5773 3866 5847 justiﬁum's
3906 5771 4091 5843 (kat.
