4164 6320
152 386 199 435 (.5
1173 357 1241 413 IN
1278 353 1590 411 JOANNEM
1634 352 1869 409 HOMIL.
1913 351 2046 408 Vill.
2089 352 2162 406 al.
2204 350 2313 408 VII.
3316 369 3387 425 Μ

150 500 211 553 ιδ,
252 486 382 558 26)?
430 494 478 538 et
535 496 758 543 rursus,
807 476 991 540 Disi',
1062 472 1349 541 Conﬁtebor
1410 471 1675 525 adversum

148 577 473 651 mrinjustitiam
517 589 681 627 meam
732 570 950 623 Domino
976 608 990 629 ,
1037 576 1083 619 et
1129 576 1184 618 tu
1230 565 1465 619 remisisti
1494 565 1677 634 impie-

146 688 252 726 ratam
271 669 416 722 cordis
438 666 532 718 mei
568 662 753 734 (Psal.
801 661 891 716 5i.
936 658 1027 728 5).
1081 657 1266 727 Neque
1299 656 1443 709 enim
1487 670 1674 725 parum

143 767 256 819 nobis
303 759 491 815 confert
545 756 612 811 ad
677 754 1022 809 minuendam
1089 758 1430 821 peccatorum
1476 749 1673 803 molem

143 858 339 924 frequens
367 864 544 905 eorum
582 846 840 901 memoria
886 855 941 899 et
987 841 1279 897 accusatio.
1332 841 1428 894 Est
1474 850 1528 894 et
1570 840 1672 894 alia

141 946 353 1003 eflic'tcior
393 943 507 1007 via,
567 940 612 994 si
654 938 855 994 nemini
903 951 1088 991 eorum
1117 976 1130 998 ,
1181 934 1270 1004 qui
1316 934 1369 987 in
1421 946 1519 986 nos
1549 946 1675 1001 pec-

142 1030 852 1097 urunt,succenseatnus;si
875 1028 1125 1081 omnibus
1177 1027 1277 1089 iis,
1332 1024 1421 1095 qui
1473 1024 1523 1077 iu
1578 1039 1675 1079 nos

138 1130 444 1197 deliquerunt,
488 1122 682 1177 delicta
708 1120 1093 1174 condonemns.
1133 1117 1221 1171 Vis
1246 1125 1300 1171 et
1330 1115 1538 1169 tertiam
1559 1113 1676 1168 edi-

141 1233 251 1273 scere
284 1215 442 1269 viam?
483 1213 624 1267 Audi
672 1213 941 1266 Danielem
986 1209 1255 1263 dicentem
1290 1224 1302 1259 :
1342 1206 1675 1271 Quamobrem

138 1317 295 1378 pacata
312 1318 391 1359 tua
410 1306 737 1375 eiecmosgnis
762 1304 971 1366 redime,
1003 1310 1050 1353 et
1072 1300 1359 1365 iniquitates
1391 1307 1503 1351 tuas
1528 1297 1675 1351 mise-

138 1400 309 1452 ricordia
335 1414 445 1467 erga
478 1411 729 1466 pauperes
771 1392 949 1464 (Dan.
1004 1392 1057 1446 4.
1103 1390 1175 1443 ει
1293 1388 1388 1443 Est
1426 1398 1480 1443 et
1528 1389 1627 1441 alia
1653 1428 1669 1453 ,

137 1506 283 1561 nenpe
306 1492 594 1544 orationum
626 1488 943 1557 frequentia,
969 1494 1025 1540 et
1055 1485 1106 1538 in
1139 1481 1387 1553 precibus
1408 1480 1474 1535 ad
1501 1481 1668 1535 Deum

134 1587 293 1638 emissis
336 1583 748 1653 perseverantia.
780 1580 949 1635 Ail‘ert
974 1580 1136 1634 etiam
1164 1575 1319 1631 nobis
1347 1573 1673 1629 consolatio.

133 1694 220 1733 nem
246 1694 334 1731 non
358 1675 615 1729 modicam
642 1683 697 1729 et
726 1673 1099 1729 remissionem
1141 1676 1483 1740 peccatorum
1527 1666 1671 1735 jeju-

133 1773 261 1833 nium,
289 1770 487 1838 quando
538 1783 661 1821 cum
715 1765 1044 1836 benignitate
1092 1777 1215 1832 erga
1269 1760 1402 1815 alios
1442 1756 1670 1825 conjun-

129 1873 233 1914 tlttttt
265 1874 369 1926 est,
416 1873 573 1930 atque
629 1861 723 1913 ira:
772 1859 863 1913 Dei
914 1857 1309 1912 Vehementiam
1358 1852 1668 1923 exstinguit.

173 1972 183 2001 '
213 1970 319 2029 Vox,
338 1969 459 2029 diti,
475 1972 625 2020 deest.
648 1973 695 2019 iu
716 1968 857 2018 Savil.

1788 468 1968 541 Ignem
2017 471 2162 526 enim
2201 472 2551 541 ﬂammantem
2597 486 2733 540 aqua
2780 469 3096 543 exstinguet,
3154 480 3201 526 et
3262 474 3393 526 etea-

1786 563 2014 634 mosynis
2040 572 2248 633 peccata
2276 571 2564 635 purgantur
2593 561 2791 633 (Eccli.
2824 563 2881 620 '5.
2916 563 2986 619 30
3007 560 3050 637 ).
3082 563 3137 618 in
3163 562 3244 618 his
3265 579 3395 633 ergo

1786 653 1887 708 viis
1914 655 2167 710 omnibus
2193 654 2525 724 gradiantur.
2550 654 2605 711 Si
2630 655 2775 710 enim
2817 656 2869 710 in
2912 655 2979 710 iis
3018 669 3242 726 semper
3274 672 3395 709 ver-

1784 759 1987 809 semur,
2013 745 2056 799 si
2086 746 2139 800 in
2158 745 2222 802 iis
2250 760 2412 801 omne
2440 746 2680 802 studium
2709 749 3069 813 insumamus,
3101 761 3208 801 non
3232 746 3393 800 modo

1786 836 2056 905 praeterita
2082 845 2302 906 peccata
2324 837 2629 906 abluemus,
2662 836 2758 894 sed
2788 838 2952 894 etiam
2984 838 3037 893 in
3063 835 3250 892 futuro
3274 853 3391 891 ma-

1782 928 1925 981 xima
1957 927 2306 983 lucrabimur.
2334 928 2521 999 Neque
2546 930 2689 985 enim
2729 928 2946 985 diabolo
2974 930 3149 985 locum
3198 928 3394 984 offere-

1783 1026 1902 1073 m'us
1931 1034 2030 1075 nos
2062 1020 2374 1087 invadendi,
2405 1037 2582 1093 neque
2605 1022 2656 1077 in
2686 1022 2968 1093 segnitiem
3004 1022 3088 1077 vel
3112 1021 3165 1075 in
3211 1021 3391 1091 perni-

1781 1112 1983 1167 ciosam
2014 1112 2384 1169 curiositatem
2415 1114 2738 1170 incidemus.
2772 1114 2874 1169 Per
2907 1114 3025 1167 lucc
3049 1112 3196 1167 enim
3225 1119 3388 1182 atque

1781 1203 1885 1258 alia
1912 1246 1925 1269 ,
1968 1204 2185 1259 insanas
2215 1204 2334 1260 illas
2380 1206 2747 1275 quaestiones,
2797 1206 3093 1275 uoxiasque
3145 1203 3387 1273 disputa-

1782 1294 1958 1349 tiones
1988 1293 2224 1360 indueit,
2269 1296 2414 1366 quod
2440 1297 2645 1354 otiosos
2689 1296 3017 1367 desidesque
3062 1294 3283 1363 videat,
3334 1307 3389 1351 et

1781 1385 1981 1440 nullam
2008 1387 2134 1441 vitre
2162 1388 2345 1457 proba:
2372 1404 2557 1444 curam
2589 1390 2862 1460 gerentes.
2889 1390 2958 1445 At
2988 1404 3087 1445 nos
3109 1388 3256 1446 hunc
3308 1389 3383 1445 illi

1780 1478 1987 1531 aditum
2012 1478 2378 1546 ohstruamus,
2399 1482 2704 1552 vigilemus,
2734 1483 2898 1539 sobrii
2929 1483 3121 1550 simus,
3156 1493 3213 1538 ut
3239 1492 3387 1555 post-

1779 1582 1938 1638 quam
1967 1568 2072 1625 hoc
2114 1570 2262 1627 brevi
2311 1582 2555 1643 tempore
2601 1575 2872 1630 modicum
2920 1576 3380 1641 laboraverimus,

1781 1660 2174 1716 immortalibus
2201 1677 2296 1732 per
2321 1664 2527 1720 infinita
2554 1666 2749 1722 saecula
2776 1666 3015 1723 fruamur
3042 1667 3200 1723 bonis
3218 1710 3234 1735 ,
3263 1684 3385 1737 gra-

1782 1750 1852 1802 tia
1900 1760 1955 1805 et
1998 1752 2330 1823 benignitate
2379 1755 2591 1810 Domini
2644 1757 2816 1812 nostri
2854 1757 2985 1813 Jesu
3013 1757 3255 1834 Christi,
3289 1774 3385 1830 per

1778 1857 1938 1912 quem
1972 1844 2026 1899 et
2054 1860 2177 1900 cum
2211 1862 2318 1917 quo
2348 1848 2530 1915 Patri,
2557 1859 2610 1904 et
2632 1865 2735 1904 una
2773 1849 2996 1921 Spiritui
3040 1863 3227 1908 sancto
3265 1853 3386 1924 κιο.

1777 1933 1855 1988 ria
1877 1974 1891 1999 ,
1926 1934 1978 1989 in
2005 1940 2201 1993 saecula
2229 1941 2574 1997 saeculorum.
2604 1942 2801 1997 Amen.

128 2063 3358 2094 _——_—__———-————-—————-———————________—___.

1421 2134 1753 2200 HOMILIA
1799 2139 1969 2204 VIII.

202 2295 306 2348 Erat
330 2296 416 2348 tua:
444 2309 560 2346 vera
583 2334 598 2355 ,
628 2306 742 2362 quas
766 2290 1022 2342 illuminat
1061 2301 1260 2339 onmem
1300 2279 1555 2337 hominem

444 2387 724 2439 venientem
753 2384 804 2437 in
836 2383 969 2436 hunc
999 2379 1267 2433 mundum.

174 2484 208 2533 l.
233 2480 442 2535 Christus
472 2494 621 2532 verus
650 2476 786 2530 Deus
809 2486 900 2529 est.
945 2473 975 2527 Ι
980 2490 1070 2543 pse
1092 2514 1107 2538 ,
1136 2488 1252 2525 cum
1280 2470 1343 2523 sit
1370 2469 1463 2522 lua:
1508 2482 1627 2520 vera
1648 2505 1663 2531 ,

120 2592 183 2624 rur
213 2590 299 2626 non
344 2589 511 2626 omnes
540 2570 815 2624 illuminet.
863 2566 1022 2620 Pauli
1071 2561 1392 2621 Samosateni
1440 2558 1663 2621 insania.

120 2666 255 2719 inanis
275 2665 442 2735 glorite
462 2664 727 2733 tyrannis.
758 2660 985 2715 Mundus
1013 2661 1097 2729 qui
1122 2657 1380 2711 Christum
1425 2671 1528 2709 non
1575 2670 1666 2709 co-

120 2758 281 2823 gnorit,
308 2755 435 2820 quis.
466 2752 748 2823 Propltette
794 2751 1048 2819 quomodo
1094 2747 1354 2802 Christunt
1394 2754 1662 2800 noverunt.

118 2876 165 2884 —
188 2846 306 2900 Nihil
330 2846 467 2901 enim
493 2844 764 2913 prohibet,
794 2843 1081 2913 quominus
1111 2840 1270 2896 hodie
1290 2838 1477 2894 eadem
1502 2835 1664 2891 verba

121 2935 449 3002 expendamus,
476 2936 601 3004 quia
629 2949 798 3003 nuper
832 2932 1147 3002 dogmatum
1182 2930 1447 2999 expositio
1489 2929 1662 2997 impe-

118 3027 304 3083 dimento
358 3028 487 3093 fuit,
532 3027 822 3097 quominus
867 3026 1045 3079 omnia
1098 3039 1220 3093 qua:
1265 3025 1404 3078 lecta
1450 3020 1665 3077 fuerant

117 3120 468 3186 explicaremus.
499 3116 605 3174 Ubi
632 3126 756 3172 sunt
797 3118 957 3188 igitur
987 3116 1091 3180 illi,
1119 3115 1210 3185 qui
1258 3114 1449 3169 dicunt
1485 3114 1659 3183 ipsum

118 3226 258 3265 verum
282 3211 440 3266 Deum
470 3226 578 3264 non
608 3210 776 3265 esse?
806 3209 903 3263 llic
939 3208 1084 3263 enim
1117 3208 1208 3262 lux
1258 3222 1382 3259 vera
1427 3204 1662 3274 appella-

116 3316 205 3367 tur;
232 3304 342 3359 alibi
374 3319 503 3359 vero
537 3304 654 3372 ipsa
684 3305 905 3367 veritas,
936 3300 1051 3371 ipsa
1079 3300 1208 3354 vita.
1248 3298 1444 3354 Verum
1484 3294 1614 3352 illud
1640 3336 1655 3362 ,

116 3413 268 3451 rumeo
288 3399 704 3466 pervenerimus,
729 3400 967 3465 apertius
998 3393 1368 3464 indagabimus
1402 3410 1416 3447 :
1448 3391 1500 3445 in
1521 3406 1661 3461 prae-

113 3492 211 3542 senti
253 3503 416 3544 autem
467 3504 695 3545 necesse
739 3497 821 3544 est
859 3487 911 3541 id
953 3486 1167 3541 interim
1210 3485 1420 3540 caritati
1464 3492 1661 3539 vestras

114 3593 357 3635 recensere.
384 3581 437 3636 Si
469 3580 737 3635 illuminat
776 3594 994 3635 omnem
1030 3578 1305 3634 hominem
1351 3578 1658 3633 venientem

112 3670 145 3720 in
168 3670 284 3726 hunc
312 3672 569 3726 mundum
595 3712 613 3739 ,
643 3670 914 3741 quomodo
952 3678 1029 3724 tot
1054 3668 1303 3725 homines
1333 3684 1440 3723 non
1466 3668 1659 3723 illumi-

111 3762 187 3813 rati
213 3764 455 3818 manent?
475 3763 595 3818 Non
620 3764 764 3818 enim
787 3777 979 3817 omnes
1008 3760 1210 3817 Christi
1256 3761 1461 3815 cultum
1491 3774 1659 3831 agno-

108 3864 240 3907 scunt.
266 3857 542 3923 Quomodo
586 3871 716 3927 ergo
757 3856 1026 3911 illuminat
1070 3870 1285 3909 omnem
1339 3853 1657 3909 hominem?

109 3946 318 4008 Quantum
345 3949 398 4000 in
430 3948 552 4019 ipso
583 3959 687 4002 est.
731 3947 786 4003 Si
814 3948 903 4016 qui
931 3961 1060 4001 vero
1103 3954 1298 4015 sponte
1335 3959 1430 3999 sua
1463 3944 1657 4000 mentis

107 4038 247 4091 oculos
267 4038 599 4104 claudentes,
634 4038 789 4113 hujus
826 4039 966 4093 lueis
1014 4037 1197 4093 radios
1242 4037 1522 4107 percipere
1550 4051 1652 4089 no-

111 4128 209 4194 iiut,
252 4147 345 4184 tton
390 4148 455 4185 ex
502 4140 696 4186 natura
742 4131 876 4185 lucis
925 4131 1109 4185 evenit
1156 4130 1297 4200 quod
1332 4129 1383 4182 in
1418 4127 1656 4183 tenebris

108 4234 334 4290 mutarint,
370 4225 465 4279 sed
495 4240 565 4279 ex
597 4224 832 4293 nequitia
861 4237 1051 4278 eorum
1079 4224 1166 4292 qui
1212 4232 1405 4292 sponte
1447 4236 1507 4277 se
1553 4221 1656 4277 hoc

109 4324 267 4376 [ιω-ειη
294 4331 533 4369 munere.
567 4315 752 4369 Gratia
782 4315 985 4384 quippe
1013 4314 1064 4368 in
1095 4328 1285 4367 omnes
1312 4312 1482 4367 effusa
1530 4323 1652 4379 est;

110 4406 421 4461 nonludzenm
452 4451 468 4473 ,
500 4423 614 4461 non
664 4406 912 4461 Graecum
942 4446 957 4470 ,
1010 4420 1115 4460 non
1172 4404 1498 4470 barbarum,
1545 4419 1654 4460 non

107 4500 322 4565 Srytlmm,
350 4515 454 4552 non
490 4499 747 4565 liberum,
773 4514 879 4553 non
917 4514 1154 4565 servum,
1184 4512 1292 4551 non
1323 4498 1517 4565 virum,
1548 4513 1653 4554 non

108 4590 347 4655 mulierem,
374 4608 482 4647 non
510 4607 701 4647 senem
725 4632 739 4655 ,
768 4606 876 4645 non
902 4591 1159 4660 juvenem
1193 4599 1474 4646 aversatur
1500 4606 1514 4655 ;
1557 4591 1652 4645 sed

108 4698 244 4735 t'liiiltls
269 4686 511 4741 similiter
540 4685 781 4739 admittit
806 4726 821 4750 ,
862 4696 917 4740 et
941 4698 1064 4739 cum
1094 4685 1208 4755 pari
1237 4692 1396 4739 vocat
1426 4684 1651 4740 honore.

106 4775 172 4836 Qui
198 4789 302 4829 vero
329 4778 517 4831 nolunt
552 4775 658 4832 hoc
684 4774 786 4830 frui
814 4775 959 4830 dono
983 4819 996 4842 ,
1028 4774 1167 4831 hanc
1195 4775 1297 4830 sibi
1338 4775 1467 4845 ipsis
1494 4776 1653 4829 cacci-

108 4868 503 4936 tutcmintputcut
531 4875 774 4938 oportet.
827 4867 962 4922 Cum
1007 4867 1153 4921 enim
1204 4866 1351 4920 aditu
1404 4867 1655 4921 omnibus

107 4964 348 5024 talentc,et
370 4975 400 5013 a
430 4959 656 5014 nemine
683 4957 997 5024 intercluso,
1025 4956 1241 5027 quidam
1265 4973 1329 5013 ex
1356 4957 1653 5012 voluntaria

107 5050 287 5116 nequitia
312 5064 456 5106 extra
492 5059 743 5117 manent,
772 5052 805 5105 ii
838 5065 937 5107 suo
954 5059 1157 5106 tantum
1173 5052 1305 5108 vitio
1327 5051 1655 5121 pereunt.ln

106 5136 245 5195 mdo
259 5152 359 5197 erat
388 5160 406 5197 :
435 5154 491 5197 at
520 5158 634 5198 non
666 5154 938 5214 tamquam
968 5144 1169 5199 mundo
1190 5154 1498 5200 cozctaneus
1521 5165 1536 5212 ;
1556 5145 1656 5200 ab-

106 5240 164 5282 szt.
186 5232 287 5288 Ideo
314 5236 508 5302 intulit,
536 5234 607 5289 Et
638 5237 856 5289 mundus
883 5252 972 5306 per
995 5237 1162 5305 ipsum
1192 5242 1357 5308 factus
1378 5248 1448 5291 est
1470 5237 1652 5308 (Joan.

109 5320 138 5369 ί.
167 5322 268 5390 10);
293 5341 381 5395 per
410 5326 530 5380 hrcc
565 5340 779 5380 rursum
814 5334 864 5380 te
893 5326 1098 5381 inducit
1119 5327 1184 5381 ad
1212 5328 1355 5382 illam
1384 5328 1653 5400 Unigeniti

107 5424 194 5468 ante
214 5420 386 5473 szccnla
413 5419 815 5474 exsistentiatn.
848 5418 978 5473 Nam
1005 5420 1094 5489 qui
1121 5421 1323 5475 audivit
1362 5422 1501 5476 hunc
1532 5424 1655 5477 uni-

108 5518 266 5561 tersutn
278 5510 527 5564 mundum
548 5510 696 5563 illius
713 5524 832 5565 esse
850 5524 1004 5579 Opus,
1023 5510 1232 5565 etiamsi
1258 5526 1417 5567 sensu
1438 5529 1665 5583 prorsus

105 5608 255 5661 rneat,
272 5602 477 5656 etiamsi
510 5589 768 5656 inimicus
791 5611 847 5655 et
873 5601 1213 5658 adversarius
1236 5603 1422 5673 gloria:
1447 5605 1540 5660 Dei
1564 5606 1654 5672 sit,

108 5690 288 5743 altatnen
318 5693 445 5745 velit
466 5691 610 5747 nolit
635 5732 649 5757 ,
685 5690 1019 5747 conditorem
1057 5704 1185 5748 ante
1229 5694 1442 5764 Opificia
1490 5695 1657 5752 fuisse

110 5779 570 5856 uottfttericogctur.
611 5783 975 5851 Quamobrem
1022 5785 1203 5842 mirari
1253 5802 1469 5859 seraper
1515 5788 1657 5845 subit

1776 2282 1924 2338 Pauli
1952 2285 2283 2346 Samosateni
2313 2293 2614 2359 insaniam,
2648 2296 2921 2366 quomodo
2946 2305 3053 2352 tam
3081 2298 3380 2355 manifestas

1773 2379 1983 2431 veritati
2008 2380 2273 2439 obsistere
2304 2387 2552 2453 poluerit,
2572 2401 2799 2458 seseque
2829 2400 3023 2460 sponte
3048 2392 3376 2461 praecipitem

1774 2466 2001 2525 dederit.
2036 2470 2219 2542 Neque
2240 2475 2382 2530 enim
2412 2492 2477 2531 ex
2499 2478 2819 2548 ignorantia,
2853 2481 2946 2536 sed
2976 2484 3052 2537 rei
3084 2482 3375 2538 admodum

1774 2573 1975 2627 gnarus
2005 2564 2236 2630 erravit,
2272 2582 2379 2621 non
2410 2584 2572 2624 secus
2602 2586 2665 2625 ac
2691 2570 2885 2627 Judaei.
2910 2572 3377 2641 Quemadmodum

1773 2654 1917 2706 enim
1948 2655 2047 2722 illi,
2078 2667 2135 2711 ut
2157 2657 2468 2715 hominibus
2493 2674 2919 2731 assentarentur,
2955 2682 3140 2723 sanam
3192 2669 3379 2738 prodi-

1773 2741 1904 2799 dere
1933 2744 2123 2815 ﬂdem,
2155 2750 2309 2820 gnari
2336 2753 2511 2823 ipsum
2542 2753 2887 2825 Unigenitum
2916 2758 3009 2812 Dei
3040 2774 3190 2824 esse,
3232 2760 3379 2829 prin-

1771 2835 1950 2906 cipum
1969 2854 2100 2895 vero
2126 2852 2271 2898 metu
2303 2844 2354 2899 id
2387 2861 2497 2900 non
2530 2848 2873 2913 conﬁtentes,
2907 2866 2977 2905 ne
3005 2867 3070 2906 ex
3101 2866 3372 2924 synagoga

1772 2929 2099 2997 eiicerentur
2133 2949 2145 2986 :
2182 2935 2251 2989 ita
2283 2944 2338 2991 et
2366 2937 2516 2991 illum
2546 2938 2600 2993 in
2632 2941 2876 2995 mulieris
2912 2942 3215 3012 cujuspiam
3254 2960 3379 3015 gra-

1771 3022 1898 3077 tiam
1921 3064 1936 3088 ,
1990 3024 2221 3081 salutem
2271 3043 2422 3083 suam
2455 3030 2703 3101 inquiunt
2729 3032 3030 3101 prodidisse
3060 3033 3378 3105 (rt).’Gravis

1770 3112 1914 3168 enim
1940 3156 1955 3182 ,
1984 3118 2163 3184 gravis
2184 3128 2331 3175 certe
2358 3129 2442 3176 est
2472 3123 2648 3179 inanis
2691 3125 2879 3195 gloria:
2922 3127 3164 3198 tyrannis
3185 3168 3198 3193 ,
3255 3144 3376 3199 qua:

1770 3209 1941 3275 possit
1961 3213 2122 3265 etiam
2155 3212 2478 3283 sapientium
2518 3216 2707 3271 oculos
2743 3233 3052 3285 excmcare,
3083 3220 3183 3274 nisi
3229 3222 3366 3291 vigi-

1770 3300 1903 3357 lent.
1932 3302 2066 3358 Nam
2094 3306 2140 3360 si
2172 3321 2395 3361 munera
2441 3308 2495 3363 id
2542 3320 2805 3379 possunt,
2861 3312 3033 3367 multo
3076 3314 3246 3383 magis
3289 3313 3376 3370 hic

1767 3392 1993 3450 affectus
2045 3396 2203 3469 longe
2270 3399 2579 3457 violentior.
2646 3402 2851 3459 Idcirco
2902 3403 3105 3461 Judaeis
3161 3406 3377 3463 dicebat

1766 3484 2056 3541 Christus:
2086 3491 2357 3555 Quomodo
2389 3494 2598 3562 potestis
2629 3495 2869 3561 credere,
2904 3496 2991 3565 qui
3045 3497 3261 3568 gloriam
3312 3500 3374 3553 ab

1768 3578 2057 3635 hominibus
2083 3583 2317 3652 accipitis
2341 3625 2356 3649 ,
2390 3594 2438 3639 et
2464 3586 2681 3653 gloriam
2704 3627 2719 3653 ,
2748 3602 2864 3656 qua:
2891 3604 2923 3640 a
2953 3587 3061 3643 solo
3104 3586 3216 3643 Deo
3256 3600 3328 3645 est
3356 3630 3370 3657 ,

1764 3687 1869 3726 non
1892 3672 2118 3743 quaeritis
2150 3672 2347 3743 (Joan.
2376 3675 2429 3730 5.
2466 3674 2570 3747 44)
2595 3678 2618 3728 ?
2645 3676 2734 3731 10.
2765 3676 2832 3730 Et
2859 3678 3076 3733 mundus
3122 3696 3238 3733 eum
3269 3698 3371 3735 non

1764 3764 2014 3832 cognovit.
2071 3764 2169 3819 Hic
2224 3766 2484 3821 mundum
2525 3776 2685 3824 vocat
2729 3770 3127 3827 multitudinem
3182 3787 3374 3828 corru-

1766 3864 1911 3924 ptam
1957 3865 2012 3911 et
2038 3859 2271 3913 terrenis
2300 3861 2461 3915 rebus
2490 3861 2787 3916 inhiantem
2816 3904 2830 3927 ,
2864 3865 3073 3919 turbam
3096 3907 3109 3931 ,
3142 3867 3334 3937 vulgus
3354 3910 3369 3933 ,

1768 3946 2117 4017 insipientem
2149 3951 2427 4020 pepulum.
2458 3950 2592 4007 Nam
2623 3953 2717 4008 Dei
2755 3955 2914 4010 amici
2941 3965 2997 4012 et
3026 3958 3373 4016 admirabiles

1765 4041 1865 4095 viri
1898 4056 2090 4097 omnes
2112 4042 2285 4111 ipsum
2313 4086 2327 4109 ,
2356 4044 2518 4100 etiam
2546 4056 2670 4102 ante
2698 4047 3121 4106 incarnationem
3144 4093 3157 4115 ,
3202 4068 3371 4108 nove-

1763 4141 1904 4187 rant.
1932 4132 2006 4187 De
2028 4134 2333 4203 patriarcha
2357 4137 2558 4207 quippe
2588 4140 2904 4194 nominatim
2929 4140 3060 4196 dicit
3081 4142 3327 4201 Christus
3355 4165 3369 4201 :

1764 4223 2024 4278 Abraham
2050 4236 2192 4295 pater
2218 4239 2378 4282 vester
2406 4231 2695 4297 exsultauit,
2714 4240 2767 4285 ut
2794 4232 2981 4287 videret
3007 4236 3144 4289 diem
3171 4254 3337 4292 meum
3353 4254 3372 4293 :

1764 4324 1810 4369 et
1834 4316 1978 4381 vidit,
2006 4327 2052 4371 et
2081 4320 2284 4388 gavisus
2312 4329 2384 4374 est
2425 4321 2618 4392 (Joan.
2644 4322 2699 4378 8.
2729 4323 2861 4394 56).
2907 4326 2981 4381 De
3031 4326 3231 4384 Davide
3276 4346 3372 4386 au-

1766 4416 1871 4461 tem
1898 4406 2120 4463 Judaeos
2150 4409 2436 4467 confutans
2472 4431 2485 4466 :
2522 4415 2789 4481 Quomodo
2816 4434 2935 4487 ergo
2964 4417 3136 4474 David
3166 4422 3217 4476 in
3247 4422 3372 4493 Spi-

1762 4500 1863 4551 ritu
1892 4509 2035 4554 t'ocat
2060 4517 2173 4554 eum
2202 4500 2513 4571 Dominum,
2544 4506 2752 4561 dicens:
2782 4506 2928 4563 Dixit
2980 4508 3232 4567 Dominus
3258 4513 3370 4568 Do-

1762 4592 1901 4645 mino
1928 4608 2037 4646 meo
2063 4633 2077 4657 ,
2109 4593 2245 4648 Sede
2273 4611 2307 4649 a
2332 4595 2528 4652 dextris
2554 4599 2679 4652 meis
2705 4600 2725 4669 (
2747 4600 2940 4657 Matth.
2967 4603 3059 4657 9.2.
3102 4605 3192 4660 43.
3225 4608 3296 4663 44
3316 4610 3371 4677 )i

1762 4683 1840 4736 Ac
1871 4696 2015 4751 saepe
2044 4682 2150 4738 illis
2180 4685 2455 4742 obsistens
2485 4728 2501 4753 ,
2535 4688 2773 4761 Moysem
2803 4704 3089 4750 memorat.
3126 4696 3200 4752 De
3240 4701 3370 4754 reli-

1761 4774 1881 4845 quis
1906 4790 2038 4830 vero
2070 4778 2348 4847 prophetis
2378 4781 2677 4849 apostolus.
2700 4781 2902 4839 Omnes
2914 4786 3058 4840 enim
3078 4788 3371 4859 prophetas

1762 4882 1791 4921 a
1821 4866 2074 4924 Samuele
2105 4871 2254 4925 illum
2283 4873 2604 4941 cognovisse
2629 4916 2643 4940 ,
2674 4884 2729 4931 et
2779 4876 3069 4934 adventura
3114 4882 3233 4950 ejus
3277 4883 3372 4939 diu

1762 4969 1889 5015 ante
1918 4964 2312 5029 prtenuntiasse
2339 4964 2474 5020 dicit
2506 4965 2699 5021 Petrus
2731 4966 2814 5022 his
2841 4969 3021 5024 verbis
3050 4988 3063 5024 :
3096 4971 3167 5025 Et
3194 4990 3373 5031 omnes

1763 5056 2025 5125 propheta:
2049 5072 2080 5108 a
2103 5055 2348 5111 Samuele
2380 5067 2427 5111 et
2453 5058 2690 5130 deinceps
2710 5062 2797 5131 qui
2837 5062 3030 5133 loquuti
3070 5078 3222 5134 sunt,
3271 5087 3372 5123 an-

1764 5147 2123 5201 nuutiaverunt
2152 5148 2259 5203 dies
2280 5150 2405 5203 istos
2432 5152 2449 5219 (
2473 5150 2586 5204 Act.
2616 5153 2669 5207 5.
2701 5152 2835 5226 24).
2857 5153 3061 5212 Iacobo
3092 5168 3271 5216 autem
3319 5172 3375 5217 et

1828 5299 1902 5361 (α)
1934 5300 2066 5359 Quod
2090 5300 2209 5350 dicit
2247 5300 2619 5365 Chrysostomus
2644 5340 2659 5365 ,
2703 5305 2905 5356 Paulum
2926 5314 3295 5362 Samosatenum
3321 5316 3372 5365 itt

1763 5361 2261 5435 mulieriscujusdam
2302 5366 2544 5435 gratiam,
2568 5366 2782 5435 salutem
2802 5381 2941 5435 suam
2969 5372 3246 5433 prodidisse
3264 5412 3278 5435 ,
3306 5377 3375 5427 de

1761 5425 1971 5500 ρευσρἰ
1994 5424 2589 5500 Palmyrenorutnregina
2610 5428 2829 5500 intelligi
2848 5424 3021 5487 debet.
3036 5446 3149 5500 quae
3174 5424 3372 5487 Paulum

1762 5487 2444 5559 samosatenum'aliquantdiu
2455 5487 2830 5559 protexit.Qu6d
2848 5502 3015 5559 autem
3030 5487 3371 5559 dieit,Paulum

1762 5548 1810 5597 in
1824 5547 2046 5619 mulieris
2058 5548 2191 5599 illius
2212 5547 2507 5619 gratiam,.et
2520 5561 2688 5619 contra
2698 5547 2857 5619 quam
2880 5558 2986 5619 ipse
3002 5547 3255 5613 sentiebat
3271 5547 3373 5611 has:-

1762 5612 1926 5681 residi
1938 5610 2070 5660 illam
2089 5610 2369 5681 protulisse,
2395 5610 2564 5681 nescio
2584 5626 2645 5664 an
2667 5610 2793 5665 alius
2808 5610 3037 5681 umﬁuam
3057 5610 3259 5672 dixerit.
3288 5610 3371 5674 la-

1763 5678 1843 5736 ter
1864 5671 1962 5736 alia
1973 5671 2139 5723 autem
2172 5671 2369 5726 dicebat
2390 5676 2567 5727 Paulus
2584 5671 2927 5729 Samosatenus
2963 5683 3131 5731 Filium
3154 5671 3206 5733 iu
3230 5671 3372 5736 Patre

1762 5735 1963 5797 quidem
2000 5749 2116 5807 esse
2138 5751 2157 5807 ;_
2186 5738 2278 5807 sed
2311 5751 2429 5807 _n_on_
2462 5744 2719 5807 tmfxm,
2744 5755 2855 5807 non
2878 5743 3155 5807 hypostasin
3182 5735 3369 5795 habere

1764 5809 1921 5859 suam,
1946 5799 2074 5862 quod
2100 5800 2159 5849 ad
2183 5798 2385 5850 sabellii
2419 5802 2634 5852 hacresin
2660 5798 2941 5853 aceedehai.
