4164 6320
718 355 788 412 ΙΓΙ
1463 340 1519 396 S.
1557 332 1832 393 JOANNIS
1870 325 2336 385 CllllYSOSTOMl
2380 323 2698 378 ABCIIIEP.
2737 315 3270 378 CONSTANTINOP.
3918 303 3989 360 68

722 469 856 534 patri
881 509 897 532 ,
932 481 1138 520 nec-non
1158 472 1209 518 et
1228 473 1327 516 avo
1353 456 1468 526 ejus
1487 495 1502 520 ,
1533 464 1587 508 et
1628 450 1859 516 visusct
1885 447 2135 515 loquutus
2161 450 2283 530 est,

722 563 888 630 iiSque
913 556 1073 611 multa
1102 563 1154 609 et
1176 565 1360 621 magna
1391 562 1448 601 se
1475 546 1720 600 daturum
1747 550 1830 595 est
1858 536 2145 609 pollicitus,
2174 545 2294 602 qute

719 624 880 705 etiam
904 653 1224 713 exsequutus
1255 649 1355 696 est.
1389 635 1668 706 Quomodo
1696 649 1824 702 ergo
1849 672 1864 696 ,
1895 627 2139 698 inquies,
2181 624 2295 692 ipse

718 742 850 794 dixit
873 781 887 802 ,
921 735 1073 790 Multi
1098 733 1359 805 propheta:
1385 729 1644 784 voluerim:
1675 724 1841 777 videre
1863 735 1977 791 qum
2005 715 2178 772 videtis
2198 756 2213 780 ,
2246 722 2292 765 et

718 848 816 884 non
841 829 1069 882 t-iderunt
1089 869 1103 890 ,
1129 835 1174 880 et
1201 823 1376 877 audire
1399 836 1512 891 qua:
1546 816 1732 872 auditis
1751 856 1766 878 ,
1800 823 1847 866 et
1889 829 1988 866 non
2025 808 2294 862 audierunt

715 923 734 990 (
764 918 886 972 Luc.
924 918 1004 972 l0.
1034 915 1179 984 21)?
1206 915 1393 967 Annon
1437 908 1650 963 fuerunt
1681 905 1798 972 ejn‘s
1825 900 2144 990 cognitionis
2176 911 2296 966 par-

719 988 942 1080 ticipes?
972 1006 1203 1061 Fuerunt
1230 1011 1374 1057 certe
1403 1018 1415 1053 :
1447 999 1604 1068 idque
1631 1012 1695 1052 ex
1726 995 1826 1048 hoc
1861 994 1999 1057 loco,
2030 988 2171 1045 unde
2199 1002 2296 1056 pu-

719 1111 833 1158 tant
859 1099 1071 1172 quidam
1105 1099 1246 1166 ipsos
1296 1094 1392 1148 hac
1419 1089 1718 1160 eogttitione
1765 1087 1997 1157 privatos
2018 1124 2034 1146 .
2067 1082 2294 1136 demon-

719 1170 893 1250 Strarc
926 1188 1162 1245 tentabo.
1195 1184 1348 1241 Multi
1377 1183 1517 1240 enim
1539 1223 1554 1247 ,
1594 1180 1796 1250 inquit,
1839 1177 2102 1230 voluerunt
2130 1170 2298 1224 videre

719 1301 831 1356 qua:
853 1283 1048 1338 videtis.
1081 1282 1264 1350 Itaque
1292 1278 1539 1332 viderunt
1570 1288 1689 1329 eum
1719 1271 1783 1324 ad
1813 1267 2075 1323 homines'
2104 1273 2296 1318 ventu-

720 1354 834 1433 rum
865 1391 985 1432 esse
1001 1416 1013 1437 ,
1046 1383 1100 1428 et
1126 1388 1189 1427 ea
1215 1371 1642 1439 dispensatorem
1665 1379 1784 1433 qum
1804 1375 1928 1414 vere
1949 1354 2295 1425 dispensavit.

720 1469 901 1537 Neque
942 1467 1118 1530 enim,
1159 1461 1260 1518 nisi
1288 1459 1582 1520 novissent,
1623 1453 1803 1508 videre
1847 1447 2293 1518 concupivissent.

721 1535 887 1613 Nemo
909 1557 1050 1610 etiim
1077 1567 1261 1609 eorum
1285 1591 1300 1616 ,
1329 1565 1555 1619 quorum
1589 1544 1832 1601 notitiam
1861 1558 1964 1596 non
1997 1538 2172 1599 habet,
2203 1535 2297 1590 de-

723 1648 923 1704 siderio
951 1647 1064 1716 capi
1095 1652 1288 1714 potest.
1320 1641 1502 1709 Itaque
1531 1643 1896 1707 cognoverunt
1918 1632 2107 1686 Filium
2158 1628 2250 1682 Dei
2277 1667 2296 1694 ,

721 1751 775 1795 et
798 1750 1076 1794 venturum
1107 1750 1230 1790 eum
1258 1733 1322 1787 ad
1355 1731 1598 1784 homines
1642 1742 1760 1783 esse
1810 1731 2094 1778 noverunt.
2138 1719 2297 1786 Quaa-

724 1848 845 1887 nam
873 1844 1001 1899 ergo
1030 1836 1155 1881 sunt
1173 1841 1291 1895 quae
1315 1821 1658 1883 nescierunt,
1691 1828 1743 1872 et
1771 1830 2015 1886 quautam
2041 1828 2162 1882 quae
2192 1827 2298 1864 nou

722 1920 1041 1978 audierunt?
1088 1918 1210 1972 lla-c
1257 1933 1374 1986 qua:
1428 1928 1566 1968 nunc
1619 1926 1713 1967 vos
1757 1909 1948 1963 videtis
1994 1917 2045 1959 et
2083 1904 2298 1958 auditis.

720 2013 872 2083 Quod
894 2013 938 2067 si
963 2012 1039 2066 illi
1073 2017 1126 2065 et
1151 2023 1333 2065 vocem
1356 2007 1471 2076 ejus
1492 2005 1791 2064 audierunt,
1817 2008 1869 2054 et
1889 1999 2133 2053 viderunt
2152 2011 2298 2060 eum,

721 2116 774 2158 at
803 2120 906 2158 non
933 2103 1201 2165 iuearue,
1235 2112 1406 2168 neque
1451 2097 1522 2150 ita
1567 2108 1685 2148 cum
1731 2088 2033 2144 hominibus
2082 2099 2303 2139 versan-

725 2208 862 2258 teni,
920 2207 1090 2260 neque
1145 2199 1248 2243 tam
1297 2188 1460 2242 libere
1500 2199 1622 2238 eum
1677 2181 1804 2252 ipsis
1833 2180 2158 2248 loquentem.
2191 2173 2303 2227 lloc

725 2288 882 2357 igitur
909 2294 962 2338 et
987 2284 1100 2353 ipse
1129 2281 1432 2352 signiﬁcans
1461 2293 1566 2330 non
1594 2274 1906 2343 simpliciter
1932 2271 2089 2333 dixit,
2114 2268 2304 2337 Cupie-

725 2387 844 2431 rttut
872 2374 1053 2429 videre
1083 2389 1200 2438 me;
1228 2369 1322 2425 sed
1349 2367 1510 2438 quid?
1559 2367 1685 2434 Qui:
1731 2381 1816 2418 vos
1868 2363 2080 2425 videtis;
2129 2375 2300 2427 neque

723 2470 907 2524 audire
928 2482 1044 2531 me;
1071 2464 1166 2520 sed
1190 2461 1502 2534 quid?Quw
1546 2475 1638 2512 vos
1683 2456 1888 2510 auditis.
1945 2454 2122 2522 Itaque
2182 2452 2305 2504 licet

725 2561 840 2629 ejus
869 2560 921 2612 in
949 2571 1111 2611 carne
1137 2555 1420 2609 adventum
1453 2566 1557 2605 non
1588 2547 1836 2610 viderint,
1871 2545 2101 2598 futurum
2127 2552 2302 2596 tamen

727 2668 847 2707 esse
892 2655 1185 2709 noverunt,
1236 2658 1393 2712 quem
1435 2639 1615 2695 videre
1639 2637 1959 2707 cupiebant;
1994 2634 2045 2688 in
2077 2645 2306 2700 cumque

726 2743 1051 2805 credebant,
1087 2739 1212 2794 licet
1239 2737 1388 2791 illum
1416 2734 1467 2788 in
1495 2746 1658 2789 carne
1702 2745 1809 2784 non
1858 2728 2134 2782 vidissent.
2171 2722 2303 2780 Cum

730 2839 903 2906 itaque
925 2848 1021 2888 nos
1045 2830 1273 2901 gentiles
1299 2824 1665 2882 accusaverim
1685 2821 1926 2877 dicentes
1947 2837 1956 2870 :
1977 2815 2111 2884 Quid
2137 2813 2302 2887 priori

729 2926 816 2980 illo
847 2935 1086 2991 tempore
1113 2918 1339 2973 faciebat
1364 2916 1628 2978 Christus,
1658 2926 1777 2966 cum
1807 2908 2040 2966 nondum
2072 2905 2305 2961 humano

726 3015 910 3088 generi
943 3010 1309 3084 prospiceret?
1340 3018 1394 3063 et
1415 3023 1510 3063 cur
1536 3015 1780 3062 extremo
1811 3012 2050 3070 tempore
2085 2999 2226 3053 venit
2249 3008 2306 3051 ut

730 3117 924 3163 nostra:
951 3104 1111 3161 saluti
1158 3099 1502 3174 provideret,
1552 3108 1829 3169 postquam
1871 3105 2015 3150 tanto
2065 3102 2307 3162 tempore

729 3213 825 3254 nos
851 3193 1192 3267 neglexerat?
1222 3191 1663 3263 reSpondebimus
1689 3231 1704 3256 ,
1753 3189 1927 3259 ipsum
1979 3187 2140 3240 etiam
2182 3193 2305 3238 ante

729 3287 1015 3342 adventum
1047 3284 1195 3338 illum
1227 3283 1277 3336 in
1307 3279 1507 3337 mundo
1528 3279 1723 3341 fuisse,
1754 3277 1820 3332 de
1847 3275 2100 3347 operibus
2138 3275 2206 3329 ab
2248 3289 2306 3327 se

729 3375 948 3432 edendis
975 3374 1121 3444 prius
1148 3372 1409 3442 cogitasse
1433 3410 1446 3433 ,
1482 3378 1643 3440 atque
1673 3369 1774 3424 illis
1821 3368 2069 3424 omnibus
2119 3364 2304 3436 cogni-

730 3477 838 3521 tum
868 3464 1031 3520 fuisse
1051 3506 1066 3529 ,
1096 3463 1184 3533 qui
1219 3463 1315 3517 hac
1345 3461 1652 3530 cognitione
1675 3460 1817 3530 digni
1851 3469 2021 3514 erant.
2065 3458 2214 3526 Quod
2262 3460 2303 3512 si

727 3558 849 3627 quia
878 3570 982 3610 non
1007 3555 1253 3610 omnibus
1281 3564 1404 3607 tunc
1432 3563 1588 3607 notus
1613 3549 1731 3614 fuit,
1763 3552 1855 3604 sed
1895 3551 2072 3620 probis
2104 3557 2304 3603 unitum

729 3660 783 3704 et
834 3648 1029 3703 virtute
1074 3647 1337 3715 jrzeditis,
1393 3645 1512 3700 ideo
1559 3645 1734 3699 dicitis
1785 3643 1932 3697 illum
1981 3643 2306 3713 incognitum

731 3740 894 3794 fuisse
913 3780 928 3804 ,
958 3737 1145 3792 eadem
1177 3737 1385 3790 ratione
1415 3735 1586 3804 ipsum
1616 3748 1757 3788 nunc
1783 3748 1998 3802 quoque
2026 3746 2130 3786 non
2178 3731 2306 3786 ado-

732 3831 834 3885 rari
873 3829 942 3884 ab
980 3827 1282 3882 hominibus
1327 3826 1569 3881 dixeritis
1594 3867 1607 3890 ,
1657 3826 1778 3896 quia
1824 3827 1984 3880 etiam
2033 3838 2175 3878 nunc
2201 3839 2306 3878 non

729 3935 917 3976 omnes
947 3920 1119 3988 ipsum
1152 3926 1416 3972 noverunt
1465 3916 1570 3971 Sed
1610 3913 2057 3985 quemadmodqu
2087 3914 2139 3968 in
2173 3929 2309 3984 prac-

733 4012 864 4069 senti
884 4025 1062 4076 nemo,
1078 4010 1198 4080 quia
1226 4025 1253 4063 a
1280 4009 1458 4063 multis
1475 4009 1763 4078 ignoratur,
1785 4008 1953 4075 ipsum
1975 4021 2005 4060 a
2023 4005 2202 4060 multis
2219 4022 2311 4060 co-

728 4102 911 4170 gnosci
929 4102 1201 4172 negaverit
1221 4120 1235 4153 :
1257 4101 1333 4155 sic
1360 4115 1531 4169 neque
1548 4097 1895 4154 dubitandum
1923 4108 2007 4153 est
2026 4099 2196 4166 ipsum
2220 4111 2311 4150 su-

732 4191 1028 4260 perioribus
1054 4191 1156 4244 illis
1173 4189 1523 4256 temporibus,
1545 4204 1575 4242 a
1599 4188 1800 4253 multis,
1824 4189 1932 4242 imo
1951 4188 2111 4242 etiam
2135 4187 2312 4255 probis

733 4282 838 4335 illis
871 4288 926 4335 ct
971 4279 1299 4333 admirandis
1351 4277 1478 4333 viris
1522 4279 1770 4333 onmibus
1814 4277 2084 4348 cognitum
2127 4276 2308 4332 fuisse.

801 4371 858 4425 2.
887 4371 1041 4438 Quod
1072 4373 1116 4426 si
1147 4372 1265 4441 quis
1299 4371 1494 4424 dixerit
1520 4413 1535 4437 ,
1567 4367 1672 4424 Cur
1701 4385 1805 4423 non
1839 4383 2027 4423 onmcs
2059 4377 2182 4422 tunc
2210 4369 2309 4437 ipsi

733 4461 1099 4525 adhazscrnnt,
1129 4460 1301 4532 neque
1320 4478 1509 4516 ornoes
1537 4463 1707 4531 ipsum
1735 4462 2015 4516 coluerunt
2041 4503 2055 4525 ,
2081 4462 2172 4515 sed
2205 4460 2308 4514 soli

728 4553 900 4622 justi?
925 4553 1236 4608 sciscitabor
1261 4562 1316 4608 et
1338 4569 1438 4623 ego
1457 4593 1473 4619 ,
1501 4551 1609 4607 Cur
1631 4554 1792 4608 etiam
1825 4570 1965 4608 nunc
1989 4570 2093 4608 non
2121 4571 2310 4610 omnes

735 4646 904 4713 ipsum
929 4645 1226 4697 noverunt?
1249 4645 1447 4714 Ecquid
1475 4645 1541 4698 de
1562 4644 1772 4698 Christo
1801 4645 2028 4714 loquor?
2053 4644 2182 4699 Nam
2213 4646 2313 4700 Pa-

737 4747 868 4788 trem
906 4750 1116 4803 qnoque
1145 4734 1261 4801 ejus
1297 4749 1394 4788 cur
1433 4748 1537 4787 non
1568 4750 1754 4788 omnes
1796 4745 1849 4788 et
1892 4744 2017 4789 tttnc
2059 4746 2112 4789 et
2156 4737 2313 4790 hodie

737 4826 1032 4879 noverunt?
1076 4824 1268 4879 Verum
1311 4825 1398 4878 alii
1447 4825 1624 4877 omnia
1665 4837 1864 4896 temere
1915 4825 2039 4880 ferri
2082 4824 2306 4890 dicunt;

734 4917 822 4970 alii
852 4915 1185 4969 da-monibus
1215 4915 1452 4969 universi
1482 4914 1864 4984 providentiam
1896 4916 2164 4970 tribuunt:
2191 4925 2315 4968 sunt

733 5008 894 5061 etiam
923 5005 1010 5060 alii
1038 5047 1052 5071 ,
1080 5007 1168 5075 qui
1211 5015 1404 5075 praeter
1430 5004 1572 5059 hunc
1601 5006 1763 5060 Deum
1789 5046 1805 5072 ,
1837 5007 2000 5059 alium
2029 5006 2131 5059 sibi
2163 5021 2308 5059 com-

734 5096 1088 5151 miniscuntur
1108 5114 1121 5150 :
1141 5112 1207 5150 ex
1229 5094 1293 5150 iis
1311 5095 1527 5166 quidam
1554 5096 1912 5150 adversariam
1944 5097 2052 5150 Deo
2073 5106 2312 5167 potesta-

735 5201 842 5243 tem
870 5202 991 5242 esse
1012 5185 1410 5256 blasphemant,
1438 5198 1493 5243 et
1512 5188 1655 5256 leges
1680 5189 1796 5257 ejus
1815 5189 2031 5257 maligni
2053 5188 2313 5242 dmmouis

733 5294 856 5335 esse
886 5286 1096 5348 putant.
1139 5277 1275 5345 Quid
1314 5277 1511 5348 igitur?
1549 5295 1674 5334 num
1717 5280 1837 5334 ideo
1868 5280 2110 5335 dicemus
2143 5280 2311 5334 Deum

736 5385 840 5424 non
882 5385 1039 5435 esse,
1079 5371 1202 5439 quia
1243 5369 1456 5439 quidam
1499 5370 1601 5428 hoc
1631 5372 1856 5426 dicunt?
1888 5389 2011 5427 num
2044 5385 2097 5426 et
2142 5372 2311 5442 manu

737 5462 937 5514 malum
960 5474 1079 5516 esse
1104 5458 1502 5527 conﬁtebimur,
1533 5463 1654 5532 quia
1684 5463 1897 5532 quidam
1926 5463 1975 5516 id
2005 5462 2165 5530 impie
2189 5480 2311 5531 pro-

741 5552 998 5608 litentur?
1029 5554 1208 5624 Apage
1233 5553 1509 5607 stultitiam
1541 5564 1938 5626 extremamque
1961 5555 2306 5611 dementiam.

802 5681 819 5711 '
848 5678 1165 5752 Sav'tlz'legil,
1186 5684 1246 5752 de
1270 5682 1419 5742 ralis,
1445 5698 1547 5752 pro,
1566 5685 1631 5735 ad
1645 5684 1878 5752 [geminas
1907 5695 1960 5736 at
1979 5700 2039 5737 ex
2058 5687 2248 5738 duobus
2269 5691 2310 5738 si

741 5744 950 5793 alterum
969 5744 1170 5806 dicatur,
1198 5745 1405 5797 alterum
1448 5744 1845 5809 'sulv'tntcllt'gitur.

2409 436 2539 492 Nam
2567 437 2612 491 si
2641 452 2705 492 ex
2740 434 3028 490 furentium
3064 430 3266 501 judicio
3303 429 3550 496 dogmata
3582 434 3942 479 statueremus
3969 462 3990 489 ,

2409 532 2540 586 nihil
2571 530 2784 586 obesset
2811 527 3098 598 quominus
3123 533 3178 579 et
3205 522 3302 592 ipsi
3348 522 3525 574 furore
3554 518 3864 586 gravissimo
3891 514 3990 568 du-

2405 638 2670 678 ceremur.
2703 619 2862 676 Certe
2891 634 3051 675 nemo
3082 618 3250 671 solem
3277 625 3463 668 natura
3489 626 3581 666 sua
3609 609 3779 663 oculis
3810 608 3992 677 perni-

2407 715 2612 768 ciosum
2641 727 2759 766 esse
2788 710 3024 775 dixerit,
3062 710 3183 778 quia
3227 703 3469 760 nonnulli
3499 703 3665 756 oculis
3700 701 3988 761 laborant;

2406 806 2500 859 sed
2532 803 2737 859 lucidus
2765 802 2960 856 dicitur
2981 817 3046 855 ex
3073 815 3260 874 eorum
3281 798 3371 866 qui
3401 810 3560 849 sanos
3588 794 3772 847 oculos
3793 791 3995 844 habent

2405 896 2607 964 judicio
2638 913 2649 946 :
2682 895 2783 948 mel
2807 907 3017 962 quoque
3047 905 3205 944 nemo
3232 902 3472 942 aniarum
3500 884 3691 939 dixerit
3715 925 3728 944 ,
3758 883 3880 952 quia
3911 881 3993 934 in-

2407 987 2573 1041 llrmis
2602 985 2919 1056 quibusdam
2951 983 3054 1037 tale
3079 982 3286 1036 videtur
3304 994 3452 1043 esse;
3475 989 3528 1032 et
3543 977 3707 1030 Deum
3733 986 3906 1029 tamen
3929 987 3996 1026 ex

2408 1080 2741 1133 inﬁrmorum
2768 1076 3021 1145 Opinione
3053 1075 3133 1130 vel
3161 1089 3265 1128 non
3295 1086 3415 1127 esse
3441 1113 3455 1136 ,
3483 1071 3568 1124 vel
3598 1069 3792 1120 malum
3827 1080 3950 1120 esse
3979 1106 3993 1126 .

2405 1171 2485 1224 vel
2532 1170 2690 1223 modo
2744 1167 3024 1237 providere
3045 1208 3059 1230 ,
3092 1165 3250 1220 modo
3287 1178 3389 1218 non
3435 1160 3713 1232 providere
3735 1201 3747 1222 ,
3779 1157 3996 1224 quidam

2409 1260 2875 1332 pronuntiabunt?
2909 1258 3105 1324 Ecquis
3135 1257 3255 1310 illos
3281 1270 3424 1309 sana:
3453 1252 3649 1308 mentis
3675 1264 3794 1305 esse
3816 1248 3997 1302 dicat?

2404 1353 2524 1423 quis
2555 1368 2657 1406 non
2699 1350 2927 1405 furiosos
2958 1360 3011 1404 et
3049 1358 3289 1405 extrema
3319 1345 3584 1401 dementia
3631 1351 3813 1410 captos
3839 1339 3994 1395 dixe-

2412 1445 2524 1499 rit?
2571 1443 2797 1498 Mundus
2839 1459 2950 1496 eum
2977 1458 3077 1495 non
3116 1441 3344 1510 cognorit
3369 1480 3384 1502 ,
3415 1437 3639 1507 inquies.
3677 1434 3781 1488 Sed
3815 1434 3848 1487 ii
3878 1432 3998 1500 qui-

2413 1537 2508 1591 bus
2537 1536 2730 1606 dignus
2761 1551 2862 1590 non
2893 1544 3008 1589 erat
3033 1533 3265 1589 mundus
3285 1573 3298 1594 ,
3333 1531 3506 1600 ipsum
3539 1539 3822 1582 noverunt.
3861 1524 3994 1581 Cum

2407 1639 2582 1683 autem
2620 1637 2882 1682 memorat
2921 1640 3014 1680 eos
3057 1626 3147 1694 qtti
3192 1626 3362 1693 ipsum
3403 1637 3508 1676 non
3544 1628 3840 1679 noverunt,
3873 1632 3996 1672 car-

2410 1720 2540 1790 ptim
2569 1719 2883 1789 ignorantia:
2913 1731 3125 1771 causam
3159 1714 3374 1770 indicat.
3405 1712 3587 1780 Neque
3616 1711 3755 1764 enim
3793 1708 4000 1777 simpli-

2407 1812 2543 1866 citer
2583 1810 2750 1874 dixit,
2793 1808 2960 1863 Nemo
3003 1808 3174 1878 ipsum
3222 1804 3406 1868 novit;
3435 1803 3526 1858 sed
3552 1843 3565 1864 ,
3611 1800 3840 1854 Mundus
3880 1816 4000 1855 eum

2410 1920 2512 1958 non
2555 1902 2782 1972 cognovit
2808 1918 2826 1965 ;
2858 1899 2912 1955 id
2957 1909 3068 1960 est,
3098 1900 3132 1951 ii
3171 1896 3416 1951 homines
3444 1895 3532 1965 qui
3565 1892 3763 1947 mundo
3791 1900 3996 1946 tantum

2413 1997 2656 2058 ha'rent,
2689 2006 2743 2050 et
2788 2010 2847 2048 ea
2897 2008 3016 2064 qum
3058 1992 3239 2047 mundi
3284 1999 3407 2045 sunt
3448 1988 3680 2057 sapiunt.
3723 1987 3811 2041 Sic
3854 1983 3998 2040 enim

2409 2090 2547 2144 solet
2586 2087 2833 2143 Clu-istos
2874 2087 3018 2156 ipsos
3048 2085 3355 2155 appellare,
3391 2092 3449 2136 ut
3477 2096 3596 2136 cum
3627 2079 3794 2142 dicit,
3845 2075 4002 2131 Pater

2410 2191 2599 2246 sancte,
2631 2191 2677 2232 et
2703 2179 2924 2232 mundus
2948 2187 2993 2231 te
3019 2195 3119 2231 non
3141 2176 3373 2247 cognovit
3403 2174 3580 2244 (Joan.
3619 2172 3704 2227 Π.
3732 2170 3845 2238 25).
3880 2167 3998 2224 Non

2413 2272 2570 2341 igitur
2603 2270 2794 2324 Filium
2827 2278 3067 2334 tantum,
3101 2269 3194 2324 sed
3229 2267 3388 2322 etiam
3430 2265 3641 2320 Patrem
3683 2265 3800 2332 ejus
3840 2276 4001 2314 mun-

2411 2362 2514 2415 dus
2538 2361 2800 2430 ignoravit
2826 2401 2841 2424 ,
2874 2369 2930 2412 ut
2957 2359 3287 2414 dicebamus.
3317 2357 3453 2411 Nihil
3486 2355 3627 2410 enim
3665 2353 3734 2407 ita
3764 2361 4004 2405 mentem

2413 2453 2592 2506 turbat
2612 2494 2626 2518 ,
2659 2463 2715 2505 ut
2738 2452 2897 2506 rebus
2920 2450 3275 2520 praesentibus
3297 2447 3523 2502 inhiare.
3559 2447 3684 2500 llaec
3709 2460 3830 2498 cum
3860 2441 4005 2495 scia-

2414 2545 2480 2598 tis
2510 2587 2522 2610 ,
2557 2560 2585 2598 a
2624 2543 2824 2598 mttndo
2866 2559 2960 2597 vos
3001 2551 3314 2611 segregate,
3344 2547 3399 2594 et
3439 2554 3468 2593 a
3499 2536 3801 2592 carnalibus
3842 2533 4012 2589 rebus

2412 2635 2681 2690 abscedite
2702 2677 2715 2700 ,
2746 2644 3004 2714 quantum
3036 2633 3148 2687 lieri
3190 2631 3390 2701 poterit
3425 2649 3434 2679 :
3468 2643 3642 2698 neque
3671 2627 3812 2682 enim
3860 2627 3911 2680 in
3946 2641 4012 2682 re

2412 2727 2605 2781 nullius
2637 2727 2791 2796 pretii
2819 2726 2944 2780 hinc
2971 2726 3224 2780 danmnm
3254 2725 3422 2777 oritur
3445 2761 3461 2788 ,
3492 2721 3583 2776 sed
3615 2720 3668 2775 in
3697 2719 3871 2789 capite
3901 2718 4010 2774 bo-

2415 2832 2626 2870 norum.
2657 2816 2841 2886 Neque
2868 2816 3010 2870 enim
3041 2824 3214 2884 potest
3244 2813 3435 2875 homo,
3468 2812 3558 2880 qui
3592 2810 3871 2881 pnesentis
3895 2809 4007 2864 ειεγί

2412 2909 2576 2964 rebus
2596 2908 2880 2963 admodum
2911 2907 3079 2962 hmret
3098 2947 3112 2970 ,
3139 2906 3374 2961 Cielestia
3397 2915 3541 2959 recte
3564 2902 3838 2972 percipere
3863 2919 3876 2956 :
3905 2901 4012 2957 sed

2416 3015 2639 3078 necesse
2675 3009 2755 3053 est
2780 3013 2902 3053 eum
2925 3039 2938 3056 .
2971 2997 3060 3067 qui
3097 2997 3180 3050 his
3219 2994 3463 3051 addictus
3499 2994 3606 3059 est,
3630 2993 3696 3047 ab
3723 2993 3824 3047 illis
3854 2993 4012 3049 exci-

2412 3093 2543 3147 dere
2577 3110 2589 3148 :
2628 3090 2746 3144 Non
2775 3093 2980 3160 potestis
3011 3089 3175 3153 enim,
3218 3088 3410 3158 inquit,
3453 3085 3561 3141 Deo
3588 3087 3773 3140 servire
3795 3094 3841 3138 et
3885 3101 4013 3139 ma-

2413 3197 2578 3236 momv
2621 3179 2786 3252 (Luc.
2838 3179 2920 3238 l6.
2976 3179 3102 3247 13);
3139 3189 3196 3232 ut
3240 3178 3332 3232 uni
3379 3179 3719 3246 hrereamus,
3767 3175 4012 3230 alterunt

2414 3274 2596 3327 odisse
2625 3280 2858 3341 uporlrt.
2896 3270 3020 3324 Ilaec
3051 3270 3164 3340 ipsa
3196 3284 3378 3324 rerum
3409 3267 3736 3337 experientia
3783 3265 4009 3320 clamat.

2413 3363 2514 3431 Qui
2557 3363 2698 3418 enim
2748 3362 3092 3431 prconiarum
3134 3359 3624 3430 concupiscentiam
3664 3357 3940 3421 derident,
3976 3358 4016 3414 ii

2416 3458 2648 3512 maxime
2678 3464 2804 3510 sunt
2831 3457 2919 3525 qui
2945 3455 3112 3510 Deum
3143 3463 3201 3508 ut
3231 3454 3383 3508 decet
3407 3463 3622 3517 amant;
3651 3450 4015 3521 quemadmo-

2413 3551 2540 3604 dum
2581 3561 2634 3604 et
2661 3550 2750 3619 qui
2791 3564 2820 3600 a
2853 3547 3114 3618 principio
3153 3547 3273 3601 illas
3298 3546 3562 3600 mirantur
3589 3587 3604 3610 ,
3638 3545 3671 3598 ii
3704 3545 4016 3615 praesertim

2415 3642 2652 3711 suntqui
2683 3642 2847 3695 Deum
2881 3640 3156 3694 remissius
3183 3637 3433 3706 diligunt.
3467 3637 3660 3691 Anima
3688 3636 3828 3691 cnim
3864 3634 4016 3688 divi-

2418 3736 2609 3789 tiarum
2636 3748 2821 3787 amore
2848 3733 3016 3786 semel
3040 3740 3195 3800 capta
3222 3770 3237 3795 ,
3271 3745 3376 3783 non
3405 3727 3562 3783 facile
3585 3727 3806 3781 absistet
3839 3726 3909 3780 ab
3944 3727 4021 3782 iis

2415 3825 2636 3893 agendis
2657 3865 2673 3891 ,
2702 3839 2819 3893 qua:
2848 3823 3014 3877 Deum
3046 3821 3112 3876 ad
3144 3821 3275 3876 iram
3308 3828 3638 3891 provocant,
3673 3827 3857 3889 utpote
3886 3834 4020 3888 ane

2415 3915 2571 3970 alteri
2617 3914 2823 3968 serviat
2870 3914 3124 3978 domino,
3155 3911 3244 3981 qui
3296 3912 3348 3965 in
3387 3910 3637 3965 omnibus
3676 3917 3860 3965 contra
3911 3908 4018 3965 Dei

2417 4005 2662 4059 mandata
2712 4004 3003 4072 pnecijiiat.

2493 4097 2753 4164 Quantum
2782 4095 3051 4147 discrimen
3071 4095 3201 4147 inter
3230 4108 3395 4147 servos
3425 4092 3613 4147 Christi
3639 4101 3683 4144 ct
3709 4107 3876 4145 servos
3898 4108 4022 4146 rura-

2418 4202 2598 4241 monis.
2623 4215 2694 4225 —
2719 4186 2938 4254 Vigilate
2981 4185 3160 4253 itaque
3185 4193 3238 4238 et
3261 4184 3689 4254 expergiscimini
3717 4224 3732 4248 ,
3765 4199 3826 4239 ac
3852 4185 4016 4254 cogi-

2420 4287 2592 4331 tantes
2634 4275 2908 4345 CtljuSttztltt
2941 4274 3143 4329 domini
3173 4277 3342 4329 sintus
3396 4274 3536 4329 servi
3562 4316 3575 4337 ,
3613 4275 3726 4343 ejus
3769 4285 4018 4328 tantum-

2421 4369 2581 4422 modo
2638 4383 2860 4437 rcgnum
2906 4368 3229 4437 diligamus;
3297 4370 3571 4437 lugeamus
3622 4380 3676 4422 et
3730 4370 4013 4437 prerterita

2417 4462 2756 4530 deploremus
2788 4470 3048 4528 tempora,
3096 4461 3289 4529 quibus
3326 4474 3589 4514 mamonae
3639 4459 3967 4516 servivimus
4000 4481 4014 4516 :

2417 4555 2726 4622 ahjiciamus
2767 4551 2932 4606 semel
2969 4554 3152 4620 jugum
3197 4551 3315 4621 ejus
3358 4565 3522 4621 grave
3548 4560 3602 4605 et
3630 4549 4019 4617 intolerabile,

2419 4657 2475 4701 et
2509 4647 2693 4715 jugum
2734 4644 2931 4700 Christi
2986 4645 3100 4697 leve
3129 4654 3185 4697 et
3228 4658 3392 4697 suave
3441 4659 3562 4697 cum
3609 4643 4020 4712 perseverantia

2420 4738 2691 4800 feramus;
2735 4737 2823 4807 qui
2877 4734 3008 4788 nihil
3059 4735 3162 4789 tale
3209 4733 3494 4802 praecipit,
3537 4734 3692 4802 quale
3734 4747 4018 4788 mamona.

2423 4833 2517 4886 llic
2546 4832 2686 4886 enim
2713 4831 2865 4898 jubet
2895 4845 2996 4884 nos
3041 4829 3292 4884 omnibus
3322 4828 3570 4882 inimicos
3613 4813 3771 4890 esse;
3818 4834 4021 4882 contra

2421 4939 2548 4978 vero
2592 4923 2838 4977 Christus
2866 4962 2879 4984 ,
2922 4935 3111 4974 omnes
3155 4919 3404 4988 amplecti
3448 4928 3502 4972 et
3529 4933 3731 4972 amare.
3777 4916 3886 4972 llle’
3912 4933 4022 4971 nos

2421 5014 2531 5066 luto
2571 5023 2625 5066 et
2672 5011 2928 5066 lateribus
2972 5009 3232 5079 alﬁgens,
3263 5008 3365 5063 hoc
3405 5018 3489 5063 est
3527 5024 3656 5062 auro
3681 5047 3696 5073 ,
3742 5021 3808 5062 ne
3844 5018 4021 5062 noctu

2420 5103 2632 5173 quidem
2682 5103 2811 5157 sinit
2860 5116 2959 5156 nos
3015 5100 3098 5154 vel
3152 5100 3422 5169 paululum
3480 5101 3788 5167 respirare;
3840 5097 3930 5152 hic
3985 5117 4018 5152 a

2413 5193 2680 5262 superﬂua
2722 5193 2810 5246 illa
2839 5203 2893 5247 ct
2921 5193 3104 5246 insana
3153 5207 3282 5246 cura
3313 5207 3412 5246 nos
3442 5192 3669 5256 liberat;
3715 5190 3808 5245 sed
3849 5190 4016 5259 jubet

2421 5283 2698 5340 thesauros
2740 5285 2790 5336 in
2822 5282 2953 5336 c:elo
2975 5298 3162 5351 parare
3197 5301 3208 5335 :
3236 5297 3340 5336 non
3371 5297 3436 5337 ex
3462 5282 3648 5352 injuria
3681 5281 3797 5337 aliis
3819 5282 3967 5336 illata
3995 5324 4015 5347 ,

2419 5374 2514 5429 sed
2543 5390 2608 5428 ex
2655 5374 2868 5444 pr0pria
2894 5373 3119 5443 jnstitia.
3155 5373 3247 5428 Ille
3276 5382 3393 5442 pest
3419 5374 3612 5427 multos
3643 5371 3865 5427 sudores
3904 5389 4017 5427 nu-

2420 5474 2560 5519 stros
2587 5475 2640 5516 et
2685 5465 2928 5518 miserias
2961 5479 3065 5516 non
3108 5464 3301 5532 poterit
3326 5463 3514 5518 adesse
3541 5463 3691 5518 nobis
3714 5503 3730 5530 ,
3759 5478 3877 5518 erm
3906 5481 4018 5518 ex-

2419 5565 2588 5610 tremo
2617 5555 2879 5624 supplicio
2907 5556 3191 5624 punicmur
3214 5595 3228 5620 ,
3262 5562 3318 5609 et
3346 5556 3416 5609 ob
3442 5555 3586 5624 leges
3613 5554 3731 5625 ejus
3761 5567 4019 5613 servatas

2420 5647 2559 5701 mala
2592 5647 2854 5716 patiemur
2881 5664 2892 5711 ;
2925 5648 3030 5700 imo
3061 5645 3329 5701 ﬂammam
3357 5647 3654 5708 accendet;
3685 5647 3768 5702 hic
3794 5647 3834 5701 si
3869 5664 4018 5716 pne--

2422 5739 2580 5810 cipiat
2622 5741 2866 5809 poculum
2898 5754 3048 5809 aqua:
3076 5737 3280 5809 frigidie
3310 5739 3470 5809 dare,
3504 5756 3570 5795 ne
3600 5739 3757 5808 hujus
3782 5725 4008 5810 quidem
