4164 6320
192 389 239 443 ω
1252 368 1315 424 ΙΝ
1354 363 1668 422 JOANNEM
1712 360 1785 417 1ιὶ

1896 361 1942 415 [δ.
1977 361 2066 416 lx.
2111 363 2181 416 al.
2216 360 2346 418 VIII.
3428 358 3495 411 70

195 505 295 560 ficti
339 496 653 555 mercedem
688 493 865 548 amitti
897 491 1038 545 sinet
1068 529 1081 552 ,
1116 485 1210 541 sed
1254 485 1399 553 large
1432 497 1531 537 nos
1561 478 1782 551 praemio

194 593 409 649 donabit.
445 592 645 642 Annon
677 594 936 641 extrema:
964 578 1251 635 dentcntiie
1285 575 1448 629 fuerit
1475 614 1490 637 ,
1525 583 1631 626 tam
1666 572 1782 641 pla-

197 684 290 738 riila
323 693 375 735 et
404 691 483 734 tot
521 679 684 733 bonis
719 675 915 730 referta
960 671 1219 725 servitute
1248 667 1491 737 neglecta
1517 708 1531 730 ,
1564 664 1781 733 ingrato

193 773 381 829 δεινὴ-θ
424 760 655 842 tyranno
683 808 695 829 ,
727 764 818 834 qui
867 776 1037 831 neque
1082 759 1168 813 hic
1192 800 1205 823 ,
1242 770 1417 825 neque
1460 753 1573 808 illic
1608 760 1789 822 potest

192 880 266 916 eos
290 863 385 933 qui
417 862 518 914 sibi
552 860 916 924 obsequentes
954 862 1078 906 sunt
1106 849 1337 918 juvare?
1372 845 1558 917 Neque
1608 844 1659 897 id
1692 857 1784 911 so-

194 962 284 1011 Iunt
330 958 460 1013 mali
491 966 544 1009 et
587 952 771 1007 damni
801 959 917 1010 est,
949 945 1089 1016 quod
1122 942 1387 1013 supplicio
1428 939 1654 993 traditos
1679 953 1788 992 non

191 1062 330 1108 eruat
356 1071 370 1117 ;
401 1050 497 1106 sed
543 1046 683 1117 quod
713 1087 727 1109 ,
761 1055 817 1098 ut
843 1042 950 1097 dixi
971 1083 985 1104 ,
1014 1052 1276 1108 sequaces
1317 1050 1445 1089 suos
1490 1029 1789 1087 innumeris

190 1149 367 1199 obruat
401 1142 580 1199 malis.
629 1138 897 1193 Plurimos
939 1132 1083 1187 enim
1111 1146 1176 1183 cx
1209 1129 1273 1181 iis
1303 1127 1391 1197 qui
1424 1125 1494 1179 ibi
1539 1122 1788 1177 crucian-

193 1250 262 1291 tur
286 1278 301 1301 ,
336 1234 523 1288 videre
563 1240 646 1284 est
687 1230 809 1282 ideo
838 1224 1101 1295 supplicio
1134 1220 1362 1274 traditos
1388 1259 1402 1283 ,
1431 1214 1573 1287 quod
1623 1228 1789 1283 pecu-

192 1329 279 1383 niis
313 1323 605 1380 servierint
633 1330 688 1375 et
712 1334 900 1373 aurum
929 1314 1162 1370 amat-int
1182 1354 1196 1379 ,
1219 1311 1510 1380 cgenisque
1534 1321 1640 1361 non
1668 1319 1787 1360 ero-

192 1422 375 1491 garint.
410 1420 543 1484 Qua:
588 1431 655 1471 ne
686 1428 785 1468 nos
805 1418 1018 1482 Quoque
1049 1406 1343 1476 patiamur,
1368 1403 1745 1472 dispergamus
1771 1439 1786 1464 ,

192 1518 372 1567 demus
405 1507 728 1580 pauperibus
754 1547 769 1570 ,
816 1502 1050 1556 animam
1099 1506 1335 1552 nostram
1384 1506 1637 1548 eruamus
1667 1500 1721 1545 et
1759 1505 1788 1542 a

1896 479 2069 532 noxiis
2113 476 2271 546 hujus
2326 480 2453 531 vita:
2499 478 2680 544 curis,
2710 486 2766 533 ct
2794 492 2824 531 a
2875 478 3141 549 supplicio
3190 480 3297 559 illic
3345 487 3500 541 nobis

1896 582 2082 640 parato
2115 572 2487 638 :deponatnns
2510 570 2777 640 justitiam
2811 571 2861 624 in
2894 572 3041 625 ewlis
3075 590 3087 624 :
3122 575 3238 626 loco
3262 583 3506 629 terrena-

1894 680 2011 719 rum
2030 679 2191 734 opum
2217 664 2536 734 colligamus
2559 663 2847 719 thesauros
2869 665 2957 734 qui
2982 666 3188 719 absumi
3215 678 3506 738 nequeant,

1898 757 2180 812 thesauros
2208 759 2295 826 qui
2322 757 2529 827 possint
2557 757 2841 810 nobiscum
2874 758 2924 809 in
2957 757 3149 811 caelum
3185 760 3467 827 pervenire
3490 803 3503 821 .

1896 850 1985 920 qui
2017 853 2223 919 possint
2264 851 2420 904 nobis
2452 849 2887 919 periclitantibus
2926 852 3250 917 patrocinari
3282 862 3337 907 et
3361 853 3503 923 judi-

1894 958 2011 997 cem
2044 942 2273 997 reddere
2305 942 2627 1012 propitium;
2658 958 2818 1012 quem
2858 942 3063 996 utinam
3098 954 3153 998 et
3202 960 3345 999 nunc
3372 956 3423 999 et
3453 946 3503 1000 iu

1898 1036 1987 1091 illa
2014 1036 2103 1091 die
2132 1036 2421 1107 propitium
2450 1035 2714 1090 habentes
2735 1077 2749 1103 ,
2780 1050 2904 1089 emn
2930 1036 3180 1091 libertate
3214 1037 3371 1093 bonis
3398 1038 3503 1093 illis

1899 1129 1949 1181 in
1980 1128 2114 1182 caelo
2145 1128 2347 1196 paratis
2381 1128 2446 1180 iis
2472 1127 2562 1196 qui
2593 1136 2743 1180 recte
2770 1126 2999 1196 diligunt
3026 1142 3148 1181 eum
3175 1171 3187 1191 ,
3222 1126 3499 1183 fruamur:

1896 1220 2064 1289 gratia
2107 1230 2163 1273 et
2203 1220 2532 1289 benignitate
2585 1220 2803 1274 Domini
2860 1220 3031 1274 nostri
3080 1220 3208 1276 Jesu
3238 1220 3460 1277 Christi
3492 1266 3504 1284 ,

1896 1312 2109 1381 quicum
2142 1310 2283 1365 Patri
2314 1312 2484 1381 gloria
2517 1326 2734 1382 unaque
2765 1321 2954 1365 saneto
2984 1312 3227 1382 Spiritui,
3262 1329 3404 1370 nunc
3454 1326 3507 1370 et

1896 1418 2145 1473 semper,
2180 1412 2231 1458 et
2260 1401 2314 1457 in
2347 1402 2542 1457 sarcula
2572 1403 2921 1458 sazculorum.
2953 1405 3144 1459 Amen.

1598 1700 1950 1763 HOMILIA
1984 1699 2100 1761 IX.

268 1865 328 1917 Η
348 1902 360 1915 .
391 1860 461 1916 In
492 1860 702 1931 propria
728 1858 881 1924 venit,
913 1865 959 1909 et
987 1861 1065 1909 snt
1094 1869 1207 1907 eum
1236 1866 1337 1904 non
1378 1857 1695 1916 receperunt.

254 1959 301 2011 l.
334 1954 393 2010 Si
426 1953 667 2024 priorum
692 1947 1116 2005 reminiscamini
1146 1988 1160 2011 ,
1188 1960 1309 2013 qute
1338 1949 1636 2012 sequuntur
1663 1954 1786 1994 cum

192 2048 368 2115 majori
418 2046 700 2099 alacritate
746 2040 1105 2110 adjiciemus,
1152 2045 1336 2105 utpote
1386 2034 1476 2121 qui
1532 2040 1785 2103 magnum

192 2140 496 2210 impendere
529 2139 737 2192 lucrum
786 2135 1084 2189 videmnus.
1128 2133 1201 2184 Ita
1251 2130 1393 2183 enim
1443 2127 1596 2181 vobis
1626 2132 1787 2192 captu

194 2235 389 2289 llicilior
419 2246 603 2285 sermo
647 2229 749 2283 erit
776 2269 789 2291 ,
822 2227 866 2281 si
906 2227 1016 2292 jam
1063 2223 1331 2277 dictorum
1388 2217 1784 2281 memineritis;

191 2327 444 2395 nobisque
487 2340 594 2378 non
627 2323 797 2375 multo
839 2333 974 2389 opus
1016 2317 1119 2372 erit
1163 2315 1381 2378 labore,
1429 2327 1550 2365 cum
1598 2323 1692 2363 vos
1722 2323 1787 2361 ex

192 2417 422 2473 discendi
476 2414 773 2486 cupiditate
823 2412 1034 2465 acutius
1074 2418 1271 2463 caetera
1320 2402 1638 2473 dispicietis.
1687 2399 1787 2467 Qui

194 2512 324 2566 enim
378 2524 441 2564 ea
491 2524 612 2578 quae
645 2505 839 2560 tradita
871 2513 998 2556 sunt
1030 2515 1248 2570 semper
1293 2496 1530 2561 amittit,
1563 2493 1789 2548 doctore

190 2619 391 2673 semper
421 2602 620 2670 egebit,
659 2612 759 2653 nec
790 2611 1044 2665 umquam
1072 2594 1206 2648 sciet
1236 2590 1547 2661 quidpiam;
1579 2586 1669 2654 qui
1694 2602 1789 2639 au-

195 2710 287 2752 tem
317 2706 542 2766 accepta
572 2692 848 2758 custodit,
882 2702 933 2746 et
962 2690 1163 2759 reliqua
1194 2684 1507 2756 superaddit
1532 2724 1547 2749 ,
1578 2682 1687 2738 cito
1719 2694 1786 2735 ex

192 2788 447 2866 discipulo
498 2788 755 2855 magister
800 2783 941 2845 erit,
996 2796 1095 2836 nec
1134 2780 1233 2834 sibi
1286 2778 1494 2843 solum,
1527 2774 1623 2830 sed
1668 2772 1787 2826 aliis

190 2896 393 2950 quoilue
424 2880 591 2933 utilis.
620 2874 934 2945 llnjusmodi
961 2886 1125 2942 spero
1153 2872 1264 2925 fore
1286 2870 1424 2922 hanc
1444 2866 1783 2930 concionem,

192 2972 336 3040 idque
381 2986 451 3023 ex
481 2978 630 3021 tanto
661 2978 843 3021 vestro
885 2964 1139 3019 audiendi
1171 2962 1350 3017 studio
1391 2975 1644 3030 auguror.
1674 2960 1787 3028 Age

191 3079 327 3133 ergo,
362 3064 417 3115 in
450 3061 653 3115 vestris
682 3058 899 3123 animis,
937 3055 1095 3125 quasi
1119 3056 1171 3108 in
1207 3053 1475 3107 tutissimo
1507 3054 1782 3115 thesauro,

189 3167 463 3227 argentum
516 3153 729 3209 Domini
760 3150 1101 3221 deponamus
1122 3189 1137 3213 ,
1166 3158 1222 3203 et
1267 3162 1391 3218 qua:
1433 3145 1589 3199 nobis
1622 3143 1783 3198 hodie

193 3250 457 3319 proposita
510 3258 665 3311 sunt,
696 3255 955 3317 qttantum
988 3242 1146 3297 nobis
1176 3240 1411 3311 Spiritus
1441 3238 1611 3310 gratia
1655 3250 1785 3306 sup-

191 3343 455 3407 peditabit,
486 3340 839 3410 explicemus.
878 3338 1133 3399 Dixerat,
1169 3332 1399 3386 Mundus
1428 3348 1543 3385 eum
1570 3346 1671 3383 non
1699 3345 1786 3381 co-

188 3434 375 3503 grwvit,
433 3434 503 3488 de
551 3430 945 3501 antiquioribus
1000 3428 1109 3482 illis
1156 3424 1488 3494 temporibus
1533 3423 1779 3493 loquens.

191 3528 465 3585 Descendit
512 3518 711 3580 deinde
753 3522 819 3577 ad
865 3532 1077 3592 tempus
1112 3518 1545 3591 przcdicationis,
1580 3524 1634 3569 et
1660 3514 1735 3567 ait
1767 3530 1780 3566 :

191 3620 247 3673 In
272 3621 481 3691 propria
512 3619 647 3672 venit
674 3660 687 3680 ,
718 3627 765 3670 et
795 3616 872 3670 sui
904 3631 1020 3668 eum
1045 3630 1148 3667 non
1179 3609 1665 3682 reccperunt.pSuos
1697 3606 1785 3661 hic

185 3711 386 3766 .ludzeos
414 3722 595 3775 vocat,
621 3718 681 3762 ut
708 3707 958 3778 populum
990 3706 1338 3776 peculiarem,
1367 3703 1449 3758 vel
1477 3703 1639 3757 etiam
1668 3716 1789 3755 om-

188 3818 272 3856 nes
316 3800 568 3855 homines
611 3811 881 3869 tamquam
912 3797 980 3852 ab
1008 3798 1124 3867 ipso
1146 3804 1376 3851 creatos.
1410 3796 1488 3848 Ac
1517 3792 1782 3863 quemad-

185 3894 386 3947 modum
417 3907 580 3961 supra
608 3890 679 3946 de
736 3891 1026 3944 multorum
1058 3887 1292 3942 amentia
1338 3896 1562 3955 stupens
1584 3928 1598 3951 ,
1635 3894 1688 3939 et
1715 3883 1783 3937 tle

184 3991 444 4040 unnmuni
471 3994 663 4039 natura
690 3983 1019 4038 erubescens
1045 3981 1279 4046 dicebat,
1313 3979 1573 4034 mundum
1600 3977 1667 4031 ab
1692 3978 1783 4032 illo

185 4078 452 4131 conditum
475 4117 490 4141 ,
524 4085 828 4131 creatorem
872 4089 1030 4129 suum
1065 4088 1170 4127 non
1200 4071 1517 4141 cognovisse
1550 4087 1563 4123 :
1609 4070 1687 4124 sic
1730 4078 1783 4123 et

186 4170 276 4223 hoc
303 4169 423 4233 loco
451 4167 766 4223 Judtnorum
804 4166 1142 4234 aliorumque
1194 4166 1482 4218 multorum
1514 4164 1781 4233 ingratum

184 4264 411 4315 animum
441 4276 589 4331 aegre
621 4261 836 4325 ferens,
867 4260 919 4313 in
944 4260 1247 4329 graviorem
1277 4257 1583 4327 prorumpit
1620 4271 1782 4309 accu-

186 4354 441 4408 sationem
470 4394 484 4415 ,
548 4352 781 4407 dicens:
833 4350 931 4406 Sui
978 4367 1091 4404 eum
1142 4368 1245 4404 non
1290 4360 1629 4419 receperunt,
1682 4347 1782 4401 etsi

186 4444 288 4513 ipse
314 4446 382 4499 ad
428 4444 552 4499 illos
584 4444 813 4498 venerit.
868 4442 1054 4513 Neque
1082 4443 1197 4511 ipse
1228 4442 1402 4496 solum
1433 4483 1448 4507 ,
1482 4441 1576 4495 sed
1621 4439 1782 4495 etiam

188 4536 452 4607 propheta:
485 4537 720 4605 idipsum
748 4534 1050 4591 mirabundi
1072 4535 1323 4589 dixerunt
1358 4550 1372 4587 ε
1405 4547 1613 4588 necnon
1649 4532 1783 4586 Pau-

184 4630 257 4681 lus
284 4629 366 4683 his
394 4628 468 4683 de
497 4628 665 4683 rebus
709 4626 1120 4697 obstttpescens.
1155 4628 1220 4680 Et
1262 4625 1537 4696 propheta:
1568 4625 1783 4694 quidem

183 4735 240 4773 ex
285 4735 519 4790 persona
572 4718 770 4774 Christi
819 4721 1117 4774 clamantes
1161 4719 1461 4773 dixerunt:
1515 4716 1783 4788 Papulas,

181 4829 320 4879 «luem
346 4829 454 4867 non
486 4812 704 4880 cognovi
725 4852 739 4875 ,
772 4811 973 4864 servivit
1007 4812 1132 4865 mihi
1162 4830 1176 4865 :
1211 4812 1263 4864 in
1297 4812 1477 4864 auditu
1501 4810 1639 4863 auris
1669 4810 1787 4862 obe-

185 4905 295 4955 dirit
329 4904 476 4957 mihi.
511 4900 639 4957 Filii
663 4904 818 4957 alieni
847 4904 1040 4958 mentiti
1065 4912 1184 4958 sunt
1211 4904 1372 4964 mihi;
1404 4903 1498 4970 ﬁlii
1525 4902 1679 4955 alieni
1705 4902 1787 4953 in-

186 4996 385 5047 reterati
432 5002 554 5046 sunt
582 5035 596 5059 ,
626 5004 672 5047 et
716 4995 1133 5048 cluudicaverunt
1173 5010 1204 5046 a
1244 4994 1434 5047 sentitis
1474 4993 1581 5045 suis
1614 4990 1785 5062 (Paul.

192 5086 388 5141 l7..45.
420 5083 539 5157 46).
575 5084 643 5138 Et
675 5100 889 5139 rursum
923 5104 936 5140 :
973 5086 1169 5151 Quibus
1200 5102 1303 5139 non
1329 5095 1401 5140 est
1427 5095 1696 5139 narratum
1728 5086 1791 5136 de

187 5193 268 5241 eo,
302 5176 548 5229 videbunt
571 5192 590 5227 :
626 5185 670 5228 et
701 5176 788 5245 qui
838 5192 940 5230 non
984 5176 1288 5243 audierunt,
1320 5176 1599 5247 intelligent
1630 5173 1784 5244 (Isai.

189 5266 267 5319 52.
302 5267 394 5335 15)
421 5283 437 5329 ;
468 5274 523 5320 et
542 5308 556 5329 ,
587 5264 831 5320 Inventus
862 5284 973 5321 sum
1000 5284 1032 5320 a
1056 5285 1157 5321 non
1185 5268 1524 5337 querentibus
1553 5282 1667 5321 me:
1698 5283 1791 5337 pa-

190 5363 281 5409 lant
302 5359 531 5428 apparui
559 5360 621 5413 iis
650 5360 735 5427 qui
768 5376 847 5413 me
866 5376 967 5413 non
994 5359 1373 5431 interrogabant
1400 5358 1561 5427 (Ibitl.
1598 5361 1683 5413 liti.
1718 5360 1786 5427 ι).

193 5450 386 5503 ι’..ιιιηε
428 5461 609 5503 autem
661 5452 726 5503 ad
761 5450 1035 5505 Romanos
1071 5451 1319 5505 scribens
1363 5451 1574 5505 dicebat
1608 5468 1619 5503 :
1655 5450 1792 5514 Quid

190 5541 343 5612 ergo?
366 5542 504 5610 quod
524 5541 785 5609 quwrebat
816 5540 1020 5606 Israel,
1056 5542 1150 5596 hoc
1184 5559 1285 5597 non
1315 5551 1385 5596 est
1415 5553 1751 5613 consequutus
1774 5559 1792 5595 .'

191 5636 358 5685 flfflto
391 5644 558 5687 autem
583 5646 902 5702 consequuta
934 5645 1004 5689 est
1036 5636 1215 5705 (liam.
1245 5637 1326 5691 11.
1358 5637 1433 5705 7).
1468 5638 1529 5691 Et
1558 5637 1747 5691 iterum
1778 5656 1790 5690 ;

196 5724 322 5783 Quid
354 5743 473 5795 ergo
500 5729 730 5780 a'icentns
756 5730 779 5779 .7
813 5727 966 5793 Quod
992 5738 1164 5797 gentes
1189 5771 1200 5792 ,
1248 5745 1362 5794 qua?
1396 5746 1495 5782 non
1527 5729 1792 5781 sectaban-

194 5828 262 5868 ειη
303 5821 590 5887 justitiam,
638 5821 1091 5888 appu'ltcutlertmt
1136 5822 1393 5889 justitiam
1434 5838 1450 5875 .'
1486 5822 1651 5879 Israel
1682 5839 1794 5879 t‘ct'o

1900 1846 2140 1899 sectanda
2168 1846 2329 1916 legent
2356 1846 2607 1916 justitiaz,
2642 1848 2693 1902 in
2720 1848 2883 1920 legent
2911 1852 3132 1922 jnstitite
3156 1871 3256 1907 non
3287 1858 3512 1925 pervenit

1905 1938 2080 2009 (Rom.
2111 1938 2165 1993 9.
2200 1938 2313 2007 30).
2347 1938 2455 1993 lies
2480 1950 2565 1995 est
2593 1942 2737 1994 enim
2770 1942 3131 2000 admiratione
3161 1946 3344 2017 digna,
3377 1965 3511 2020 quo-

1900 2031 2063 2085 tnodo
2092 2031 2125 2084 ii
2154 2033 2241 2101 qui
2285 2035 2335 2085 in
2384 2032 2715 2102 propheticis
2748 2036 2899 2089 libris
2929 2036 3140 2093 educati
3187 2050 3312 2095 sunt
3336 2082 3351 2107 ,
3386 2046 3508 2113 qui-

1898 2140 2003 2194 que
2049 2124 2288 2194 quotidie
2333 2126 2557 2181 audiunt
2604 2128 2823 2199 Moysen
2874 2131 3155 2187 innumera
3200 2134 3267 2190 de
3308 2136 3509 2191 Chrisd

1901 2214 2133 2269 adventu
2188 2216 2494 2286 loquentem
2523 2259 2538 2283 ,
2568 2234 2779 2273 necnon
2826 2224 3169 2290 seqUentium
3206 2234 3507 2296 temporum

1902 2308 2191 2376 prophetas
2219 2350 2233 2374 ,
2266 2319 2428 2377 atque
2458 2309 2631 2378 ipsum
2676 2309 2949 2367 Christum
2979 2316 3220 2384 quotidie
3251 2318 3508 2374 miracula

1902 2409 2201 2469 patrantem
2227 2441 2243 2466 ,
2276 2417 2508 2471 cumque
2556 2404 2686 2473 ipsis
2716 2406 2848 2459 solis
2900 2418 3205 2464 versantem
3232 2453 3247 2477 ,
3279 2413 3507 2467 necdum

1902 2494 2299 2561 permittentetn
2332 2496 2610 2567 discipulis
2640 2510 2696 2552 ut
2728 2500 2779 2553 in
2812 2502 2951 2555 viam
2981 2505 3223 2572 gentium
3251 2506 3463 2562 abirent
3491 2550 3505 2573 ,

1900 2596 1990 2638 aut
2017 2586 2068 2638 in
2098 2588 2372 2642 civitatem
2404 2588 2866 2647 Samaritanorum
2898 2595 3331 2666 ingrederentur,
3365 2602 3507 2670 quod

1901 2679 2207 2747 nequeipse
2239 2681 2465 2736 faciebat
2487 2724 2502 2748 ,
2534 2684 2626 2737 sed
2648 2683 3265 2755 Irequenterdiccbatse
3283 2695 3508 2748 missum

1900 2784 2020 2825 csse
2050 2771 2116 2825 ad
2148 2787 2279 2826 oves
2298 2789 2415 2843 quae
2436 2775 2705 2843 perierant
2725 2777 3100 2836 domuslsrael
3125 2799 3137 2847 ;
3166 2793 3401 2837 attamen
3432 2786 3505 2840 illi

1901 2873 2019 2931 post
2037 2871 2114 2915 tot
2135 2864 2285 2935 signa
2309 2865 2359 2918 in
2384 2867 2609 2935 gratiam
2631 2870 2708 2921 sui
2732 2869 2896 2937 edita,
2923 2886 3043 2927 cum
3066 2876 3352 2944 prOphetas
3373 2893 3508 2948 quo-

1900 2953 2027 3008 tidie
2043 2955 2309 3020 audirent,
2335 2958 2616 3026 ipsutnque
2639 2961 2909 3016 Christum
2935 2959 3150 3021 assidue
3168 2978 3502 3030 monentem.

1899 3061 2068 3112 usque
2096 3047 2232 3101 adeo
2274 3065 2448 3105 caecos
2476 3060 2640 3120 atque
2684 3054 2878 3109 surdos
2924 3072 2983 3109 se
3033 3061 3416 3127 praestiterint,
3451 3074 3507 3117 ut

1897 3138 2048 3189 nullo
2088 3153 2275 3193 eorum
2307 3139 2373 3193 ad
2404 3140 2563 3195 [idem
2614 3142 2666 3195 in
2695 3144 2968 3199 Christum
2998 3147 3176 3203 induci
3212 3154 3503 3220 potui-rint.

1969 3230 2197 3285 Externa
2225 3233 2549 3303 philosophia
2575 3252 2726 3303 quam
2754 3240 2975 3293 absurda
3002 3252 3046 3293 ct
3063 3244 3245 3311 turpis.
3268 3275 3337 3284 ——
3356 3244 3503 3301 Gen-

1897 3320 2016 3374 tiles
2059 3333 2238 3377 autem
2273 3326 2407 3378 nihil
2450 3327 2639 3381 horum
2682 3334 2998 3400 Consequuti
3033 3372 3047 3396 .
3075 3334 3251 3389 divina
3286 3341 3503 3394 oracula

1899 3427 1965 3467 ue
1991 3413 2041 3467 in
2068 3415 2272 3468 somnis
2292 3417 2508 3486 quidem
2564 3420 2846 3476 audierant
2876 3440 2890 3488 ;
2928 3425 3020 3478 sed
3052 3426 3101 3479 in
3136 3427 3327 3483 fabulis
3357 3434 3502 3486 insa-

1896 3505 2155 3560 nientium
2188 3510 2381 3563 versati
2408 3509 2427 3582 (
2460 3511 2536 3565 sic
2565 3513 2710 3566 enim
2739 3530 2872 3569 voco
2894 3526 3175 3573 externam
3210 3521 3352 3575 illam
3388 3523 3504 3593 phi-

1896 3597 2196 3669 losophiatn
2220 3601 2239 3672 )
2267 3611 2320 3656 et
2354 3614 2632 3679 poetarum
2670 3606 3023 3665 deliramenta
3057 3622 3347 3670 tractantes
3381 3658 3395 3679 ,
3442 3617 3504 3671 li-

1893 3692 2013 3761 guis
2057 3702 2114 3747 et
2155 3694 2419 3764 lapidibus
2462 3697 2660 3770 addicti
2694 3712 2849 3754 erant
2876 3745 2890 3769 ,
2930 3718 3028 3759 nec
3066 3705 3149 3760 vel
3174 3708 3224 3761 in
3256 3708 3501 3764 doctrina

1899 3784 1980 3837 vel
2012 3785 2062 3837 in
2098 3801 2308 3841 morum
2331 3789 2616 3859 disciplina
2638 3793 2911 3861 quidpiam
2942 3811 3130 3851 sanum
3153 3800 3379 3856 velutile
3401 3819 3500 3857 no-

1894 3884 2116 3941 verant;
2146 3878 2252 3930 vita
2284 3880 2479 3950 quippe
2507 3882 2717 3936 illorttnt
2761 3886 3021 3955 impurior
3052 3905 3211 3958 quam
3259 3892 3502 3949 doctrina

1892 3967 2278 4039 scelestiorque
2295 3980 2430 4024 erat.
2452 3973 2587 4039 Quid
2622 3987 2797 4029 autem
2832 3978 2973 4032 aliud
3004 3983 3331 4049 sperandum
3362 3996 3499 4051 erat,

1888 4073 2010 4113 cum
2041 4060 2173 4115 deos
2204 4076 2332 4116 suos
2360 4064 2605 4120 viderent
2632 4069 2794 4123 nullis
2827 4072 3163 4141 nonllagitiis
3179 4076 3499 4145 gaudentes,

1888 4159 2049 4221 atque
2080 4154 2352 4210 obscaenis
2379 4158 2557 4213 verbis
2582 4202 2596 4225 ,
2626 4161 3167 4236 obscmnioribusque
3191 4169 3351 4225 rebus
3381 4172 3501 4225 cul-

1891 4254 1973 4300 tos
2004 4263 2016 4298 :
2051 4247 2164 4302 Ιιωο
2197 4264 2293 4316 pro
2327 4248 2475 4306 festis
2506 4252 2697 4308 diebus
2723 4264 2776 4309 et
2808 4272 2904 4325 pro
2932 4256 3139 4314 honore
3185 4259 3449 4319 habentes
3484 4284 3497 4320 τ

1888 4339 1953 4393 ad
1986 4340 2099 4394 hare
2125 4344 2288 4397 etiam
2323 4344 2568 4401 nefandis
2616 4348 2855 4403 cmdibtts
2886 4392 2899 4415 ,
2948 4368 3349 4425 puerorumque
3382 4373 3499 4413 ma-

1889 4434 2216 4490 ctationibus
2244 4437 2558 4504 honoratos,
2584 4442 2759 4511 quain
2788 4459 2846 4498 re
2877 4443 3008 4500 deos
3039 4446 3138 4515 ipsi
3166 4462 3293 4502 suos
3322 4449 3502 4505 imita-

1891 4525 2104 4580 bantur.
2132 4530 2383 4586 Altamen
2409 4532 2461 4587 in
2493 4532 2666 4603 ipsum
2693 4536 2947 4605 nequitia:
2979 4537 3307 4607 profundum
3342 4543 3501 4614 lapsi,

1894 4630 2113 4687 repente
2137 4625 2290 4691 quasi
2316 4640 2410 4693 per
2435 4626 2722 4694 quamdam
2750 4630 3055 4684 machinam
3083 4631 3345 4689 sublimes
3374 4638 3503 4703 arti,

1890 4733 1954 4770 ex
1985 4716 2102 4783 ipso
2129 4716 2384 4770 caelorum
2418 4719 2619 4773 vertice
2642 4720 2898 4775 sublimes
2925 4722 3079 4778 nobis
3110 4738 3503 4794 apparuerunt.

1894 4805 1948 4860 Id
1978 4822 2108 4861 vero
2140 4807 2411 4876 quomodo
2438 4816 2493 4862 et
2528 4810 2669 4863 unde
2696 4812 2915 4866 evenit?
2946 4814 3084 4868 Audi
3114 4814 3338 4871 Paulum
3380 4834 3503 4873 nar-

1894 4908 2126 4954 rantem.
2166 4900 2360 4953 Beatus
2387 4902 2588 4972 quippe
2618 4902 2709 4958 ille
2742 4946 2758 4970 ,
2790 4904 2918 4959 dum
2967 4906 3082 4962 haec
3113 4909 3401 4980 diligenter
3434 4914 3505 4967 in.

1894 4992 2151 5061 quireret,
2181 5009 2285 5046 non
2328 4997 2561 5048 cessavit
2606 4996 2781 5053 donec
2810 5014 3029 5054 causam
3074 5002 3369 5060 invenisset
3398 5047 3414 5071 ,
3447 5018 3503 5061 ut

1895 5083 2145 5138 omnibus
2190 5086 2443 5154 aperiret.
2493 5089 2750 5156 Quaenam
2786 5090 2872 5145 illa
2905 5101 2988 5147 est
3021 5137 3036 5160 ,
3088 5107 3141 5149 et
3177 5096 3315 5151 unde
3361 5107 3504 5152 tanta

1895 5178 2106 5231 caecitas
2136 5178 2265 5247 ipsis
2296 5179 2589 5235 obvenerat
2612 5180 2636 5233 ’ἶ
2659 5183 2797 5237 Audi
2830 5184 2979 5239 illum
3008 5187 3094 5241 cui
3130 5187 3232 5242 hoc
3262 5190 3506 5245 ministe-

1898 5272 2035 5325 rium
2062 5274 2326 5327 ereditum
2358 5274 2552 5330 fuerat.
2585 5276 2723 5345 Quid
2757 5294 2886 5349 ergo
2916 5282 3045 5336 dicit
3072 5325 3085 5347 ,
3121 5296 3176 5336 ut
3206 5285 3492 5340 dubitatio-

1900 5381 2019 5419 ttem
2063 5366 2353 5421 multorum
2391 5370 2563 5422 solvat
2594 5369 2615 5423 ?
2664 5369 2970 5443 lgnorantes
2990 5377 3252 5446 justitiam
3299 5379 3391 5433 Dei
3419 5424 3431 5443 ,
3463 5393 3509 5435 ct

1898 5468 2177 5525 qumrentes
2206 5461 2469 5528 propriam
2488 5462 2748 5531 justitiam
2777 5476 3018 5529 statuere,
3037 5460 3260 5537 justitiw
3294 5470 3385 5525 Dei
3408 5491 3509 5527 non

1899 5561 2014 5603 sunt
2034 5550 2244 5621 subjecti
2269 5552 2443 5621 (llont.
2464 5555 2547 5607 10.
2569 5555 2647 5625 '5).
2672 5556 2961 5627 Propterea
2983 5563 3175 5631 ergoid
3203 5564 3341 5633 passi
3360 5578 3505 5617 sunt.

1902 5644 1978 5695 .-\c
2004 5660 2188 5696 rursus
2215 5644 2441 5713 itlipsutn
2481 5647 2639 5701 aliter
2676 5652 2952 5718 explicans
2993 5653 3123 5706 dicit
3160 5674 3172 5708 :
3225 5657 3360 5719 Quid
3392 5675 3509 5726 rrqn

1903 5735 2121 5789 dicemus
2150 5737 2172 5788 ξ’
2208 5737 2356 5803 Quod
2399 5750 2569 5807 {miles
2599 5758 2711 5806 qme
2733 5762 2832 5795 non
2861 5744 3185 5798 sectabantur
3207 5748 3467 5814 jttstitimn
3495 5787 3505 5802 .

1908 5827 2351 5895 apprelu'mtrrunt
2384 5832 2639 5900 justitiam
2669 5850 2682 5886 .·
2698 5835 2953 5902 justitiam
2996 5850 3163 5892 autem
3188 5857 3301 5907 [ματ
3326 5858 3385 5894 επ
3414 5844 3515 5909 ﬁas
