4164 6320
590 375 645 429 τι
1297 362 1352 418 s.
1391 346 2173 414 JOANNlS-CIIRYSOSTOMI
2213 346 2532 403 Attulit-3P.
2573 349 3104 408 CONSTANTINOP.
3808 355 3880 409 τε

591 496 681 539 est.
708 483 872 539 Israel
891 497 1004 535 vero
1030 475 1264 533 sectanth
1277 475 1431 543 legem
1445 469 1681 542 justitiic,
1710 468 1761 519 in
1787 466 1942 536 legem
1960 461 2176 534 justitiic

598 596 694 632 non
721 576 959 647 pervenit.
993 573 1084 624 Dic
1103 586 1203 638 qua
1232 561 1294 620 de
1315 565 1513 620 causa?
1543 562 1674 628 Quia
1693 577 1791 614 non
1820 575 1882 613 ea:
1911 557 2012 626 ﬁde
2040 571 2056 608 :
2083 555 2175 606 im-

595 644 832 739 pegerunt
861 664 992 717 enim
1020 663 1070 714 in
1099 659 1320 729 lapidem
1351 653 1643 722 o/fensionis
1670 651 1842 722 (Rom.
1876 649 1928 705 9.
1959 644 2173 714 50-52);

601 763 700 814 hoc
752 770 855 824 est,
899 753 1242 810 incredulitas
1265 751 1368 804 illis
1393 763 1549 802 causa
1582 747 1841 800 malorum
1873 743 1967 796 fuit
1997 759 2011 795 :
2042 742 2177 792 hanc

597 869 724 906 vero
751 852 958 918 peperit
999 845 1323 915 arrogantia.
1367 841 1498 907 Quia
1524 839 1665 892 enim
1691 846 1847 890 antea
1882 835 1996 904 plus
2013 846 2170 900 quam

593 943 818 1012 gentiles
847 940 1102 996 habentes
1133 977 1148 1000 ,
1180 936 1320 1006 quod
1371 947 1561 1000 nempe
1599 931 1768 998 legem
1797 928 2125 996 accepissent
2158 966 2170 986 ,

598 1037 762 1089 Deum
801 1040 1022 1087 nossent
1053 1071 1069 1097 ,
1100 1039 1152 1084 et
1182 1029 1285 1081 alia
1327 1040 1444 1095 qua:
1487 1023 1680 1077 Paulus
1713 1028 1972 1074 memorat
2007 1059 2020 1081 ,
2056 1025 2176 1085 post

594 1126 790 1181 Christi
823 1124 1106 1179 adventum
1154 1118 1381 1189 gentiles
1431 1114 1671 1169 viderunt
1720 1127 1815 1182 per
1850 1109 2007 1163 ﬁdem
2051 1122 2175 1161 cum

597 1226 711 1291 ρειτί
738 1231 919 1271 secum
949 1213 1152 1269 honore
1179 1218 1396 1264 vocatos
1424 1247 1440 1272 ,
1471 1220 1534 1260 ac
1561 1213 1678 1275 post
1705 1202 1862 1258 tidem
1892 1198 2023 1254 nihil
2059 1199 2175 1267 plus

599 1311 797 1366 habere
825 1322 946 1363 eum
989 1305 1078 1374 qui
1108 1319 1171 1359 cx
1204 1298 1614 1357 circmncisione
1640 1302 1783 1351 esset
1817 1335 1832 1360 ,
1861 1307 2018 1363 quam
2051 1306 2174 1345 eum

595 1404 683 1473 qni
706 1417 767 1458 ex
791 1399 1040 1470 gentibus
1063 1395 1377 1451 accessisset
1413 1411 1426 1447 :
1460 1407 1526 1445 ex
1551 1389 1796 1459 superbia
1842 1387 1894 1442 in
1922 1384 2174 1440 invidiam

593 1493 796 1564 delapsi
824 1499 948 1546 sunt
976 1531 990 1552 ,
1021 1501 1182 1558 atque
1229 1484 1548 1540 inell'abilem
1584 1483 1724 1536 illam
1755 1480 2176 1546 immensamque

599 1588 806 1643 Domini
833 1583 1209 1652 benignitatem
1241 1594 1346 1633 non
1378 1577 1612 1630 tulerunt
1638 1571 1808 1643 :quod
1834 1587 1935 1625 non
1964 1567 2177 1623 aliunde

597 1677 874 1749 processit,
907 1689 1063 1744 quam
1092 1687 1155 1725 ex
1187 1670 1513 1739 arrogantia,
1545 1664 1779 1734 nequitia
1804 1671 1859 1718 et
1887 1662 2033 1716 odio.

660 1772 716 1824 ἓ.
742 1768 876 1838 Quid
906 1768 1070 1831 enim,
1101 1765 1337 1818 omnium
1367 1758 1670 1814 stultissimi
1694 1799 1706 1819 ,
1737 1756 1824 1811 illa
1856 1756 1906 1808 in
1935 1754 2069 1808 alios
2095 1751 2174 1806 ef-

591 1867 704 1919 fusa
734 1858 1060 1928 providentia
1086 1856 1237 1910 vobis
1266 1852 1444 1907 danmi
1464 1847 1654 1904 affert?
1686 1863 1807 1900 nqu
1834 1846 1970 1900 bona
1999 1852 2177 1897 vestra

595 1969 657 2005 ex
717 1952 942 2005 aliermn
996 1946 1268 2001 consortio
1329 1937 1749 1995 minuebantur?
1797 1935 1990 1990 Verum
2037 1947 2176 1987 ca:ea

594 2041 833 2112 profecto
877 2039 1074 2093 malitia
1106 2045 1188 2091 est
1213 2078 1226 2100 ,
1251 2049 1369 2105 qua:
1395 2031 1520 2102 quid
1550 2030 1736 2085 deccat
1765 2029 2042 2098 percipere
2084 2038 2175 2078 ne-

593 2133 725 2202 quit.
761 2128 1061 2186 Exulcerati
1086 2141 1216 2196 ergo
1240 2127 1380 2195 quod
1411 2125 1460 2177 in
1490 2120 1934 2176 eademlibertate
1958 2131 2178 2172 consor-

604 2237 686 2281 tes
719 2224 996 2287 haberent,
1026 2222 1077 2274 in
1108 2234 1166 2274 se
1188 2218 1422 2288 gladium
1457 2214 1820 2285 impulerunt,
1857 2226 2020 2279 seque
2049 2225 2076 2262 a
2109 2207 2181 2262 di-

600 2322 719 2375 vina
748 2317 1072 2388 benignitate
1097 2314 1369 2382 ejeeeruut
1393 2329 1406 2376 ;
1433 2318 1487 2364 et
1512 2308 1633 2378 jure
1661 2306 1895 2376 quidem.
1921 2303 2051 2357 Nam
2083 2301 2178 2355 ait:

597 2412 770 2466 Amice
797 2451 811 2475 ,
839 2425 937 2462 non
967 2406 1100 2478 facio
1129 2404 1214 2458 tibi
1241 2401 1484 2472 injuriam
1511 2414 1528 2451 :
1553 2398 1665 2450 volo
1689 2406 1857 2449 autem
1884 2404 1930 2447 et
1953 2393 2030 2446 Itis
2059 2391 2184 2444 dare

594 2503 724 2555 sicut
753 2509 798 2554 et
827 2499 913 2551 tibi
938 2503 955 2568 (
981 2495 1168 2549 Matth.
1198 2492 1290 2548 20.
1321 2491 1407 2545 15.
1440 2488 1568 2560 li).
1603 2487 1713 2541 lmo
1737 2499 1802 2539 ne
1823 2484 2040 2554 quidem
2082 2481 2182 2534 hac

597 2591 943 2662 responsione
965 2587 1106 2657 digni
1133 2593 1277 2638 sunt.
1305 2581 1400 2635 Ille
1423 2593 1651 2649 namque
1672 2577 1769 2632 etsi
1790 2590 1929 2646 a‘gre
1956 2573 2180 2637 ferebat,

600 2692 806 2756 poterat
837 2692 1012 2736 tamen
1039 2677 1146 2734 diei
1176 2676 1338 2731 totius
1359 2674 1569 2727 labores
1603 2713 1617 2737 ,
1645 2685 1912 2724 atrumnas
1948 2710 1962 2734 ,
1992 2676 2179 2721 a-stum

604 2789 652 2835 et
694 2776 943 2832 sudorem
995 2769 1234 2842 proferre
1263 2785 1278 2822 :
1311 2767 1362 2820 bi
1395 2779 1522 2820 vero
1549 2763 1671 2834 quid
1715 2762 1894 2816 dicere
1931 2759 2184 2830 possint?

601 2869 738 2922 Nihil
762 2866 975 2937 quidem
1007 2863 1149 2926 tale;
1183 2861 1276 2913 sed
1305 2856 1562 2912 desidiam
1590 2897 1603 2916 ,
1635 2852 2095 2922 lntcmpemntiam
2127 2859 2182 2904 et

593 2959 737 3013 .nille
756 2960 875 3013 vitia
907 2998 922 3021 ,
959 2971 1078 3024 qua:
1095 2951 1366 3022 propheta:
1388 2961 1574 3002 omnes
1603 2947 1905 3001 incusantes
1934 2943 2035 2996 illis
2059 2957 2182 3013 pcr-

597 3059 760 3118 petuo
782 3048 1107 3119 ohjiciehant
1138 3062 1151 3098 :
1188 3058 1283 3112 per
1324 3056 1443 3110 qua:
1489 3039 1612 3092 vitia
1660 3037 1733 3090 illi
1765 3034 1988 3105 perinde
2018 3041 2179 3102 atque

594 3140 818 3209 gentiles
852 3141 1016 3194 Demn
1040 3136 1396 3190 offenderent.
1428 3130 1479 3184 Id
1512 3129 1651 3200 quod
1684 3127 1967 3182 declarans
1986 3125 2183 3180 Paulus

598 3234 807 3289 dicebat
837 3249 851 3284 :
887 3228 1007 3282 Non
1032 3227 1165 3280 eriiiu
1202 3235 1273 3278 est
1303 3222 1558 3276 distinctio
1583 3219 1752 3276 λιι(ίωί
1779 3229 1939 3287 atque
1962 3215 2133 3272 Grazci
2167 3233 2179 3269 :

575 3342 767 3381 omne:
790 3325 918 3378 enim
947 3327 1272 3392 peccaverunt
1299 3357 1312 3378 ,
1345 3327 1389 3369 et
1417 3322 1558 3385 egent
1583 3313 1749 3384 gloria
1779 3310 1887 3364 Dei.
1907 3310 2181 3380 justi/ictui

597 3420 755 3487 gratis
801 3432 888 3485 per
917 3411 1133 3484 gratiam
1162 3409 1322 3480 ipsius
1369 3406 1542 3476 (Rom.
1575 3405 1628 3458 5.
1659 3403 1731 3456 22
1759 3401 1878 3471 21).
1914 3401 2025 3455 lloc
2050 3414 2179 3452 vero

598 3518 755 3578 caput
786 3515 950 3560 totum
983 3503 1182 3558 utiliter
1203 3508 1257 3554 et
1283 3496 1567 3552 admodum
1598 3494 1885 3565 prudenter
1914 3493 1963 3545 in
1984 3491 2183 3562 episto-

601 3603 649 3654 la
679 3599 763 3653 illa
795 3601 1102 3666 pertractat.
1137 3589 1397 3660 Superius
1441 3596 1618 3642 autem
1668 3585 1786 3639 illos
1835 3584 2022 3652 majori
2054 3597 2180 3651 sop-

603 3691 758 3759 plicio
781 3688 970 3757 dignos
997 3682 1231 3738 ostendit
1264 3699 1276 3732 :
1309 3680 1618 3747 Quicumque
1638 3680 1770 3730 enim
1796 3675 1848 3728 in
1871 3677 1979 3745 lege
2000 3689 2180 3743 pecca-

603 3788 792 3842 verunt,
832 3794 917 3846 per
960 3777 1118 3845 legem
1133 3771 1501 3843 judicabuntur
1529 3767 1701 3838 (Rom.
1725 3766 1780 3822 2.
1813 3766 1899 3836 19.)
1932 3783 1944 3820 :
1976 3765 2025 3818 id
2056 3773 2133 3820 est
2163 3805 2179 3832 ,

597 3872 844 3942 gravius;
870 3869 991 3939 quia
1025 3876 1222 3937 pra:ter
1271 3876 1515 3918 naturam
1565 3862 1736 3931 legem
1768 3874 1982 3930 quoque
2014 3874 2178 3914 accu-

598 3976 810 4021 santem
841 3960 1126 4016 habebunt.
1150 3956 1331 4026 Neque
1357 3955 1480 4009 hinc
1508 3962 1733 4015 tantum,
1762 3951 1856 4020 sed
1883 3961 1936 4006 et
1961 3950 2103 4022 quod
2126 3951 2178 4005 in

606 4071 768 4110 causa
799 4052 993 4107 fuerint
1021 4065 1115 4103 cur
1135 4058 1319 4117 gentes
1354 4048 1519 4100 Deum
1553 4045 1984 4117 blasphemarcnt
2016 4062 2026 4095 :
2061 4043 2177 4096 No-

607 4161 719 4199 neu
758 4145 886 4198 enim
911 4157 1094 4201 ineunt,
1128 4139 1296 4206 inquit
1320 4177 1332 4197 .
1359 4153 1445 4204 per
1471 4153 1555 4190 vos
1582 4107 1958 4205 bldsphematur
1977 4136 2029 4187 in
2058 4151 2181 4204 geu-

601 4234 731 4304 tilvus
753 4227 908 4298 (1εαὶ.
939 4225 1030 4279 52.
1060 4225 1113 4278 5.
1150 4222 1298 4275 Rom.
1326 4219 1510 4287 2.2i).
1539 4221 1671 4272 (lum
1706 4219 1863 4288 igitur
1888 4217 1990 4272 hoc
2017 4218 2184 4272 maxi-

603 4337 688 4376 tnc
728 4316 998 4374 morderet
1030 4313 1191 4374 illos;
1233 4311 1430 4366 ctenim
1470 4309 1811 4364 credentibus
1841 4325 2068 4380 .qnoque
2111 4325 2182 4364 ex

603 4406 1005 4466 circumcisione
1033 4418 1120 4458 res
1141 4401 1398 4471 stupenda
1425 4399 1700 4454 videbatur
1731 4415 1850 4455 esse
1877 4419 1890 4465 ;
1922 4402 2184 4470 quamob-

606 4517 719 4557 rem
775 4499 984 4552 l’etruni
1033 4493 1343 4548 incusabant
1373 4489 1616 4546 C:esarea
1646 4492 1713 4546 ad
1743 4506 1803 4546 se
1829 4492 2136 4548 redeuntem
2164 4535 2179 4560 ,

602 4595 740 4663 quod
772 4591 837 4646 ad
866 4590 1007 4644 viros
1049 4587 1366 4657 praeputium
1419 4584 1674 4640 habentes
1715 4585 1987 4656 ingressus
2012 4598 2177 4651 esset,

608 4696 662 4740 et
698 4701 818 4740 cmn
866 4682 970 4736 illis
1015 4678 1377 4733 comedisset:
1409 4688 1462 4730 et
1489 4687 1768 4746 postquam
1823 4679 1912 4732 Dei
1963 4695 2182 4734 oecono-

613 4776 771 4829 miam
819 4771 1241 4832 intellexerant,
1283 4768 1456 4822 adhuc
1504 4769 1836 4822 mirabantur
1874 4787 1980 4839 quo
2031 4781 2185 4839 pacto

607 4869 803 4922 donum
826 4862 991 4917 sancti
1013 4861 1240 4930 Spiritus
1272 4860 1321 4912 itt
1345 4869 1532 4929 gentes
1547 4857 1770 4913 effusum
1789 4869 1933 4915 esset
1957 4879 1970 4928 ;
1990 4877 2055 4916 ex
2077 4873 2188 4917 διυ.

612 4975 737 5030 pore
754 4956 1111 5026 significantes
1127 4969 1184 5008 se
1205 4967 1488 5023 numquam
1507 4967 1619 5008 rem
1636 4959 1740 5006 tam
1765 4955 2086 5022 ῑηορὶιιιιιειςιι
2106 4973 2190 5011 ex-

612 5048 1084 5124 spectavisseQuia
1101 5061 1226 5115 ergo
1239 5046 1437 5100 sciebat
1451 5045 1569 5100 illos
1587 5046 1687 5100 hoc
1703 5048 2034 5115 potissimum
2050 5067 2189 5120 a-gre

614 5146 774 5209 ferre,
796 5142 924 5196 nihil
953 5157 1056 5193 non
1087 5138 1196 5209 agit
1221 5147 1274 5190 ut
1298 5152 1483 5192 eorum
1519 5147 1780 5193 tumorem
1802 5139 2107 5208 deprimat,
2139 5153 2192 5197 et

617 5253 691 5292 an
708 5234 920 5303 OganIia
947 5231 1156 5285 inllatos
1170 5229 1404 5298 dejiciat.
1430 5228 1498 5282 Et
1526 5229 1650 5285 vide
1670 5231 1939 5300 quomodo
1967 5232 2017 5286 id
2049 5243 2189 5301 agat.

684 5325 857 5380 διιέεὶ
879 5333 1154 5390 carpuntur
1179 5338 1212 5374 a
1247 5319 1411 5374 Paulo
1451 5322 1669 5377 maxime
1696 5323 1757 5376 ob
1784 5339 1930 5377 suam
1951 5341 2194 5396 arrogatio

617 5425 757 5476 tium.
789 5416 1038 5488 Superbia
1065 5431 1235 5468 omnes
1264 5416 1465 5467 virtutes
1497 5415 1664 5468 reddit
1692 5415 1912 5469 inutiles.
1946 5447 2016 5456 —-
2044 5418 2194 5473 Ροςι-

615 5528 771 5582 quam
798 5509 865 5563 de
893 5506 1181 5578 gentilibus
1206 5505 1570 5572 disputaverat
1591 5545 1606 5570 ,
1629 5506 2042 5577 ostenderetque
2076 5509 2192 5565 illos

618 5604 810 5657 nullam
844 5615 1058 5670 prorsus
1086 5589 1449 5652 defensionem
1474 5595 1688 5660 habere,
1718 5598 2022 5668 nullamque
2043 5616 2190 5670 spem

619 5695 804 5749 salutis
833 5733 848 5756 ,
899 5693 1196 5760 acriterque
1228 5693 1341 5745 illos
1385 5690 1722 5746 incusaverat
1747 5692 1814 5746 de
1844 5698 2190 5762 perversitate

621 5785 873 5843 doctrina:
909 5782 1084 5853 deque
1119 5785 1237 5837 vita:
1268 5780 1566 5851 impuritate
1585 5799 1602 5847 ;
1649 5779 1712 5837 ad
1740 5780 1954 5842 .lu,l.eos
1988 5803 2187 5845 sermo-

2291 476 2410 515 nem
2445 463 2696 518 transfert
2725 478 2740 526 ;
2785 478 2848 518 ac
2879 464 3163 519 recensitis
3208 465 3272 519 iis
3314 465 3570 522 omnibus
3600 483 3720 536 qua:
3753 484 3878 536 pro.-

2291 550 2446 620 pheta
2474 552 2542 609 de
2568 553 2674 608 illis
2699 553 2947 622 dixerat,
2980 555 3121 625 quod
3148 556 3364 610 scelesti
3392 567 3575 612 essent
3604 599 3619 622 ,
3649 559 3822 613 dolosi
3857 600 3874 622 ,

2285 645 2461 700 callidi
2493 687 2507 710 ,
2541 646 2681 716 quod
2709 661 2896 702 omnes
2939 648 3157 702 inutiles
3196 647 3315 704 facti
3348 690 3363 714 ,
3410 663 3474 703 ac
3519 649 3696 703 nullus
3727 652 3778 704 in
3810 652 3879 706 iis

2284 746 2428 791 esset
2454 737 2542 806 qui
2575 738 2738 792 Demn
2768 739 3084 807 requireret,
3117 739 3210 794 sed
3244 754 3435 795 omnes
3456 739 3825 796 declinassent
3855 785 3872 804 .

2284 836 2338 880 et
2361 829 2552 882 similia
2585 870 2599 892 ,
2628 829 2864 883 subdidit
2895 848 2908 882 :
2934 829 3137 884 Scimus
3164 842 3331 885 autem
3351 832 3590 898 quoniam
3611 849 3875 901 qua-cum-

2282 936 2376 989 que
2397 920 2478 974 les
2505 921 2728 990 loquitur
2755 963 2768 983 ,
2794 922 2856 976 iis
2886 923 2971 992 qui
2994 923 3046 975 in
3071 924 3180 994 lege
3201 935 3319 978 sunt
3346 925 3572 993 loquitur
3599 939 3621 989 ,°
3649 935 3703 978 ut
3729 940 3879 979 omne

2281 1028 2337 1065 os
2357 1013 2666 1080 obstruetur,
2694 1024 2741 1067 et
2766 1014 2992 1068 subditus
3019 1016 3110 1083 ﬁat
3137 1016 3298 1069 omnis
3328 1016 3548 1070 mundus
3571 1015 3700 1070 Deo.
3749 1014 3874 1069 0m-

2289 1121 2375 1157 nes
2395 1105 2524 1158 enim
2547 1116 2895 1174 peccaverunt,
2920 1117 2968 1161 et
2997 1119 3139 1178 egent
3164 1107 3327 1178 gloria
3360 1106 3496 1178 Dei(
3525 1108 3675 1163 Rom.
3701 1109 3754 1162 3.
3783 1110 3877 1164 18.

2285 1207 2331 1247 et
2356 1195 2473 1266 25).
2505 1196 2641 1263 Quid
2663 1212 2790 1268 ergo
2821 1207 2873 1253 te
2899 1196 3082 1260 effers.
3115 1197 3344 1253 Judare?
3369 1214 3466 1254 cur
3485 1199 3652 1253 altum
3683 1199 3830 1268 sapis
3852 1199 3878 1254 ἲ

2284 1288 2415 1343 Nam
2444 1304 2506 1343 os
2537 1305 2752 1360 quoque
2779 1299 2925 1344 tuum
2948 1290 3283 1345 obstructum
3321 1299 3404 1345 cst
3423 1331 3436 1355 ,
3467 1300 3522 1344 et
3552 1289 3879 1346 conﬁdentia

2285 1391 2370 1435 tua
2421 1382 2626 1438 sublata
2657 1423 2672 1446 ,
2722 1397 2784 1438 ac
2823 1398 2944 1437 cum
2990 1383 3241 1437 universo
3273 1381 3472 1438 nmndo
3503 1391 3558 1437 tu
3599 1381 3772 1438 factus
3815 1397 3880 1438 es

2283 1472 2527 1527 subditus
2559 1513 2575 1538 ,
2608 1484 2665 1527 et
2704 1473 2927 1544 perinde
2963 1483 3122 1544 atque
3155 1473 3242 1527 alii
3270 1487 3405 1544 opus
3433 1473 3599 1529 habes
3625 1484 3684 1530 ut
3708 1474 3880 1545 gratis

2278 1565 2607 1634 jnstiliceris.
2635 1562 2929 1634 Oportebat
2969 1576 3116 1620 certe
3162 1566 3372 1620 etiamsi
3401 1567 3567 1635 probe
3599 1567 3826 1622 vixisses
3860 1609 3878 1630 ,

2283 1669 2336 1712 et
2365 1658 2609 1712 liduciam
2661 1658 2882 1712 multam
2911 1658 3053 1727 apud
3102 1657 3270 1712 Deum
3303 1657 3600 1723 habuisses,
3633 1658 3739 1714 illis
3768 1674 3882 1714 non

2285 1748 2523 1804 invidere
2545 1789 2559 1811 ,
2582 1750 2671 1820 qui
2705 1764 2800 1819 per
2831 1749 3213 1820 benignitatem
3245 1750 3336 1804 Dei
3364 1750 3789 1805 misericordiam
3822 1759 3884 1804 et

2283 1842 2508 1895 salutem
2535 1842 2916 1908 consequuturi
2953 1851 3128 1895 erant.
3158 1838 3289 1894 Nam
3329 1848 3590 1895 extremm
3623 1842 3881 1911 nequitia:

2283 1942 2405 1997 est,
2453 1932 2677 1986 aliorum
2716 1932 2855 1986 bona
2887 1933 3068 2002 inique
3099 1932 3239 1988 ferre
3273 1975 3285 1995 ,
3333 1947 3455 1987 cum
3500 1934 3732 1988 maxime
3759 1933 3885 1987 sine

2286 2025 2394 2078 ullo
2419 2036 2510 2077 tuo
2535 2024 2860 2079 detrimento
2887 2023 2936 2077 id
2977 2024 3209 2077 futurum
3251 2033 3354 2077 est.
3396 2022 3450 2078 Si
3481 2024 3624 2077 enim
3651 2022 3882 2077 aliorum

2285 2119 2426 2170 salus
2457 2119 2593 2171 bona
2627 2127 2712 2169 tua
2761 2115 3127 2184 pessumdaret
3147 2157 3161 2179 ,
3200 2116 3324 2184 jure
3352 2115 3653 2180 doluisses;
3680 2116 3881 2170 etiam-

2285 2209 2328 2262 si
2367 2207 2416 2262 id
2451 2224 2554 2261 non
2585 2208 2807 2262 accedat
2843 2208 2904 2261 iis
2933 2207 3023 2276 qui
3056 2207 3420 2276 pliiloSOphari
3468 2207 3794 2262 didicerunt.
3823 2207 3885 2263 Si

2286 2310 2462 2352 autem
2490 2298 2709 2352 alterius
2726 2297 3042 2367 supplicium
3073 2297 3376 2353 mercedem
3405 2308 3547 2352 tuam
3573 2312 3678 2352 non
3699 2308 3886 2368 auget,

2288 2407 2459 2461 neque
2488 2392 2629 2444 illius
2661 2390 2887 2444 felicitas
2917 2391 3085 2459 ipsam
3119 2390 3331 2456 minuit,
3363 2407 3458 2445 cur
3483 2403 3536 2445 tu
3558 2390 3712 2447 doles
3738 2391 3888 2461 quod

2285 2484 2422 2536 alius
2464 2483 2630 2552 giatis
2683 2481 2855 2536 salute
2910 2481 3191 2537 denetur?
3239 2482 3539 2550 Oportebat
3594 2482 3795 2552 igitur,
3827 2495 3892 2536 ut

2294 2575 2428 2640 dixi,
2461 2576 2668 2630 etiamsi
2691 2586 2741 2629 te
2769 2575 2935 2644 probe
2972 2576 3264 2644 ges-isses,
3296 2590 3401 2630 non
3430 2577 3664 2631 morderi
3699 2574 3766 2630 de
3797 2589 3888 2629 sa-

2289 2670 2396 2724 lute
2441 2671 2493 2724 in
2524 2679 2710 2738 gentes
2751 2667 2919 2723 clfusa
2949 2687 2959 2718 :
2992 2683 3114 2722 cmn
3163 2679 3342 2722 autem
3388 2667 3576 2745 iisdem
3617 2667 3890 2724 obnoxius

2288 2763 2519 2831 peccatis
2544 2763 2619 2816 sis
2644 2804 2658 2828 ,
2695 2761 3085 2830 Dominamque
3113 2759 3405 2814 olfenderis
3438 2801 3452 2825 ,
3489 2760 3714 2814 aliorum
3741 2759 3886 2815 bona

2286 2870 2428 2925 a‘gre
2461 2855 2590 2916 l'ers,
2619 2864 2672 2907 et
2703 2853 2868 2907 altum
2901 2854 3044 2922 sapis
3071 2894 3085 2916 ,
3111 2856 3261 2921 quasi
3291 2853 3437 2906 Solus
3467 2851 3668 2909 debeas
3691 2852 3888 2923 gratiae

2287 2961 2509 3001 consors
2531 2961 2676 3010 esse,
2707 2960 2812 3000 non
2840 2945 3052 3000 invidia:
3077 2946 3254 3000 solum
3297 2956 3351 3000 et
3379 2944 3702 3014 arrogantia:
3735 2987 3751 3011 ,
3782 2944 3886 3000 sed

2287 3038 2450 3092 etiam
2505 3045 2668 3090 tanta:
2709 3036 2994 3092 dementiae
3043 3050 3203 3090 causa
3262 3034 3500 3089 omnium
3545 3035 3890 3104 gravissimis

2287 3130 2479 3198 dignus
2522 3127 2686 3182 fueris
2730 3127 3049 3197 suppliciis:
3079 3129 3318 3182 omnium
3369 3126 3567 3196 quippe
3616 3126 3887 3182 malorum

2289 3220 2526 3274 radicem
2577 3216 2885 3287 superbiam
2939 3220 2988 3272 in
3035 3226 3089 3274 te
3141 3218 3438 3274 inseruisti.
3487 3217 3613 3272 Ideo
3665 3219 3891 3287 sapiens

2285 3310 2548 3380 quispiam
2578 3309 2788 3364 dicebat
2811 3327 2824 3339 ο
2854 3308 3174 3381 Principium
3204 3310 3396 3380 peccati
3419 3308 3658 3378 superbia
3683 3306 3884 3379 (Eccli.

2288 3399 2374 3454 10.
2406 3401 2498 3468 15)
2531 3417 2544 3463 ;
2581 3399 2682 3454 hoc
2705 3409 2790 3456 est
2823 3442 2838 3467 ,
2869 3383 3021 3454 radix
3056 3440 3071 3467 ,
3105 3399 3224 3454 fons
3259 3441 3273 3461 ,
3303 3412 3493 3454 mater.
3520 3395 3610 3454 Sic
3638 3414 3733 3469 per
3761 3414 3889 3454 eam

2288 3493 2490 3563 primus
2515 3494 2676 3546 ltomo
2698 3508 2726 3544 a
2763 3492 2919 3546 beato
2944 3493 3036 3546 illo
3061 3501 3201 3547 statu
3231 3491 3474 3562 dejectus
3501 3499 3624 3548 est:
3655 3491 3733 3545 sic
3760 3490 3887 3544 dia-

2288 3586 2441 3640 bolus
2471 3586 2560 3656 qui
2585 3586 2732 3640 illum
2762 3584 2997 3653 decepit,
3029 3582 3098 3637 ab
3125 3583 3212 3637 illa
3244 3582 3521 3654 dignitatis
3549 3581 3891 3638 sublimitate

2287 3675 2506 3731 excidit.
2535 3678 2712 3740 Quare
2732 3689 2857 3729 cum
2885 3685 3061 3728 nosset
3092 3673 3352 3727 scelestus
3381 3672 3469 3728 ille
3496 3671 3653 3742 hujus
3675 3671 3886 3741 peccati

2294 3779 2534 3824 naturam
2567 3782 2722 3838 posse
2743 3783 2806 3822 ex
2829 3768 2960 3837 ipsis
2988 3766 3135 3820 caelis
3163 3765 3416 3835 dejicere.
3446 3763 3584 3820 banc
3608 3764 3893 3835 ingressus

2287 3865 2424 3916 viam
2457 3872 2556 3923 est,
2591 3877 2713 3916 cum
2741 3861 3004 3915 Adamum
3051 3874 3116 3914 ex
3145 3867 3294 3913 tanto
3340 3857 3545 3913 honore
3591 3856 3892 3912 deturbare

2288 3957 2515 4011 curavit.
2545 3953 2678 4009 Cum
2723 3954 2868 4007 enirn
2914 3953 3061 4006 illum
3113 3966 3210 4020 spe
3253 3951 3577 4021 :equalitatis
3618 3965 3741 4005 cum
3773 3949 3893 4006 Deo

2289 4045 2651 4115 adipiscendre
2679 4042 2921 4098 inﬂatum
2954 4041 3276 4095 reddidisset
3306 4083 3321 4104 ,
3351 4042 3429 4094 sic
3469 4041 3617 4094 illmn
3663 4040 3886 4108 dejecit,

2287 4147 2341 4191 et
2367 4137 2419 4190 in
2443 4134 2759 4204 profundum
2791 4132 2983 4188 inferni
3014 4131 3382 4203 prtecipitavit.
3415 4130 3554 4185 Nihil
3584 4131 3725 4186 enim
3753 4132 3825 4186 ita
3856 4150 3885 4186 a

2293 4228 2382 4282 Dei
2408 4225 2739 4295 benignitate
2774 4224 2968 4278 avertit
2999 4265 3014 4288 ,
3067 4231 3121 4275 et
3149 4221 3408 4291 gebennze
3439 4222 3574 4292 ignis
3616 4222 3891 4292 supplicio

2292 4317 2472 4381 tradit,
2505 4326 2562 4372 ut
2583 4317 2849 4385 superbiae
2874 4315 3136 4386 tyrannis.
3167 4313 3277 4369 Hac
3305 4329 3403 4369 nos
3428 4327 3745 4385 occupante,
3779 4328 3897 4375 tota

2303 4411 2410 4465 vita
2439 4419 2619 4465 nostra
2644 4411 2851 4478 impura
2885 4407 3135 4473 efﬁcitur,
3159 4407 3368 4462 etiamsi
3397 4407 3696 4463 castitatem
3725 4450 3742 4476 ,
3771 4411 3891 4466 vir-

2293 4501 2570 4572 ginitatem
2595 4539 2610 4562 ,
2640 4498 2904 4568 jejunium
2930 4537 2945 4560 ,
2995 4497 3362 4568 precationem
3385 4539 3399 4560 ,
3435 4497 3835 4570 eleemosynani
3875 4545 3893 4568 ,

2292 4601 2622 4660 exterasque
2655 4591 2880 4644 virtutes
2909 4603 3258 4644 exerceamus
3309 4587 3615 4645 Immundas
3643 4632 3658 4656 ,
3693 4591 3894 4661 inquit,

2298 4683 2438 4754 apud
2462 4680 2736 4735 Dominum
2764 4681 2927 4734 omnis
2963 4679 3207 4750 superbus
3235 4681 3253 4749 (
3283 4680 3440 4734 Prov.
3476 4682 3565 4736 16.
3600 4683 3632 4738 6
3660 4681 3696 4753 ).
3736 4683 3900 4741 llum:

2293 4790 2419 4845 ergo
2443 4775 2605 4828 animi
2632 4783 2895 4828 tmnorem
2925 4773 3345 4841 comprimamus
3379 4787 3393 4837 ;
3424 4771 3568 4848 hunc
3595 4775 3788 4828 fastum
3825 4777 3905 4831 de

2295 4867 2472 4922 medio
2503 4866 2750 4920 tollamus
2779 4909 2792 4930 ,
2824 4866 2866 4918 si
2912 4864 3095 4918 mundi
3147 4863 3374 4917 velimus
3397 4879 3518 4918 esse
3539 4907 3555 4928 ,
3601 4875 3658 4920 et
3698 4865 3768 4920 ab
3799 4881 3900 4929 eo,

2297 4959 2438 5030 quod
2477 4959 2693 5014 diabolo
2721 4967 2962 5028 paratum
2988 4967 3075 5012 est
3107 4999 3120 5018 ,
3163 4943 3426 5026 supplicio
3474 4957 3709 5013 liberari.
3750 4959 3899 5016 Nam

2294 5053 2433 5123 quod
2465 5065 2722 5120 arrogans
2747 5050 2940 5105 eodem
2969 5065 3075 5118 quo
3110 5047 3356 5103 diabolus
3385 5050 3456 5103 sit
3486 5051 3749 5120 supplicio
3782 5066 3888 5121 pu-

2296 5144 2542 5208 niendus,
2573 5143 2694 5196 audi
2721 5141 2941 5196 Paulum
2966 5140 3232 5196 dicentem
3267 5161 3280 5196 :
3311 5140 3434 5196 Non
3463 5145 3794 5214 neapltgtum,
3830 5162 3903 5198 nc

2295 5237 2347 5290 in
2367 5236 2657 5305 superbiam
2683 5237 2843 5287 elutus
2867 5274 2880 5292 .
2913 5235 2963 5288 in
2976 5234 3232 5302 judicium
3256 5234 3446 5287 incidat
3475 5243 3532 5289 et
3554 5235 3604 5288 in
3635 5235 3900 5304 laqueum

2299 5328 2529 5398 diaboli(
2560 5327 2612 5382 1.
2648 5326 2780 5380 Tim.
2813 5325 2866 5383 3.
2891 5328 2924 5381 6
2956 5328 2994 5396 ).
3028 5324 3168 5394 Quid
3198 5334 3278 5380 est
3303 5325 3562 5395 judicium
3590 5327 3613 5381 τ
3659 5327 3710 5382 ln
3742 5343 3900 5383 earn-

2299 5419 2441 5483 dem,
2461 5418 2650 5488 inquit,
2681 5418 3100 5477 damnationem,
3127 5419 3178 5471 in
3204 5416 3343 5470 idem
3371 5417 3707 5486 supplicium.
3738 5418 3900 5485 Quo-

2301 5511 2458 5564 modo
2489 5510 2650 5580 igitur
2688 5508 2789 5563 boc
2811 5509 3008 5562 malum
3040 5507 3295 5577 effugeris
3322 5509 3344 5561 ἲ
3371 5507 3428 5562 Si
3461 5517 3636 5562 tecum
3665 5519 3896 5579 reputes

2305 5614 2546 5657 naturain
2576 5613 2741 5666 tuam,
2769 5603 2812 5655 si
2841 5611 3183 5671 peccatorum
3214 5598 3608 5654 multitudinem
3643 5641 3659 5663 ,
3687 5600 3734 5653 si
3767 5617 3857 5654 ma
3879 5636 3895 5645 ο

2301 5694 2632 5766 gnitudincm
2675 5695 3048 5750 crneiatmnn:
3084 5693 3127 5746 si
3177 5691 3494 5762 cogitaveris
3539 5707 3696 5762 quant
3745 5693 3900 5750 [lusa

2303 5795 2408 5847 sint
2435 5803 2499 5846 ea
2529 5804 2647 5861 qua:
2677 5788 2730 5845 in
2760 5790 2862 5844 hoc
2890 5786 3090 5843 mundo
3138 5785 3417 5860 splendida
3447 5785 3698 5844 videntur
3715 5797 3843 5839 esse
3884 5829 3905 5858 ,
