4164 6320
245 348 301 401 75
1358 340 1422 395 ΙΝ
1465 336 1776 393 JOANNEM
1820 336 1835 391 Ι

1968 338 2047 391 Ιῐ..
2093 340 2159 393 Χ.
2204 342 2275 399 al.
2321 345 2414 402 IX.
3505 366 3563 420 7-1

245 477 459 531 quamne.
515 458 731 513 facilius
778 464 1136 520 marcescunt,
1180 454 1517 524 quatnverui
1552 452 1734 506 liores.
1793 452 1847 505 Si

249 555 337 608 has
376 555 694 619 frequenter
724 551 1081 621 cogitationes
1111 549 1291 602 animo
1320 561 1602 601 versemus
1622 588 1635 609 ,
1664 546 1706 599 si
1738 561 1846 599 me-

248 646 407 700 n-oria
458 654 773 712 repetamus
802 658 898 699 eos
928 642 1019 712 qui
1065 641 1114 695 in
1158 640 1353 693 virtute
1386 640 1619 694 maxime
1646 638 1846 693 ﬂorue-

252 746 368 790 runt
392 779 407 796 .
443 752 548 788 non
578 734 736 788 facile
773 734 1018 788 diabolus
1040 747 1139 786 nos
1170 730 1362 787 ell‘erre
1393 732 1587 801 poterit
1618 770 1632 796 ,
1671 746 1844 800 quan.

249 827 439 880 tumvis
466 827 806 889 contendat,
861 839 1035 893 neque
1086 824 1222 878 inire
1273 825 1413 876 viain
1454 838 1555 892 qua
1587 837 1685 875 nos
1720 837 1847 889 sap.

250 916 466 986 plantet.
505 919 643 971 Deus
671 926 852 971 autem
886 914 1187 980 humilium,
1215 915 1475 984 benignus
1502 914 1590 969 ille
1619 922 1673 968 et
1696 929 1846 966 man-

1955 466 2159 521 suetus,
2191 469 2243 512 et
2276 461 2426 515 vobis
2448 472 2502 516 et
2523 465 2673 519 nobis
2702 483 2794 521 cor
2823 472 3112 526 contritum
3138 483 3191 530 et
3225 477 3562 535 lnunilialmn

1957 548 2169 604 tribuat.
2221 550 2310 606 Sic
2357 555 2502 608 enim
2552 560 2848 624 poterimus
2900 574 3096 618 cancro
3140 583 3357 638 quoque
3408 573 3563 628 facile.

1957 651 2237 708 praestare.
2273 644 2337 697 ad
2362 646 2586 715 gloriam
2624 650 2833 705 Domini
2866 658 3033 709 nostri
3065 657 3191 713 Jesn
3223 660 3441 729 Christi,
3472 682 3569 737 per

1953 746 2114 800 quem
2142 744 2196 788 et
2220 751 2341 788 eum
2381 753 2487 806 quo
2522 740 2663 795 Patri
2700 759 2912 813 unaque
2956 746 3179 818 Spiritui
3229 769 3417 809 saneto
3440 758 3557 828 κιο-

1952 825 2051 887 ria,
2091 826 2140 878 in
2175 828 2364 881 sarcula
2397 833 2741 887 surculorum.
2778 840 2974 893 Amen.

245 1035 3569 1160 ψ

402 1250 470 1303 In
499 1249 706 1318 propria
734 1247 884 1311 venit,
915 1256 960 1299 et
990 1245 1068 1299 sui
1100 1262 1212 1299 eum
1245 1262 1343 1297 non
1371 1253 1683 1311 receperunt.

312 1344 362 1396 1.
407 1341 551 1395 Deus
577 1357 668 1394 nos
698 1340 767 1393 ad
796 1342 1029 1393 virtutem
1059 1339 1290 1405 impellit,
1344 1339 1508 1391 illatsa
1556 1346 1728 1389 nostra
1779 1335 1843 1386 li-

243 1439 448 1486 bertate.
480 1432 657 1487 Bonus
681 1432 945 1501 probatur,
977 1431 1125 1483 etiam
1167 1447 1280 1483 cum
1323 1428 1575 1498 supplicia
1602 1428 1841 1480 minatur.

246 1526 409 1589 Quam
464 1540 707 1594 generosa
756 1522 1040 1576 Saluatoris
1090 1523 1294 1573 raritas.
1336 1552 1408 1560 —-
1452 1522 1613 1580 Deus,
1663 1527 1845 1585 utpote

239 1619 478 1672 clemens
507 1627 561 1671 et
592 1617 884 1679 lienelicus,
909 1615 1103 1669 dilecte
1132 1617 1171 1681 ',
1203 1615 1333 1668 nihil
1368 1628 1470 1667 non
1503 1614 1608 1682 agit
1635 1622 1688 1665 et
1716 1626 1846 1679 ope-

243 1723 409 1776 ratur,
446 1720 503 1764 ιιι
536 1726 636 1764 nos
667 1712 865 1763 virtute
893 1709 1155 1777 splendidi
1187 1708 1390 1773 simus;
1425 1707 1567 1777 quod
1597 1720 1693 1759 nos
1718 1706 1846 1760 velit

238 1814 489 1871 acceptos
521 1804 884 1873 probatosque
911 1818 1030 1857 esse
1057 1817 1071 1865 ;
1119 1801 1277 1871 idque
1305 1816 1410 1855 non
1442 1801 1489 1852 vi
1518 1808 1610 1853 aut
1644 1814 1841 1853 neces-

238 1896 418 1955 sitate.
455 1894 551 1949 sed
592 1895 844 1949 Suasioiie
890 1904 944 1947 et
988 1892 1269 1948 beneficiis
1314 1892 1424 1946 suis
1453 1891 1693 1944 volentes
1725 1904 1844 1942 om-

238 2002 332 2039 nes
377 1986 551 2040 allicit
594 1995 650 2040 et
694 1986 761 2039 ad
806 1999 864 2039 se
914 1984 1097 2038 trahit.
1138 1982 1501 2050 Quamobrem
1539 1982 1845 2035 venientem

239 2079 385 2130 illum
415 2077 509 2130 alii
545 2086 887 2145 receperunt,
938 2075 1028 2129 alii
1074 2088 1251 2129 secus.
1304 2072 1517 2129 Nullum
1562 2073 1704 2127 enim
1734 2072 1847 2125 vult

241 2170 461 2221 invitum
493 2168 577 2222 vel
612 2166 933 2221 necessitate
954 2174 1198 2220 coactum
1230 2179 1445 2219 servum
1476 2163 1712 2228 habere;
1751 2163 1845 2217 sed

238 2274 427 2313 OtlllICS
460 2258 692 2313 libenter
722 2269 775 2313 et
803 2274 868 2313 ex
899 2256 1187 2311 voluntatis
1219 2258 1493 2325 proposito
1528 2256 1731 2318 venire,
1784 2270 1846 2309 ac

239 2352 304 2404 de
332 2352 424 2403 tali
453 2352 717 2405 servitute
746 2351 966 2419 gratiam
998 2350 1096 2419 ipsi
1126 2348 1346 2403 habere.
1399 2348 1656 2403 llomines
1701 2347 1844 2401 enim

242 2458 522 2496 servorum
551 2442 853 2496 ministerio
884 2456 1018 2509 opus
1048 2441 1332 2507 habentes,
1381 2441 1527 2509 ipsos
1549 2442 1568 2470 ²
1594 2439 1678 2493 vel
1708 2440 1847 2493 invi-

243 2543 323 2586 tos
366 2535 650 2587 servitutis
681 2533 781 2601 legi
816 2532 1108 2601 subjiciunt
1138 2549 1150 2585 :
1184 2532 1328 2587 Deus
1351 2542 1530 2586 autem
1551 2547 1672 2586 cum
1702 2532 1847 2586 nullo

245 2628 499 2697 indigeat,
534 2628 773 2696 nullique
801 2627 1131 2689 necessitati,
1176 2642 1277 2695 qua
1310 2627 1558 2680 homines
1591 2640 1842 2694 premun-

248 2729 350 2781 tur,
376 2720 445 2772 sit
477 2719 775 2787 subjectus,
831 2728 1027 2772 nostra:
1066 2717 1256 2771 salutis
1289 2732 1453 2771 causa
1492 2726 1697 2771 tantum
1727 2732 1846 2772 om-

245 2813 327 2864 nia
354 2812 500 2876 facit,
553 2814 761 2880 liorque
794 2820 980 2863 nostro
1004 2810 1226 2863 arbitrio
1251 2820 1301 2863 et
1333 2810 1591 2867 voluntati
1627 2813 1847 2879 permit-

246 2904 306 2956 tit
338 2921 351 2954 :
383 2903 617 2971 ideoque
645 2902 950 2955 nolentibus
989 2902 1190 2954 nullam
1221 2901 1327 2953 vim
1353 2910 1444 2953 aut
1471 2901 1843 2954 necessitatem

247 2996 423 3047 infert.
478 2992 558 3047 Ad
599 3002 839 3046 nostram
885 2993 1027 3047 enim
1079 2991 1254 3045 solum
1298 3001 1505 3060 spectat
1535 2993 1840 3046 utilitatem.

248 3084 373 3136 Nam
408 3083 604 3136 invitos
635 3082 701 3137 ad
732 3083 870 3137 hanc
896 3082 1033 3137 trahi
1066 3084 1464 3148 necessitatem,
1518 3083 1658 3138 idem
1701 3094 1848 3147 esset

248 3192 307 3229 ac
337 3175 491 3229 nullo
519 3174 682 3229 modo
713 3176 935 3230 servire.
966 3176 1073 3229 Cur
1106 3191 1256 3244 ergo,
1289 3176 1520 3245 inquies,
1567 3177 1716 3245 punit
1753 3190 1847 3229 eos

248 3269 335 3335 qui
368 3269 564 3323 nolunt
590 3268 689 3337 ipsi
716 3268 939 3338 obsequi
963 3268 985 3320 ἲ
1013 3276 1066 3322 et
1095 3284 1190 3322 cur
1219 3269 1518 3338 gehennam
1547 3270 1845 3323 commina-

249 3374 329 3414 tus
348 3371 434 3416 est
456 3362 543 3425 iis,
562 3365 649 3431 qui
677 3363 793 3431 ejus
825 3373 1088 3431 przecepta
1119 3378 1224 3416 non
1252 3363 1511 3417 audiunt?
1532 3363 1666 3431 Quia
1684 3366 1844 3417 etiam

250 3453 401 3507 nobis
428 3469 535 3506 non
568 3455 1065 3524 obtemperantibus
1090 3495 1103 3518 ,
1151 3470 1399 3524 magnam
1450 3457 1618 3509 nostri
1660 3471 1843 3509 curam

248 3546 399 3614 gerit,
454 3557 640 3615 utpote
688 3545 897 3611 bonus;
946 3548 1055 3601 imo
1095 3548 1252 3602 nobis
1289 3548 1657 3603 resilientibus
1682 3559 1736 3603 et
1760 3549 1845 3601 fti-

248 3640 533 3707 gientibus,
582 3654 688 3692 non
730 3640 991 3695 abscedit.
1037 3641 1171 3707 Quia
1223 3642 1384 3711 igitur
1428 3643 1660 3712 priorem
1698 3644 1846 3697 illam

250 3730 489 3785 beneﬁcii
538 3732 678 3786 viam
717 3732 866 3787 adire
904 3733 1201 3799 noluimus,
1251 3749 1349 3788 nec
1378 3724 1616 3789 suasioni
1644 3734 1846 3791 beneli-

248 3823 449 3893 ciisque
489 3824 754 3878 cessimus
788 3841 801 3879 :
834 3824 1059 3879 alteram
1104 3826 1312 3879 induxit
1351 3841 1448 3897 per
1487 3828 1745 3896 supplicia
1790 3838 1845 3883 et

246 3916 547 3981 cruciatus;
598 3931 718 3985 qtt:e.
766 3916 1111 3972 acerbissima
1145 3918 1364 3987 quidem
1392 3928 1494 3985 est,
1528 3920 1623 3975 sed
1667 3930 1844 3976 tamen

248 4008 574 4062 neceSsaria.
624 4006 811 4062 Priore
838 4024 1071 4079 namque
1099 4019 1430 4079 contempta,
1464 4013 1697 4066 secunda
1744 4028 1841 4068 nc-

244 4098 482 4151 cessario
532 4098 825 4153 inducitur.
889 4094 1020 4154 Nam
1062 4110 1115 4155 ct
1150 4102 1327 4172 legum
1378 4103 1575 4159 latores
1624 4121 1845 4177 magnas

243 4202 539 4257 gravesque
566 4201 755 4243 contra
790 4200 1072 4259 peccantes
1097 4194 1435 4248 constituunt
1462 4211 1647 4264 pinnas
1701 4216 1713 4251 :
1753 4213 1846 4254 ne-

243 4296 348 4349 que
391 4290 570 4336 tamen
617 4282 739 4336 ideo
768 4284 886 4336 illos
916 4298 1248 4352 averSamur,
1282 4287 1391 4340 imo
1415 4289 1582 4359 magis
1612 4288 1845 4345 honora—

245 4387 364 4425 mns
400 4375 677 4427 constituti
721 4375 965 4443 Supplicii
1012 4391 1194 4443 causa,
1240 4387 1294 4431 et
1325 4380 1464 4447 quod
1493 4380 1634 4435 nulla
1662 4391 1841 4436 nostra

247 4479 305 4519 re
336 4466 656 4535 indigentes,
684 4467 791 4520 imo
822 4482 964 4534 saepe
987 4470 1151 4523 nescii
1180 4471 1393 4538 quinam
1423 4471 1599 4542 legum
1622 4489 1841 4528 suarum

245 4574 348 4627 0pc
387 4559 612 4628 juvandi
659 4559 785 4625 sint,
834 4570 1067 4615 attamen
1100 4563 1239 4616 bono
1269 4564 1391 4617 vita:
1422 4574 1619 4619 nostra:
1650 4575 1705 4621 et
1733 4567 1842 4621 rei-

251 4650 481 4716 publica:
512 4651 688 4704 ordini
724 4651 1102 4720 advigilarnnt,
1126 4656 1322 4709 virtute
1354 4658 1608 4722 praeditos
1633 4658 1839 4716 honore

244 4740 566 4808 allicientes,
615 4743 894 4812 improbos
933 4755 1110 4800 autem
1146 4754 1203 4801 et
1233 4756 1535 4815 protervos,
1585 4751 1675 4819 qui
1713 4752 1842 4805 reli-

243 4851 477 4906 quorum
507 4838 743 4906 quietem
787 4838 1023 4902 turbant,
1064 4856 1157 4907 per
1202 4841 1460 4909 supplicia
1508 4852 1843 4899 cocrcentes.

247 4928 402 4995 Quod
434 4930 474 4983 si
507 4929 606 4983 bos
635 4930 962 4984 admiramur
997 4940 1052 4985 et
1094 4932 1398 5003 diligimus,
1451 4948 1630 4990 nonne
1676 4936 1848 5003 multo

245 5020 421 5089 magis
446 5020 585 5075 Deus
611 5021 681 5075 ob
697 5030 898 5075 tantam
930 5022 1203 5077 hominum
1226 5039 1408 5079 curam
1429 5034 1483 5080 et
1506 5026 1851 5083 admirandus

250 5122 306 5164 et
330 5110 600 5166 amandus
626 5113 743 5165 est?
773 5113 1092 5168 Immensum
1121 5116 1319 5184 quippe
1345 5116 1633 5172 discrimen
1664 5128 1745 5174 est
1772 5120 1855 5173 in-

251 5212 334 5258 ter
356 5203 576 5257 illorum
600 5215 655 5258 et
678 5204 773 5258 Dei
803 5220 926 5274 erga
956 5221 1053 5260 nos
1085 5207 1473 5275 providentiam
1505 5227 1517 5262 :
1555 5210 1853 5267 ineffabiles

250 5294 496 5362 profecto
524 5304 578 5348 et
606 5309 765 5363 supra
798 5307 1034 5349 mentem
1062 5311 1281 5352 omnem
1310 5307 1435 5353 sunt
1460 5300 1659 5355 divitia:
1693 5301 1851 5356 boni-

249 5388 380 5439 tatis
410 5384 574 5439 illius.
606 5384 708 5441 Hic
734 5387 971 5441 animum
1003 5388 1217 5443 adhibe.
1248 5388 1316 5443 In
1338 5392 1548 5461 propria
1571 5393 1723 5460 venit,
1746 5408 1855 5451 non

249 5477 595 5531 necessitatis
621 5494 733 5532 sua:
761 5494 922 5534 causa
973 5480 1166 5548 (Deus
1197 5482 1415 5553 quippe,
1450 5494 1508 5539 ut
1536 5484 1669 5551 dixi,
1709 5488 1856 5542 nullo

248 5569 519 5641 indiget),
550 5572 642 5625 sed
668 5572 734 5625 ad
764 5572 1018 5627 beneficia
1050 5576 1162 5630 suis
1188 5577 1510 5646 praestanda.
1551 5579 1653 5637 Sed
1688 5598 1858 5653 neque

313 5707 327 5735 ι
367 5705 514 5770 savii.
529 5704 593 5770 _in
618 5706 852 5770 margine
875 5706 1043 5770 habet,
1066 5707 1248 5761 dilecti.

315 5769 333 5797 '
374 5766 508 5817 Idem
528 5764 669 5831 legit,
690 5764 883 5819 miluos.

1965 1246 2042 1299 sic
2072 1246 2143 1301 illi
2171 1250 2260 1318 qui
2290 1253 2368 1305 sui
2395 1265 2568 1321 erant,
2606 1260 2656 1311 in
2689 1265 2902 1332 propria
2935 1282 3028 1334 pro
3066 1270 3304 1338 ipsorum
3341 1280 3567 1335 utilitate

1957 1340 2285 1408 venientem,
2324 1359 2642 1414 receperunt
2669 1368 2828 1408 eum:
2865 1357 2972 1410 into
3013 1364 3327 1431 repulerunt
3354 1390 3366 1425 :
3394 1387 3570 1442 neque

1958 1430 2059 1485 hoc
2082 1436 2212 1488 satis
2241 1437 2367 1505 ipsis
2401 1439 2517 1502 fuit,
2548 1445 2640 1498 sed
2673 1456 2820 1501 extra
2848 1430 3323 1525 vineamejcctum
3357 1430 3569 1520 oet-ide-

1963 1533 2087 1576 runt
2116 1526 2335 1590 (.llattli.
2367 1531 2457 1586 2|.
2489 1534 2603 1602 59).
2635 1537 2819 1609 Neque
2848 1552 3023 1598 tamen
3058 1549 3133 1602 sic
3168 1552 3312 1619 ipsos
3341 1572 3365 1607 a
3398 1540 3570 1624 pecni-

1958 1617 2122 1669 tentia
2156 1621 2404 1681 exclusit.
2438 1626 2531 1679 sed
2564 1633 2833 1686 concessit
2868 1635 2975 1688 illis
3008 1649 3083 1704 nt,
3109 1642 3151 1693 si
3190 1617 3309 1711 post
3357 1617 3563 1705 turum

1959 1706 2164 1761 facinus
2206 1715 2411 1766 scelera
2448 1732 2543 1771 sua
2573 1720 2794 1777 abluere
2829 1728 3031 1783 vellent
3060 1748 3157 1800 per
3186 1734 3345 1796 fidem
3382 1740 3433 1793 in
3485 1744 3563 1812 ip-

1956 1811 2095 1862 sum,
2146 1799 2209 1852 iis
2246 1804 2334 1870 qui
2369 1806 2501 1859 nihil
2529 1811 2631 1863 tale
2656 1814 3025 1885 admisissent,
3064 1799 3181 1876 imo
3223 1799 3567 1887 amicissimis

1956 1889 2054 1942 sibi
2106 1906 2261 1958 pares
2304 1894 2501 1951 forent.
2556 1900 2710 1969 Quod
2739 1917 2917 1963 autem
2950 1929 3055 1966 non
3087 1920 3258 1983 gratis
3288 1922 3368 1975 vel
3401 1927 3564 1979 animi

1956 1994 2114 2035 causa
2150 1985 2199 2036 Μ
2229 1986 2424 2049 dicam.
2464 1990 2578 2047 haec
2601 1995 2744 2050 clara
2776 2015 2909 2055 voce
2941 2008 3299 2065 testificantur
3328 2014 3414 2067 illa
3444 2033 3562 2070 om-

1957 2071 2041 2125 nia
2068 2089 2187 2142 ωιτη
2215 2078 2372 2133 beato
2398 2082 2561 2138 Paulo
2590 2090 2933 2159 contigerunt
2963 2114 2973 2148 :
3000 2100 3087 2166 qui
3112 2112 3391 2172 postquam
3416 2108 3567 2162 Chri-

1959 2175 2101 2223 stum
2133 2180 2252 2232 post
2281 2173 2398 2270 ejus
2432 2186 2657 2233 mortem
2698 2197 3056 2253 persequutus
3095 2191 3287 2259 fuerat,
3338 2198 3566 2270 ejusque

1958 2270 2245 2330 martyrem
2303 2265 2639 2335 Stephanum
2701 2277 2991 2335 multorum
3048 2288 3296 2343 manibus
3354 2265 3557 2359 lapida-

1959 2361 2105 2452 verat
2140 2353 2248 2424 (ιι),
2299 2358 2418 2425 quia
2466 2365 2831 2445 pmnitentiam
2891 2373 3017 2440 egit.
3054 2387 3105 2429 et
3160 2390 3337 2434 errata
3387 2353 3565 2452 priora

1956 2440 2248 2509 damnavit,
2302 2459 2460 2519 atque
2507 2453 2572 2507 ad
2624 2472 2744 2510 eum
2785 2476 2945 2529 quem
2999 2481 3359 2538 persequutus
3389 2440 3565 2529 fuerat

1959 2535 2203 2600 protinus
2232 2544 2480 2608 accessit,
2512 2546 2693 2599 statim
2729 2549 2868 2604 inter
2893 2556 3115 2617 amicos,
3143 2535 3192 2613 et
3220 2563 3447 2637 quidem.
3470 2569 3568 2633 pri-

1957 2627 2157 2681 marios
2204 2628 2447 2685 adiectus
2494 2646 2577 2690 est
2620 2653 2649 2690 a
2695 2640 2908 2696 Christo
2936 2647 3025 2714 qui
3060 2627 3567 2721 ipsum-pra'ciinem

1960 2720 2230 2813 totiusque
2262 2724 2411 2779 orbis
2439 2726 2718 2783 dortorem
2766 2738 3082 2805 constituit;
3127 2744 3216 2812 qui
3258 2720 3401 2813 prius
3449 2749 3566 2805 bla-

1956 2808 2238 2877 Splinmus,
2275 2828 2632 2884 persequutor
2657 2830 2710 2875 et
2737 2808 3161 2886 contumeliosiis
3190 2808 3391 2890 fuerat:
3431 2853 3480 2892 ut
3513 2853 3569 2895 et

1959 2902 2071 2968 ipse
2100 2904 2165 2957 de
2198 2905 2285 2958 Dei
2326 2907 2655 2978 benignitate
2698 2919 2997 2986 exsultans,
3033 2924 3149 2978 sine
3180 2928 3379 2983 rubore
3410 2936 3564 2987 testi-

1959 2989 2145 3046 ﬁcatus
2176 3005 2278 3048 est.
2315 2996 2425 3051 lmo
2459 3012 2511 3053 et
2545 3003 2658 3072 ipse
2684 3008 2857 3075 priora
2886 3010 3119 3067 facinora
3152 3034 3244 3071 sua
3279 3021 3327 3073 in
3354 3025 3569 3092 scriptis

1958 3087 2070 3137 suis
2099 3087 2249 3153 quasi
2280 3087 2333 3140 in
2362 3090 2516 3158 cippo
2540 3104 2780 3161 exarata,
2808 3103 3056 3157 omnibus
3086 3108 3377 3166 dcclaravit
3412 3132 3422 3167 :
3458 3087 3569 3169 me-

1959 3172 2062 3226 lius
2105 3185 2296 3243 putans
2350 3177 2484 3241 fore,
2540 3184 2582 3236 si
2632 3186 2779 3252 prior
2810 3192 2912 3243 vita
2947 3208 3040 3247 sua
3073 3199 3211 3263 apud
3241 3217 3431 3258 omnes
3462 3216 3569 3259 tra-

1958 3263 2261 3367 duceretur,
2302 3280 2355 3323 ut
2384 3269 2550 3327 divini
2582 3274 2710 3331 doni
2740 3284 3051 3350 magnitudo
3074 3288 3377 3359 ell'ulgeret,
3403 3309 3565 3364 quam

1958 3369 2001 3407 SI
2032 3371 2167 3424 ipse,
2196 3376 2262 3412 ne
2288 3372 2462 3415 errata
2488 3380 2581 3418 sna
2612 3370 2865 3425 omnibus
2895 3374 3215 3447 declararet,
3243 3383 3565 3442 inell‘abileoi

1962 3445 2053 3499 Dei
2085 3447 2467 3545 benignitatem
2499 3456 2801 3527 obtegeret.
2851 3462 3162 3535 Pr0pterea,
3196 3445 3569 3545 persequutio-

1958 3551 2071 3601 nes,
2122 3539 2361 3595 insidias.
2409 3544 2548 3599 bella
2581 3560 2767 3604 contra
2798 3552 3094 3613 Ecclesiam
3145 3539 3387 3620 excitata
3422 3585 3569 3640 smpe

1958 3630 2153 3698 smpius
2181 3648 2589 3704 commemorat,
2628 3644 2788 3698 modo
2817 3648 3044 3727 dicens;
3084 3652 3205 3708 Non
3244 3675 3355 3712 sunt
3382 3630 3568 3734 dign-us

1958 3724 2126 3775 vocari
2155 3729 2436 3795 apostolus,
2470 3734 2588 3799 quia
2621 3750 2949 3807 persequutus
2984 3724 3096 3796 sum
3142 3724 3568 3811 Ecclesiam'Dei

1960 3811 2036 3911 (1ἶ
2069 3814 2183 3911 Cor.
2216 3817 2300 3872 15.
2334 3818 2389 3887 9)
2417 3836 2429 3884 ;
2486 3825 2644 3879 modo
2675 3837 2875 3896 autem,
2921 3831 3069 3887 Venit
3096 3838 3250 3894 Jesus
3278 3856 3566 3911 peccatores

1958 3906 2123 3958 salvos
2151 3908 2335 3975 facere,
2365 3929 2579 3980 quarunt
2612 3919 2805 3985 primus
2835 3938 2927 3993 ego
2957 3943 3067 3979 sum
3101 3930 3116 3995 (
3133 3930 3176 3983 l.
3204 3906 3336 3985 Τὶιη.
3359 3937 3407 3988 1.
3441 3940 3563 4008 15);

1960 4008 2023 4047 ac
2054 4010 2292 4064 rursum,
2350 4000 2581 4059 Audistis
2620 4016 3048 4071 conservationem
3082 4038 3244 4075 meam
3287 4000 3569 4099 aliquando

1960 4086 2013 4138 in
2049 4089 2332 4155 judat'smo,
2377 4097 2617 4159 quoniam
2662 4117 2820 4170 supra
2864 4110 3068 4162 modum
3099 4086 3432 4185 persequebar
3464 4119 3567 4176 Ec-

1963 4181 2167 4234 clesiam
2198 4183 2315 4249 Dei,
2347 4197 2390 4239 et
2421 4193 2774 4262 expugnabat"
2806 4198 2949 4253 illaut
2987 4202 3127 4272 (Cal.
3160 4208 3206 4260 1.
3236 4181 3343 4278 l5).

2030 4274 2085 4326 2.
2130 4275 2286 4331 Velut
2339 4282 2481 4335 enim
2528 4288 2813 4354 quamdam
2860 4295 3028 4349 vicem
3072 4274 3568 4367 Christo'reddens

1964 4368 2036 4423 ob
2069 4370 2381 4436 patientiam
2413 4390 2571 4444 quam
2604 4394 2787 4435 secum
2816 4387 3155 4458 exhibuerat,
3208 4406 3262 4449 ut
3309 4403 3567 4457 ostende-

1962 4472 2045 4515 ret
2083 4463 2318 4532 qualcm,
2367 4477 2419 4521 et
2459 4472 2728 4536 quomodo
2772 4475 2978 4531 hostem
3012 4493 3060 4535 ct
3090 4485 3363 4545 inimicum
3392 4494 3568 4551 salute

1966 4554 2223 4610 donasset
2252 4575 2265 4611 :
2297 4560 2373 4613 sic
2404 4560 2569 4615 libere
2595 4566 2788 4620 bellum
2823 4570 2950 4626 illud
2983 4577 3256 4647 praedicat,
3280 4598 3388 4652 quo
3410 4586 3565 4641 Chri-

1976 4658 2117 4701 stum
2161 4652 2211 4703 in
2244 4652 2507 4721 principio
2538 4657 2791 4714 ardenter
2821 4662 3185 4735 impngnabat.
3237 4675 3370 4731 llinc
3393 4690 3571 4736 autem

1973 4739 2381 4808 desperantibus
2410 4759 2558 4814 spem
2590 4749 2784 4805 bonam
2819 4755 2970 4811 indit.
3012 4759 3140 4813 Nam
3173 4766 3246 4818 ait
3275 4768 3396 4823 ideo
3419 4771 3576 4826 Chri-

1980 4842 2119 4886 stum
2170 4850 2229 4889 se
2278 4838 2685 4906 resipiscentem
2729 4846 3030 4915 admisisse,
3084 4866 3139 4908 ut
3193 4858 3243 4911 in
3294 4877 3355 4915 se
3397 4866 3572 4931 primo

1975 4924 2284 4994 ostenderet
2325 4944 2539 4983 onmem
2574 4936 2910 5002 patientiam,
2958 4955 3009 4996 et
3038 4946 3327 5007 immensas
3356 4924 3567 5011 bonita-

1969 5016 2037 5069 tis
2090 5032 2202 5071 sum
2242 5018 2480 5087 divitias,
2526 5024 2575 5076 iu
2615 5031 2923 5094 exemplum
2960 5050 3144 5091 eorum
3185 5044 3273 5110 qui
3306 5058 3488 5113 postea
3522 5053 3570 5105 in

1969 5106 2141 5177 ipsum
2171 5111 2428 5166 credituri
2477 5127 2631 5170 erant
2675 5119 2724 5171 in
2772 5123 2933 5176 vitam
2978 5106 3258 5187 (uernam.
3308 5106 3567 5196 Craviora’

1970 5204 2166 5272 quippe
2197 5205 2265 5257 ab
2302 5206 2431 5276 ipsis
2471 5209 2704 5272 admissa
2737 5213 2989 5285 fuerant,
3023 5240 3178 5291 quam
3212 5246 3331 5296 qnce
3361 5237 3573 5290 veniam

1970 5308 2339 5362 mererentur;
2366 5316 2484 5369 qua:
2514 5301 2796 5359 declarans
2826 5314 3155 5381 evangelista
3189 5320 3401 5377 diccbat
3452 5345 3465 5380 :
3513 5327 3576 5382 In

1967 5389 2175 5459 propria
2216 5392 2367 5457 venit,
2416 5402 2461 5446 et
2487 5396 2567 5447 sui
2597 5411 2712 5449 eum
2738 5416 2840 5453 non
2869 5419 3184 5475 receperunt.
3235 5412 3389 5471 Unde
3435 5423 3576 5474 venit

1969 5480 2016 5534 is
2044 5482 2134 5552 qui
2167 5483 2346 5537 omnia
2374 5484 2584 5555 implet,
2628 5492 2717 5558 qui
2749 5493 2947 5561 ubique
2979 5514 3218 5567 praesens
3256 5512 3375 5561 est?
3418 5530 3572 5581 quem

1970 5574 2146 5629 locum
2198 5575 2433 5645 reliquit,
2486 5580 2575 5648 qui
2625 5583 2808 5637 omnia
2836 5602 2999 5643 manu
3035 5600 3179 5649 tenet
3210 5610 3261 5652 ct
3289 5574 3531 5658 eontiiiet
3561 5609 3575 5657 Ρ

2036 5714 2888 5804 inanibus
2924 5732 3221 5793 Stephanum
3258 5737 3572 5804 lapidaverat,

1969 5782 2086 5831 dum
2113 5791 2283 5830 eorum
2308 5783 2599 5834 vestimenta
2627 5796 2868 5837 servaret.
