4164 6320
614 382 683 440 75
1318 369 1374 426 S.
1415 363 1693 426 JOANNIS
1726 349 2202 418 CIIRYSOSTOMI
2240 348 2557 408 ARCHIEP.
2599 350 3137 417 CONSTANTINOP.
3810 366 3887 421 τίς

615 502 812 560 Locum
861 494 1071 567 quidem
1122 489 1318 555 nullum
1368 483 1602 565 reliquit,
1658 476 1971 567 (quomodo
2006 475 2187 567 posset

610 589 835 661 enim?)
880 561 979 642 suo
1016 591 1192 636 autem
1238 578 1303 633 ad
1348 589 1445 631 nos
1482 562 1742 629 descensu
1784 569 1836 623 id
1878 566 2020 661 fecit.
2052 561 2183 630 Quia

615 684 757 738 enim
790 654 842 734 in
875 673 1074 731 mundo
1103 685 1224 725 eum
1259 675 1426 732 esset,
1479 681 1584 719 non
1628 662 1905 717 videbatur
1953 654 2143 711 adesse
2168 692 2184 719 ,

616 770 769 843 quod
801 764 1035 823 nondum
1080 766 1493 832 cognosceretur
1524 773 1537 822 ;
1581 762 1764 825 postea
1791 764 1920 805 vero
1945 746 2182 816 seipsum

614 860 869 924 ostendit,
900 874 1021 911 eum
1054 866 1288 908 nostram
1321 848 1543 905 induere
1567 859 1781 901 carnem
1804 842 2048 913 dignatus
2072 844 2182 892 est:

616 953 754 1007 hanc
781 945 1264 1004 manifestatiouem
1293 950 1345 995 ct
1373 939 1710 995 descensum.
1759 934 2043 987 adventum
2088 942 2186 996 ap-

614 1044 797 1111 pellat.
829 1040 1021 1095 Mirum
1058 1044 1140 1090 est
1165 1032 1482 1101 discipulum
1514 1045 1619 1083 non
1650 1025 1967 1082 erubescere
1995 1020 2061 1074 de
2085 1034 2188 1072 nia-

613 1134 765 1205 gistri
790 1129 1132 1194 contumelia,
1162 1124 1253 1180 sed
1284 1137 1400 1178 eam
1430 1123 1597 1191 ipsam
1618 1115 1995 1173 contumeliam
2019 1111 2189 1167 ﬁden-

615 1236 696 1280 ter
726 1223 893 1279 literis
921 1218 1191 1275 mandare.
1243 1214 1297 1268 Id
1342 1227 1471 1267 vero
1510 1225 1615 1264 non
1649 1222 1835 1278 parum
1858 1205 2190 1260 demonstrat

612 1331 766 1385 quam
795 1325 980 1366 amans
1010 1306 1250 1364 veritatis
1276 1311 1436 1358 esset.
1465 1301 1713 1370 Alioquin
1739 1307 1918 1352 autem
1942 1296 2008 1361 is,
2027 1308 2185 1363 quem

614 1411 770 1476 pudet
809 1402 1239 1466 conviciantium,
1288 1417 1393 1476 n_on
1442 1398 1606 1470 pudet
1648 1396 1785 1466 ejus,
1817 1394 1909 1465 qui
1931 1391 2199 1448 conviciis

614 1464 870 1555 oneratus
895 1508 996 1551 cst.
1030 1496 1123 1551 Hie
1147 1464 1343 1566 quippe
1366 1492 1468 1547 bac
1494 1491 1701 1547 ratione
1724 1488 1920 1545 clarior
1946 1484 2062 1551 fuit,
2093 1484 2183 1554 qui

616 1603 734 1662 ptist
795 1590 1173 1647 contumeliam
1227 1583 1738 1641 contumeliosarum
1800 1576 2185 1649 providentiam

612 1685 777 1753 gessit
808 1702 821 1738 :
852 1682 923 1737 illi
951 1694 1080 1736 vero
1110 1679 1299 1750 ingrati
1332 1684 1387 1730 et
1417 1674 1629 1730 scelesti
1675 1670 1812 1742 apud
1834 1681 2045 1753 omnes
2088 1666 2187 1719 visi

611 1750 754 1839 sunt,
786 1773 873 1845 qui
912 1786 1057 1839 eum,
1083 1770 1169 1839 qui
1202 1777 1279 1823 tot
1307 1766 1443 1820 bona
1469 1765 1730 1820 allaturus
1764 1750 2003 1821 venerat,
2034 1757 2184 1828 quasi

615 1867 887 1920 inimicum
915 1874 971 1917 et
998 1862 1205 1915 hostem
1236 1857 1576 1926 eatpulerunt.
1617 1852 1799 1921 Neque
1846 1849 1975 1904 illud
2017 1863 2185 1903 nocu-

612 1955 773 2009 menti
822 1958 1023 2007 tantum
1074 1956 1417 2019 acceperunt,
1472 1944 1565 1999 sed
1609 1943 1766 1998 etiam
1808 1940 1948 2011 quod
1986 1953 2049 1994 ea
2080 1952 2187 1994 non

609 2045 959 2107 obtinuerint,
1007 2058 1125 2112 qua:
1173 2036 1488 2108 consequuti
1530 2045 1653 2091 sunt
1693 2033 1727 2088 ii
1772 2034 1860 2103 qui
1894 2033 2063 2102 ipsum
2095 2046 2187 2085 ac-

610 2145 884 2206 ceperunt.
934 2136 1188 2201 Quasnam
1231 2131 1283 2185 hi
1333 2128 1647 2197 consequuti
1690 2125 1858 2180 sunt?
1889 2124 1972 2179 12.
2022 2123 2186 2189 Quot-

614 2239 734 2298 quot
756 2238 923 2282 autent
953 2234 1241 2293 receperunt
1267 2240 1378 2277 eum
1400 2264 1415 2289 ,
1470 2221 1609 2274 dedit
1633 2219 1703 2273 eis
1733 2226 2026 2288 po!estotem
2053 2216 2188 2283 ﬁlios

615 2320 708 2375 Dei
736 2320 866 2390 ﬁeri,
896 2318 1085 2388 inquit.
1113 2316 1221 2372 Cur
1252 2330 1357 2369 non
1390 2328 1575 2368 narras
1600 2312 1773 2374 nobis,
1808 2327 1841 2363 ο
1870 2311 2041 2374 beate,
2095 2324 2189 2361 eo-

611 2428 726 2465 rmu
758 2411 1099 2479 supplicium,
1144 2408 1232 2478 qui
1260 2421 1365 2461 non
1394 2412 1711 2474 receperunt
1738 2403 1884 2456 illum
1912 2416 1930 2465 ;
1974 2401 2068 2455 sed
2096 2414 2189 2454 eos

609 2504 741 2559 dicis
770 2517 894 2556 suos
918 2501 1101 2565 fuisse,
1133 2507 1188 2555 et
1237 2500 1290 2553 in
1322 2497 1533 2569 propria
1558 2496 1857 2550 venientem
1905 2508 2010 2547 non
2038 2506 2191 2546 rece-

613 2596 791 2664 pi.~se;
838 2602 891 2648 et
931 2592 1057 2662 quid
1103 2591 1202 2644 hac
1236 2590 1303 2645 de
1332 2602 1490 2645 causa
1520 2588 1749 2658 passuri,
1792 2584 2041 2655 quodque
2061 2598 2188 2652 sup-

613 2686 826 2754 piit'ittm
852 2684 1072 2738 subituri
1104 2683 1212 2735 sint
1242 2697 1347 2735 non
1372 2678 1657 2748 adiecisti?
1685 2676 1848 2747 Atqui
1877 2676 2044 2746 magis
2069 2674 2189 2729 illos

615 2779 683 2832 ita
726 2779 1027 2839 territis-ses,
1075 2783 1129 2829 ct
1173 2789 1266 2843 per
1310 2771 1781 2828 comminationem
1828 2769 1993 2835 illam,
2035 2783 2187 2822 arro-

613 2870 806 2939 gantia:
845 2867 1091 2921 duritiem
1141 2865 1514 2921 emollivisses.
1563 2860 1670 2916 Cur
1694 2875 1823 2930 ergo
1852 2860 1900 2913 id
1930 2860 2136 2913 tacuisti
2165 2859 2189 2911 τ

608 2946 851 3030 Εοίιιιυό,
885 2958 1106 3028 inquiet,
1154 2956 1327 3025 majus
1356 2955 1457 3008 hoc
1482 2951 1742 3022 supplicio
1772 2950 1946 3013 fuerit,
1977 2948 2188 3019 quando

616 3061 877 3123 potestate
908 3050 1036 3117 ipsis
1056 3048 1177 3103 data
1205 3056 1262 3101 ut
1293 3046 1386 3099 ﬁlii
1415 3045 1505 3098 Dei
1536 3042 1741 3107 ﬁerent,
1791 3041 1888 3110 ipsi
1931 3038 2044 3094 ﬁeri
2088 3055 2187 3092 ιιοο

619 3146 784 3207 luere,
830 3142 925 3198 sed
956 3151 1099 3197 tanta
1127 3155 1185 3195 se
1217 3138 1512 3199 nobilitate,
1567 3144 1713 3190 tanto
1741 3150 1799 3189 se
1846 3132 2050 3187 honore
2094 3146 2189 3186 sua

614 3244 805 3304 sponte
849 3230 1159 3301 privarunt?
1207 3228 1402 3283 Verum
1435 3243 1541 3281 non
1571 3226 1672 3281 hoc
1698 3232 1900 3279 tantum
1927 3222 2190 3293 supplicio

610 3326 933 3386 alﬁcientur,
960 3322 1099 3389 quod
1126 3321 1227 3374 hoc
1251 3318 1448 3373 bonum
1478 3333 1583 3371 non
1605 3316 1904 3384 acceperint
1928 3330 1943 3376 ;
1976 3312 2067 3366 sed
2094 3326 2190 3366 eos

613 3419 770 3470 etiam
804 3412 1253 3483 inexstiuguihilis
1281 3411 1418 3479 ignis
1456 3408 1706 3478 excipiet,
1756 3406 1805 3460 id
1836 3404 1976 3474 quod
2006 3412 2187 3474 postea

613 3508 804 3563 clarius
831 3506 1056 3574 aperuit.
1084 3504 1301 3560 Interim
1326 3518 1453 3557 vero
1480 3500 1760 3555 incllbbilia
1790 3500 1925 3553 bona
1952 3506 2184 3564 enarrat,

614 3599 764 3669 queis
807 3595 1039 3652 donandi
1089 3602 1212 3647 sunt
1253 3594 1323 3647 illi
1366 3593 1455 3661 qui
1488 3607 1611 3645 eum
1642 3597 1999 3658 receperunt;
2030 3587 2188 3657 idque

616 3688 761 3744 brevi
790 3686 993 3757 profert
1021 3686 1103 3740 his
1130 3685 1259 3754 ipsis
1289 3685 1464 3737 verbis
1502 3699 1515 3736 :
1548 3681 1802 3750 Quotquot
1846 3688 2017 3757 autem.
2052 3694 2191 3735 rece-

615 3788 793 3849 perunt
821 3769 953 3839 enin,
998 3779 1133 3831 dedit
1163 3778 1233 3831 eis
1273 3786 1565 3846 potestatem
1593 3776 1726 3843 filios
1757 3773 1850 3827 Dei
1878 3773 2008 3841 ﬁeri.
2064 3771 2188 3825 Sive

613 3873 750 3927 servi
782 3873 894 3926 sive
926 3871 1097 3934 liberi,
1131 3872 1244 3925 sive
1272 3868 1441 3925 (Ξῖ-λιξςί
1484 3870 1595 3923 sive
1641 3867 1873 3925 barbari.
1925 3865 2005 3920 vel
2056 3864 2186 3936 Scy—

616 3964 739 4029 tha),
795 3963 908 4017 sive
954 3962 1263 4031 insipientes
1315 3960 1427 4014 sive
1479 3959 1770 4028 sapientes,
1807 3958 1921 4012 sive
1948 3957 2045 4010 viri
2074 3960 2187 4012 sive

614 4055 886 4121 mulieres,
923 4053 1035 4107 sive
1075 4053 1223 4122 pueri
1254 4053 1366 4105 sive
1393 4055 1656 4117 seniores,
1704 4050 1815 4105 sive
1841 4049 2046 4104 nobiles
2072 4050 2187 4104 sive

616 4146 892 4217 ignobiles,
947 4144 1067 4200 sive
1096 4144 1289 4199 divites
1316 4143 1428 4200 sive
1456 4156 1735 4213 pauperes,
1782 4142 1895 4198 sive
1920 4142 2187 4212 principes

620 4241 731 4295 sive
755 4238 964 4308 privati,
996 4238 1193 4306 inquit,
1222 4236 1412 4289 eodem
1438 4250 1625 4289 omnes
1651 4235 1933 4304 dignantur
1958 4234 2184 4290 honore.

618 4330 772 4385 Fides
797 4330 939 4384 enim
968 4337 1020 4383 ct
1042 4328 1268 4396 Spiritus
1289 4326 1476 4397 gratia,
1527 4325 1894 4381 conditionum
1931 4325 2190 4380 humana-

614 4438 729 4475 rum
763 4420 1173 4490 inaequalitatem
1205 4419 1416 4481 tollens,
1470 4418 1523 4470 in
1574 4432 1732 4471 unam
1781 4431 1969 4471 omnes
1998 4417 2189 4486 redigit

619 4511 865 4574 formam,
898 4517 951 4564 et
980 4523 1085 4563 uno
1123 4509 1267 4577 regio
1294 4507 1603 4561 charactere
1654 4515 1823 4561 notat.
1884 4505 2021 4571 Quid
2064 4505 2188 4560 huic

616 4601 922 4672 benignitati
969 4614 1062 4669 par
1100 4597 1301 4652 inierit?
1328 4597 1440 4651 Rex
1484 4596 1699 4666 quidem
1738 4612 1802 4650 ex
1849 4596 2038 4650 eodem
2080 4611 2187 4665 quo

619 4709 715 4747 nos
746 4694 855 4747 loto
888 4692 1167 4754 formatus,
1229 4703 1517 4743 conserves
1549 4703 1675 4742 suos
1701 4688 1789 4757 qui
1814 4688 2057 4743 eamdem
2088 4684 2186 4742 na-

622 4795 791 4839 turam
824 4783 1157 4851 participant,
1187 4795 1247 4834 ac
1276 4796 1417 4848 sa'pe
1456 4779 1763 4833 melioribus
1793 4779 2045 4848 perditos
2076 4795 2187 4832 nio-

619 4876 787 4941 ribus,
824 4890 927 4930 non
955 4873 1133 4942 dignat
1158 4888 1201 4926 ιι·
1226 4872 1277 4925 in
1305 4871 1597 4926 exercitum
1630 4871 1831 4939 regium
1862 4869 2185 4935 adscribere,

617 4970 659 5022 si
688 4968 826 5023 servi
869 4966 1082 5035 quidem
1131 4965 1203 5018 illi
1249 4962 1482 5026 fuerint;
1530 4964 1831 5033 unigenitus
1873 4972 2049 5017 autem
2096 4963 2188 5018 Dei

620 5058 781 5111 Filius
828 5056 1139 5127 publicanos
1187 5057 1293 5108 non
1339 5048 1677 5123 dedignatur,
1727 5070 1931 5121 magos,
1982 5068 2187 5121 servos,

616 5150 959 5217 mnuiumque
1002 5146 1417 5216 ignobilissimos
1447 5148 1463 5178 ί
1490 5188 1503 5211 ,
1541 5147 1736 5200 multos
1777 5147 1936 5201 etiam
1965 5161 2192 5216 corpore

620 5238 854 5300 mutilos,
881 5238 963 5292 vel
991 5253 1176 5307 magna
1208 5236 1429 5292 allectos
1456 5237 1592 5301 labe,
1640 5238 1690 5290 in
1736 5236 1965 5291 ﬁliorum
2004 5253 2191 5292 nume-

622 5347 737 5384 rum
768 5330 1091 5384 adscriberc.
1138 5328 1304 5382 Tanta
1338 5338 1418 5384 est
1448 5328 1567 5383 ﬁdei
1602 5329 1653 5383 in
1681 5328 1953 5384 Christum
1985 5329 2187 5396 virtus;

618 5432 759 5477 tanta
816 5423 1001 5494 grati-.e
1048 5422 1377 5491 magnitudo.
1442 5424 1516 5476 Ac
1557 5422 2009 5490 quemadmodum
2054 5422 2192 5493 ignis

618 5524 827 5575 natura,
879 5514 923 5567 si
972 5513 1309 5568 metallorum
1360 5521 1555 5568 terram
1602 5514 1856 5584 attigerit,
1903 5514 2045 5568 illam
2084 5516 2190 5570 cito

617 5622 800 5661 .".'..'!'llm
830 5606 1039 5669 reddit;
1074 5608 1169 5670 sic,
1207 5606 1313 5660 imo
1338 5606 1489 5676 longe
1520 5608 1711 5677 magis,
1744 5607 2027 5675 baptisma,
2060 5623 2192 5675 quos

617 5698 801 5762 abluit,
851 5712 1042 5753 aureos
1080 5714 1145 5753 ex
1194 5698 1348 5752 luteis
1397 5697 1586 5765 reddit,
1634 5697 1831 5767 Spiritu
1862 5698 1995 5768 ignis
2026 5698 2193 5755 instar

682 5798 695 5823 ³
733 5790 870 5841 savii.
894 5793 1040 5853 addit,
1060 5800 1104 5843 et
1130 5791 1473 5857 pattpcrrimos.

2300 466 2392 521 illo
2423 475 2663 537 tempore
2708 468 2759 521 in
2803 464 3011 521 animas
3038 474 3252 520 nostras
3292 462 3579 528 incidente,
3637 474 3692 521 et
3739 464 3887 520 lutea

2292 570 2564 631 assumpta
2612 559 2860 630 imagine,
2913 560 3183 615 caelesmm
3226 572 3420 612 novam
3463 568 3518 612 et
3547 557 3889 626 splendidam

2294 654 2602 725 imaginem,
2657 652 2808 724 quasi
2852 667 2916 707 ex
2970 651 3267 706 conﬁatura
3318 649 3693 720 splendentem
3744 650 3891 705 reie-

2295 758 2467 801 rente.
2496 746 2561 801 Et
2590 762 2689 801 cur
2718 759 2823 800 non
2870 745 3024 808 dixit,
3070 744 3219 799 Fecit
3250 744 3368 799 illos
3410 743 3548 798 ﬁlios
3579 744 3671 800 Dei
3698 760 3713 810 ;
3762 743 3886 808 sed,

2294 835 2445 892 Dedit
2473 838 2575 892 illis
2616 844 2909 908 potestatem
2953 836 3087 906 ﬁlios
3126 833 3225 889 Dei
3252 835 3367 903 ﬁeri
3386 835 3413 888 ?
3460 833 3534 892 Ut
3574 834 3891 890 ostenderet

2293 930 2460 984 multa
2489 929 2640 984 nobis
2671 943 2812 999 opus
2850 943 2972 984 esse
2996 928 3292 997 diligentia,
3323 936 3377 981 ut
3413 927 3722 997 adoptionis
3750 928 3891 982 ima-

2292 1022 2468 1092 ginem
2511 1020 2562 1073 in
2589 1019 2908 1088 baptismate
2935 1008 3090 1073 nobis
3117 1019 3459 1087 impressam,
3484 1017 3887 1073 immaculatam

2293 1126 2505 1181 semper
2534 1120 2587 1166 et
2614 1113 2867 1165 intactam
2900 1124 3179 1165 servemus
3206 1125 3221 1175 ;
3256 1109 3527 1179 simulque
3557 1108 3886 1177 declararet,

2294 1203 2430 1258 banc
2459 1210 2774 1273 potestatem
2807 1217 2835 1255 a
2868 1202 3082 1257 nemine
3104 1201 3259 1257 nobis
3302 1201 3503 1256 auferri
3548 1216 3725 1271 posse,
3780 1202 3888 1257 nisi

2296 1297 2439 1367 prius
2464 1296 2563 1365 ipsi
2595 1296 2736 1349 illam
2761 1295 2916 1350 uobis
2942 1294 3346 1349 abstulerimus.
3374 1293 3430 1349 Si
3461 1293 3605 1348 enim
3634 1293 3667 1349 ii
3694 1295 3786 1364 qui
3814 1294 3889 1348 ab

2294 1389 2597 1447 hominibus
2630 1389 3004 1442 auctoritatem
3046 1386 3333 1457 quamdam
3363 1396 3711 1455 acceperunt,
3762 1396 3886 1441 tan-

2293 1489 2402 1533 ttnn
2455 1479 2597 1533 illaut
2654 1477 2764 1533 fere
2822 1486 3065 1538 servant,
3101 1463 3375 1545 ‘quaututn
3430 1478 3521 1546 qui
3571 1475 3883 1536 dederunt;

2293 1570 2462 1623 multo
2496 1568 2665 1639 magis
2712 1584 2810 1622 nos
2851 1568 2940 1637 qui
2971 1582 3000 1621 a
3036 1567 3145 1621 Deo
3176 1566 3321 1622 hunc
3348 1568 3666 1637 consequuti
3697 1582 3890 1622 sumus

2294 1658 2576 1719 honorem.
2610 1659 2655 1712 si
2688 1656 2820 1711 nihil
2844 1657 2943 1710 hac
2970 1656 3243 1726 indignum
3279 1665 3546 1725 potestate
3576 1658 3887 1723 fecerimus,

2291 1750 2531 1804 omnium
2561 1748 2916 1819 potentissimi
2948 1749 3171 1814 erimus,
3221 1764 3287 1803 eo
3315 1748 3456 1819 quod
3486 1751 3724 1805 omnium
3767 1765 3889 1804 ma-

2292 1843 2472 1897 ximus
2514 1843 2855 1911 optimusque
2896 1842 2966 1895 sit
3016 1840 3081 1905 is,
3133 1840 3222 1911 qui
3277 1855 3377 1895 nos
3423 1841 3523 1896 hoc
3551 1840 3761 1898 honore
3797 1841 3889 1898 di-

2290 1944 2481 2005 gnatus
2510 1942 2611 1987 est.
2644 1932 2810 1987 Simul
2840 1939 3020 1986 autem
3046 1932 3162 1986 vult
3185 1931 3484 1997 declarare,
3513 1933 3741 2003 gratiam
3776 1949 3887 1987 non

2292 2026 2346 2079 in
2374 2024 2668 2094 quemlibet
2705 2030 2913 2077 temere
2959 2020 3183 2084 infundi,
3217 2022 3311 2075 sed
3359 2022 3412 2077 in
3445 2038 3540 2079 eos
3570 2023 3661 2094 qui
3689 2025 3889 2079 volun-

2293 2118 2416 2171 tatis
2444 2114 2772 2185 propositum
2802 2123 2857 2168 et
2882 2114 3209 2183 diligentiam
3242 2112 3498 2167 adhibent
3531 2132 3545 2167 :
3591 2115 3643 2168 in
3690 2115 3889 2169 borum

2292 2206 2437 2259 enim
2484 2213 2751 2275 potestate
2801 2205 2964 2259 sitmn
3021 2211 3202 2257 estut
3254 2202 3344 2257 lilii
3412 2204 3502 2259 Dei
3573 2206 3723 2259 ﬂant.
3771 2203 3891 2259 Nisi
3922 2238 3933 2243 ι

2292 2297 2434 2352 enim
2469 2298 2760 2364 voluerint,
2814 2295 3016 2351 donmn
3060 2311 3168 2349 non
3211 2295 3449 2362 advenit,
3495 2310 3595 2351 nec
3624 2307 3889 2367 operatur

2293 2387 2583 2459 quidpiam.

2372 2482 2425 2536 '5.
2468 2480 2676 2549 Ubique
2724 2480 2883 2551 igitur
2930 2480 3301 2535 necessitatem
3349 2479 3485 2535 tollit
3514 2490 3569 2536 et
3596 2480 3893 2536 voluntatis

2292 2573 2569 2628 arbitrium
2591 2572 2773 2637 cllert;
2808 2571 2859 2626 id
2883 2572 3022 2643 quod
3056 2587 3199 2626 nunc
3228 2572 3380 2626 dixit.
3413 2571 3467 2626 lu
3501 2573 3584 2628 bis
3621 2576 3765 2629 enim
3794 2589 3889 2629 ar-

2292 2665 2460 2731 canis,
2489 2662 2632 2717 aliud
2665 2664 2755 2718 Dei
2783 2672 2885 2727 est,
2930 2679 3122 2734 nempe
3147 2664 3276 2719 dare
3304 2665 3565 2734 gratiam;
3595 2666 3739 2720 aliud
3781 2665 3887 2720 bo-

2292 2757 2473 2822 minis,
2514 2755 2722 2811 scilicet
2767 2755 2923 2811 ﬁdem
2964 2756 3239 2811 exhibere.
3271 2756 3326 2811 In
3376 2758 3723 2829 subsequenti
3755 2777 3890 2814 vero

2294 2854 2532 2916 tempore
2556 2845 2719 2899 multa
2746 2860 2881 2915 opus
2914 2853 2999 2900 est
3039 2846 3334 2916 diligentia.
3370 2846 3484 2901 Non
3511 2848 3656 2902 enim
3682 2850 3887 2907 sul‘licit

2291 2937 2357 2993 ad
2386 2937 2633 3010 puritatis
2674 2938 2970 2993 custodiam
2999 2938 3255 3006 baptizari
3297 2939 3469 2992 solum
3512 2949 3570 2996 at
3610 2942 3835 2997 credere
3867 2960 3885 3000 :

2292 3030 2384 3085 sed
2413 3030 2458 3086 si
2491 3031 2715 3085 velimus
2745 3045 2957 3099 semper
2988 3030 3110 3083 lmto
3139 3044 3359 3085 minuere
3386 3029 3510 3091 frui,
3543 3030 3637 3085 illo
3662 3032 3886 3103 dignam

2292 3132 2503 3192 Oportet
2539 3122 2794 3177 exhibere
2835 3124 3019 3177 vitam.
3065 3121 3178 3176 Hoc
3220 3132 3398 3177 autem
3433 3123 3602 3178 voluit
3640 3125 3781 3181 Deus
3830 3127 3888 3181 in

2293 3224 2472 3269 nostra
2503 3215 2662 3269 situm
2690 3228 2809 3269 esse
2841 3222 3120 3282 potestate.
3150 3212 3213 3270 Ut
3237 3215 3459 3287 mystica
3490 3217 3634 3272 enim
3658 3232 3893 3289 genera-

2294 3306 2441 3360 tione
2467 3320 2770 3371 nascantur,
2806 3315 2857 3360 et
2898 3313 3116 3375 peccata
3148 3314 3271 3360 ante
3300 3304 3532 3360 admissa
3576 3309 3884 3375 abluamus,

2295 3397 2345 3451 id
2378 3413 2471 3466 per
2512 3397 2832 3465 baptismum
2871 3395 3135 3463 efﬁcitur;
3186 3408 3244 3451 ut
3291 3413 3420 3454 vero
3460 3400 3713 3471 deinceps
3764 3406 3887 3472 puri

2292 3503 2617 3551 maneamus,
2654 3497 2708 3543 et
2739 3488 2935 3542 nullam
2967 3488 3104 3543 ultra
3144 3490 3486 3546 admittamus
3514 3493 3799 3557 maculam,
3832 3495 3885 3548 id

2292 3579 2345 3634 in
2373 3588 2554 3634 nostra
2594 3580 2752 3633 situm
2782 3590 2863 3634 cst
2888 3588 3152 3649 potestate
3180 3596 3244 3636 ac
3270 3582 3563 3651 diligentia.
3594 3584 3799 3641 IdcirCo
3829 3597 3891 3641 et

2292 3672 2650 3740 generationis
2682 3672 2897 3726 modum
2941 3683 3222 3737 memorat,
3271 3683 3327 3727 et
3357 3674 3491 3728 facta
3534 3690 3654 3730 cmn
3680 3681 3890 3735 carnali

2296 3771 2447 3830 partu
2489 3764 2923 3831 comparatione,
2969 3762 3088 3833 ejus
3139 3764 3509 3820 excellentiam
3552 3766 3889 3825 demonstrat

2295 3850 2375 3904 his
2423 3851 2646 3905 verbis:
2682 3853 2766 3907 t3.
2820 3852 2920 3917 Qui
2957 3869 3058 3906 non
3100 3869 3164 3906 ea:
3200 3854 3560 3925 sanguinibus,
3613 3875 3771 3924 neque
3822 3877 3893 3915 ea:

2292 3943 2546 3997 voluntate
2595 3945 2796 4008 comis,
2859 3959 3019 4007 neque
3067 3960 3131 3999 ea:
3186 3947 3444 4000 uoluntate
3490 3949 3618 4012 viri,
3673 3952 3764 4004 sed
3821 3970 3891 4007 ea:

2292 4034 2402 4089 Dea
2452 4035 2559 4088 noti
2604 4045 2740 4089 sunt.
2812 4036 2923 4091 lloc
2965 4044 3144 4092 autem
3194 4038 3347 4102 fecit,
3404 4050 3461 4095 ut
3508 4042 3702 4110 prioris
3755 4060 3889 4115 par-

2294 4134 2379 4180 tus
2426 4140 2493 4181 ex
2551 4127 2899 4196 sanguinibus
2937 4138 2992 4181 et
3042 4144 3106 4182 ex
3154 4128 3426 4184 voluntate
3475 4133 3654 4187 carnis
3702 4136 3889 4189 vilita—

2295 4231 2401 4274 tem
2457 4220 2652 4285 edocti,
2697 4236 2759 4274 ac
2807 4220 3028 4276 secundi
3073 4222 3161 4291 qui
3204 4238 3297 4291 per
3344 4225 3566 4292 gratiam
3615 4227 3672 4280 ﬁt
3716 4229 3892 4283 subli-

2294 4312 2477 4367 mitate
2525 4312 2905 4382 nobiliumque
2946 4322 3217 4382 percepta,
3276 4314 3398 4370 hinc
3440 4332 3684 4387 niagnam
3726 4318 3894 4390 hujus

2294 4412 2347 4457 et
2372 4403 2676 4472 generautis
2705 4402 2847 4457 dono
2888 4403 3103 4474 dignam
3133 4406 3443 4474 opinionem
3489 4410 3889 4480 concipiamus,

2295 4497 2621 4564 multamque
2650 4505 2831 4562 postea
2872 4496 3200 4566 diligentiam
3246 4498 3618 4554 exbibeamus.
3668 4502 3895 4571 Magno-

2294 4601 2421 4656 petc
2470 4590 2612 4639 enim
2664 4584 2957 4640 timendum
3007 4596 3111 4652 est,
3166 4603 3234 4643 ne
3273 4589 3371 4643 bac
3418 4591 3637 4660 pulchra
3687 4593 3895 4653 fit-data

2294 4680 2452 4742 stola,
2487 4680 2556 4734 ob
2594 4680 2856 4749 ignaviam
2884 4688 2938 4734 et
2978 4681 3180 4735 scelera
3225 4692 3402 4737 nostra
3434 4701 3497 4738 ex
3528 4685 3760 4742 thalamo
3789 4690 3898 4759 eji-

2294 4772 2534 4826 ciamur:
2567 4771 2787 4841 perinde
2829 4781 2987 4841 atque
3012 4773 3243 4842 quinque
3276 4775 3377 4828 illae
3410 4778 3644 4846 virgines
3687 4779 3853 4835 fatua-
3881 4800 3897 4843 ;

2298 4873 2354 4917 ut
2377 4865 2538 4917 etiam
2571 4863 2660 4916 ille
2704 4879 2809 4917 non
2842 4863 3043 4917 habens
3075 4871 3273 4918 vestem
3326 4846 3640 4935 nuptialem.
3670 4869 3802 4925 Nam
3838 4886 3897 4928 et

2300 4957 2384 5012 ille
2414 4974 2477 5011 ex
2518 4958 2757 5011 convivis
2801 4966 2936 5019 erat,
2967 4944 3325 5027 invitatumque
3358 4958 3531 5015 fuerat
3559 4980 3573 5015 :
3604 4942 3897 5034 quiavem

2299 5060 2417 5119 post
2456 5050 2787 5104 vocationem
2820 5060 2873 5103 et
2904 5058 3108 5103 tantum
3155 5048 3437 5115 honorem,
3483 5067 3543 5109 se
3574 5055 3895 5112 invitantem

2298 5141 2616 5195 contumelia
2661 5139 2856 5203 ail‘eeit,
2903 5139 3025 5193 audi
3060 5155 3192 5209 quas
3240 5157 3424 5209 ptenas
3446 5143 3682 5212 dederit,
3721 5162 3895 5219 quam

2298 5232 2566 5287 luctuosas
2586 5241 2640 5285 et
2662 5231 2909 5301 lacrymis
2928 5230 3135 5300 dignas.
3162 5234 3241 5287 Ad
3265 5243 3369 5287 tam
3388 5232 3721 5304 splendidam
3740 5240 3893 5297 enim

2300 5331 2354 5378 et
2377 5331 2483 5377 tam
2512 5321 2713 5376 lautam
2741 5337 2977 5377 mensam
3000 5322 3287 5387 admissus,
3315 5341 3419 5379 non
3448 5327 3620 5381 solum
3642 5331 3899 5384 convivio

2300 5413 2622 5478 excluditur,
2643 5413 2737 5468 sed
2766 5423 2822 5468 et
2843 5413 3019 5484 ligatis
3047 5415 3295 5471 manibus
3325 5408 3378 5471 et
3407 5418 3630 5485 pedibus
3655 5421 3706 5473 in
3738 5431 3899 5476 tene-

2303 5508 2425 5562 bras
2465 5508 2766 5563 exteriores
2796 5506 3039 5569 mittitur,
3076 5509 3165 5562 ubi
3207 5520 3495 5579 perpetuus
3526 5522 3608 5568 est
3640 5511 3795 5569 ﬂetus
3840 5529 3897 5572 et

2300 5598 2500 5653 stridor
2526 5597 2787 5653 dentium.
2816 5597 2892 5652 Ne
2922 5599 3120 5669 itaque,
3143 5599 3344 5665 dilecti,
3376 5602 3534 5657 ﬁdem
3563 5604 3628 5658 ad
3658 5606 3897 5664 salutem

2302 5693 2457 5748 nobis
2486 5694 2613 5748 satis
2636 5707 2757 5749 esse
2783 5692 3169 5749 existimemus.
3194 5693 3307 5749 Nisi
3335 5697 3476 5751 enim
3510 5696 3668 5750 vitam
3702 5712 3896 5767 puram

2306 5784 2708 5843 cxbibuerimus
2755 5785 2850 5843 sed
2881 5786 3119 5844 vestibus
3145 5787 3245 5843 hac
3269 5786 3423 5843 beata
3465 5789 3694 5861 indignis
3721 5804 3894 5847 voea-
