4164 6320
138 340 187 393 'i‘l
1281 335 1354 391 1N
1394 335 1706 391 JO.\N.\'E.\I
1752 335 1984 391 llOllll..
2041 334 2126 391 XI.
2164 339 2231 391 :tl.
2278 336 2345 390 Χ.
3403 345 3474 405 73

138 460 264 511 tione
292 451 465 506 induti
505 453 943 518 accesserimus,
990 450 1119 504 nihil
1167 448 1421 516 impediet
1460 448 1749 518 quominus

139 548 310 602 eadem
342 547 460 614 ipsa
494 546 796 613 patiamur,
833 560 952 613 qua:
983 544 1145 597 miser
1177 544 1263 596 ille
1292 556 1480 611 passus
1508 553 1609 596 est.
1640 542 1750 596 Ah-

137 640 343 694 .‘ttl‘dllm
375 638 526 693 enim
553 649 662 702 est,
696 640 823 691 dum
855 638 961 702 ille,
989 637 1079 704 qui
1110 636 1255 688 Deus
1286 645 1341 688 et
1370 634 1478 688 Rex
1510 643 1612 697 est,
1648 634 1744 685 ho-

147 734 300 785 mines
351 732 489 784 viles
533 741 593 785 et
638 731 844 783 nullius
874 728 1025 798 pretii
1059 732 1249 781 vocare
1296 742 1401 780 non
1447 728 1743 789 erubescit,

139 822 220 876 sed
250 836 279 875 e
322 823 486 875 trivio
516 823 641 875 illos
672 822 738 874 ad
773 835 1009 875 mensam
1054 836 1205 874 suam
1242 818 1450 884 invitat,
1495 834 1593 873 nos
1625 830 1745 872 tau-

138 923 235 964 tam
265 912 538 981 ignaviam
583 912 869 973 exhibere,
922 920 1074 965 utne
1115 910 1331 978 quidem
1382 920 1501 978 post
1533 918 1739 963 tantum

138 1006 392 1058 honorem
428 1005 688 1059 meliores
708 1005 1025 1067 evadamus,
1059 1003 1151 1058 sed
1175 1013 1230 1058 et
1262 1013 1377 1071 post
1402 1002 1743 1057 vocationem

138 1097 183 1147 in
203 1095 672 1166 eademnequitia
706 1110 1133 1165 perseveremus,
1179 1093 1610 1163 ineﬂ‘abilemque
1651 1108 1745 1147 vo-

134 1188 300 1240 cantis
331 1186 723 1258 benignitatem
751 1186 1177 1257 pessutndcmus.
1209 1186 1325 1239 Non
1354 1186 1500 1240 enim
1538 1201 1633 1239 nos
1673 1186 1739 1240 ad

134 1278 476 1345 spiritualem
505 1281 645 1333 hanc
662 1288 719 1335 et
761 1277 1083 1332 horrendam
1115 1278 1495 1349 mysteriorum
1526 1277 1742 1348 partici-

136 1372 407 1438 patiunetn
452 1372 685 1437 vocavit,
718 1382 776 1427 ut
817 1388 936 1427 cum
968 1372 1147 1442 priore
1177 1371 1416 1441 nequitia
1468 1372 1738 1442 ingredia-

135 1484 271 1531 ntur,
316 1468 413 1522 sed
444 1478 502 1521 ut
527 1468 734 1535 ahjeeta
769 1467 858 1521 illa
887 1465 1236 1536 turpitudine,
1268 1466 1333 1519 iis
1360 1466 1601 1520 vestibus
1653 1466 1737 1518 itt-

131 1560 389 1625 tlnantnr,
422 1576 544 1629 qua:
576 1558 642 1612 ad
671 1560 879 1628 regium
904 1568 1126 1613 vocatos
1148 1558 1454 1612 convivium
1485 1558 1732 1612 deceant.

130 1652 225 1705 Sin
263 1652 510 1707 nolimus
535 1651 694 1722 digna
724 1653 812 1705 tali
846 1652 1129 1707 vocatione
1152 1662 1437 1720 prtestare,
1470 1650 1519 1705 id
1555 1667 1660 1705 non
1688 1652 1735 1705 ei

129 1746 219 1812 qui
255 1761 357 1799 nos
399 1745 480 1800 sic
520 1746 825 1811 honoravit,
858 1745 964 1817 sed
996 1746 1153 1801 nobis
1184 1746 1573 1815 imputandum.
1620 1745 1735 1800 Non

130 1840 275 1891 enim
310 1841 399 1895 ille
447 1855 547 1894 nos
588 1856 650 1893 ex
699 1840 1017 1895 admirando
1055 1840 1147 1894 illo
1177 1839 1522 1894 convivat-tun
1570 1840 1737 1893 choro

127 1930 311 1995 ejieit.
356 1930 453 1985 sed
496 1945 591 1984 nos
627 1930 773 1999 ipsos
816 1929 1081 1999 ejicimtts.
1121 1929 1213 1984 llle
1242 1930 1384 1999 quod
1427 1945 1581 1982 suum
1622 1937 1735 1983 erat

123 2022 382 2086 ptmstitit
423 2040 437 2075 :
474 2022 681 2091 nuptias
722 2020 871 2085 fecit,
915 2037 1157 2077 mensam
1189 2023 1417 2091 paravit,
1448 2022 1538 2092 qui
1573 2036 1733 2075 voea-

122 2123 253 2166 rent
292 2114 455 2178 misit,
487 2114 765 2169 venientes
812 2113 1044 2184 excepit,
1091 2122 1146 2167 et
1193 2114 1340 2168 nullo
1379 2128 1485 2167 non
1530 2114 1734 2167 honore

1862 451 2086 508 aﬂ’eeit;
2118 467 2235 527 nos
2258 463 2436 505 autem
2471 451 2972 521 ipsutn,’couvivas,
3008 454 3244 521 nuptias,
3286 457 3468 510 mili"

1857 545 2048 599 darnm
2084 544 2342 610 vestium,
2386 544 2488 598 hoc
2516 553 2620 611 est,
2658 559 2946 613 pravarum
2989 559 3039 613 οι
3062 562 3237 608 erunt,
3262 556 3467 601 "contu-

1858 637 2015 691 mella
2059 637 2380 703 aflicieutes,
2422 636 2545 719 jure
2590 637 2807 691 demum
2858 636 3126 707 ejiciatur.
3177 632 3287 692 lloe
3320 640 3467 694 enim

1857 740 2033 797 pacto,
2067 738 2121 782 et
2144 729 2359 797 nuptias
2380 740 2435 783 et
2468 729 2721 783 invitatos
2751 729 3045 795 honorum,
3084 731 3387 798 petulantes
3415 735 3471 786 et

1856 820 2191 889 impudentes
2214 822 2333 876 illos
2357 822 2522 891 ejieit.
2556 809 2688 874 Nam
2716 823 2759 875 si
2792 822 3098 889 hujuSntodi
3124 834 3272 877 veste
3302 824 3460 878 indu-

1856 922 1938 968 tos
1970 914 2319 982 relinqueret,
2358 914 2495 967 alios
2522 913 2802 969 videretur
2850 915 3178 969 contumelia
3222 910 3463 974 afﬁcere.

1854 1004 2049 1060 Verum
2077 1005 2205 1060 faxit
2238 1007 2399 1069 Deus,
2443 1016 2499 1058 ut
2532 1020 2693 1061 uento
2723 1006 2803 1061 vel
2837 1016 3081 1061 nostrum
3124 1003 3205 1061 vel
3233 999 3464 1063 aliorum

1853 1098 2014 1153 talem
2060 1100 2371 1168 experiatur
2416 1101 2776 1155 voc:t'tio:tetn.
2833 1096 2957 1154 Ideo
3006 1101 3121 1155 luce.
3167 1106 3461 1173 antequam

1852 1190 2039 1245 fierent
2070 1191 2239 1244 literis
2289 1191 2540 1244 mandata
2582 1200 2736 1257 sunt,
2787 1192 3168 1263 ut'Scriptttrze
3201 1186 3361 1249 minis
3393 1195 3462 1248 ad

1851 1282 2047 1337 bonam
2071 1282 2278 1352 frugem
2319 1276 2550 1346 reducti,
2587 1292 2879 1353 numquam
2915 1285 2966 1338 itt
3001 1295 3201 1339 tantam
3224 1286 3464 1356 ignomi-

1852 1376 2015 1439 niam,
2051 1376 2101 1430 itt
2133 1385 2447 1446 tantumque
2475 1376 2794 1445 supplicium
2814 1376 3145 1443 incidamus,
3172 1374 3269 1434 sed
3296 1379 3463 1435 Verbo

1850 1478 2056 1523 tantum
2091 1478 2245 1523 tenus
2276 1468 2392 1523 hzee
2426 1471 2815 1539 experiamur;
2846 1485 2909 1525 ac
2937 1468 3221 1539 Splendida
3263 1471 3461 1541 singuli

1850 1572 1999 1617 veste
2018 1561 2219 1627 induti,
2250 1560 2314 1615 ad
2334 1561 2538 1625 locum,
2563 1577 2671 1633 quo
2700 1563 2873 1617 vocati
2903 1570 3113 1629 sumus,
3150 1562 3463 1633 proficisca-

1848 1669 1996 1719 mur;
2027 1669 2136 1724 quo
2164 1668 2263 1707 nos
2290 1668 2482 1708 omnes
2522 1651 2622 1707 frui
2653 1654 2950 1721 contingat,
2980 1654 3157 1730 gratia
3202 1664 3256 1709 et
3299 1655 3459 1712 beni-

1844 1742 2047 1814 gn‘itate
2066 1744 2287 1798 Domini
2330 1744 2496 1798 nostri
2527 1743 2655 1799 Jesu
2678 1742 2904 1806 Chris‘ti,
2941 1760 3034 1814 per
3062 1757 3221 1816 quem
3254 1756 3307 1800 et
3336 1761 3460 1802 cum

1845 1849 1952 1904 qni»
1975 1836 2121 1890 Patri
2146 1835 2306 1890 simul
2340 1848 2393 1890 et
2426 1835 2649 1905 Spiritui
2689 1846 2879 1890 saneto
2906 1836 3098 1907 gloria,
3134 1836 3325 1902 honor,
3357 1837 3459 1894 iut-

1849 1926 2077 1996 pcrium,
2120 1943 2263 1983 nunc
2310 1937 2366 1983 et
2409 1940 2646 1997 semper,
2679 1935 2733 1982 et
2776 1928 2827 1982 in
2869 1922 3066 1983 saecula
3102 1930 3454 1983 siculorum.

1845 2024 2039 2076 Amen.

1587 2319 1939 2386 HONHLIA
1988 2318 2102 2387 XI.

158 2470 251 2523 i4.
286 2470 349 2524 Et
388 2470 603 2528 Verbum
630 2488 749 2527 raro
771 2472 964 2541 factum
986 2481 1077 2537 est,
1108 2482 1153 2527 et
1176 2462 1417 2526 habitavit
1449 2472 1498 2524 in
1531 2469 1694 2524 nobis.

201 2562 253 2617 Ι.
287 2561 485 2616 Locum
512 2562 777 2635 Evangelii
808 2565 1167 2634 explicandum
1197 2574 1314 2617 ante
1342 2562 1732 2631 explicationem

124 2657 294 2727 legere
342 2659 611 2721 hortatur;
654 2657 993 2729 quorumdam
1040 2644 1331 2711 socordiam
1377 2658 1430 2710 in
1475 2656 1733 2708 audienda

126 2750 402 2817 Seriptura
422 2752 620 2821 arguit;
648 2751 833 2804 deinde
865 2751 1119 2817 explicare
1143 2749 1292 2811 illud,
1330 2748 1565 2805 Verbum
1603 2759 1732 2801 caro

126 2846 322 2893 tartunt
357 2850 459 2905 est,
493 2842 807 2912 aggreditur.
834 2868 905 2881 —-
937 2840 1107 2896 Unam
1132 2855 1165 2894 a
1191 2840 1339 2904 vobis
1380 2840 1611 2909 gratiam
1641 2852 1731 2907 pe-

125 2941 249 2995 tam,
284 2940 581 3001 antequam
608 2932 671 2986 ad
698 2932 857 2986 verba
881 2934 1086 2986 veniam
1109 2933 1413 3002 eVangelica
1440 2947 1454 2995 ;
1484 2928 1576 2985 sed
1600 2945 1731 3000 rogo

124 3039 187 3074 ue
208 3024 541 3090 postulatum
566 3013 790 3094 negetis.
812 3023 994 3094 Neque
1008 3025 1151 3079 enim
1168 3040 1330 3095 grave
1351 3024 1624 3094 quidpiam
1646 3023 1728 3077 vel

123 3130 417 3169 Onerosmn
439 3117 677 3185 requiro,
707 3132 886 3187 neque
912 3118 1196 3188 accipienti
1228 3118 1359 3173 mihi
1392 3117 1563 3172 solum
1601 3116 1729 3172 utile

120 3208 240 3269 t-ril,
272 3207 376 3263 sed
406 3217 460 3263 et
488 3208 851 3278 prmbeutibus
879 3211 1065 3273 vobis;
1100 3211 1209 3266 imo
1239 3209 1379 3265 forte
1402 3211 1552 3266 vobis
1573 3211 1730 3281 longe

123 3304 327 3355 utilius.
361 3302 498 3369 Quid
529 3304 687 3373 igitur
715 3319 743 3357 a
778 3304 928 3358 vobis
958 3303 1208 3373 pestnlo?
1239 3304 1308 3360 Ut
1345 3318 1447 3357 una
1479 3303 1728 3359 sabbato-

122 3412 236 3449 imn
268 3396 375 3466 (α),
417 3396 501 3451 vel
550 3396 601 3449 in
655 3397 773 3465 ipso
817 3396 1081 3460 sabbato,
1126 3396 1276 3451 illam
1325 3396 1726 3466 evangeliorum

121 3502 334 3556 partem
367 3506 485 3560 qua:
513 3490 667 3545 vobis
693 3492 745 3544 in
778 3490 1037 3545 concione
1060 3489 1286 3560 legenda
1316 3498 1399 3546 est
1422 3506 1529 3558 pra:
1560 3489 1731 3543 mani-

118 3585 216 3636 tius
265 3584 466 3653 singuli
517 3582 865 3651 accipientes,
916 3581 1062 3635 domi
1116 3582 1365 3637 sedentes
1416 3581 1729 3651 frequenter

118 3676 334 3741 togatis,
380 3690 447 3728 ac
473 3674 610 3729 dicta
641 3690 789 3744 saepe
834 3674 1132 3743 extiloretis
1174 3684 1229 3729 et
1272 3675 1591 3728 examiuctis
1621 3689 1636 3728 :
1666 3688 1727 3727 ac

112 3766 240 3835 quiti
282 3768 516 3830 clarum,
550 3767 675 3837 quid
716 3767 1011 3822 obscurum
1054 3767 1126 3821 sit
1164 3766 1465 3830 annotetis;
1496 3764 1623 3836 quid
1673 3766 1723 3818 itt

114 3859 297 3912 verbis
352 3873 585 3927 pugnare
630 3850 895 3922 videatur,
945 3859 1068 3913 licet
1116 3873 1221 3911 non
1274 3862 1472 3928 pagnet
1500 3876 1513 3911 :
1544 3859 1726 3927 sicque

111 3950 376 4003 «nantibus
406 3950 711 4020 frequenter
735 3949 1008 4019 expensis,
1040 3949 1103 4004 ad
1144 3950 1464 4005 concionem
1494 3951 1724 4004 acceda-

114 4048 197 4096 tis.
235 4042 433 4108 Neque
460 4042 606 4097 enim
648 4039 918 4096 modicum
961 4057 1025 4096 ex
1061 4043 1149 4096 tali
1179 4042 1359 4095 studio
1385 4051 1441 4096 et
1471 4042 1627 4095 nobis
1671 4050 1724 4094 et

112 4135 263 4188 vobis
291 4136 509 4189 luerunt
539 4132 780 4189 accedet.
833 4132 995 4189 Nobis
1040 4135 1183 4188 cn'm
1235 4148 1341 4187 non
1381 4133 1549 4187 multo
1588 4147 1723 4203 opm

112 4227 213 4281 erit
248 4226 445 4280 labore
466 4224 533 4279 ad
566 4226 672 4279 vim
698 4226 1086 4280 sententiarum
1121 4224 1273 4279 vobis
1306 4218 1718 4293 explanandam,

111 4329 296 4372 meme
325 4317 438 4385 jam
468 4317 615 4371 vobis
657 4317 725 4371 ad
753 4318 1020 4372 dictorttm
1056 4318 1300 4371 notitiam
1331 4329 1548 4372 assueta
1579 4335 1590 4369 :
1626 4327 1721 4371 vos

112 4419 294 4464 autem
341 4409 609 4463 acutiores
637 4420 691 4464 et
720 4410 1143 4479 pct'spieaeiores
1186 4409 1287 4463 hoc
1318 4409 1479 4464 modo
1519 4409 1720 4463 eflieie-

108 4505 264 4568 mini,
313 4519 423 4556 non
465 4487 627 4557 modo
670 4511 727 4557 ut
764 4502 996 4557 audiatis
1040 4513 1096 4557 et
1136 4501 1381 4568 discetis,
1420 4503 1515 4556 sed
1556 4504 1717 4556 etiam

111 4608 163 4647 nl.
200 4606 445 4649 exteros
484 4593 744 4649 doceatis.
792 4593 1067 4663 Siquidem
1112 4592 1202 4649 illo
1235 4609 1341 4663 quo
1374 4610 1516 4648 nunc
1557 4595 1718 4664 agitis

108 4688 293 4750 minio,
358 4686 507 4739 multi
551 4686 897 4754 tmesentimu
946 4686 1105 4740 verba
1148 4685 1439 4751 Scriptura:
1477 4686 1635 4740 simul
1664 4698 1718 4741 et

105 4776 508 4845 rvplieationes
536 4785 750 4831 nostras
773 4776 1017 4832 ediscere
1048 4779 1216 4832 coacti
1241 4820 1255 4843 ,
1301 4795 1368 4833 ne
1412 4780 1627 4847 quidem
1672 4781 1715 4833 si

109 4883 315 4920 aruum
358 4866 623 4935 integrum
668 4866 751 4921 his
774 4869 1129 4935 insumamus,
1160 4884 1409 4937 magnum
1441 4870 1715 4940 quidpiam

106 4960 232 5013 tueri
260 4959 531 5013 referent.
579 4959 862 5025 Quomodo
894 4970 1116 5029 possent
1166 4961 1333 5026 enim,
1382 4976 1503 5012 eunt
1541 4962 1717 5014 obiter

104 5063 316 5106 tantum
344 5061 402 5106 et
431 5052 581 5109 brevi
620 5064 865 5122 tempore
906 5054 1064 5108 dictis
1107 5054 1428 5109 attendant?
1467 5056 1620 5123 Quod
1671 5059 1713 5111 si

100 5144 183 5207 q-ii
234 5141 459 5211 negotia
490 5143 830 5213 pnetendant
866 5152 920 5197 et
953 5145 1365 5210 sollicitudines,
1411 5147 1454 5199 si
1491 5142 1711 5201 multam

102 5236 147 5283 iu
181 5233 422 5301 publicis
449 5234 778 5304 privatisque
811 5236 972 5290 rebus
998 5253 1216 5307 operam
1248 5254 1261 5302 ;
1298 5240 1472 5307 primo
1498 5238 1710 5308 quidem

102 5340 203 5375 non
236 5325 385 5379 levis
410 5326 566 5395 culpa
598 5326 713 5380 hazc
740 5337 842 5391 est,
869 5342 989 5382 sese
1014 5339 1157 5383 tanta
1186 5334 1521 5401 negotiorum
1556 5332 1710 5387 turba

102 5424 365 5481 minuere,
390 5428 444 5473 et
468 5420 820 5475 Saecularibus
862 5422 1023 5475 rebus
1077 5423 1144 5476 ita
1190 5440 1407 5493 semper
1447 5424 1608 5496 affigi,
1657 5438 1714 5482 ut

103 5529 162 5563 ne
206 5509 505 5566 minimum
535 5515 755 5583 quidem
786 5514 945 5568 studii
990 5516 1327 5585 impendatur
1358 5520 1420 5572 iis
1445 5536 1564 5590 qum
1593 5536 1707 5574 ma-

162 5630 426 5701 itzLIllttd.
449 5643 545 5700 una
572 5631 888 5701 sabbatorum
907 5636 1063 5701 tamen}
1085 5638 1198 5697 μίαν
1220 5640 1523 5701 σαρὃὰτων),
1550 5648 1715 5701 potest

105 5692 419 5757 significare.
454 5692 966 5757 priuatgltebdomngtw
997 5692 1099 5755 die,
1145 5704 1195 5745 ιιι
1231 5698 1369 5757 alibi,
1406 5692 1715 5752 «nosnullo;

106 5764 265 5802 tantm
320 5754 439 5817 tui;
471 5755 775 5817 eaﬂirwvl
824 5754 1027 5817 primam
1072 5754 1393 5810 hebdomadm
1441 5763 1707 5817 sindlieat.

110 5826 151 5863 rt
166 5820 257 5863 t'lm
298 5816 433 5867 apud
460 5816 882 5875 Chrysustomum.
1489 5820 1496 5825 ’

433 5901 683 5963 ΡΑΤΒΟΙ.
758 5901 873 5959 (in.
930 5899 993 5959 Η
1011 5898 1083 5960 Χ.

1848 2466 1993 2522 ιίιιιθ
2022 2471 2322 2522 necessaria
2356 2479 2503 2524 sunt.
2548 2467 2750 2527 Deinde
2780 2473 2923 2527 o‘uod
2964 2473 3083 2527 hate
3122 2475 3229 2528 sint
3265 2474 3457 2529 ohteun

1844 2571 1927 2616 tus
1970 2569 2027 2617 et
2065 2561 2461 2627 simulationes,
2511 2573 2738 2633 arguunt
2769 2565 3037 2636 colquuia
3069 2582 3190 2621 cum
3220 2569 3409 2622 amicis
3437 2605 3454 2635 ,

1836 2653 2172 2708 theatrorum
2220 2652 2715 2724 freqtteitationes,
2764 2663 3052 2711 COIISCrSttS
3093 2658 3157 2711 ad
3190 2673 3454 2727 equorum

1840 2745 2167 2800 certantium
2196 2738 2527 2816 spectacula,
2577 2748 2628 2801 itt
2657 2748 2851 2818 quibus
2882 2765 3026 2821 Stltpc
3064 2751 3180 2805 dies
3215 2752 3455 2823 integros

1840 2847 2202 2913 consumunt,
2251 2855 2424 2906 neque
2476 2848 2653 2895 tamen
2689 2841 2742 2894 in
2768 2828 2860 2895 his
2904 2843 3240 2913 negotiorum
3277 2846 3450 2899 moles

1842 2943 2077 2998 unquam
2106 2928 2435 2983 obtenditur.
2473 2931 2524 2983 ltt
2558 2932 2752 2985 vilibus
2794 2932 2953 3002 igitur
3000 2934 3305 3002 huiusmodi
3360 2952 3442 2989 re-

1840 3020 1938 3075 bus
1984 3020 2185 3074 nullam
2231 3021 2524 3076 obtemlitis
2556 3023 2966 3091 occupationem
3009 3044 3023 3079 :
3068 3026 3111 3079 si
3146 3035 3325 3081 autem
3370 3030 3450 3082 di-

1840 3113 1980 3166 vinis
2030 3111 2192 3167 reb‘ns
2241 3112 2311 3167 sit
2360 3113 2816 3179 inettmlnnnlunt,
2877 3116 2989 3171 lt-t-c
3018 3116 3156 3171 adeo
3179 3114 3329 3172 vobis
3358 3135 3451 3174 su-

1840 3202 2041 3273 perﬂua
2070 3203 2122 3257 et
2150 3201 2348 3257 nullius
2380 3205 2537 3273 pretii
2570 3206 2824 3260 videnlur
2850 3222 2969 3261 esse
2993 3249 3009 3273 ,
3061 3220 3118 3263 ut
3163 3226 3229 3263 ne
3281 3208 3440 3264 mini-

1840 3311 1983 3349 tttttnt
2049 3295 2266 3365 quidem
2340 3294 2578 3350 studium
2638 3297 2688 3349 in
2753 3296 2836 3352 his
2900 3297 3265 3355 adhibendum
3330 3317 3447 3356 esse

1835 3387 2064 3441 duca‘t‘ts.
2109 3389 2187 3441 An
2236 3396 2513 3442 uterentur
2548 3388 2636 3458 qui
2685 3388 2765 3443 sic
2817 3382 2993 3444 allecti
3050 3400 3175 3445 sunt
3228 3391 3311 3447 vel
3364 3410 3450 3446 re-

1840 3484 2072 3551 Spirare,
2125 3482 2209 3536 vel
2255 3481 2397 3536 hunc
2443 3482 2615 3536 solent
2663 3484 2949 3552 aspicere?
2992 3484 3085 3539 list
3126 3492 3176 3539 et
3208 3486 3307 3539 alia
3340 3496 3447 3540 tam

1836 3576 2044 3644 ignatis
2093 3573 2403 3629 hominibus
2455 3574 2789 3643 ineptissiuta
2834 3576 3147 3641 excusatio,
3184 3577 3448 3632 librorum

1835 3667 2034 3721 sedieel
2079 3667 2279 3735 inopia.
2324 3670 2401 3721 Ac
2445 3666 2704 3722 divitibus
2735 3668 2953 3738 quidem
2985 3666 3273 3724 ridiculum
3302 3683 3445 3725 esset

1835 3776 1892 3811 ea
1924 3761 1991 3815 de
2034 3776 2093 3815 re
2122 3760 2283 3814 verba
2309 3759 2490 3816 facere
2521 3778 2534 3814 :
2561 3770 2748 3816 verum
2778 3762 2902 3831 quia
2950 3762 3148 3817 multos
3181 3776 3453 3833 pauperes

1835 3852 1933 3905 h:.e
1979 3852 2294 3922 treqttentcr
2343 3854 2696 3908 excusatione
2746 3854 2819 3908 uti
2868 3862 3022 3923 puto,
3072 3854 3178 3909 hoc
3224 3857 3293 3911 ab
3342 3857 3447 3910 illis

1835 3945 2039 4012 placide
2085 3945 2351 4000 sciscitari
2398 3946 2583 4011 velim,
2632 3961 2812 3999 annon
2864 3946 3058 4016 singuli
3108 3948 3242 4002 artis
3300 3962 3447 4006 sum.

1830 4052 1989 4105 quam
2022 4046 2298 4099 exercent,
2327 4036 2684 4092 instrumenta
2716 4050 2844 4091 sana
2874 4047 2927 4092 et
2954 4038 3161 4108 integra
3188 4038 3452 4099 habeant.

1829 4140 1885 4181 et
1907 4124 1952 4183 si
1981 4139 2224 4184 extrema
2255 4130 2438 4199 inopia
2468 4138 2807 4201 premantur.
2858 4131 3141 4197 Quomodo
3178 4145 3309 4201 ergo
3336 4144 3444 4187 non

1829 4221 2121 4276 absurdum
2168 4223 2346 4288 fuerit,
2396 4220 2502 4277 illic
2547 4225 2917 4293 paupertatem
2963 4234 3068 4276 non
3120 4224 3437 4285 obtendere.

1827 4328 1890 4368 ac
1916 4314 2046 4368 nihil
2077 4330 2183 4369 non
2207 4330 2370 4386 agere
2392 4316 2457 4370 ad
2490 4328 2680 4370 omnes
2710 4317 3071 4371 removendos
3102 4318 3321 4382 obices;
3351 4316 3438 4373 nl.l

1826 4415 2005 4462 autem
2035 4416 2179 4461 tanta
2214 4401 2557 4476 decernenda
2584 4418 2669 4463 est
2701 4409 2924 4473 utilitas,
2965 4411 3350 4480 oecupaIiones
3388 4421 3443 4467 et

1828 4499 2064 4569 inopiam
2097 4498 2335 4554 deﬂere?
2360 4499 2626 4554 (heterttttt
2662 4501 2706 4554 si
2730 4501 2817 4570 qui
2845 4502 2911 4554 ila
2947 4517 3213 4570 pauperes
3236 4515 3431 4569 essent,

1828 4606 2045 4660 possent
2070 4609 2133 4648 ex
2172 4594 2387 4649 assidua
2422 4594 2507 4647 hic
2540 4595 2650 4649 tieri
2691 4596 2845 4647 solita
2879 4596 3135 4661 lectione,
3190 4597 3322 4649 nihil
3372 4613 3436 4650 ei

1826 4690 1892 4745 iis
1922 4708 2042 4760 qttze
2089 4692 2283 4746 divina:
2327 4694 2621 4761 Serip’turtc
2650 4693 2934 4746 continent
2974 4693 3248 4762 ignorare.
3284 4692 3437 4757 Quod

1824 4783 1867 4834 si
1900 4783 1951 4839 id
1980 4784 2314 4853 impossibile
2353 4786 2505 4839 vobis
2539 4785 2789 4839 videatur
2817 4800 2959 4847 esse,
3018 4802 3123 4838 non
3170 4787 3444 4841 immerito

1824 4875 2054 4930 videtur.
2098 4876 2240 4930 Multi
2292 4879 2434 4931 enim
2484 4890 2590 4930 uon
2645 4887 2893 4948 magnam
2930 4880 3146 4931 leilioni
3178 4880 3437 4934 attentim

1825 4983 1947 5022 ucm
1978 4968 2256 5032 adhibent,
2288 4969 2381 5023 sed
2419 4969 2650 5025 lectione
2694 4969 3057 5039 pet-lttnetoiie
3084 4972 3288 5037 audita,
3330 4982 3440 5027 sta-

1823 5059 1917 5112 tim
1946 5059 2168 5114 domum
2210 5074 2270 5115 se
2314 5061 2601 5129 rccipiunt.
2648 5059 2802 5127 Quod
2838 5057 2882 5115 si
2921 5063 3009 5131 qui
3044 5064 3362 5126 manserint,
3401 5066 3433 5117 ii

1821 5168 1927 5205 non
1973 5150 2196 5206 meliore
2227 5161 2353 5206 sunt
2379 5153 2714 5218 conditione,
2744 5168 2905 5224 quam
2938 5158 3029 5225 qui
3065 5166 3430 5221 recesserunt,

1819 5257 2050 5309 corpore
2093 5244 2267 5296 solum
2302 5253 2623 5311 praesentes.
2664 5242 2772 5298 Sed
2802 5258 2869 5299 ue
2897 5245 3129 5313 amplius
3158 5248 3434 5316 querimo-

1821 5337 1921 5388 niis
1951 5352 2046 5389 vos
2077 5336 2237 5389 ta-dio
2266 5337 2587 5402 al‘tieiatnus,
2639 5353 2777 5392 neve
2817 5340 2869 5392 in
2901 5338 3423 5409 rept'eltensimtibus

1820 5439 1987 5482 totum
2002 5436 2216 5496 tempus
2244 5436 2499 5491 tet-amns,
2527 5428 2804 5499 Evangelii
2830 5430 2991 5483 verba
3014 5431 3426 5501 aggrediamur:

1819 5528 2032 5588 tempus
2062 5520 2205 5573 enim
2236 5528 2320 5573 εει
2354 5533 2409 5573 ut
2434 5536 2547 5575 rent
2586 5522 2914 5589 propositam
2944 5523 3291 5592 attingamus.
3320 5523 3428 5577 8rd

1818 5613 2054 5667 animum
2082 5613 2353 5679 adhibete,
2404 5630 2471 5667 ne
2502 5614 2629 5684 quid
2663 5631 2758 5670 vos
2794 5616 3062 5670 dictorum
3088 5616 3325 5688 elTugiat.
3364 5618 3428 5672 fit

1819 5706 2018 5757 twbum
2060 5722 2179 5758 coro
2216 5706 2408 5775 factum
2450 5718 2549 5772 est,
2582 5718 2628 5761 et
2668 5707 2916 5761 habitarit
2960 5710 3013 5761 in
3058 5712 3222 5764 nobis.
3271 5710 3428 5763 l’ost-

1817 5812 1981 5865 quam
2011 5796 2213 5852 dixerat
2244 5799 2357 5851 ilius
2390 5799 2477 5868 qui
2510 5814 2633 5856 cum
2663 5815 3008 5871 receperunt.
3042 5819 3105 5854 ev
3139 5804 3243 5854 lleo
3275 5813 3431 5857 natos

3059 5893 3093 5947 li
