4164 6320
697 397 767 453 79
1450 379 1506 434 S.
1546 369 1818 431 JOANNlS
1855 358 2317 422 CllRTSDSTOMl
2357 354 2672 411 All(LlllEP.
2713 344 3242 406 CONSTANTINOP.
3908 332 3974 390 89

701 522 752 564 et
785 509 878 566 Dei
908 507 1044 560 lilios
1070 515 1189 558 esse
1210 538 1227 565 ,
1279 491 1559 552 ineﬂ'ahilis
1596 486 1754 556 hujus
1800 477 2021 536 honoris
2056 487 2272 532 causam

702 603 876 669 affert,
927 598 1061 653 hanc
1089 605 1301 662 nempe,
1332 586 1475 659 quod
1504 582 1740 638 Verbum
1779 589 1905 632 caro
1936 571 2129 628 factum
2172 567 2274 630 sit,

705 704 760 750 et
786 655 1038 748 Doiniuus
1077 682 1222 739 servi
1250 655 1477 735 formam
1505 669 1792 740 acceperit.
1826 664 1991 720 Filius
2015 660 2157 716 enim
2181 655 2277 722 lio-

706 783 862 840 minis
905 778 1127 835 euectus
1164 781 1268 837 est,
1299 783 1438 824 eum
1481 776 1640 821 verus
1684 758 1774 814 Dei
1806 754 1975 811 Filius
2000 756 2173 816 isset,
2225 753 2283 798 ut

712 872 954 929 homines
985 866 1090 923 'Dei
1125 863 1267 920 ﬁlios
1310 859 1568 915 efﬁceret.
1608 849 1847 908 Sublin‘te
1893 855 2122 929 namque
2159 849 2281 891 cum

709 963 898 1022 humili
918 971 1158 1022 versans,
1182 953 1316 1010 nihil
1342 951 1394 1004 in
1418 946 1585 1019 gloria
1617 956 1711 997 sua
1738 937 1969 1000 larditnr,
1999 928 2128 1019 illud
2157 940 2283 981 vero

708 1076 773 1115 ex
818 1056 980 1113 multa
1021 1019 1177 1121 erigit
1223 1043 1520 1100 lnnnilitate
1561 1055 1579 1092 :
1619 1031 1760 1107 quod
1792 1040 1846 1085 et
1873 1030 1924 1084 in
1951 1025 2164 1081 Christo
2194 1019 2272 1072 l'a-

707 1160 852 1205 etum
898 1155 998 1201 est.
1036 1118 1286 1197 Naiurain
1323 1133 1520 1205 quippe
1552 1140 1702 1183 suam
1745 1121 1838 1177 tali
1881 1118 2144 1174 descensu
2175 1124 2280 1165 non

711 1239 930 1304 minuit;
957 1247 1160 1304 nosque
1188 1229 1274 1301 qui
1301 1228 1354 1282 in
1385 1220 1675 1295 ignominia
1704 1225 1760 1273 et
1798 1214 1851 1269 in
1881 1207 2118 1304 tenebris
2142 1218 2282 1304 sent-

847 1294 1219 1386 versabaiuur,
1245 1317 1325 1374 ad
1354 1294 1575 1388 gleriam
1605 1307 1776 1365 erexit
1802 1299 2149 1360 ineffabilem.
2198 1294 2289 1350 Sic

711 1391 881 1481 etirex
911 1434 1031 1476 cum
1065 1402 1352 1486 pauperem
1396 1416 1450 1463 et
1493 1401 1795 1460 mendicum
1839 1391 2126 1463 alloquitur
2166 1400 2287 1441 eum

715 1513 893 1569 studio
919 1519 974 1566 et
1013 1484 1406 1569 benevolentia,
1446 1495 1575 1554 nihil
1605 1503 1760 1561 turpe
1788 1488 1936 1551 facit,
1981 1484 2128 1539 illum
2162 1493 2288 1533 vero

721 1607 858 1677 apud
904 1617 1092 1658 omnes
1132 1599 1392 1655 illustrem
1442 1607 1504 1647 ac
1545 1584 1882 1659 splendidum
1914 1576 2104 1634 reddit.
2138 1569 2290 1639 Quod

715 1665 768 1753 si-
807 1698 858 1752 in
905 1696 991 1751 illa
1036 1689 1321 1748 adventitia
1347 1697 1565 1756 prorsus
1593 1678 1869 1734 hominum
1900 1671 2161 1741 dignitate
2191 1665 2292 1718 lio-

719 1789 1040 1843 noratiorem
1111 1797 1231 1838 cum
1300 1774 1475 1832 viliori
1526 1766 1860 1829 consuetudo
1912 1761 2044 1819 nihil
2107 1757 2289 1819 lmdit;

718 1881 883 1935 multo
933 1879 1107 1933 minus
1150 1868 1504 1928 immortalem
1550 1879 1612 1919 ac
1644 1862 1853 1917 beatam
1881 1857 2025 1912 illam
2057 1852 2298 1908 substan-

722 1975 869 2037 tiam,
901 1985 1018 2040 quze
1046 1967 1178 2023 nihil
1205 1955 1768 2020 adventitium'habet,
1801 1950 1934 2008 nihil
1962 1946 2106 2018 quod
2139 1943 2298 2000 modo

721 2034 878 2124 adsit,
921 2034 1085 2115 modo
1121 2055 1281 2121 absit,
1323 2051 1416 2108 sed
1447 2049 1624 2102 omnia
1649 2046 1787 2100 bona
1815 2044 2033 2096 inunota
2063 2045 2115 2092 et
2141 2034 2205 2089 ad
2235 2035 2296 2087 li—

722 2169 843 2209 nem
887 2165 1053 2220 usque
1100 2143 1394 2201 manentia.
1427 2139 1609 2209 Itaque
1643 2149 1764 2191 cum
1792 2129 2046 2194 audieris,
2082 2125 2300 2182 Verbum

724 2263 842 2300 caro
883 2250 1068 2316 factum
1114 2250 1222 2301 est,
1265 2254 1337 2294 ne
1387 2234 1638 2300 turberis,
1695 2245 1763 2286 ne
1806 2224 2076 2284 concidas.
2116 2221 2300 2291 Neque

727 2312 1206 2391 enim-substantia
1250 2327 1448 2386 decidit
1490 2326 1542 2380 in
1594 2336 1808 2380 carnem
1851 2317 2108 2390 (impium
2157 2312 2300 2367 enim

727 2434 868 2479 esset
899 2423 949 2478 id
979 2423 1058 2477 vel
1089 2421 1328 2492 cogitare
1354 2419 1396 2489 ),
1441 2414 1535 2472 sed
1589 2427 1813 2469 manens
1857 2407 2000 2480 quod
2047 2414 2183 2468 erat,
2226 2401 2304 2456 sic

725 2515 951 2569 formam
983 2513 1120 2568 servi
1150 2510 1378 2582 accepit.

796 2605 852 2659 ‘2.
881 2602 987 2661 Cur
1005 2613 1179 2657 autem
1215 2601 1306 2655 illo
1336 2598 1518 2662 verbo,
1554 2595 1770 2651 Factum
1800 2602 1891 2657 est,
1926 2603 2054 2644 usus
2081 2586 2206 2643 est?
2242 2585 2310 2642 Ut

735 2695 1101 2750 lnercticorum
1129 2707 1219 2747 ora
1260 2690 1560 2746 Obstrueret
1587 2685 1689 2757 (a).
1719 2683 1850 2754 Quia
1889 2683 2030 2736 enim
2071 2676 2310 2747 suntqui

733 2789 931 2850 dirant,
955 2800 1014 2841 ea
1038 2801 1154 2855 qua:
1177 2783 1589 2839 incarnationem
1617 2783 1939 2849 spectarent,
1981 2771 2309 2843 phantasiam

733 2887 787 2931 et
819 2877 1117 2944 ﬁgmentum
1143 2888 1284 2936 esse,
1316 2880 1372 2926 ut
1421 2885 1604 2926 eorum
1640 2862 2112 2937 blasphemiam‘de
2139 2859 2312 2914 medio

738 2967 922 3020 tollere
947 2972 1303 3034 prmverteret,
1327 2960 1451 3016 illud
1477 2957 1716 3022 verbum,
1746 2955 1955 3009 Factum
1982 2962 2073 3017 est,
2096 2949 2269 3020 posuit
2298 2966 2310 3000 :

742 3072 846 3112 non
887 3067 944 3111 ut
993 3054 1336 3110 mutationem
1378 3051 1707 3113 substantiae,
1747 3047 1902 3111 absit,
1945 3043 2038 3100 sed
2085 3051 2141 3095 ιιι
2178 3054 2317 3094 vera:

739 3148 914 3206 carnis
931 3145 1346 3216 assutnptionem
1365 3142 1679 3198 declararet.
1703 3135 2154 3207 Quemadmodmn
2177 3131 2316 3188 enim

742 3254 860 3292 eum
903 3236 1050 3302 dicit,
1098 3235 1324 3290 Christus
1369 3249 1459 3286 nos
1495 3231 1721 3286 liberarit
1763 3229 1826 3282 de
1858 3225 2122 3282 maledicm
2174 3223 2316 3293 legis,

743 3328 904 3397 {actus
935 3343 1025 3398 pro
1054 3326 1193 3380 nobis
1223 3325 1539 3379 maledictum
1575 3320 1717 3391 (Gul.
1749 3321 1800 3374 5.
1837 3317 1941 3387 l3).
1973 3332 2078 3371 non
2117 3313 2320 3384 signiti-

742 3435 828 3474 ea.
865 3417 1209 3473 substantiam
1239 3430 1389 3471 suam
1417 3429 1446 3467 a
1475 3414 1640 3484 gloria
1681 3409 2070 3470 abscedentem,
2114 3405 2165 3460 in
2205 3420 2320 3460 ma-

746 3511 997 3566 ledictum
1034 3523 1240 3564 versam
1281 3521 1399 3581 esse
1421 3503 1580 3576 (illud
1619 3505 1758 3558 enim
1791 3517 1856 3556 ne
1893 3501 2165 3555 dannones
2203 3498 2322 3568 qni-

747 3601 888 3665 dem,
922 3616 1094 3672 neque
1121 3600 1206 3656 vel
1247 3596 1545 3654 stultissimi
1575 3605 1629 3651 et
1666 3604 1906 3648 amentes
1943 3591 2322 3662 cogitaverim;

752 3703 949 3748 tantam
981 3707 1171 3762 nempe
1203 3691 1341 3760 sapit
1384 3688 1510 3744 illud
1540 3702 1662 3742 cum
1691 3685 1960 3755 impietate
1987 3683 2325 3752 coniunctam

749 3780 1050 3852 stultitiam)
1081 3799 1094 3836 :
1128 3797 1231 3838 nou
1273 3781 1431 3852 igitur
1453 3779 1556 3835 hoc
1583 3779 1728 3842 dicit,
1774 3777 1866 3832 sed
1902 3777 2072 3846 ipsum
2113 3783 2331 3846 neocpto

753 3875 863 3940 illo,
891 3874 1030 3946 quod
1057 3885 1240 3929 contra
1269 3888 1365 3928 nos
1391 3880 1523 3936 erat,
1544 3869 1857 3932 maledicto,
1893 3883 1997 3923 non
2032 3867 2207 3921 sinere
2234 3883 2332 3921 nos

754 3969 978 4037 amplius
1009 3967 1316 4022 maledictos
1342 3980 1461 4020 esse
1494 3981 1506 4019 :
1539 3963 1616 4018 sic
1639 3971 1692 4016 ct
1729 3961 1829 4016 hoc
1858 3959 1974 4015 loco
1998 3959 2127 4014 dicit
2160 3959 2329 4029 ipsum

756 4075 967 4113 carnem
1004 4058 1194 4112 factum
1222 4074 1358 4119 esse,
1390 4072 1493 4110 non
1527 4064 1724 4109 nmtata
1756 4053 1806 4106 in
1834 4067 2046 4107 carnem
2084 4050 2330 4104 substan-

758 4151 846 4214 tia,
881 4150 972 4204 sed
1005 4158 1122 4218 post
1159 4158 1428 4217 acceptam
1458 4162 1673 4202 carnem
1715 4145 1803 4199 illa
1842 4146 2033 4199 intacta
2063 4151 2332 4197 manente.

757 4242 908 4308 Quod
938 4242 980 4295 si
1015 4240 1260 4298 dixerint.
1296 4239 1458 4293 Deum
1495 4247 1548 4292 ut
1588 4238 1676 4306 qui
1707 4236 1883 4290 omnia
1922 4235 2104 4304 possit,
2139 4234 2191 4287 in
2224 4247 2335 4286 car-

763 4351 881 4389 nem
928 4333 1174 4389 decidere
1222 4332 1454 4403 potuissc
1501 4347 1514 4382 τ
1561 4327 2003 4397 respondebimus
2047 4325 2171 4392 illis,
2219 4339 2338 4379 cum

763 4429 939 4481 omnia
972 4441 1124 4495 posse
1151 4425 1320 4480 donec
1344 4432 1520 4479 nonet
1549 4422 1727 4486 licus;
1770 4420 1861 4476 sed
1903 4418 1946 4472 si
1993 4419 2335 4473 mutationem

761 4519 1050 4581 admiserit,
1084 4518 1188 4572 imo
1216 4517 1560 4571 mutationem
1594 4516 1648 4569 in
1693 4515 1862 4585 pejus,
1893 4510 2160 4582 quomodo
2202 4509 2338 4563 Deus

765 4609 958 4664 fuerit?
983 4608 1113 4662 Nam
1144 4607 1356 4671 mutari,
1391 4607 1546 4677 longe
1577 4613 1660 4660 est
1688 4604 1755 4659 ab
1797 4602 2081 4658 immortali
2117 4600 2201 4654 illa
2242 4615 2306 4652 na

767 4713 902 4753 tura.
929 4700 1259 4766 Quapropter
1281 4697 1534 4767 propheta
1563 4694 1771 4750 dicebat
1798 4711 1811 4750 :
1839 4694 2023 4747 Otttnes
2043 4693 2169 4746 sicut
2200 4690 2343 4742 resti-

768 4797 986 4840 mentnnt
1030 4797 1351 4846 t'eterascent,
1403 4795 1447 4838 et
1486 4785 1611 4839 sicut
1648 4783 1953 4853 opertoritmt
1990 4781 2203 4833 nmtabia
2228 4794 2339 4841 res,

766 4890 810 4932 et
841 4888 1176 4935 nuttnbttnttv'.
1215 4876 1290 4931 Tu
1317 4886 1480 4929 alitem
1512 4877 1641 4929 idem
1674 4877 1782 4944 ipse
1805 4891 1876 4938 es,
1902 4883 1950 4927 et
1977 4873 2097 4925 anni
2128 4870 2200 4924 tui
2246 4887 2346 4923 non

768 4972 997 5039 tle/icicnt
1020 4969 1186 5040 (l’sul.
1225 4971 1342 5024 101.
1367 4968 1482 5038 ‘27).
1515 4968 1636 5022 "an:
1666 4968 1859 5036 quippe
1887 4966 2178 5020 substantia
2201 4962 2345 5018 omni

769 5063 1056 5116 mutatione
1095 5062 1339 5131 superior
1377 5070 1475 5114 est.
1525 5058 1705 5128 Neque
1747 5056 1888 5110 aliud
1942 5056 2212 5125 quidpiam
2260 5054 2349 5106 illo

771 5155 958 5208 melius
990 5163 1090 5217 est,
1124 5165 1177 5208 ut
1213 5152 1538 5223 proliciendo
1578 5151 1741 5222 possit
1782 5149 1844 5204 ad
1876 5149 1998 5203 illud
2049 5149 2344 5218 pervenire.

833 5328 904 5388 (ιι)
939 5329 1020 5375 llic
1053 5325 1158 5376 illos
1191 5328 1450 5375 insectatur
1471 5325 1743 5388 hzereticos,
1766 5323 1849 5388 qui
1888 5327 2117 5388 putarent
2151 5319 2347 5388 simula-

772 5383 866 5437 t-nn
888 5383 1015 5438 esse
1052 5389 1457 5448 Iucarnationem;
1484 5399 1662 5448 nempe
1695 5383 2003 5448 simulatione
2039 5392 2089 5432 et
2122 5383 2350 5444 opinione

773 5461 956 5499 t-mtum
982 5452 1028 5498 iu
1052 5463 1197 5498 carne
1221 5445 1477 5498 advenisse
1499 5445 1718 5497 Verbum
1765 5447 2066 5505 ell'utientes,
2095 5453 2240 5503 δωιιάηιι
2262 5445 2351 5492 sci-

774 5513 903 5584 licet,
938 5526 1046 5584 quae
1073 5525 1160 5584 vox
1202 5511 1334 5584 initio
1368 5511 1609 5584 nascentis
1642 5508 1865 5584 Ecclesiae
1887 5521 1923 5582 ,ε
1958 5507 2354 5584 iiovatprilntls‘in-

773 5566 1063 5645 ductal'utt,
1097 5574 1352 5645 utnvideas
1373 5571 1508 5645 _apud
1535 5571 1774 5645 [gnatiuln
1811 5569 2024 5632 Epistula
2057 5569 2117 5615 ad
2154 5566 2350 5615 'I‘rallia-

776 5649 880 5703 nos,
910 5638 1124 5696 itemque
1149 5634 1301 5703 Epist.
1327 5633 1386 5682 ad
1405 5631 1669 5703 Satyruinos
1717 5631 2037 5703 lllamauten
2064 5643 2232 5678 vocem
2269 5636 2350 5699 ιρ-

776 5690 880 5743 tine
904 5690 1202 5765 conversam
1228 5695 1378 5765 habes
1410 5690 1534 5755 apud
1573 5693 1942 5765 IrenaeumLubi
1978 5690 2353 5765 δοιτίσιεληιιαιὶω

777 5760 1061 5817 exprimitur
1087 5757 1210 5805 libro
1239 5757 1347 5813 l,et
1378 5753 1719 5817 sequentibus.
1745 5754 2058 5818 Suliindeque
2085 5753 2164 5802 alii
2191 5763 2260 5801 55.
2277 5762 2352 5802 Pa-

779 5825 881 5866 tres
905 5819 1024 5866 hanc
1049 5821 1272 5866 lia-resiiu
1295 5824 1748 5866 commcmoraruut.

2384 469 2520 538 Quid
2547 468 2666 522 dico
2704 464 2933 521 melius?
2973 461 3110 515 Nihil
3140 460 3187 514 ei
3227 473 3325 528 par
3352 466 3450 521 est,
3499 454 3576 509 vel
3619 450 3884 507 mutillum
3909 453 3982 503 ad

2386 565 2531 617 illum
2558 559 2773 616 accedit.
2812 556 3067 626 Sequitur
3087 567 3216 622 ergo
3248 552 3416 621 ipsum
3448 548 3497 602 in
3531 546 3683 617 pejus
3715 551 3974 598 mutatum

2387 668 2506 709 esse
2527 653 2568 707 si
2597 658 2830 706 nmtatus
2855 650 2941 702 sit.
2977 645 3087 700 [loc
3107 651 3290 698 autem
3322 655 3426 694 non
3457 645 3632 708 potest
3661 636 3802 690 Deus
3837 647 3973 687 esse.

2388 744 2493 800 Sed
2529 740 2853 812 blasphemia
2884 740 2936 793 in
2963 747 3121 807 caput
3149 749 3356 797 eorum,
3399 734 3486 801 qui
3530 729 3646 784 lure
3680 726 3977 797 proferunt,

2389 845 2643 890 vertatur.
2666 830 2818 899 Quod
2842 831 2986 886 enim
3026 826 3178 892 illud,
3217 823 3435 879 Factum
3462 831 3560 888 est,
3621 819 3742 875 ideo
3779 817 3982 872 dictum

2389 929 2478 996 sit,
2511 937 2570 984 ut
2594 943 2660 982 ne
2690 923 3022 997 phantasiam
3045 935 3166 977 esse
3191 917 3500 988 suspiceris,
3532 911 3896 968 animadverte
3915 922 3985 962 ex

2390 1020 2455 1075 iis
2481 1035 2600 1092 qua:
2626 1025 2940 1090 sequuntur,
2971 1010 3238 1085 quomodo
3287 1019 3342 1066 et
3375 1008 3573 1064 dictum
3607 1003 3733 1060 illud
3759 1011 3815 1058 et
3858 1017 3985 1072 pra-

2391 1089 2513 1167 vam
2543 1112 2678 1166 hanc
2706 1089 3082 1179 suspicionem
3128 1109 3412 1175 expurget.
3465 1097 3655 1154 Subdit
3702 1094 3869 1156 enim,
3914 1089 3984 1145 Et

2393 1203 2633 1257 habitavit
2659 1202 2710 1256 in
2737 1199 2897 1265 nobis,
2929 1212 2993 1253 ac
3031 1197 3078 1251 si
3111 1195 3310 1250 δίωτοι
3340 1208 3357 1248 :
3386 1190 3528 1247 Nihil
3559 1187 3849 1243 absurdum
3890 1198 3953 1238 su
3973 1213 3988 1224 -

2393 1296 2615 1366 spieeris
2636 1308 2699 1348 ex
2723 1293 2823 1347 hoc
2847 1291 3017 1355 dicto,
3047 1289 3263 1344 Factam
3287 1296 3378 1342 est.
3417 1283 3536 1340 Non
3565 1283 3718 1355 enim,
3734 1281 3989 1336 immuta-

2396 1386 2515 1441 bilis
2563 1393 2765 1440 natura:
2813 1382 3196 1446 mutationem,
3257 1378 3352 1434 sed
3411 1374 3795 1432 habitationem
3846 1369 3989 1424 disi.

2398 1476 2660 1532 llabitatio
2680 1482 2858 1530 autem
2902 1487 3009 1528 non
3050 1471 3277 1542 idipsum
3305 1477 3388 1525 est
3431 1464 3572 1538 quod
3601 1460 3989 1524 habitaculum,

2398 1567 2490 1623 sed
2521 1565 2682 1622 aliud.
2711 1563 2866 1621 Aliud
2896 1563 3038 1620 enim
3064 1563 3116 1617 in
3142 1561 3247 1616 alio
3272 1558 3508 1624 habitat;
3541 1555 3675 1611 alias
3707 1553 3848 1610 enim
3880 1565 3989 1605 non

2399 1669 2540 1715 esset
2569 1658 2824 1713 habitatio
2857 1674 2869 1711 :
2901 1655 3034 1712 nihil
3075 1654 3217 1709 enim
3261 1652 3314 1706 in
3359 1650 3538 1721 seipse
3572 1645 3796 1702 habitat.
3830 1639 3992 1698 Aliud

2401 1765 2528 1806 vero
2551 1749 2663 1805 dixi
2688 1746 2978 1803 secundum
3007 1743 3380 1800 substantiam.
3409 1739 3542 1795 Nam
3566 1737 3768 1792 unitate
3790 1743 3843 1789 et
3863 1747 3995 1788 con-

2396 1841 2669 1912 junctione
2699 1840 2838 1895 Deus
2869 1837 3102 1893 Verbum
3133 1843 3188 1891 et
3211 1848 3338 1889 caro
3359 1845 3524 1887 unum
3545 1837 3672 1885 sunt
3699 1846 3712 1882 :
3740 1827 3858 1881 sine
3889 1824 3996 1879 ulla

2402 1930 2731 1996 confusione,
2752 1929 2835 1985 vel
2857 1927 3271 1984 subslantiarum
3295 1924 3582 1987 ablatione,
3607 1919 3700 1976 sed
3721 1933 3814 1988 per
3835 1914 3999 1969 iulio-

2405 2041 2525 2080 nem
2549 2023 2868 2079 ineffabilem
2908 2019 3460 2090 inexplicabilemque.
3501 2011 3781 2081 Quomodo
3814 2018 3998 2063 autem

2406 2117 2455 2172 id
2509 2118 2595 2171 liat
2647 2130 2713 2170 ne
2750 2129 2994 2185 quatras;
3042 2111 3237 2167 factum
3268 2117 3349 2164 est
3379 2107 3520 2162 enim
3567 2115 3625 2159 ut
3666 2103 3780 2172 ipse
3825 2101 3998 2154 novit.

2406 2207 2685 2276 Quodnam
2719 2219 2847 2276 ergo
2889 2204 2985 2259 fuit
3032 2200 3416 2262 habitaculum,
3459 2198 3512 2251 in
3555 2209 3662 2267 quo
3705 2189 4004 2247 habitavit?

2409 2299 2545 2355 Audi
2592 2296 2905 2368 prophetam
2951 2293 3216 2349 dicentem
3264 2307 3277 2344 :
3320 2286 3586 2345 Suscitabo
3618 2279 4005 2338 tabernaculum

2412 2390 2598 2459 David,
2622 2390 2757 2461 quod
2783 2389 2958 2445 cecidit
2980 2387 3177 2457 (Amos.
3203 2384 3255 2440 9.
3286 2382 3395 2454 ll).
3426 2380 3565 2436 Vere
3593 2392 3826 2447 namque
3852 2373 4003 2430 ccci-

2411 2484 2505 2546 dit,
2536 2483 2726 2538 cecidit
2763 2490 2946 2537 natura
2979 2488 3157 2534 nostra
3208 2491 3335 2531 casu
3366 2471 3666 2536 incurabili,
3712 2478 3762 2523 et
3792 2468 4005 2538 potenti

2415 2577 2502 2632 illa
2533 2592 2690 2631 manu
2719 2575 2832 2629 Sola
2858 2573 3069 2645 egebat.
3102 2570 3283 2639 Neque
3306 2568 3446 2624 enim
3478 2573 3685 2637 poterat
3709 2563 3815 2615 alio
3842 2559 4010 2614 modo

2415 2686 2716 2742 resurgere,
2748 2669 2847 2722 nisi
2879 2667 2923 2722 is
2951 2666 3040 2738 qui
3069 2665 3125 2719 in
3149 2662 3408 2735 principio
3436 2660 3578 2715 illam
3606 2656 4008 2717 ell'ormavemt,

2417 2763 2515 2833 i,.si
2549 2776 2762 2816 manum
2789 2758 3135 2830 perrexisset,
3161 2765 3209 2809 et
3233 2767 3463 2823 superne
3491 2751 3634 2804 illam
3663 2749 4014 2802 reliirmz-ssvt

2417 2870 2512 2925 per
2542 2869 2691 2924 aqua?
2733 2849 3189 2922 regenerationem
3233 2853 3289 2901 et
3323 2843 3573 2914 Spiritus.
3605 2839 3671 2895 Et
3714 2837 3832 2892 vide
3874 2833 4012 2889 mihi

2419 2945 2745 3002 horrendum
2775 2951 2828 2998 et
2851 2956 3102 2998 arcanum
3125 2936 3460 3012 mysterium.
3482 2934 3707 3002 Semper
3724 2928 3925 2983 habitat
3955 2927 4014 2979 in

2423 3039 2524 3093 hoc
2580 3036 2921 3091 tabernaculo
2957 3055 2968 3091 :
2999 3047 3218 3089 carnem
3274 3028 3471 3100 quippe
3525 3034 3757 3080 nostram
3813 3021 4019 3081 ind..it.

2425 3149 2528 3185 non
2561 3141 2616 3184 ιιι
2652 3140 2832 3200 postea
2877 3126 3222 3197 relinqueret,
3267 3121 3361 3178 sed
3393 3120 3534 3175 illam
3575 3131 3789 3186 semper
3827 3126 4019 3168 secum

2427 3225 2716 3278 Ii..biturns.
2753 3220 2861 3276 Nisi
2893 3219 3037 3287 enim
3060 3216 3162 3273 hoc
3181 3221 3344 3276 esset,
3377 3228 3482 3266 non
3513 3210 3656 3264 illam
3690 3206 3835 3276 regio
3873 3202 4024 3258 solio

2425 3320 2670 3389 dignatus
2688 3323 2851 3381 esset,
2876 3329 3048 3385 neque
3065 3310 3231 3382 ipsam
3254 3306 3430 3362 ferens
3448 3302 3764 3358 adoraretur
3781 3298 3848 3353 ab
3866 3296 4022 3350 omni

2426 3411 2624 3466 czelesti
2670 3407 2931 3473 exercitu,
2973 3402 3042 3458 ab
3082 3399 3305 3472 angelis,
3355 3393 3688 3464 archangelis
3715 3433 3728 3456 ,
3784 3387 4021 3449 tlironis,

2427 3501 2915 3565 dominationibus,
2975 3493 3398 3569 principalibus,
3459 3487 3829 3560 potestatibus.
3885 3481 4032 3551 Quis

2430 3612 2629 3660 sermo,
2654 3610 2772 3665 qure
2795 3606 2968 3656 mens,
3004 3599 3208 3646 tantum
3249 3584 3397 3640 illum
3421 3581 3682 3637 honorem
3713 3575 3893 3649 generi
3924 3591 4032 3630 uo-

2425 3700 2544 3745 stro
2566 3688 2840 3751 collatum,
2885 3677 3352 3752 supernaturalem
3404 3675 3550 3730 illum
3595 3682 3650 3727 et
3695 3667 4034 3726 horrendum

2432 3780 2701 3850 explicare
2733 3776 2965 3848 poterit?
3014 3773 3143 3849 Quis
3187 3767 3440 3842 angelus?
3468 3765 3587 3837 quis
3627 3760 3984 3831 archangelus
4010 3761 4038 3810 ι’

2434 3873 2621 3929 Nullus
2650 3885 2868 3942 usquam
2892 3868 2978 3923 vel
3008 3868 3058 3922 iu
3089 3865 3221 3921 ozelo
3253 3863 3333 3918 vel
3374 3861 3427 3916 in
3458 3869 3620 3916 terra.
3649 3856 3797 3912 Talia
3826 3857 4042 3924 qulppe

2435 3975 2559 4022 sunt
2582 3964 2673 4020 Dei
2707 3978 2891 4034 opera,
2919 3971 3062 4016 tanta
3091 3969 3306 4029 tamque
3331 3951 3754 4025 supernaturalia
3779 3949 3898 4018 ejus
3931 3947 4040 4002 be-

2438 4057 2647 4119 neﬁcia,
2667 4066 2727 4110 ut
2757 4074 2860 4110 non
2892 4054 3050 4108 modo
3065 4051 3357 4106 humanam
3376 4048 3636 4116 linguam,
3660 4041 3753 4098 sed
3776 4049 3836 4097 et
3857 4055 4044 4110 ange-

2431 4149 2594 4204 licam
2643 4149 2892 4203 rirtutem
2947 4151 3164 4215 superet
3217 4155 3404 4197 eorum
3463 4144 3709 4192 accurata
3771 4134 4040 4188 narratio.

2441 4239 2798 4309 Quaniobrem
2822 4252 2926 4292 nos
2955 4235 3268 4291 concionem
3293 4231 3430 4286 hanc
3451 4227 3666 4283 silentio
3689 4223 4042 4290 claudemus,

2443 4352 2560 4388 cum
2602 4349 2698 4387 vos
2746 4331 3129 4395 monuerimns,
3174 4337 3232 4383 ut
3278 4323 3605 4382 benefactori
3657 4328 3808 4375 tanto
3853 4318 4044 4373 vicem

2443 4425 2767 4495 rependatis,
2797 4423 2952 4492 cujus
2985 4423 3060 4477 rei
3091 4422 3295 4477 lucrum
3330 4426 3506 4471 totum
3543 4414 3694 4469 nobis
3727 4422 3909 4482 postea
3943 4427 4048 4464 ne-

2446 4516 2722 4586 pendetur.
2736 4515 2924 4569 Vieem
2943 4524 3118 4567 autem
3138 4508 3495 4580 rependimus,
3522 4507 3563 4560 si
3582 4519 3823 4575 magnam
3839 4502 4052 4557 auium:

2447 4618 2644 4661 uostrm
2693 4620 2876 4660 curam
2923 4602 3236 4657 habeamus.
3285 4599 3416 4653 Nam
3449 4607 3501 4653 et
3541 4596 3644 4650 hoc
3693 4594 4054 4664 benignitatis

2448 4703 2590 4758 illius
2619 4716 2754 4770 Opus
2800 4709 2903 4765 est,
2955 4708 3010 4753 ut
3051 4713 3173 4752 cum
3222 4693 3368 4749 nullo
3420 4701 3662 4747 nostrum
3711 4699 3881 4759 egeat,
3937 4688 4054 4742 alii

2450 4796 2617 4848 viceni
2649 4791 2865 4862 rependi
2905 4791 3067 4851 dicat.
3112 4805 3234 4843 cum
3277 4803 3373 4841 nos
3400 4785 3632 4838 animant
3660 4791 3900 4837 nostram
3934 4794 4056 4835 non

2453 4885 2787 4956 negligimus.
2816 4882 3173 4950 Quamobrem
3203 4888 3458 4934 extremae
3497 4873 3745 4930 :unentia:
3783 4880 3953 4935 esset,
3997 4883 4063 4926 et

2452 4976 2742 5032 innumeris
2763 4974 2978 5044 dignum
3002 4970 3294 5040 suppliciis,
3329 4977 3532 5020 tautnut
3552 4971 3916 5034 consequutus
3951 4960 4065 5016 lio.

2455 5085 2659 5133 norem,
2696 5081 2798 5121 nou
2827 5081 2888 5121 ea
2916 5079 3035 5135 qum
3059 5076 3221 5132 penes
3253 5075 3347 5114 nos
3377 5067 3502 5112 sunt
3525 5055 3750 5122 referre,
3781 5069 3909 5108 cum
3938 5070 4068 5109 ma-

2456 5162 2596 5216 xime
2641 5167 2746 5212 tota
2791 5158 2866 5212 rei
2912 5155 3112 5211 utilitas
3141 5155 3191 5207 in
3235 5167 3330 5206 nos
3359 5149 3644 5211 redundet,
3681 5156 3735 5202 et
3761 5146 4065 5200 innumera

2457 5252 2608 5308 nobis
2636 5252 2687 5306 iu
2715 5249 2871 5318 hujus
2898 5247 2976 5303 rei
3009 5245 3310 5301 mercedem
3335 5241 3570 5310 reposita
3602 5239 3740 5293 bona
3781 5239 3910 5290 sint.
3949 5237 4071 5292 l'ro

2457 5345 2537 5400 his
2572 5360 2700 5398 vero
2748 5341 2994 5394 otnnibus
3042 5338 3270 5408 gloriam
3320 5333 3615 5388 referamus
3667 5330 4074 5399 benignissinm

2458 5437 2588 5501 Deo,
2620 5451 2723 5489 non
2747 5432 2926 5487 verbis
2955 5440 3180 5484 tantum.
3224 5427 3316 5480 sed
3358 5425 3526 5479 multo
3565 5422 3734 5492 magis
3770 5420 4070 5490 operibus~

2460 5539 2516 5582 ιιι
2547 5528 2719 5582 futura
2769 5537 3161 5591 consequamur
3210 5519 3346 5571 bona
3387 5535 3399 5570 :
3440 5530 3559 5585 qua:
3611 5513 3814 5567 utinam
3857 5525 4077 5565 omnes

2459 5618 2835 5687 adipiscamur,
2871 5613 3040 5682 gratia
3070 5620 3122 5663 et
3150 5607 3472 5676 benignitate
3507 5603 3713 5658 Domini
3739 5601 3910 5655 nostri
3932 5600 4078 5655 Jesu

2460 5707 2680 5773 Christi,
2709 5720 2803 5775 per
2828 5717 2986 5773 quem
3014 5710 3068 5755 et
3107 5715 3227 5754 cum
3257 5713 3362 5766 quo
3390 5695 3529 5750 Patri
3562 5694 3752 5762 gloria,
3783 5691 4080 5762 simulque

2465 5803 2683 5873 Spiritui
2707 5810 2913 5864 sancto,
2945 5798 2998 5850 in
3027 5793 3219 5850 saecula
3254 5789 3590 5845 somniorum.
3626 5789 3817 5841 Amen.
