4164 6320
142 370 187 426 ει
1252 345 1320 402 IN
1364 342 1677 405 iussam
1708 340 1940 395 nomn.
1982 336 2097 394 xu.
2139 338 2209 391 al.
2254 333 2345 391 XI.
3360 339 3429 395 ε,

144 467 3430 518 ,ἕρμ’-Μ

1529 549 1873 611 HOMILIA
1940 550 2082 612 XII.

142 725 190 780 Et
232 723 442 777 uidimus
490 722 712 792 gloriam
752 720 881 789 ejus,
936 714 1151 786 gloriam
1190 706 1335 777 quasi
1386 700 1647 773 Unigruiti
1685 713 1719 751 α

440 811 615 875 Patre,
648 811 853 880 plenum
881 805 1059 877 gratim
1086 815 1130 855 et
1159 797 1401 854 ueritatis.

194 909 247 962 t.
280 904 440 962 Forte
478 904 598 974 plus
639 918 801 971 quam
844 914 938 969 par
963 904 1083 953 erat
1112 894 1265 948 vobis
1301 904 1471 959 nuper
1506 885 1718 942 onerosi

137 1011 178 1054 et
204 999 415 1055 molesti
450 997 667 1057 fuimus.
701 993 893 1048 acriori
924 992 1003 1045 usi
1031 1002 1301 1049 sermone.
1333 994 1388 1040 et.
1417 986 1572 1055 longa
1601 997 1723 1038 con-

138 1102 200 1144 tra
236 1091 529 1145 multorum
574 1084 835 1141 desidiam
864 1082 1109 1136 oratione
1135 1077 1336 1133 habita.
1366 1074 1565 1129 Verum
1594 1074 1639 1127 si
1671 1070 1727 1127 id

137 1182 409 1238 mordendi
448 1181 622 1236 solum
663 1192 822 1232 causa
850 1160 1181 1238 fecissemus,
1207 1168 1503 1240 jure-nobis
1529 1165 1722 1236 singuli

136 1282 543 1335 siieoensereut;
568 1271 611 1325 si
644 1284 770 1323 vero
804 1265 1354 1322 utilitatemvcstram
1390 1264 1721 1331 spectantes,

137 1366 435 1419 auditorum
456 1363 679 1433 gratiam
704 1360 838 1413 inire
860 1353 1313 1419 noncuravimus,
1345 1349 1555 1406 etiamsi
1580 1348 1724 1402 illam

138 1456 405 1525 profectus
431 1452 593 1508 vestri
633 1465 837 1514 curam,
858 1463 1017 1519 quam
1043 1445 1616 1516 gessimus,acceptam
1636 1438 1727 1493 ba-

139 1549 263 1603 bere
299 1546 496 1611 nolitis,
540 1543 709 1598 amori
744 1542 934 1597 saltem
965 1550 1151 1594 nostro
1180 1535 1390 1592 veniam
1420 1531 1729 1587 concedatis

138 1646 368 1708 Oportet.
388 1635 684 1691 Admodum
707 1633 847 1687 enim
868 1633 1138 1695 timemus,
1158 1645 1223 1682 ne
1238 1626 1395 1682 nobis
1413 1638 1534 1680 cum
1552 1621 1731 1678 studio

138 1732 313 1784 multo
340 1727 793 1791 contionantibus,
838 1724 991 1778 vobis
1028 1731 1205 1775 autem
1249 1719 1407 1775 dictis
1451 1708 1730 1771 attendere

142 1822 546 1893 negligentibus.
569 1819 841 1890 graviores
867 1816 1018 1870 vobis
1040 1814 1274 1868 rationes
1294 1809 1581 1867 reddenda:
1602 1808 1728 1862 sint.

141 1916 265 1971 Ideo
294 1930 453 1984 cogor
482 1929 575 1966 vos
615 1910 921 1980 frequenter
951 1906 1186 1962 excitare
1210 1913 1266 1959 et
1299 1898 1729 1971 expergefacere,

142 2023 201 2060 ne
213 2007 482 2060 dictorum
499 2001 767 2073 quidpiam
787 1998 1043 2053 inutiliter
1062 1994 1265 2051 efﬂuat.
1284 1992 1396 2048 Hoc
1413 1992 1554 2046 enim
1577 1999 1733 2059 pacto

140 2097 328 2153 licebit
350 2097 497 2151 vobis
520 2094 747 2149 lidenter
776 2102 828 2147 ct
850 2091 937 2147 hic
966 2089 1167 2154 vivere,
1199 2095 1255 2142 et
1283 2087 1335 2141 in
1370 2085 1460 2138 illo
1496 2083 1582 2138 die
1611 2091 1736 2136 ante

144 2187 376 2243 tribunal
414 2186 610 2242 Christi
641 2185 876 2239 adstare.
914 2181 1048 2248 Quia
1087 2178 1247 2250 igitur
1276 2191 1371 2231 vos
1411 2189 1580 2243 nuper
1606 2172 1736 2227 satis

142 2280 571 2352 perstrinximus,
601 2292 699 2348 age
730 2275 886 2331 hodie
916 2275 1095 2329 statim
1126 2273 1237 2343 ipsa
1277 2269 1439 2326 verba
1470 2282 1737 2339 propona-

143 2389 285 2427 mus.
310 2370 615 2434 Etvidimus,
637 2368 827 2438 inquit,
840 2366 1054 2439 gloriam
1070 2365 1197 2434 ejus,
1217 2359 1589 2434 gloriamquasi
1611 2357 1739 2413 Uni-

144 2466 303 2538 geniti
321 2482 349 2516 α
376 2462 549 2518 Putre.
578 2463 867 2531 Postquam
897 2459 1113 2514 dixerat
1136 2470 1235 2512 nos
1254 2455 1395 2509 ﬁlios
1408 2452 1502 2508 Dei
1520 2450 1744 2507 «ﬂectes

144 2575 285 2626 esse,
319 2566 371 2613 et
399 2554 709 2612 ostenderat
742 2567 847 2608 non
872 2552 979 2606 alio
1008 2549 1168 2605 modo
1198 2546 1249 2603 id
1280 2546 1548 2608 evenisse,
1580 2558 1740 2613 quam

147 2649 291 2719 quod
316 2648 542 2703 Verbum
556 2662 683 2701 caro
707 2645 901 2701 factum
920 2652 1083 2705 esset,
1104 2640 1243 2695 aliud
1264 2639 1389 2693 hinc
1405 2637 1740 2691 emolumen-

148 2753 258 2797 tum
286 2742 593 2812 provenisse
621 2738 689 2792 di.
710 2739 768 2793 it.
791 2732 1217 2805 Quodnamillud
1236 2730 1353 2785 est?
1381 2729 1605 2782 Vidimus
1627 2727 1741 2799 glo-

150 2835 281 2886 riam
300 2833 427 2902 ejus,
445 2832 660 2902 gloriam
690 2830 836 2901 quasi
864 2825 1123 2898 Unigeniti
1144 2840 1181 2877 α
1214 2822 1367 2877 Patre
1385 2838 1403 2875 :
1430 2836 1535 2874 nou
1561 2821 1745 2889 utique

152 2923 339 2988 visuri,
370 2923 466 2975 nisi
500 2936 594 2990 per
619 2920 824 2974 socium
849 2919 950 2974 sibi
979 2931 1177 2986 corpus
1198 2914 1351 2970 nobis
1385 2912 1741 2984 apparuisset.

152 3018 282 3073 Nam
311 3015 355 3069 si
378 3015 573 3085 Moysis
601 3024 805 3068 natura:
849 3020 1047 3065 nostra:
1080 3008 1313 3064 hominis
1356 3007 1561 3060 vultum
1609 3003 1749 3059 ferre

155 3126 259 3163 non
300 3116 548 3178 poterant
598 3106 737 3161 illius
768 3103 1023 3175 temporis
1077 3101 1342 3165 homines,
1391 3100 1532 3169 quod
1580 3099 1748 3169 gloria

159 3197 653 3262 illustraretur,_srd
704 3198 823 3251 velo
856 3211 991 3267 Opus
1026 3195 1213 3249 habuit
1256 3194 1337 3248 vir
1380 3196 1577 3261 justus,
1608 3190 1748 3261 quod

158 3294 376 3365 gloriam
400 3291 569 3345 illam
594 3292 863 3361 ingentem
898 3287 1271 3350 obumbraret,
1305 3301 1365 3340 ac
1395 3290 1576 3339 mitem
1604 3284 1756 3339 blan-

159 3389 386 3455 damque
407 3382 683 3453 propheta:
713 3379 898 3434 faciem
930 3378 1242 3433 ostenderet
1272 3378 1288 3408 ί
1322 3395 1335 3430 :
1360 3374 1631 3446 quomodo
1658 3390 1756 3429 nu-

160 3480 283 3531 dam
310 3476 663 3536 divinitatem,
691 3472 818 3542 ipsis
840 3469 1085 3538 supernis
1104 3468 1387 3523 virtutibus
1404 3469 1752 3530 inaccessam,

166 3586 263 3626 nos
288 3570 417 3625 lutei
448 3581 501 3624 et
529 3565 732 3622 terreni
758 3564 896 3619 ferre
922 3562 1322 3633 potuissemus?
1352 3560 1473 3615 Ideo
1500 3559 1758 3615 habitavit

169 3664 215 3715 in
242 3660 420 3727 nobis,
452 3669 509 3714 ut
554 3659 729 3727 ipsum
776 3656 943 3712 adire.
991 3654 1212 3725 alloqui,
1258 3668 1378 3710 cum
1412 3652 1529 3724 ipso
1556 3654 1758 3706 versari

171 3757 332 3809 libere
359 3767 675 3825 possemus..

238 3843 415 3899 Gloria
456 3843 601 3915 quasi
648 3840 1053 3913 Unigenitiquid
1084 3842 1172 3896 sit.
1197 3839 1575 3910 Imperatorth
1602 3854 1759 3893 orna-

172 3951 247 3990 tus
273 3947 321 3990 et
351 3932 779 4001 cultus.—Quid
805 3942 984 3987 autem
1026 3932 1128 3987 sibi
1175 3932 1287 3987 vult
1335 3929 1489 3995 illud,
1532 3929 1761 3984 Gloriam

176 4030 313 4097 quasi
367 4027 626 4097 Uuigeuiti
674 4044 707 4079 α
760 4025 959 4081 Patre!
1000 4026 1134 4094 Quia
1183 4026 1335 4080 multi
1377 4025 1761 4095 prophetarum

176 4122 335 4190 gloria
361 4121 497 4177 clari
533 4117 771 4185 fuemnt,
802 4118 861 4172 ut
890 4118 1004 4186 ipse
1033 4118 1263 4188 Moyses,
1312 4117 1475 4184 Elias,
1510 4118 1763 4182 Eliszens;

180 4214 629 4283 illeigueoeurru
658 4218 842 4266 vectus
868 4251 885 4272 ,
936 4210 1023 4267 hic
1059 4221 1317 4283 receptus
1356 4230 1369 4266 :
1431 4218 1485 4265 et
1510 4210 1767 4279 pastillos

182 4305 427 4360 lianiel'et
450 4310 562 4358 tres
587 4302 758 4373 pueri,
793 4302 989 4373 aliique
1026 4303 1260 4371 plurimi,
1313 4311 1574 4373 quotquot
1609 4304 1766 4357 mina-

181 4398 290 4451 cuia
320 4405 621 4466 patrarunt,
669 4394 836 4464 gloria
883 4392 1149 4464 splendidi
1193 4391 1341 4447 luere
1372 4411 1383 4447 :
1418 4393 1592 4465 angeli
1619 4408 1765 4463 .quo-

183 4505 298 4556 quc,
324 4487 411 4557 qui
435 4486 749 4540 hominibus
778 4492 1480 4554 apparuerunt,.etnaturte
1514 4502 1627 4542 suae
1666 4486 1773 4543 lul-

184 4598 356 4650 gorem
390 4579 696 4634 hemiuihns
733 4577 1089 4634 exbibuerunt
1121 4597 1133 4633 :
1166 4594 1339 4651 neque
1377 4581 1770 4653 angelisolum,

186 4671 269 4725 sed
298 4671 459 4725 etiam
500 4669 793 4725 Clterubini
822 4682 875 4725 et
912 4669 1193 4740 Seraphini
1220 4686 1340 4727 cum
1381 4672 1547 4743 gloria
1583 4688 1771 4743 magna

190 4763 451 4832 propheta:
484 4777 782 4832 apparuere
820 4779 832 4815 :
876 4762 942 4817 ab
989 4761 1137 4818 hisce
1187 4777 1348 4833 porro
1392 4763 1640 4819 omnibus
1676 4780 1776 4819 nos

192 4863 432 4909 avertens
464 4853 813 4924 evangelista,
842 4863 1001 4923 atque
1028 4864 1459 4910 acreaturarum
1482 4870 1774 4911 conserm-

193 4961 405 5016 rumqne
436 4957 742 4999 nostrorum
784 4945 1069 5015 splendore
1110 4955 1344 5002 mentem
1379 4946 1651 5003 adducens
1676 4964 1777 5002 no-

191 5046 368 5101 stram,
401 5036 455 5091 in
493 5038 610 5105 ipso
644 5051 741 5090 nos
779 5037 1039 5091 bonorum
1069 5038 1301 5093 culmine
1334 5039 1630 5093 constituit.
1662 5038 1777 5093 Non

194 5130 327 5182 enim
359 5128 663 5200 prephetat,
698 5144 801 5182 non
832 5130 1027 5201 angeli,
1058 5144 1162 5184 non
1194 5130 1657 5201 archangeli,non
1687 5144 1779 5185 su-

198 5234 476 5284 pernarum
524 5221 802 5282 virtutum,
831 5236 937 5274 non
980 5221 1201 5276 alterius
1229 5231 1426 5276 creatze
1467 5230 1692 5288 naturai,
1737 5222 1782 5275 si

196 5328 284 5378 qua
311 5312 378 5365 sit
404 5311 543 5377 alia;
595 5312 688 5365 sed
726 5312 892 5380 ipsius
936 5312 1166 5381 Domini,
1197 5313 1365 5383 ipsius
1405 5313 1586 5385 Regis,
1618 5314 1784 5384 ipsius

201 5419 315 5457 vere
342 5404 596 5474 tmigeniti
621 5405 765 5477 Filii,
794 5406 1033 5460 omnium
1057 5418 1295 5461 nostrum
1324 5406 1530 5462 Domini
1560 5408 1783 5478 gloriam

203 5492 439 5550 vidimus.
475 5495 604 5552 Illud
648 5507 853 5565 autem,
896 5496 1077 5565 Quasi,
1121 5514 1227 5554 non
1272 5499 1633 5555 similitudinis
1679 5508 1786 5565 cst,

256 5720 288 5749 "
307 5722 358 5789 In
392 5726 551 5778 νηί-ιρι.
582 5726 794 5840 Initum“,
821 5737 867 5782 et
890 5731 1017 5791 quod
1040 5728 1088 5784 in
1113 5732 1261 5797 ipsius
1285 5741 1483 5800 asper!“
1500 5745 1625 5790 erat
1662 5737 1809 5789 itm--

264 5784 395 5840 ul-Ill'.
420 5791 547 5840 (ultr.
570 5790 618 5840 bl
639 5808 670 5840 τι
698 5794 823 5840 n'rltl
856 5802 952 5840 nt-

200 5777 225 5827 li
240 5800 251 5824 ο
264 5784 395 5844 tsi-llr,
420 5791 547 5842 (ultr.
698 5777 838 5843 rt'tl'tl—
850 5777 952 5845 vri-.1:

1834 715 2007 772 neque
2046 703 2338 773 parabolae,
2381 703 2477 761 sed
2524 705 2954 762 conﬁrmationis
3005 716 3059 761 et
3104 707 3433 763 deﬁnitionis

1828 793 1961 847 nulli
1988 793 2151 849 dubio
2171 794 2454 863 obnoxiae;
2482 810 2547 852 ac
2568 797 2612 852 si
2639 797 2847 854 diceret
2870 813 2885 853 :
2922 799 3163 854 Vidimus
3182 800 3428 871 gloriam,

1830 889 2039 958 qualem
2070 888 2294 946 decebat
2323 888 2521 946 habere
2553 891 2884 962 unigenitum
2911 902 2963 947 et
2993 907 3308 962 germanum
3340 890 3431 947 Fi-

1830 982 1961 1036 lium
1991 981 2107 1047 Dei,
2152 982 2525 1038 universorum
2570 983 2750 1054 Regis.
2782 982 2834 1039 id
2869 983 2923 1038 in
2956 997 3107 1038 more
3140 992 3221 1038 est
3266 983 3435 1053 pluri-

1829 1075 1963 1139 mis;
1996 1076 2352 1146 nequeenim
2377 1075 2640 1131 recusabo
2668 1090 2697 1131 a
2726 1074 2998 1130 communi
3042 1074 3435 1131 consuetudine

1830 1165 1882 1220 id
1904 1181 2167 1222 asserere.
2199 1166 2407 1220 Etenim
2431 1182 2535 1220 non
2567 1165 2634 1220 ad
2663 1165 2949 1222 verborum
2978 1166 3236 1237 speciem,
3263 1180 3437 1235 neque

1829 1257 1895 1313 ad
1926 1259 2087 1314 seriei
2108 1269 2354 1313 ornatum
2384 1260 2527 1328 [equi
2558 1260 2608 1313 in
2634 1260 2909 1330 proposito
2931 1258 3213 1325 habemus,
3247 1258 3340 1314 sed
3370 1259 3438 1314 ad

1832 1360 2062 1406 vestram
2101 1351 2274 1405 solum
2318 1352 2637 1424 utilitatem;
2688 1361 3017 1421 quaprOpter
3054 1349 3187 1405 nihil
3233 1350 3433 1415 oflleit,

1832 1443 2116 1513 quominus
2159 1459 2188 1495 a
2229 1444 2497 1498 conmmni
2544 1441 2935 1497 consuetudine
2978 1441 3028 1495 id
3064 1442 3437 1503 conﬁrmetur.

1832 1534 2090 1602 anenam
2106 1543 2188 1589 est
2207 1534 2292 1587 illa
2314 1533 2605 1587 multorum
2624 1532 2993 1589 consuetudo?
3009 1532 3236 1601 Quidam
3257 1546 3439 1603 regem

1834 1627 2235 1682 ornatissimum
2254 1626 2517 1691 videntes,
2540 1634 2595 1681 et
2617 1626 2869 1697 pretiosis
2887 1625 3125 1696 undique
3152 1624 3441 1697 fulgentem

1836 1718 2120 1788 lapidibus,
2148 1717 2411 1786 siquando
2436 1718 2579 1771 illam
2606 1716 3086 1787 pulchritudinem,
3105 1716 3251 1772 illum
3278 1732 3440 1772 orna-

1839 1821 1969 1875 tum,
2000 1810 2221 1879 gloriam
2262 1809 2405 1864 illam
2446 1809 2566 1865 aliis
2606 1824 2865 1866 enarrare
2901 1808 3087 1873 velint,
3140 1824 3236 1879 pro
3280 1807 3443 1864 modo

1837 1919 1935 1958 suo
1963 1904 2276 1975 depingunt,
2313 1918 2564 1975 purpura:
2607 1902 2817 1971 ﬂorem,
2868 1917 3199 1974 gemmarum
3232 1902 3441 1973 magni-

1842 1997 2099 2059 tudinem,
2144 1996 2409 2050 mularum
2452 1996 2727 2063 alboretn,
2775 1995 2963 2065 jugum
3009 2010 3255 2053 aureum,
3290 1993 3447 2048 strati

1841 2087 2103 2156 fulgorem
2140 2098 2360 2159 :postea
2385 2103 2513 2143 vero
2542 2087 2625 2142 bis
2654 2087 2880 2157 aliisque
2923 2086 3107 2141 multis
3144 2086 3443 2151 recensitis,

1841 2196 1961 2234 cum
2011 2195 2116 2234 non
2164 2191 2386 2250 possunt
2424 2188 2593 2235 totum
2642 2179 2983 2250 splendorem
3030 2178 3209 2234 verbis
3248 2194 3448 2247 reprae-

1843 2281 2075 2338 sentare,
2095 2272 2349 2328 continuo
2378 2272 2581 2327 addunt
2616 2289 2629 2326 :
2662 2272 2797 2339 Quid
2829 2271 3013 2325 nmltis
3040 2286 3176 2341 opus
3201 2272 3318 2325 est?
3341 2284 3450 2324 uno

1851 2362 2011 2415 verbo
2047 2362 2245 2427 dicam,
2283 2363 2434 2432 quasi
2482 2378 2576 2418 rex
2614 2381 2626 2415 :
2667 2378 2867 2433 perque
2919 2362 3072 2428 illud,
3115 2362 3291 2432 quasi,
3339 2377 3449 2417 non

1845 2452 1957 2524 rogi
2001 2456 2231 2510 similem
2272 2456 2580 2511 describere
2608 2454 2813 2517 volunt.
2860 2455 2955 2511 sed
2999 2455 3171 2526 ipsum
3206 2471 3332 2511 vere
3359 2470 3450 2510 re-

1846 2564 1993 2619 gem.
2022 2548 2113 2604 Sic
2139 2549 2297 2619 igitur
2322 2549 2649 2621 evangelista
2682 2548 2832 2614 illud,
2869 2549 3047 2615 Quasi,
3072 2549 3249 2619 posuit
3278 2558 3333 2601 ιιι
3364 2547 3450 2603 in-

1847 2644 2261 2713 comparabilem
2296 2642 2441 2698 illam
2470 2652 2520 2698 et
2555 2643 2948 2713 praecellentem
2980 2642 3205 2713 gloriam
3227 2641 3451 2697 exhibe-

1850 2746 1950 2794 ret.
1980 2737 2080 2790 Alii
2116 2737 2314 2806 quippe
2338 2750 2544 2799 omnes,
2576 2735 2772 2805 angeli,
2795 2734 3122 2805 archangeli,
3157 2732 3451 2804 prephetm.

1846 2830 1981 2899 jussi
2010 2830 2186 2883 omnia
2215 2827 2521 2883 faciebant:
2557 2828 2670 2896 ipse
2706 2843 2834 2883 vero
2875 2842 2997 2881 cum
3033 2836 3295 2896 potestate
3333 2842 3455 2895 qum

1852 2938 2030 2994 regem
2058 2932 2111 2978 et
2141 2922 2416 2978 dominum
2444 2922 2661 2977 deceret
2689 2939 2702 2976 :
2729 2921 2779 2977 id
2806 2920 2949 2991 quod
2980 2921 3141 2976 etiam
3172 2920 3341 2975 turba:
3362 2921 3455 2974 mi-

1855 3017 2129 3081 rabantur,
2163 3014 2304 3087 quod
2334 3015 2550 3070 doceret
2576 3022 2855 3085 tamquam
2876 3021 3195 3082 potestatem
3232 3011 3456 3067 habens.

1925 3108 1980 3162 2.
2004 3108 2285 3163 Discrimen
2302 3108 2432 3162 inter
2451 3105 2707 3163 Christum
2721 3113 2765 3161 et
2785 3106 2993 3174 angelos
3010 3105 3061 3158 in
3081 3115 3213 3159 terra
3231 3105 3458 3171 aliquau-

1858 3203 1923 3255 tlo
1936 3210 2274 3256 conuersatus.
2292 3199 2696 3254 Circumstantiw
2706 3198 2951 3253 adventus
2962 3200 3091 3269 ejus.
3109 3197 3275 3268 Ipsius
3293 3207 3463 3265 potem

1860 3296 1949 3359 tia,
1980 3295 2033 3348 in
2063 3294 2241 3348 ordine
2268 3293 2500 3365 physico,
2530 3294 2732 3377 morali,
2761 3292 3161 3360 suprrnaturali.
3185 3320 3258 3331 -—-
3278 3292 3459 3360 Appa-

1860 3398 2084 3446 ruerunt
2131 3389 2332 3459 itaque,
2376 3400 2427 3442 ut
2479 3387 2609 3451 dixi,
2644 3387 2818 3456 angeli
2860 3387 2909 3439 in
2962 3397 3100 3440 terra
3139 3402 3261 3439 etnn
3292 3385 3341 3455 gl
3369 3383 3462 3439 ria

1861 3482 2051 3547 multa,
2109 3480 2169 3534 ut
2227 3478 2457 3543 Danieli,
2509 3476 2716 3539 Davidi,
2753 3476 2953 3548 Moysi;
3007 3476 3101 3531 sed
3157 3485 3213 3529 ut
3240 3476 3381 3530 servi
3410 3486 3467 3528 et

1862 3570 2083 3627 domino
2120 3569 2478 3640 obsequentes
2518 3568 2700 3623 omnia
2749 3568 3013 3623 iaciebant
3043 3585 3055 3621 :
3105 3568 3221 3637 ipse
3250 3583 3379 3621 vero
3411 3580 3468 3620 ut

1862 3663 2114 3718 dominus
2136 3671 2191 3719 et
2217 3662 2454 3718 omnimn
2490 3664 2801 3732 imperator,
2844 3660 2945 3716 etsi
2972 3659 3075 3715 sub
3102 3660 3190 3713 vili
3222 3658 3392 3713 fttrltla
3415 3670 3470 3714 et

1868 3760 2051 3814 habitu
2080 3757 2388 3829 apparuerit
2424 3772 2437 3809 :
2466 3767 2702 3811 attamen
2739 3754 2819 3810 sie
2843 3768 3057 3825 quoque
3080 3763 3328 3809 ereatura
3361 3754 3469 3806 Du-

1867 3854 2071 3906 miunm
2088 3865 2243 3905 suum
2261 3849 2495 3919 agnovit.
2520 3848 2836 3915 Quomodo?
2853 3847 3016 3903 Stella
3042 3847 3109 3902 de
3130 3847 3268 3902 CtDlO
3287 3861 3471 3917 magos

1870 3945 2097 4008 vocavit,
2132 3944 2304 4013 ipsum
2333 3942 2687 4009 adoraturos;
2722 3940 3035 4012 angelorum
3058 3950 3229 3995 ca-tus
3250 3950 3473 4009 magnus

1870 4037 2117 4107 undique
2134 4036 2337 4092 ell'usus
2365 4035 2591 4089 Domino
2631 4048 2729 4089 suo
2758 4031 3155 4096 ministrabant,
3191 4032 3474 4101 ipsumque

1873 4129 2086 4200 hymnis
2110 4127 2513 4192 celebrabant’;
2542 4134 2605 4182 et-
2622 4127 2711 4180 alii
2742 4135 2964 4195 repente
2991 4140 3269 4195 praecones
3298 4125 3479 4179 insur-

1873 4220 2086 4291 gebant,
2133 4234 2429 4290 omnesque
2478 4218 2639 4272 simul
2684 4218 2784 4272 sibi
2834 4218 3062 4271 invicem
3107 4227 3477 4283 occurrentes,

1874 4327 2129 4367 arcanum
2163 4311 2265 4365 hoc
2307 4310 2620 4381 mysterium
2663 4309 2997 4373 nuntiabant,
3045 4309 3350 4380 pastoribus
3377 4324 3474 4363 an-

1873 4406 2001 4477 geli,
2030 4404 2237 4461 civibus
2264 4412 2540 4475 pastores;
2569 4403 2785 4459 Gabriel
2815 4404 2994 4457 Maria:
3032 4415 3079 4458 et
3120 4403 3479 4465 Elisabetha~.;

1878 4503 1944 4556 iis
1964 4499 2056 4572 qui
2090 4498 2140 4553 in
2166 4498 2367 4570 templo
2392 4507 2546 4553 erant
2569 4499 2717 4553 Anna
2749 4508 2802 4551 et
2829 4496 3069 4554 Simeon.
3104 4497 3210 4552 Nec
3237 4497 3333 4552 viri
3365 4512 3482 4551 tnu-

1880 4593 2145 4661 lieresque
2171 4590 2343 4645 solum
2375 4589 2555 4645 laetitia
2582 4604 2775 4659 magna
2791 4600 2925 4644 sunt
2952 4588 3152 4655 allecti,
3192 4588 3287 4644 sed
3319 4588 3483 4645 etiam

1883 4684 2138 4753 puerulus
2171 4683 2413 4739 nondum
2468 4698 2533 4739 ex
2580 4682 2735 4737 vulva
2762 4696 3034 4753 egressus,
3086 4682 3197 4748 ille,
3243 4683 3484 4753 inquam,

1881 4777 2078 4834 (l'cscrti
2110 4777 2303 4842 cultor,
2332 4776 2677 4847 evangelistae
2719 4775 3079 4846 cognominis,
3120 4774 3410 4831 exsultavit
3437 4775 3489 4830 in

1884 4880 2037 4925 utero
2062 4869 2249 4925 matris
2278 4888 2291 4924 :
2325 4884 2621 4939 onmesque
2660 4883 2756 4939 spe
2781 4868 2847 4922 ad
2894 4868 3126 4922 laturum
3161 4879 3375 4939 partum
3411 4870 3489 4923 iu-

1886 4960 2124 5015 hiabant.
2158 4960 2225 5014 Et
2250 4961 2365 5015 hmc
2387 4961 2602 5031 quidem
2630 4959 2779 5015 circa
2804 4970 2996 5030 partus
3019 4967 3253 5030 tempus;
3278 4962 3494 5031 quando

1885 5062 2063 5109 autem
2115 5053 2351 5124 seipsum
2384 5054 2553 5123 magis
2568 5052 2840 5117 exhibuit,
2873 5069 3061 5109 rursus
3086 5054 3189 5110 alia
3235 5055 3492 5111 miracula

1890 5144 2159 5215 prioribus
2179 5146 2383 5216 majora
2410 5146 2818 5217 Splenducrunt.
2856 5146 2971 5202 Non
3002 5147 3137 5201 ultra
3162 5148 3305 5203 enim
3339 5151 3492 5205 stella

1890 5248 1945 5293 et
1970 5237 2183 5301 caelum,
2227 5252 2332 5293 non
2378 5239 2556 5308 angeli
2589 5249 2643 5293 et
2682 5238 3017 5309 archangeli,
3058 5255 3163 5293 non
3196 5238 3413 5296 Gabriel
3444 5250 3494 5297 et

1892 5330 2151 5395 Michael;
2184 5329 2276 5385 sed
2308 5331 2422 5399 ipse
2454 5332 2611 5385 Pater
2642 5347 2874 5400 superne
2902 5342 2955 5386 et
2980 5348 3043 5387 ex
3075 5333 3208 5387 czrlo
3237 5334 3492 5403 praediui-

1894 5420 1980 5476 bat
2014 5422 2182 5488 illum,
2218 5430 2271 5477 et
2299 5438 2419 5477 cum
2457 5424 2612 5477 l'atrc
2640 5424 2948 5478 Pamelctus
2976 5424 3234 5480 advolans
3261 5426 3325 5480 ad
3354 5426 3500 5482 illutn

1895 5526 2016 5568 eum
2045 5528 2196 5579 voce,
2230 5530 2559 5584 monensque
2588 5531 2748 5584 supra
2780 5516 2973 5585 ipsum.
3032 5518 3166 5573 Vere
3217 5529 3501 5589 propterea

1896 5604 2030 5660 dixit
2057 5622 2071 5658 :
2118 5604 2343 5659 Vidimus
2368 5606 2585 5677 gloriam
2610 5608 2741 5673 eius,
2770 5609 2987 5679 gloriam
3012 5610 3157 5679 quasi
3189 5610 3447 5677 Unigettili
3474 5630 3505 5665 α

1934 5746 1989 5813 ,ν
2016 5742 2070 5792 in
2107 5742 2268 5813 Morel.
2316 5741 2699 5813 legitur,_turbag
2746 5748 2957 5813 ca'lcsles
2998 5744 3277 5807 angelorum
3298 5746 3343 5813 in
3364 5751 3509 5799 terra

1900 5806 2157 5858 viset-sunt
2187 5805 2387 5855 Domino
2406 5805 2801 5867 ministrantium,
2830 5805 3125 5869 hymnosque
3149 5808 3447 5861 clatcntitmt.
