4164 6320
707 341 777 396 93
1405 335 1460 393 S.
1499 334 1778 391 lOANNIS
1811 328 2280 389 CllllYSOSTOlll
2321 327 2637 382 AliCllllﬁl’.
2679 325 3214 381 CONSTANl'lNUP.
3914 327 3978 379 Μ

714 459 888 516 Patre.
914 459 1091 528 Neque
1115 464 1328 528 propter
1359 454 1449 508 illa
1472 453 1663 510 solum,
1688 450 1779 505 sed
1806 460 2018 519 propter
2039 462 2097 501 ca
2125 445 2282 499 etiam

711 567 827 619 qua:
873 559 1095 619 sequuta
1139 557 1282 602 sunt.
1311 543 1430 600 Νοιι
1455 545 1589 598 ultra
1621 551 1762 598 enim
1797 551 2036 611 pastores
2063 545 2286 598 tmitum,

714 643 791 694 vel
843 639 1035 703 viduae,
1091 637 1176 692 vel
1224 651 1381 692 senes
1430 633 1583 690 nobis
1631 634 1776 686 illum
1820 625 2284 690 annuntiaut;scd

708 735 868 786 etiam
917 733 1028 800 ipsa
1076 745 1252 783 rerum
1300 725 1662 782 uatura‘tnba
1709 725 1904 778 clarius
1949 723 2202 777 clamans.
2236 729 2289 773 et

714 836 818 876 tam
851 821 954 877 alta
984 836 1135 885 voce,
1169 831 1223 874 ut
1250 819 1364 888 ejus
1390 833 1554 872 sonus
1582 816 1760 871 statim
1806 814 2074 881 hucusque
2105 826 2291 880 pervr-

711 917 872 970 nerit.
905 913 1152 969 Pervenit
1186 911 1348 974 enim,
1386 909 1578 978 inquit,
1607 921 1772 976 usque
1819 907 1871 959 in
1915 903 2122 974 Syriam
2152 904 2286 955 fama

708 1008 827 1075 ejus
854 1005 1063 1078 (Matth.
1096 1004 1149 1058 4.
1178 1001 1294 1072 24),
1326 1017 1442 1070 qua:
1488 1001 1660 1069 ipsum
1689 997 1940 1051 omnibus
1985 994 2240 1050 rcvt-lavit
2273 1011 2285 1046 :

708 1097 882 1149 omnia
900 1094 1132 1162 undique
1147 1091 1464 1155 clamabant,
1492 1105 1670 1158 regem
1686 1088 1933 1143 caelorum
1951 1085 2016 1139 ad
2035 1093 2286 1139 .cntasse.

710 1187 839 1241 Nam
869 1187 1144 1241 dtemoucs
1167 1183 1398 1254 undique
1426 1181 1695 1252 fugiebant
1735 1190 1786 1234 ct
1811 1177 2135 1239 resiliebant,
2171 1177 2288 1230 dia-

709 1280 863 1334 bolns
890 1278 1175 1332 obvolutus
1192 1275 1491 1338 recedebat,
1522 1273 1634 1341 ipsa
1654 1287 1799 1327 mors
1819 1269 2028 1341 repulsa
2055 1268 2287 1333 interim,

708 1385 890 1432 nostea
939 1373 1154 1441 penitus
1187 1370 1382 1424 abolita
1414 1380 1534 1424 cst:
1567 1380 1736 1441 omne
1771 1362 2091 1418 infirmitatis
2120 1376 2291 1432 genus

708 1467 947 1520 solutum.
966 1472 1068 1527 est;
1095 1469 1435 1518 monumenta
1455 1468 1697 1513 mortuos
1716 1456 2048 1517 emittebant,
2073 1453 2289 1506 insanos

707 1558 970 1611 dzeinonia
1015 1554 1402 1625 relinquebant,
1453 1550 1624 1606 morbi
1666 1549 1907 1602 infirmos
1935 1545 2286 1608 desert-bant;

711 1650 996 1720 Videreque
1025 1657 1138 1704 erat
1165 1663 1250 1702 res
1293 1644 1580 1715 stnpendas
1619 1652 1670 1698 et
1702 1641 1996 1702 mirabiles,
2027 1656 2144 1710 quae
2166 1642 2288 1709 jure

710 1741 984 1811 propheta:
1029 1734 1402 1794 desiderabant
1429 1736 1630 1803 videre,
1675 1746 1861 1790 etnon
1891 1733 2157 1788 viderunt.
2195 1730 2286 1783 Vi-

707 1833 836 1889 dere
887 1841 1002 1887 erat
1059 1830 1313 1886 formatos
1364 1831 1568 1894 oculos,
1619 1837 1673 1883 et
1726 1828 1855 1882 illud
1898 1834 2003 1879 tam
2032 1824 2286 1895 optabile,

707 1923 862 1992 cujus
907 1936 1099 1976 omnes
1147 1929 1473 1991 spectatores
1518 1935 1638 1973 esse
1683 1917 1988 1988 cupiebant,
2019 1913 2288 1984 quomodo

705 2011 968 2069 Adamum
999 2013 1064 2069 de
1088 2022 1224 2068 term
1253 2013 1528 2067 formasset
1559 2012 1715 2073 Deus,
1747 2011 1796 2064 id
1825 2009 1969 2065 brevi
2001 2017 2052 2061 et
2075 2007 2124 2060 in
2154 2022 2290 2075 prte-

705 2106 964 2159 stantiore
1024 2104 1263 2174 corporis
1331 2111 1480 2171 parte
1544 2101 1912 2155 ostendentcm
1973 2097 2283 2160 Christum;

707 2197 942 2253 membra
972 2197 1185 2264 insuper
1213 2195 1438 2264 paralysi
1470 2194 1640 2248 soluta
1669 2201 1723 2246 et
1751 2191 2027 2252 dissoluta,
2056 2189 2164 2258 jam
2198 2204 2284 2241 re—

704 2291 886 2343 stituta
943 2301 996 2342 et
1048 2287 1255 2342 caneris
1301 2288 1568 2356 Copttlula,
1599 2301 1786 2339 manus
1830 2293 2100 2338 cmortuas
2139 2290 2284 2336 motu

701 2380 1016 2449 gaudentes,
1067 2377 1228 2447 pedes
1276 2377 1482 2431 solutos
1526 2386 1743 2444 repente
1769 2374 2098 2440 cxsilientcs,
2127 2387 2286 2426 aures

702 2472 1000 2524 obstructas
1026 2470 1134 2538 jam
1161 2478 1391 2537 apertas,
1423 2477 1479 2522 et
1506 2467 1734 2536 linguam
1777 2480 1969 2534 magno
1995 2465 2171 2518 sonitu
2201 2464 2284 2518 lo-

701 2570 976 2634 quentem,
1007 2577 1125 2631 quae
1157 2562 1303 2630 prius
1328 2570 1474 2614 muta—
1491 2569 1622 2613 erat.
1648 2555 2109 2625 Quemadmodum
2140 2555 2280 2609 enim

700 2656 932 2723 optimus
957 2652 1299 2715 architectus,
1329 2651 1545 2706 domum
1574 2660 1834 2705 vetustate
1861 2649 2127 2704 labantem
2159 2667 2172 2702 :
2205 2647 2282 2702 sic

701 2747 789 2800 ille
820 2745 1106 2798 humanam
1151 2754 1391 2798 inituram
1439 2744 1688 2806 restituit,
1737 2753 1913 2810 partes
1955 2742 2148 2818 fractas
2190 2756 2277 2795 re-

699 2837 876 2902 Sursil,
934 2835 1228 2906 disiunctas
1278 2846 1332 2891 et
1383 2835 1670 2890 dissolutas
1722 2833 2012 2903 copulavit,
2067 2832 2281 2902 penitus

699 2930 874 2996 lapsas
899 2929 1086 2982 erexit.
1115 2926 1252 2994 Quid
1274 2926 1563 2982 dixerimus
1583 2926 1653 2981 de
1672 2928 1863 2981 anima:
1882 2925 2278 2988 reformatione,

699 3021 972 3089 corporeis
1023 3019 1385 3073 curationibus
1436 3017 1592 3087 longe
1649 3018 2053 3089 praestantiore?
2093 3016 2277 3084 Magna

699 3126 784 3164 res
837 3121 983 3166 certe
1033 3120 1115 3165 est
1166 3111 1406 3179 corporis
1457 3110 1718 3174 valetudo,
1773 3110 1866 3164 sed
1917 3109 2084 3163 multo
2111 3109 2281 3177 major

697 3201 922 3267 animte;
978 3211 1236 3271 tantoque
1272 3202 1463 3269 major,
1495 3210 1695 3270 quanto
1735 3201 1908 3253 anima
1944 3198 2278 3268 prmstantior

696 3304 776 3350 est
806 3310 1070 3365 corpore:
1105 3312 1275 3364 neque
1331 3295 1430 3350 hac
1479 3303 1678 3348 tantum
1735 3293 1961 3359 ratione,
2015 3292 2112 3348 scd
2155 3292 2277 3362 quia

695 3401 978 3456 corporum
1034 3397 1254 3452 natura,
1303 3401 1637 3458 quocumque
1680 3385 1822 3440 illam
1877 3385 2006 3440 velit
2057 3384 2279 3440 Creator

697 3494 876 3547 agere,
924 3479 1180 3548 sequitur,
1233 3495 1332 3534 nec
1373 3479 1609 3543 resistit;
1652 3479 1827 3532 anima
1879 3492 2010 3532 vero
2049 3494 2165 3548 quze
2196 3480 2278 3533 sui

697 3570 898 3624 arbitrii
944 3581 1046 3636 est,
1091 3579 1146 3624 et
1189 3572 1238 3624 iu
1279 3572 1483 3626 actibus
1535 3573 1830 3628 libertatem
1864 3572 2043 3638 habet,
2087 3573 2276 3626 nonin

697 3663 945 3718 oninibus
968 3664 1299 3733 obtemperat
1327 3666 1453 3728 Deo,
1486 3666 1528 3718 si
1556 3665 1767 3734 quidem
1799 3667 1946 3719 nolit.
1970 3665 2115 3720 Illam
2137 3666 2277 3720 enim

699 3754 919 3807 invitam.
944 3770 1048 3807 non
1080 3755 1192 3808 vult
1222 3755 1486 3826 Deus.,pcr
1521 3757 1622 3811 vim
1655 3766 1708 3810 ct
1738 3757 2127 3816 necessitatem.
2162 3760 2277 3827 pul-

697 3847 882 3898 claram
911 3855 965 3900 et
996 3846 1186 3901 virtute
1232 3847 1503 3914 praeditam
1556 3849 1782 3905 reddere
1812 3870 1824 3905 :
1853 3851 2276 3922 quandoquidem

700 3939 828 3991 illud
854 3939 1024 3995 virtus
1055 3953 1157 3993 non
1185 3949 1327 3993 esset
1357 3954 1370 3996 :
1400 3940 1492 3994 sed
1525 3941 1596 3995 illi
1623 3941 1818 3996 volenti
1841 3953 1892 3996 et
1921 3942 2120 3997 lubenti
2151 3958 2276 3997 sua-

697 4031 948 4093 dendum,
982 4040 1037 4084 nt
1068 4031 1188 4084 talis
1213 4032 1473 4087 efficiatur
1501 4051 1513 4086 :
1550 4033 1599 4086 id
1640 4033 1781 4102 quod
1814 4035 1968 4104 longe
2008 4035 2278 4091 difficilius

696 4136 772 4177 est
806 4138 963 4193 quam
998 4125 1085 4176 illa
1112 4124 1212 4176 alia
1240 4127 1462 4177 curatio.
1501 4125 1553 4178 ld
1601 4136 1775 4178 tamen
1807 4125 1932 4180 fecit
1960 4128 2068 4192 ille,
2121 4143 2279 4198 atque

702 4215 950 4284 nequitia:
976 4230 1142 4284 genus
1173 4230 1331 4268 omne
1358 4214 1633 4284 depulsum
1662 4227 1762 4270 est.
1788 4219 1863 4271 Ac
1890 4219 2025 4273 sicut
2054 4233 2277 4287 c0rpora

699 4309 841 4362 bene
885 4317 1066 4361 curata
1109 4323 1211 4361 non
1257 4307 1323 4360 ad
1356 4307 1713 4362 valetudinem
1760 4313 1939 4376 modo,
1973 4311 2068 4366 sed
2096 4312 2161 4366 ad
2191 4328 2280 4367 su-

699 4415 941 4468 premunt
969 4399 1208 4454 sanitatis
1226 4410 1417 4454 statum
1446 4400 1654 4455 reduxit
1687 4418 1700 4454 :
1730 4401 1806 4456 sic
1826 4413 1880 4457 ct
1908 4405 2134 4470 animas,
2170 4420 2273 4458 non

699 4496 858 4548 modo
883 4494 948 4547 ab
977 4504 1212 4548 extrema
1245 4494 1479 4561 nequitia
1507 4494 1720 4562 eripuit,
1753 4495 1845 4549 sed
1874 4499 1937 4549 ad
1972 4497 2140 4567 ipsum
2175 4499 2278 4552 vir-

697 4587 823 4639 tutis
853 4585 1068 4639 culmen
1117 4585 1303 4638 erexit.
1359 4584 1679 4638 Publicanns
1735 4587 1900 4640 factus
1942 4597 2025 4641 e-t
2063 4601 2279 4658 aposto-

700 4685 814 4743 lus;
847 4687 1218 4746 persequatur,
1249 4676 1591 4744 bIaSphemus
1611 4686 1663 4729 et
1692 4680 2278 4742 continiiciiosns,orbis

701 4769 1016 4838 pra-dicatur
1063 4766 1199 4819 fuit:
1248 4767 1404 4835 magi,
1457 4766 1763 4822 ,ιιιιιητυιηιιιι
1810 4769 2090 4833 doctores;
2121 4772 2273 4834 latro,

699 4860 923 4929 i-aradisi
955 4861 1119 4924 civis;
1154 4861 1423 4920 meretrix.
1459 4860 1558 4915 fide
1590 4876 1776 4930 magna
1805 4864 2039 4928 refulsit;
2073 4866 2281 4917 Gitana-

698 4970 806 5006 mea
835 4963 888 5007 et
910 4954 1241 5007 Samaritana
1267 4953 1533 5016 mulieres,
1566 4971 1786 5023 quarum
1813 4968 2076 5023 postrema
2109 4975 2279 5012 tuere-

701 5049 795 5101 trix
825 5057 966 5111 erat;
997 5063 1062 5101 ex
1091 5046 1195 5111 his,
1219 5047 1454 5116 inquam,
1490 5049 1795 5103 mulieribus
1825 5050 1990 5103 altera
2024 5054 2279 5120 pr;edica-

702 5142 894 5191 tionem
947 5138 1085 5206 apud
1134 5136 1462 5192 contribules
1516 5152 1641 5190 suos
1692 5141 1945 5209 suscepit,
2005 5150 2278 5212 totamque

701 5231 968 5282 rivitatcni
1002 5228 1148 5295 quasi
1178 5244 1368 5298 sagena
1400 5241 1606 5298 captam
1639 5231 1703 5283 ad
1731 5230 2004 5286 Christum
2031 5235 2273 5300 adduxit;

700 5321 862 5374 ubera
893 5329 1069 5372 autem
1099 5317 1201 5371 ﬁde
1226 5328 1280 5372 ct
1303 5319 1608 5374 assiduitate
1641 5320 1690 5374 id
1718 5321 1912 5387 effecit,
1959 5333 2017 5377 ut
2067 5324 2274 5379 ila-mon

697 5411 957 5480 malignus
983 5425 1046 5463 ex
1077 5410 1194 5462 lilia:
1221 5424 1329 5463 sua:
1356 5410 1526 5464 anima
1567 5412 1873 5480 pelleretur.
1919 5416 2022 5470 Alii
2067 5435 2278 5487 quoque

696 5503 850 5570 longe
874 5501 956 5555 lllS
987 5501 1196 5571 pejores
1248 5502 1297 5554 in
1346 5501 1725 5573 discipulorum
1775 5522 2056 5561 munermn
2097 5513 2273 5565 statim

695 5594 1129 5649 admittebantur.
1157 5593 1345 5648 Omnia
1371 5594 1528 5648 simul
1553 5601 2062 5666 traasmutabantur,
2089 5618 2275 5673 corpo-

769 5769 782 5800 ¹
829 5775 969 5827 savii.
1003 5778 1143 5843 tegit,
1169 5775 1274 5842 ipsa
1301 5789 1466 5829 rerum
1488 5790 1592 5829 vox.

2397 458 2512 496 rom
2542 441 2901 510 argi-ititdiucs,
2927 441 3096 496 morbi
3128 442 3446 505 animarum,
3473 458 3591 510 ιιιιίῐξ
3613 442 3675 495 :nl
3696 446 3978 496 sanitatea

2397 534 2790 603 perfectamque
2812 532 3057 587 virtutem
3087 532 3498 587 reducebantur.
3523 533 3628 588 Nec
3644 535 3749 589 duo
3777 545 3980 588 Iautma

2397 631 2660 693 homines,
2702 641 2791 685 ant
2838 641 2965 698 tres,
3015 644 3107 687 ant
3136 637 3394 705 quinque,
3443 639 3522 689 vel
3553 635 3760 698 decem,
3795 633 3878 686 vel
3913 632 3982 683 vi-

2394 721 2549 790 ginti,
2586 723 2663 775 vel
2692 724 3287 791 centumsolummodo,
3340 727 3433 780 sed
3476 727 3694 795 integra:
3739 727 3981 781 civitates

2396 823 2446 866 et
2474 825 2659 881 gentes
2707 812 2959 870 facillime
2990 819 3498 871 transnmtabantur.
3526 818 3656 884 Quis
3685 833 3810 871 vero
3841 832 3982 886 pras-

2395 915 2669 970 ceptorum
2716 904 3053 970 sapientiam,
3113 908 3407 962 czclestium
3458 908 3633 978 legum
3687 908 3982 966 virtutem.

2394 997 2647 1064 angelica:
2716 998 2838 1051 vitae
2906 1000 3147 1053 ordinem
3198 1000 3358 1070 digne
3418 1000 3802 1071 descripserit?
3855 1001 3985 1054 Tale

2396 1086 2589 1156 quippe
2618 1087 2825 1141 induxit
2854 1089 2974 1142 vita:
2999 1105 3188 1159 genus,
3236 1093 3366 1146 tales
3410 1093 3561 1145 nobis
3602 1093 3876 1148 constituit
3913 1094 3985 1146 le-

2393 1192 2507 1246 ges,
2543 1178 2703 1230 talem
2732 1194 2942 1232 morum
2974 1179 3222 1241 formam,
3255 1192 3308 1236 ut
3334 1183 3420 1251 qui
3447 1183 3512 1237 iis
3539 1193 3776 1248 utuntur,
3807 1184 3982 1252 angi-li

2394 1268 2571 1320 statim
2626 1268 2946 1335 efficiantur,
3000 1280 3053 1324 et
3102 1282 3359 1341 quantum
3422 1273 3624 1327 homini
3677 1275 3818 1340 licet,
3879 1275 3986 1328 lico

2394 1360 2595 1414 similes
2621 1403 2635 1423 ,
2677 1363 2775 1416 etsi
2818 1365 3056 1417 onmimn
3102 1366 3373 1418 hominum
3416 1366 3726 1434 nequissimi
3763 1365 3983 1421 fuerint.

2467 1453 2517 1506 5.
2545 1451 2568 1504 1
2578 1471 2607 1505 ιι
2628 1455 2804 1516 quibus
2828 1456 2934 1508 visa
2960 1459 3022 1508 sit
3039 1457 3202 1524 gloria
3228 1457 3413 1513 Christi
3435 1461 3579 1528 quasi
3596 1461 3758 1530 gloria
3790 1459 3984 1530 linige-

2396 1544 2488 1594 niti
2515 1560 2546 1594 a
2575 1542 2747 1597 Patre.
2787 1544 3116 1600 Dit'iuitatcm
3138 1547 3326 1602 Christi
3345 1560 3566 1616 potestas
3587 1552 3696 1619 ejus
3718 1553 3984 1618 prtulicut.

2396 1633 2570 1688 Gloria
2609 1635 2799 1690 Christi
2837 1639 2886 1690 in
2933 1640 3070 1691 cazlis
3112 1651 3305 1710 quanta
3329 1657 3347 1699 ς
3375 1641 3442 1693 ad
3468 1641 3558 1693 illa
3599 1643 3870 1709 {ruentium
3903 1661 3990 1696 vo.

2395 1728 2491 1778 cati
2531 1745 2724 1781 sumus.
2765 1758 2831 1768 —
2861 1729 2986 1783 ":L'C
3013 1731 3188 1800 itaque
3220 1733 3396 1786 oumia
3431 1735 3682 1787 miracula
3723 1737 3989 1805 colligens

2395 1819 2740 1888 evangelista,
2775 1837 2893 1891 qum
2922 1821 2973 1874 in
3015 1825 3351 1892 corporibus,
3380 1841 3498 1894 qum
3531 1826 3580 1879 in
3613 1828 3824 1889 animis,
3866 1847 3989 1896 qua:

2393 1911 2444 1965 iu
2495 1912 2810 1977 clementis;
2870 1929 3076 1968 necnon
3134 1928 3422 1985 prarccpta,
3481 1918 3618 1970 dona
3656 1919 3739 1971 illa
3787 1936 3987 1973 arcana

2393 2004 2522 2072 ipsis
2549 2004 2694 2059 cadis
2726 2005 3060 2068 sublimiora,
3096 2008 3261 2076 leges,
3298 2010 3418 2063 vita:
3467 2010 3790 2075 institutmn,
3820 2014 3985 2066 obse-

2391 2098 2683 2163 queutiam,
2719 2097 3016 2153 futurorum
3050 2102 3456 2169 promissiones,
3510 2104 3732 2173 ejusque
3776 2109 3988 2160 crueia-

2393 2197 2490 2247 tus,
2549 2188 2684 2241 hanc
2743 2191 3038 2245 mirabilem
3093 2203 3146 2246 et
3204 2193 3419 2247 sublimi
3475 2196 3717 2251 doctrina
3769 2201 3985 2266 plenam

2390 2280 2568 2333 emisit
2597 2296 2824 2336 vocem:
2868 2282 3094 2337 Vidimus
3143 2286 3359 2354 gloriam
3414 2287 3542 2352 eius,
3593 2289 3808 2356 gloriam
3836 2294 3987 2355 quasi

2395 2370 2654 2441 finiqeuiti
2700 2390 2731 2425 a
2782 2373 2956 2437 Patre,
3013 2378 3214 2441 plenum
3267 2379 3446 2446 gratim
3493 2390 3538 2431 ct
3592 2381 3829 2436 veritatis.
3867 2382 3984 2435 Non

2389 2463 2529 2516 enim
2575 2474 2792 2533 propter
2839 2466 3092 2519 miracula
3143 2477 3343 2522 tantum
3377 2468 3546 2537 ipsmn
3578 2471 3853 2535 miramur,
3888 2476 3985 2527 sed

2386 2555 2544 2608 etiam
2593 2566 2808 2626 propter
2836 2559 3141 2624 cruciatus;
3191 2568 3247 2612 ut
3287 2576 3408 2614 cum
3456 2561 3649 2615 affixus
3689 2563 3782 2616 fuit
3809 2569 3984 2631 cruci,

2387 2646 2698 2715 flagellatns,
2734 2648 2903 2717 alapis
2930 2664 3122 2714 caesus,
3152 2661 3463 2719 conspntus,
3496 2663 3691 2706 etcum
3721 2655 3769 2707 in
3791 2658 3986 2710 maxil-

2386 2740 2450 2794 iis
2480 2742 2659 2812 plagas
2685 2744 2890 2814 accepit
2933 2744 3001 2798 ab
3047 2745 3110 2797 iis
3137 2759 3273 2814 quos
3300 2745 3572 2800 beneficiis
3600 2747 3869 2802 affecerat.
3917 2753 3987 2804 At

2384 2835 2525 2884 enim
2555 2832 2604 2883 iu
2639 2831 2721 2885 bis
2747 2849 2958 2903 quoque
2987 2850 3105 2902 qua:
3136 2835 3487 2904 ignominiosa
3531 2838 3796 2901 videntur,
3832 2841 3980 2895 idem

2387 2923 2557 2991 ipsqu
2587 2924 2787 2980 dictum
2829 2927 3074 2996 apposite
3106 2927 3429 2996 proferatur,
3461 2931 3894 3000 quandoquidem
3929 2945 3987 2990 et

2387 3014 2499 3082 ipse
2530 3030 2640 3069 rem
2668 3016 2833 3083 illam,
2862 3018 3086 3087 gloriam
3117 3021 3428 3088 appellavit.
3473 3021 3587 3076 Non
3619 3024 3762 3079 enim
3795 3031 3984 3094 provi-

2383 3105 2577 3159 dentia:
2611 3115 2811 3161 tantum
2841 3117 2894 3162 et
2921 3109 3162 3163 caritatis
3191 3111 3276 3164 illa
3331 3122 3503 3176 erant,
3535 3116 3628 3168 sed
3659 3118 3819 3171 etiam
3878 3121 3990 3173 im-

2384 3210 2582 3249 mensa:
2631 3198 2931 3266 potestatis.
2963 3198 3114 3255 Tunc
3144 3202 3285 3256 enim
3319 3186 3372 3256 ct
3403 3219 3548 3259 mors
3579 3205 3984 3277 destruebatur,

2382 3296 2435 3341 ct
2465 3287 2769 3344 maledictio
2797 3291 3124 3357 solvebatur,
3170 3292 3445 3351 dzemoncs
3489 3299 3984 3369 confumlebantur,

2382 3379 2554 3451 deque
2573 3381 2701 3452 ipsis
2726 3383 3173 3452 trimnphabatur,
3202 3396 3255 3440 et
3280 3387 3694 3459 chirographum
3723 3407 3989 3462 pet-mito-

2385 3487 2499 3524 rum
2528 3472 2668 3526 cruci
2694 3473 3028 3544 afﬁgebatur.
3063 3477 3283 3543 Deinde,
3318 3479 3439 3547 quia
3469 3480 3584 3535 lure
3611 3484 3866 3540 miracula
3902 3489 3991 3543 in-

2384 3562 2663 3616 visibiliter
2706 3565 3052 3633 patrabantur
3085 3609 3098 3632 ,
3147 3569 3390 3638 qumdam
3439 3572 3718 3628 visibiliter
3761 3592 3990 3645 τινι-ηοω

2383 3662 2545 3716 sunt,
2599 3669 2717 3722 qua:
2766 3655 3201 3713 demonstrarent
3255 3661 3426 3729 ipsmu
3473 3678 3593 3719 esse
3645 3666 3986 3737 unigenitum

2385 3749 2574 3802 Filium
2615 3751 2740 3815 Dei,
2777 3752 3042 3821 totiusque
3084 3764 3286 3808 natura:
3332 3754 3634 3812 Dentiuum.
3677 3759 3808 3814 Nam
3849 3779 3984 3818 cum

2385 3841 2596 3896 beatum
2628 3857 2821 3911 corpus
2863 3844 3038 3900 adhuc
3074 3847 3125 3900 in
3158 3862 3318 3903 cruce
3351 3851 3642 3918 penderet,
3674 3855 3752 3907 sol
3796 3858 3992 3911 radios

2383 3935 2593 3996 avertit,
2622 3945 2761 3989 terra
2791 3938 3007 3990 tremuit
3029 3947 3081 3992 et
3109 3941 3342 3995 tenebris
3367 3943 3576 4012 oppleta
3603 3955 3704 4010 est,
3729 3948 3989 4016 sepulcra

2383 4039 2565 4096 aperta
2593 4072 2607 4096 ,
2641 4040 2795 4085 teme
2827 4033 2997 4085 solum
3027 4049 3344 4088 concussum
3372 4047 3450 4090 est
3477 4078 3489 4098 ,
3524 4050 3854 4093 mortuorum
3897 4043 3991 4096 in-

2388 4137 2604 4174 numera
2647 4123 2929 4176 multitudo
2973 4124 3203 4190 exsiliit,
3236 4137 3288 4179 ct
3328 4127 3377 4180 in
3420 4128 3687 4183 civitatem
3735 4132 3988 4201 ingresSa

2385 4221 2466 4265 est
2497 4230 2508 4264 :
2536 4227 2596 4265 ac
2621 4211 2749 4265 dum
2781 4216 3105 4267 monumenti
3153 4215 3316 4284 ipsius
3358 4217 3560 4287 lapides
3591 4221 3777 4275 loculis
3807 4228 3990 4292 apzati

2387 4313 2680 4369 manerent,
2711 4312 2764 4358 et
2793 4305 3061 4374 signacula
3095 4315 3319 4373 starent,
3353 4311 3584 4364 surrexit
3615 4324 3856 4367 mortuus
3891 4318 3993 4373 ille

2383 4398 2469 4463 qui
2499 4398 2641 4450 cruci
2669 4398 2832 4451 clavis
2859 4398 3047 4452 affixus
3077 4400 3266 4459 fuerat,
3297 4418 3358 4456 ac
3386 4404 3580 4458 virtute
3607 4407 3832 4474 quadam
3865 4428 3994 4465 ιιι.ι-

2382 4506 2479 4557 gna
2524 4489 2753 4556 repletos
2797 4491 3038 4544 undecim
3083 4491 3374 4559 discipulos
3415 4496 3560 4549 misit
3602 4498 3849 4553 omnilms
3887 4519 3997 4572 per

2382 4582 2568 4634 orbem
2599 4581 2935 4648 hominibus,
2968 4599 3281 4640 communes
3313 4595 3516 4640 natm-:e
3549 4590 3706 4644 totius
3738 4595 3995 4650 medii-us

2385 4672 2609 4732 futuros.
2640 4674 2728 4742 qui
2763 4675 2920 4728 vitam
2953 4676 3225 4730 hominum
3255 4681 3622 4746 emendarem,
3653 4685 3994 4742 ειιτιιξςιίιιιιι-

2383 4780 2485 4832 que
2515 4765 2820 4834 dogmatum
2868 4767 3106 4820 notitiam
3160 4769 3352 4839 ubique
3383 4771 3792 4829 disseminarent
3820 4819 3834 4841 ,
3870 4780 3991 4832 tl.t--

2387 4874 2599 4910 mnuum
2642 4859 2974 4927 tyrannidem
3008 4861 3316 4926 solverent,
3361 4881 3656 4934 magnaque
3685 4878 3741 4921 et
3779 4885 3994 4924 art-ana

2386 4948 2518 5000 bona
2547 4948 2788 5003 hOmines
2810 4950 3065 5005 docerent
3092 4956 3315 5006 :auima:
3340 4954 3793 5013 immortalitatem
3821 4965 3998 5017 "Oli-5

2386 5040 2727 5107 prtcdicarct-it
2760 5084 2772 5104 ,
2821 5044 3168 5112 corporisque
3213 5047 3372 5097 vitam
3417 5061 3710 5113 :etcrnam,
3757 5057 3996 5118 praemia

2385 5140 2615 5184 mentem
2667 5135 3036 5202 exsuperantia
3089 5145 3138 5188 ct
3189 5153 3457 5206 nunquam
3501 5141 3657 5193 linem
3707 5141 3994 5202 habitura.

2383 5222 2507 5278 ll.rc
2537 5239 2718 5278 secum
2761 5235 3015 5294 reputans
3047 5228 3231 5282 beatus
3266 5229 3349 5282 ille
3375 5274 3388 5295 ,
3420 5241 3470 5283 ct
3500 5233 3598 5286 alia
3635 5234 3778 5302 plura
3808 5277 3821 5300 ,
3856 5255 3999 5306 qua:

2385 5315 2497 5383 ipse
2541 5317 2755 5378 quidem
2801 5331 3050 5384 noverat,
3083 5321 3175 5374 sed
3217 5321 3450 5376 scribere
3491 5326 3688 5389 noluit,
3722 5331 3860 5395 quod
3925 5351 3997 5387 ea

2384 5409 2610 5461 mundus
2637 5426 2737 5462 non
2757 5425 2969 5478 caperet
2994 5415 3134 5478 (nam
3160 5415 3360 5479 matria,
3393 5415 3579 5485 inquit,
3608 5419 3667 5472 Si
3689 5420 4001 5478 scribantur

2384 5516 2472 5568 per
2500 5501 2719 5568 singula,
2751 5519 2838 5554 nec
2870 5503 3031 5571 ipsum
3063 5506 3280 5558 arbitror
3309 5509 3549 5561 mundum
3577 5526 3754 5580 capere
3782 5531 3865 5566 cos
3897 5524 3998 5586 qui

2382 5593 2628 5645 srribcutli
2655 5607 2766 5646 sunt
2800 5595 2950 5648 libros
2975 5596 3161 5668 Horat.
3193 5598 3250 5652 “ll
3271 5639 3282 5650 .
3313 5599 3380 5654 (Ξῗὶ
3407 5600 3416 5672 ]
3442 5603 3458 5669 )
3487 5621 3497 5654 :
3531 5603 3641 5657 lizrc
3667 5647 3680 5664 ,
3718 5605 3946 5673 inquam
3979 5652 3996 5673 ,

2384 5687 2558 5738 omnia
2608 5688 2845 5755 rogitans
2890 5689 3252 5745 exclamavit:
3296 5692 3520 5745 Vit/iugis
3565 5696 3778 5765 gloriam
3831 5700 3997 5766 ejus,

2383 5782 2597 5848 gloriam
2629 5779 2767 5848 quasi
2804 5778 3058 5852 l'uigriifli
3090 5800 3116 5834 a
3152 5781 3302 5837 Putre
3330 5829 3338 5848 ,
3371 5787 3571 5855 ilraum
3611 5806 3640 5856 g
3672 5790 3787 5842 a'itt'
3820 5805 3866 5844 et
3901 5809 3999 5848 re.
