4164 6320
227 414 285 468 85
1315 414 1377 468 IN
1418 414 1727 469 IU.\i\‘NI‘Z.\l
1771 412 1996 469 IIOllII..
2045 413 2177 469 XIII.
2224 416 2292 469 aI.
2338 414 2452 468 XII.
3457 414 3526 465 St}

222 530 394 582 r.tatis.
425 527 527 595 Qui
563 545 698 599 ergo
728 539 805 585 tut
831 531 1175 602 spectaculis,
1208 528 1506 597 ltujnstwdi
1537 530 1776 584 doctrina
1798 572 1813 594 ,

228 630 365 674 ttnto
393 637 623 676 munere
648 622 851 693 dignati
881 634 1022 690 sunt,
1058 623 1214 676 vitam
1241 621 1577 692 dogmatibus
1602 622 1817 692 dignam

223 711 513 766 exhibeant
534 718 754 781 oportet
775 758 790 780 ,
823 725 876 767 ttt
909 715 1010 768 illis
1041 712 1282 767 fruantur
1310 714 1481 767 benis.
1514 713 1640 769 Ideo
1668 730 1819 768 nam-

227 818 326 870 que
353 802 571 857 advenit
608 805 866 861 Dominus
895 817 1077 861 no~ter
1103 806 1257 860 Jesus
1283 805 1527 861 Christus
1546 848 1560 869 ,
1594 823 1700 861 non
1733 825 1822 860 so-

230 892 338 945 lum
371 904 428 947 ut
459 894 546 950 hic
574 896 692 963 ejus
716 898 961 967 gloriam.
991 896 1084 950 sed
1118 898 1275 951 etiam
1307 906 1361 950 ιιι
1389 896 1615 951 futuram
1647 897 1823 967 videa-

228 997 371 1037 ntus.
421 986 708 1057 Propterea
757 989 931 1041 dixit:
974 987 1095 1043 Volo
1132 998 1184 1042 ut
1222 989 1303 1041 ubi
1338 1006 1448 1042 sum
1481 1006 1570 1059 ego
1595 1032 1607 1053 ,
1642 999 1688 1043 et
1728 989 1827 1058 ipsi

225 1077 361 1140 sint,
390 1088 446 1129 ut
478 1078 673 1131 rideant
697 1080 911 1149 gloriam
943 1096 1102 1133 meam
1131 1078 1305 1150 (Joau.
1339 1081 1427 1135 I7.
1458 1078 1571 1153 24).
1601 1081 1752 1148 Quod
1780 1081 1823 1136 si

229 1166 348 1222 haec
378 1166 547 1235 gloria
591 1180 695 1224 tam
728 1170 1003 1240 splendida
1030 1214 1045 1237 ,
1080 1182 1183 1226 tant
1213 1174 1498 1242 eouspictta
1531 1173 1627 1226 fuit
1653 1215 1667 1238 ,
1701 1172 1824 1241 quid

226 1258 299 1313 de
350 1260 441 1311 illa
488 1258 819 1315 dixerimus?
865 1260 979 1315 Non
1024 1261 1166 1315 enim
1214 1262 1264 1316 iu
1312 1271 1451 1315 terra
1499 1264 1827 1332 eorruptioni

230 1350 465 1404 obnoxia
501 1350 767 1405 videbitur
790 1394 804 1417 ,
838 1369 940 1407 non
984 1354 1138 1409 nobis
1179 1355 1229 1407 in
1276 1352 1415 1409 ﬂuxo
1454 1371 1682 1425 corpore
1713 1372 1827 1409 nta-

230 1440 522 1505 uentibus;
554 1441 647 1496 sed
676 1444 727 1496 in
757 1443 1039 1499 immortali
1079 1451 1135 1497 et
1175 1453 1431 1514 perpetua
1465 1454 1707 1499 creatura
1730 1486 1745 1511 ,
1777 1456 1831 1500 et

229 1546 355 1585 cum
380 1540 534 1587 tanto
559 1534 863 1602 splendore.
894 1543 952 1589 ut
979 1535 1125 1589 nullo
1153 1535 1312 1605 possit
1344 1536 1597 1605 explicari
1626 1552 1831 1592 sermo-

230 1640 322 1678 ne.
356 1622 404 1679 Ο
435 1624 574 1679 beati
602 1668 615 1689 ,
652 1637 731 1681 ter
758 1627 895 1681 beati
924 1669 938 1692 ,
971 1628 1273 1695 smpiusqtte
1312 1627 1451 1681 beati
1479 1670 1493 1692 ,
1526 1628 1615 1697 qtti
1647 1629 1830 1698 glorize

232 1715 378 1769 illius
411 1726 741 1784 spectatores
770 1732 889 1773 esse
917 1718 1307 1789 dignabnnlnr!
1341 1719 1413 1774 De
1440 1719 1540 1775 hac
1573 1721 1828 1789 propheta

228 1808 407 1862 dicit:
440 1808 683 1866 Tollatur
726 1812 958 1881 impius,
1001 1828 1069 1867 ne
1121 1814 1299 1868 videat
1344 1814 1568 1883 gloriam
1622 1815 1831 1870 IIotnitti

236 1898 389 1965 (lsai.
414 1901 508 1957 26.
538 1903 622 1957 I0.
648 1906 699 1956 in
726 1902 946 1975 (intra).
974 1904 1078 1960 Sed
1104 1905 1265 1969 absit,
1292 1916 1345 1960 ut
1367 1906 1560 1975 aliquis
1589 1916 1828 1960 nostrum

235 1992 496 2060 tollatur,
531 2011 597 2049 ne
639 1996 780 2053 illam
828 2012 1077 2067 umquam
1124 1996 1318 2051 videat.
1346 1998 1453 2052 Nisi
1499 2000 1641 2053 enim
1686 2000 1829 2055 illam

232 2088 620 2157 ettnsequutttri
648 2104 924 2149 essemus.
954 2100 1253 2159 opportune
1280 2106 1306 2143 a
1339 2092 1493 2148 nobis
1519 2092 1788 2147 diceretur
1816 2110 1829 2146 :

236 2178 441 2233 Bonum
474 2188 589 2235 erat
632 2182 818 2241 nobis,
852 2183 895 2237 si
936 2182 1043 2236 nati
1086 2199 1191 2237 non
1233 2165 1541 2239 fuissemus.
1575 2184 1707 2239 Nam
1738 2201 1837 2241 cur

235 2270 465 2325 vivimus
491 2313 507 2336 ,
536 2287 635 2326 cur
665 2274 1029 2342 reSpiramns?
1058 2275 1182 2344 quid
1214 2290 1401 2331 sumus
1424 2319 1438 2342 ,
1468 2278 1510 2331 si
1544 2277 1636 2332 illo
1665 2278 1837 2346 prive-

235 2377 354 2413 ntnr
396 2361 659 2431 διερροιυῖ
699 2363 743 2415 si
791 2363 1071 2418 Dominum
1114 2374 1353 2419 nostrum
1387 2382 1545 2422 ttemo
1576 2367 1835 2422 concedat

235 2468 490 2524 umquam
529 2454 749 2511 videre?
777 2455 905 2511 Nam
950 2457 994 2512 si
1031 2457 1121 2527 qui
1161 2457 1389 2513 solerem
1416 2458 1588 2514 lucent
1618 2476 1725 2515 non
1752 2462 1833 2515 vi-

233 2542 383 2609 dent,
416 2554 591 2600 morte
618 2546 952 2607 miseriorem
989 2548 1145 2602 vitam
1173 2548 1407 2619 degunt;
1441 2550 1689 2619 quideos
1717 2568 1837 2623 per-

237 2634 339 2702 peti
377 2634 572 2691 eredas
596 2676 612 2701 ,
644 2638 731 2706 qui
764 2638 853 2691 tali
887 2639 1003 2693 luce
1031 2638 1346 2709 privamur?
1404 2640 1502 2700 llic
1550 2643 1693 2697 enim
1737 2642 1835 2697 da-

237 2742 421 2789 nntuut
444 2727 498 2780 in
523 2724 625 2782 hoc
643 2743 749 2782 uno
764 2738 995 2796 constat,
1020 2731 1125 2786 illic
1144 2745 1269 2786 vero
1290 2747 1395 2786 non
1414 2733 1537 2787 item
1558 2751 1569 2784 :
1594 2735 1837 2804 quamvis

235 2818 279 2870 si
309 2818 436 2872 illud
465 2820 639 2873 solum
666 2820 881 2876 adesset
906 2820 1028 2876 mali
1052 2863 1067 2885 ,
1098 2837 1202 2877 non
1236 2838 1332 2893 par
1359 2825 1629 2881 cruciatus
1658 2836 1794 2882 esset
1819 2866 1834 2892 ,

234 2911 329 2966 sed
358 2921 509 2967 tanto
534 2914 765 2983 gravior,
791 2924 988 2985 quanto
1011 2915 1094 2970 soi
1126 2915 1214 2971 ille
1243 2916 1343 2972 hoc
1370 2925 1554 2971 nostro
1580 2927 1839 2987 pra-smn.

1929 531 2031 585 tier
2050 540 2156 585 est:
2177 546 2357 585 verum
2378 530 2518 583 aliud
2541 543 2751 599 quaque
2770 528 3088 598 Supplicium
3107 530 3524 599 exspectandum

1930 632 2032 674 est.
2064 619 2195 674 Nam
2225 620 2270 674 is
2296 621 2382 689 qui
2414 620 2583 674 lucem
2614 620 2757 673 illaut
2785 634 2891 673 non
2920 619 3127 689 a~picit,
3163 634 3268 673 non
3300 620 3349 672 itt
3380 630 3528 674 tene-

1930 711 2051 765 bras
2076 709 2422 765 abducendus
2450 719 2651 763 tantum
2678 719 2778 768 est.
2807 710 2899 765 sed
2929 722 3188 781 perpetuo
3209 711 3531 765 combureno

1930 802 2049 866 dus,
2082 804 2151 855 ita
2182 812 2235 856 ttt
2268 802 2523 862 tabcsrat.
2556 803 2808 857 dentibus
2840 804 3095 867 strideat,
3129 804 3529 873 innumerisque

1930 895 2051 947 aliis
2071 894 2349 949 tormentis
2371 896 2709 949 cxcrucietur
2748 894 2824 949 Ne
2849 898 3025 961 itaque
3046 895 3269 949 salutem
3290 905 3524 949 nostram

1933 989 2001 1042 ita
2034 998 2442 1043 contemnamus
2470 1030 2484 1054 ,
2514 998 2571 1041 tit
2609 1002 2705 1058 per
2776 987 3041 1042 revissinti
3074 986 3330 1057 temporis
3361 986 3523 1057 neglio

1932 1079 2166 1150 gentiam
2212 1092 2370 1148 atque
2418 1079 2718 1143 desidiam,
2778 1080 2828 1133 in
2879 1088 3135 1133 a'tcrunm
3184 1078 3529 1146 conjiciantur

1933 1173 2287 1242 supplicium;
2332 1172 2425 1227 sed
2462 1173 2739 1243 vigilemus
2767 1214 2779 1235 ,
2821 1173 2985 1227 sobrii
3026 1173 3191 1226 simus
3215 1213 3231 1238 ,
3265 1172 3393 1225 nihil
3424 1186 3528 1226 non

1934 1279 2151 1334 agamus
2182 1274 2233 1318 et
2260 1279 2568 1333 operentur,
2604 1276 2659 1318 ιιι
2694 1264 2797 1319 illis
2826 1262 3062 1318 fruamur
3088 1264 3240 1316 bonis
3266 1305 3280 1327 ,
3310 1278 3374 1319 ac
3405 1279 3527 1332 pro-

1936 1358 2019 1411 eui
2050 1359 2221 1412 sintus
2247 1356 2317 1411 ab
2348 1358 2437 1415 illo
2465 1356 2624 1411 fluvio
2650 1356 2827 1427 igneo,
2857 1357 2944 1425 qui
2976 1372 3097 1409 euut
3129 1357 3294 1410 multo
3324 1356 3533 1427 fragore

1938 1450 2064 1502 liuet
2092 1460 2217 1504 ante
2247 1447 2476 1503 tribunal
2509 1448 2855 1503 horrendum.
2886 1446 2984 1514 Qui
3017 1447 3183 1501 semel
3216 1446 3305 1500 illo
3336 1447 3531 1499 incide.

1940 1544 2035 1605 rit,
2088 1542 2157 1595 ibi
2203 1550 2459 1610 perpetuo
2498 1549 2709 1593 maneat
2752 1546 2997 1607 oportet,
3046 1552 3201 1591 nemo
3242 1536 3343 1591 erit
3378 1537 3465 1607 qui
3505 1554 3533 1590 a

1936 1633 2202 1701 supplich
2227 1631 2451 1702 eripiat,
2482 1646 2587 1687 non
2626 1638 2805 1699 pater,
2838 1646 2941 1682 non
2976 1638 3145 1685 mater
3166 1669 3179 1690 .
3212 1642 3315 1681 non
3348 1626 3531 1697 frater.

1941 1726 2051 1779 lloc
2089 1724 2365 1794 pr0plteta:
2393 1724 2659 1787 clamant;
2693 1721 2834 1776 alius
2858 1720 2985 1775 dicit
3018 1741 3030 1773 :
3066 1720 3245 1779 Frater
3270 1737 3369 1773 non
3396 1720 3535 1773 redi-

1945 1818 2047 1881 .uit,
2072 1816 2281 1870 redimet
2311 1814 2460 1868 Itonia
2489 1812 2674 1885 (Psal.
2698 1815 2784 1868 48.
2811 1812 2919 1881 8)?
2951 1812 3197 1867 l'lzeehiel
3224 1826 3352 1885 vero
3379 1811 3529 1880 quid-

1940 1912 2077 1980 piam
2109 1909 2337 1978 amplius
2365 1884 2517 1962 efl‘ert
2555 1908 2636 1963 bis
2666 1906 2846 1962 verbis
2873 1926 2885 1961 :
2919 1905 2979 1961 Si
3008 1907 3197 1960 steterit
3224 1884 3339 1959 Noe
3366 1918 3412 1958 et
3438 1904 3539 1958 Job

1939 2000 2199 2055 etJDnmel
2221 2042 2236 2066 ,
2271 2000 2407 2069 filios
2440 2016 2556 2053 suos
2582 2008 2628 2052 et
2654 2000 2790 2066 ﬁlias
2828 1998 3169 2068 nomeripient
3197 1995 3410 2066 (Ezec/t.
3449 1997 3535 2052 N.

1945 2094 2011 2149 14
2058 2104 2103 2147 ct
2132 2092 2241 2164 16).
2276 2093 2449 2148 Unum
2480 2093 2621 2146 enim
2654 2092 2723 2145 ibi
2755 2102 2957 2146 tantum
2982 2091 3153 2160 juvat,
3189 2105 3383 2160 nempe
3408 2105 3539 2159 ope-

1941 2202 2056 2239 rum
2088 2184 2463 2254 patrocinium,
2488 2200 2593 2253 quo
2619 2182 2708 2253 qui
2739 2184 2991 2247 caruerit,
3018 2184 3122 2236 alio
3150 2183 3310 2237 modo
3336 2184 3539 2237 servari

1942 2293 2046 2333 non
2075 2279 2292 2348 poterit.
2326 2277 2450 2331 II;rc
2479 2277 2658 2346 itaque
2689 2283 2947 2345 perpetuo
2978 2284 3253 2333 versantes
3282 2283 3332 2329 et
3363 2276 3539 2329 uobis-

1940 2384 2062 2424 cum
2102 2378 2409 2439 reputantes
2433 2411 2445 2429 ,
2481 2370 2641 2423 vitam
2675 2383 3037 2439 expurgentus
3061 2407 3075 2430 ,
3105 2377 3158 2421 ct
3194 2366 3540 2435 conspicuam

1943 2460 2270 2526 reddamus,
2312 2469 2367 2511 ιιι
2412 2474 2532 2513 cum
2581 2458 2769 2513 fiducia
2815 2456 3092 2511 videamus
3138 2456 3417 2512 Dominum
3446 2496 3461 2519 ,
3491 2465 3544 2509 et

1944 2553 2205 2621 promissi
2253 2566 2648 2619 consequamur
2689 2548 2826 2603 bona
2855 2590 2867 2609 ,
2906 2549 3077 2617 gratia
3121 2557 3174 2602 et
3218 2546 3543 2616 benignitate

1947 2646 2155 2700 Domini
2203 2644 2371 2700 nostri
2418 2643 2542 2699 Jesu
2586 2641 2813 2706 Christi,
2853 2656 2948 2709 per
2986 2655 3146 2710 quem
3186 2648 3237 2693 et
3276 2654 3398 2693 euut
3437 2653 3544 2707 quo

1946 2738 2084 2793 I’ull‘i
2112 2738 2301 2807 gloria,
2328 2752 2427 2789 una
2453 2750 2571 2789 cum
2604 2742 2791 2788 sancto
2816 2732 3035 2801 Spiritu,
3065 2744 3205 2785 nunc
3229 2741 3281 2785 et
3306 2744 3543 2799 semper,

1943 2842 1994 2886 et
2024 2832 2074 2885 itt
2105 2831 2299 2885 sa‘cula
2328 2828 2667 2883 seculorum.
2700 2828 2892 2881 Amen.

262 3042 3530 3067 W

1560 3124 1905 3187 HOMILIA
1955 3126 2130 3187 XIII.

241 3262 333 3316 13.
365 3261 595 3318 Joannes
638 3264 975 3319 testimonium
1016 3265 1238 3335 perhibet
1277 3266 1341 3320 de
1372 3266 1518 3337 ipso,
1561 3277 1609 3321 et
1647 3268 1837 3324 clamat

310 3355 479 3409 dicens
510 3354 653 3409 :Hic
681 3366 787 3411 erat
825 3374 971 3428 quem
1010 3358 1118 3411 dixi
1150 3373 1170 3411 :
1201 3357 1302 3426 Qui
1343 3366 1455 3427 post
1495 3375 1573 3411 me
1603 3368 1840 3415 venturus

310 3456 399 3505 est,
428 3456 547 3499 ante
573 3463 654 3500 me
680 3449 842 3518 factus
868 3456 963 3510 est,
996 3449 1116 3517 quia
1144 3448 1285 3516 prior
1313 3465 1392 3502 nte
1420 3458 1549 3505 erat.

311 3543 361 3591 1.
391 3539 577 3593 Doctor
620 3556 685 3595 ea:
712 3540 1000 3594 auditorum
1016 3540 1223 3612 segnitie
1238 3543 1502 3612 premium
1518 3559 1617 3598 non
1636 3544 1836 3602 amittit.

245 3630 427 3685 Pastor
444 3632 727 3704 spiritualis
751 3633 997 3706 quomodo
1019 3633 1209 3687 horrere
1236 3633 1411 3687 debeat
1444 3635 1710 3689 animabus
1745 3635 1840 3689 sibi

238 3724 539 3778 rottnuisst's.
572 3724 842 3778 Audientes
881 3725 1106 3778 stimulat
1144 3722 1550 3796 Cltrysostomus.
1580 3757 1651 3765 —
1672 3726 1837 3781 Num—

236 3816 363 3883 quid
413 3814 606 3870 frustra
652 3815 953 3881 currimus,
993 3827 1045 3872 et
1095 3815 1289 3871 frustra
1327 3816 1669 3873 laboramus?
1710 3834 1835 3872 num

235 3924 395 3975 supra
429 3918 609 3977 petras
636 3921 821 3961 semen
846 3907 1109 3976 jaeiuuts?
1138 3924 1263 3961 nttm
1290 3922 1448 3964 secus
1476 3909 1614 3962 viam
1647 3908 1726 3962 vel
1760 3910 1837 3962 in-

238 4014 319 4054 ter
346 4001 531 4069 spinas
556 3999 697 4071 jacta
725 4001 925 4055 semina
955 4000 1162 4054 lateat?
1191 4000 1394 4054 Anxius
1421 4016 1536 4053 sunt
1566 4010 1621 4054 et
1650 4000 1832 4065 timeo,

237 4107 306 4145 ne
352 4091 558 4146 inutilis
595 4090 749 4145 nobis
791 4090 1114 4160 agricultura
1157 4091 1258 4155 sit;
1304 4090 1511 4146 etiamsi
1547 4092 1747 4147 nullum
1782 4092 1837 4146 iit

238 4184 461 4251 hujusce
495 4184 694 4239 laboris
720 4184 967 4241 mercede
995 4182 1369 4239 detrimentum
1398 4198 1653 4255 passurus
1688 4185 1790 4239 sim
1819 4202 1831 4239 :

239 4290 343 4329 non
367 4276 514 4330 enim
541 4273 727 4331 eadem
754 4274 1076 4341 conditione,
1104 4290 1207 4347 qua
1233 4275 1513 4347 agricolae,
1541 4285 1664 4331 sunt
1686 4274 1832 4332 verbi

236 4364 506 4421 doctores.
539 4367 783 4437 Agricola
812 4367 957 4423 enim
1000 4376 1118 4437 post
1156 4381 1365 4422 annuos
1403 4382 1547 4439 saepe
1583 4368 1792 4425 labores
1817 4408 1831 4433 ,

240 4468 354 4526 post
382 4466 584 4513 tantam
611 4460 882 4515 miseriam
911 4469 967 4517 et
994 4460 1238 4525 sudores,
1272 4463 1315 4517 si
1347 4471 1486 4517 terra
1519 4461 1650 4519 nihil
1682 4463 1833 4517 labo-

238 4552 381 4604 ribus
411 4549 518 4605 illis
546 4550 762 4621 dignum
796 4551 1009 4619 tulerit,
1038 4567 1068 4607 s
1104 4554 1321 4609 nemine
1347 4554 1451 4609 alio
1484 4555 1679 4623 poterit
1706 4569 1835 4610 con—

236 4642 555 4699 solationem
590 4645 866 4715 accipere;
897 4644 991 4701 sed
1028 4659 1150 4701 cum
1191 4646 1402 4701 tristitia
1440 4656 1493 4701 et
1529 4646 1736 4717 pudore
1766 4647 1833 4703 ab

236 4748 356 4788 area
384 4734 603 4790 domum
630 4746 929 4792 revertetur
956 4736 1021 4792 ad
1054 4750 1274 4793 uxorem
1305 4746 1359 4793 ct
1396 4738 1535 4793 filios
1561 4782 1575 4801 ,
1606 4748 1767 4809 atque
1801 4756 1830 4793 a

238 4826 454 4881 nemine
479 4825 716 4881 diuturni
756 4827 952 4881 laboris
993 4829 1293 4884 mercedem
1331 4840 1574 4899 repetere
1615 4831 1828 4900 poterit.

238 4917 399 4970 Nobis
442 4927 623 4973 autem
670 4918 798 4974 nihil
849 4919 1149 4990 bttjusmodi
1195 4923 1435 4989 accidet;
1488 4922 1581 4977 sed
1623 4924 1832 4978 etiamsi

236 5012 373 5065 culta
423 5021 561 5065 terra
600 5011 801 5065 nullum
843 5012 1072 5069 fructum
1113 5014 1331 5082 tulerit,
1369 5016 1411 5069 si
1456 5016 1692 5069 laborent
1734 5032 1833 5071 nos

236 5117 448 5158 onmem
476 5102 880 5161 exhibuerimus
902 5148 915 5169 ,
945 5106 1033 5161 ille
1057 5114 1109 5161 et
1138 5116 1294 5163 teme
1321 5116 1375 5163 et
1398 5108 1617 5163 cultoris
1651 5107 1831 5171 Domi-

242 5208 336 5255 nus
364 5209 468 5248 non
497 5194 640 5250 sinet
660 5210 757 5255 nos
782 5212 903 5252 cum
930 5212 1060 5252 vana
1084 5213 1178 5268 spe
1205 5199 1475 5266 recedere,
1503 5199 1597 5254 sed
1628 5214 1830 5259 nterce-

236 5283 357 5343 dent
388 5286 605 5342 tribuet.
640 5286 992 5358 Uuusrptisquo
1014 5289 1170 5356 enim,
1194 5291 1384 5357 inquit,
1414 5294 1674 5360 prapriam
1700 5308 1831 5349 nter.

238 5379 405 5432 sedent
430 5380 643 5449 accipiet
670 5381 945 5443 secundum
973 5383 1237 5453 proprium
1266 5382 1487 5437 laborem
1516 5382 1593 5452 (Ι.
1623 5382 1740 5437 Cor.
1773 5384 1827 5437 3.

237 5467 313 5538 8).
336 5484 440 5524 non
462 5472 758 5527 secundum
781 5471 857 5528 rei
881 5473 1057 5528 finem.
1085 5473 1154 5527 Et
1172 5474 1311 5543 quod
1335 5476 1405 5529 ita
1428 5490 1515 5531 res
1532 5490 1591 5529 se
1613 5474 1827 5540 habeat,

238 5561 354 5615 anili
385 5581 398 5615 :
428 5561 493 5617 Et
522 5572 610 5628 tu,
655 5563 857 5634 inquit,
888 5562 996 5618 Fili
1031 5566 1278 5631 hominis,
1313 5566 1599 5621 testificare
1632 5567 1829 5635 pepttlo

242 5650 356 5708 huic
376 5694 389 5719 ,
414 5654 457 5708 si
482 5658 619 5728 forte
642 5653 876 5721 audiant,
899 5658 943 5710 si
972 5661 1102 5727 forte
1131 5657 1415 5727 intelligant
1442 5656 1654 5729 (Euclt.
1680 5658 1735 5711 2.
1772 5661 1826 5713 5.

240 5743 311 5815 5).
341 5746 401 5802 Et
424 5765 516 5819 per
543 5745 891 5813 Ezechiclcm
938 5748 1085 5820 (Cap.
1123 5750 1175 5805 3.
1204 5750 1294 5819 I9)
1333 5750 1381 5803 td
1406 5750 1645 5806 ediscere
1672 5752 1825 5806 licet:

232 5837 285 5897 8i
317 5844 627 5914 speculator
666 5841 973 5913 praedixerit
997 5884 1012 5909 ,
1045 5843 1167 5915 quid
1202 5845 1410 5915 fugere,
1452 5844 1577 5917 quid
1626 5846 1826 5922 eligere

1946 3276 2237 3336 oporteat,
2264 3266 2495 3327 animant
2528 3281 2679 3321 suam
2715 3262 2978 3329 liberavit,
3008 3263 3251 3335 quamvis
3280 3278 3443 3319 nemo
3469 3273 3547 3317 at-

1949 3362 2150 3416 tentlat.
2178 3362 2425 3413 Attamen
2454 3358 2579 3415 licet
2606 3357 2743 3412 hanc
2771 3355 2979 3411 firmam
3003 3356 3423 3411 consolationem
3451 3356 3547 3409 Ita-

1947 3453 2209 3519 beamus,
2231 3453 2353 3508 licet
2391 3452 2457 3506 de
2494 3450 2847 3507 retributione
2891 3448 3119 3504 fidamus
3143 3490 3158 3517 ,
3199 3448 3412 3517 quando
3449 3464 3548 3503 vos

1945 3543 2074 3607 nihil
2116 3558 2280 3612 opere
2322 3543 2581 3611 prolicere
2621 3541 2866 3597 videmus
2891 3581 2906 3604 ,
2939 3539 3106 3593 nihilo
3146 3540 3337 3593 melius
3368 3538 3544 3593 affiri-

1945 3652 2080 3699 tttttr,
2116 3650 2273 3704 quam
2311 3634 2579 3702 agtjieoI-e,
2604 3634 2695 3704 qui
2737 3643 2957 3703 gemunt
2983 3642 3033 3688 et
3073 3633 3453 3703 Iaetymantnr,
3485 3648 3547 3687 ac

1942 3728 2145 3803 pudore
2169 3729 2466 3796 roboreque
2488 3727 2812 3790 afficiuntur.
2840 3724 2953 3784 Ιίοε
2975 3724 3210 3778 doctoris
3237 3725 3543 3780 misericctr-

1943 3819 2023 3873 dia
2053 3861 2067 3885 ,
2104 3817 2202 3872 hoc
2235 3818 2399 3888 patris
2428 3832 2555 3872 cura
2594 3826 2697 3873 est.
2732 3817 2939 3871 Etenim
2979 3816 3187 3887 Moysi-5
3212 3829 3332 3869 cunt
3366 3815 3431 3871 ab
3461 3818 3543 3870 iu-

1943 3931 2089 3992 grata
2118 3919 2422 3975 Judaroruut
2450 3928 2607 3989 gente
2633 3916 2849 3973 liberari
2880 3926 3079 3987 posset,
3104 3916 3543 3985 SplendidiuSqne

1941 4029 2004 4070 ac
2029 4013 2196 4071 multo
2223 4012 2396 4082 majus
2428 4012 2479 4065 in
2508 4011 2666 4067 aliam
2695 4018 2911 4081 gentem
2943 4009 3227 4078 imperium
3256 4008 3500 4063 obtinere
3526 4024 3539 4063 :

1942 4122 2066 4167 nam
2095 4106 2169 4160 ait
2199 4105 2359 4169 Dens,
2392 4103 2606 4162 Dimitte
2628 4120 2727 4170 me,
2752 4112 2795 4156 et
2823 4101 2997 4156 delebo
3032 4118 3116 4155 eos
3139 4142 3153 4166 ,
3186 4100 3470 4171 faciamque
3497 4111 3544 4152 to

1939 4200 1995 4251 in
2023 4206 2220 4269 gentem
2246 4198 2341 4252 hac
2369 4198 2612 4267 majorem
2640 4194 2830 4267 (Exod
2884 4192 2969 4258 32.
3011 4194 3138 4263 I0);
3173 4192 3293 4262 quia
3324 4200 3542 4245 sanctus

1938 4301 2054 4346 erat
2073 4300 2127 4346 et
2155 4291 2244 4345 Dei
2272 4304 2481 4355 servus,
2506 4288 2630 4359 quia
2653 4303 2778 4347 vere
2804 4287 3009 4349 anticus
3035 4298 3087 4341 et
3115 4285 3319 4355 probus
3336 4285 3375 4351 ‘,
3404 4284 3541 4339 hanc

1939 4399 2123 4439 vocem
2152 4399 2219 4438 ne
2242 4381 2425 4439 auditu
2452 4382 2669 4452 quidem
2699 4382 2815 4435 tulit
2838 4396 2852 4445 ;
2881 4378 2974 4432 sed
3010 4379 3183 4447 perire
3207 4377 3395 4434 maluit
3418 4394 3538 4431 cunt

1937 4487 2096 4550 gente
2117 4476 2216 4532 sibi
2248 4476 2416 4532 semel
2446 4474 2673 4540 credita,
2696 4489 2855 4544 quam
2886 4472 3003 4532 sine
3031 4472 3117 4529 illa
3143 4471 3370 4536 servari,
3392 4481 3443 4525 et
3473 4470 3535 4524 ad

1939 4574 2195 4640 majorem
2223 4570 2532 4640 dignitatem
2557 4567 2779 4624 assumi.
2806 4565 2989 4621 Talem
3020 4572 3231 4635 oportet
3251 4579 3370 4619 eum
3395 4579 3536 4628 e~se,

1937 4666 2021 4722 cui
2048 4664 2346 4719 animarum
2370 4662 2655 4719 commissa
2682 4674 2813 4715 cura
2836 4666 2935 4712 est.
2968 4658 3269 4713 Absttrdum
3298 4657 3438 4711 enim
3464 4673 3540 4711 es-

1937 4767 2037 4822 set,
2058 4757 2185 4814 dum
2204 4770 2493 4829 pravorum
2517 4754 2748 4811 filiorum
2773 4758 2924 4821 pater
2946 4766 3051 4811 non
3072 4747 3179 4802 vult
3204 4748 3356 4807 alios,
3377 4762 3535 4817 quant

1936 4853 2011 4906 ab
2034 4866 2091 4905 se
2124 4850 2333 4921 genitos
2359 4890 2372 4915 ,
2406 4847 2541 4901 filios
2571 4860 2697 4902 suos
2725 4842 2828 4898 dici
2851 4884 2865 4909 ,
2896 4840 3219 4897 commissos
3249 4839 3538 4908 dlSt‘lplIIOS

1937 4957 2151 5013 semper
2182 4950 2388 4997 mutare
2410 4980 2429 5006 ι
2454 4953 2517 4995 ac
2545 4954 2685 4993 nunc
2715 4936 2836 5003 hos,
2870 4950 3010 4989 nunc
3042 4935 3176 4988 alios
3202 4976 3215 4996 ,
3247 4944 3538 5002 posteaque

1937 5049 2113 5090 novos.
2132 5032 2440 5087 adscribere
2462 5073 2475 5095 ,
2504 5041 2667 5099 atque
2695 5044 2818 5097 erga
2844 5026 3018 5081 nullos
3044 5026 3284 5080 amicitia
3303 5024 3538 5078 benevo-

1938 5126 2204 5195 lentiaque
2226 5122 2387 5177 affici.
2414 5123 2613 5182 Verum
2635 5120 2771 5174 absit
2803 5130 2857 5173 ut
2882 5119 3001 5177 talia
3023 5118 3090 5172 de
3113 5116 3265 5173 vobis
3287 5131 3536 5184 umquam

1936 5216 2290 5284 suspicemur.
2324 5212 2660 5269 Confidimus
2689 5210 2830 5265 enim
2863 5224 2958 5265 vos
2987 5209 3156 5279 magis
3182 5208 3451 5261 abundare
3485 5208 3537 5260 in

1939 5310 2041 5363 lide
2089 5309 2138 5361 itt
2190 5308 2471 5361 Dominum
2520 5314 2761 5359 nostrum
2808 5301 2991 5358 Jcsum
3040 5302 3343 5361 Christum,
3386 5308 3440 5353 et
3488 5302 3538 5352 itt

1935 5404 2157 5455 caritate
2194 5408 2378 5453 mutua
2406 5413 2532 5467 erga
2560 5412 2746 5451 omnes
2783 5396 2875 5466 (2.
2904 5394 3021 5448 Cor.
3050 5393 3103 5448 8.
3136 5395 3164 5447 7
3189 5394 3228 5461 ).
3264 5393 3389 5447 lia-c
3415 5409 3541 5446 vero

1935 5492 2163 5547 dicimus
2196 5501 2251 5548 ut
2278 5490 2512 5545 studium
2545 5498 2780 5548 vestrum
2809 5502 3101 5557 augeamus
3128 5529 3141 5551 ,
3173 5495 3230 5541 et
3261 5486 3379 5538 vita:
3413 5499 3542 5553 pro-

1938 5586 2155 5637 bitatem
2187 5582 2237 5637 in
2270 5583 2386 5636 dies
2412 5596 2721 5637 accrescere
2747 5594 3019 5634 curemus.
3051 5579 3141 5632 Sic
3162 5578 3303 5632 enim
3329 5575 3394 5632 ad
3423 5591 3541 5628 ver-

1938 5676 2124 5730 borum
2154 5674 2410 5729 borumce
2440 5671 2763 5741 profundum
2797 5680 2977 5727 mente
3009 5658 3311 5740 pertingere
3341 5666 3537 5739 poteri-
3618 5728 3625 5738 η

2003 5855 2019 5884 ι
2057 5851 2111 5902 In
2136 5850 2301 5902 nerei.
2333 5850 2531 5913 legitur,
2558 5848 2670 5913 quia
2696 5862 2804 5900 rere
2824 5862 2986 5901 servus
3011 5852 3055 5898 et
3080 5840 3277 5910 probas.
