4164 6320
619 371 684 424 87
1356 364 1393 416 ὃ
1449 357 1734 414 ιυκικλιδ
1776 350 2182 409 Clllli’SUSTO

2306 343 2620 400 Allilllllii’.
2665 340 3006 397 CONSTAX'I
3028 342 3199 396 LVOI‘.
3828 345 3895 395 iiii

620 486 712 547 tis,
739 484 780 536 si
811 482 958 538 nulla
985 479 1238 548 nequitiae
1265 475 1530 545 lippitudo
1557 473 1748 526 oculos
1775 471 1970 524 mentis
1995 478 2189 521 vcstta:

621 575 898 637 obscuret,
958 572 1188 640 ejusque
1223 568 1690 639 perspieaeiMeui
1725 563 2004 618 obturbet.
2047 558 2185 626 Quid

625 665 788 731 igitur
819 663 978 719 nobis
999 663 1160 718 hodie
1189 662 1512 732 proponitur
1536 657 1808 713 “omnes
1835 654 2187 710 testimonium

619 756 846 826 perhibet
867 755 929 810 de
952 757 1088 825 ipso,
1109 765 1155 809 et
1177 755 1371 809 clamat
1395 753 1570 806 dicens
1587 768 1605 805 :
1630 749 1729 804 llic
1751 758 1865 803 erat
1880 763 2029 818 quem
2051 744 2188 798 dixi:

620 848 721 914 Qui
745 858 859 916 post
888 864 968 902 me
1000 847 1158 912 venit,
1198 855 1319 899 aute
1348 862 1425 898 me
1455 845 1626 912 factus
1656 853 1753 905 est,
1779 842 1899 911 quia
1930 841 2077 909 prior
2109 853 2191 890 me

620 949 756 994 erat.
793 940 947 1010 Saepe
989 937 1074 992 hic
1106 937 1436 1006 evangelista
1465 934 1729 988 Juauneut
1763 935 1905 986 ultro
1939 931 2189 998 citroque

621 1032 1062 1099 versatmjusque
1087 1029 1449 1080 ιιιςιίιιειιιιίιιπιι
1478 1026 1813 1080 ι·ἰιϊιιιιιΙέι·ι.
1841 1023 1894 1076 Id
1928 1037 2058 1077 vero
2080 1036 2192 1074 non

609 1123 724 1175 sine
767 1135 923 1174 causa
948 1162 963 1183 ,
997 1118 1089 1173 sed
1132 1114 1417 1170 admodum
1457 1110 1745 1180 prudenter
1784 1116 2017 1178 pra‘stat.
2056 1107 2189 1172 Quia

609 1215 750 1266 enim
781 1212 950 1266 Judaei
980 1210 1148 1263 virum
1180 1222 1339 1276 supra
1368 1204 1581 1258 modum
1615 1201 1941 1255 mirabantur
1967 1199 2110 1269 (tam
2138 1207 2192 1251 et

609 1302 869 1372 Josephus
896 1317 960 1357 ex
988 1300 1104 1369 ejus
1132 1313 1260 1353 nece
1285 1296 1481 1350 bellum
1509 1303 1682 1346 ortum
1713 1300 1915 1355 narrat,
1947 1290 2190 1358 illiusque

609 1394 721 1447 neci
774 1391 1133 1462 metropoleos
1175 1389 1437 1445 excidium
1486 1385 1744 1439 adscribit
1775 1384 1847 1452 (a)
1875 1425 1888 1446 ,
1928 1397 1989 1436 ae
2034 1381 2189 1449 longo

607 1503 851 1542 sermone
885 1485 1069 1540 laudes
1094 1483 1210 1552 ejus
1240 1479 1632 1551 prosequitur),
1664 1489 1712 1530 ιιι
1747 1474 1960 1530 ,Ιιιάςυοε
1988 1471 2190 1542 pudore

607 1578 896 1644 suffultdat,
912 1574 1188 1632 Prodromi
1218 1571 1575 1627 testimonium
1599 1571 1698 1623 iliis
1722 1567 2025 1636 frequenter
2045 1579 2193 1618 com-

607 1679 884 1723 tnemorat.
920 1666 986 1721 Et
1013 1665 1102 1720 alii
1133 1662 1342 1735 quidem
1372 1661 1746 1730 evangelista},
1781 1659 2188 1713 factavcterum

608 1761 985 1829 prophetarum
1016 1757 1302 1820 mentione,
1327 1753 1392 1808 ad
1421 1752 1624 1822 singula
1650 1760 1794 1822 gesta
1817 1765 1884 1806 eo
1911 1749 2192 1804 remittunt

607 1843 900 1897 auditorem
931 1859 945 1896 :
973 1856 1037 1895 ac
1075 1840 1286 1910 quando
1318 1848 1473 1892 natus
1501 1847 1583 1892 est
1621 1836 1802 1891 dicunt
1834 1852 1848 1889 :
1882 1833 1994 1888 lloc
2021 1842 2191 1886 autem

607 1943 763 1985 totum
804 1934 995 2003 factum
1038 1940 1150 1994 εει,
1179 1939 1231 1984 ut
1274 1929 1568 1998 impleretur
1610 1927 1746 1998 quod
1782 1926 1970 1980 dictum
1999 1935 2070 1980 εει
2101 1941 2190 1995 per

608 2025 794 2077 Isaiam
823 2023 1121 2093 prapltetam
1148 2023 1392 2075 dicentem
1415 2038 1433 2076 :
1457 2020 1588 2075 Ecce
1623 2019 1775 2090 Virgo
1803 2019 1855 2072 in
1883 2028 2023 2072 utero
2045 2015 2191 2070 liabe-

605 2115 693 2180 bit,
723 2127 768 2169 et
797 2115 956 2182 pariet
984 2115 1145 2183 [ilium
1167 2113 1377 2182 (Matth.
1412 2113 1433 2167 1
1470 2111 1583 2167 .32.
1607 2111 1697 2168 25.
1740 2110 1866 2165 limi.
1899 2111 1950 2164 7.
1980 2110 2091 2179 14).
2124 2109 2191 2163 Ει.

606 2224 724 2261 eum
769 2207 976 2261 insidiis
1013 2214 1390 2276 appeteretur,
1428 2215 1481 2260 et
1521 2206 1592 2259 ita
1630 2205 1914 2275 diligenter
1957 2202 2188 2271 undique

606 2298 1041 2368 perquireretur,
1081 2307 1138 2352 ut
1184 2298 1462 2351 immatura
1505 2297 1664 2352 etiam
1709 2307 1839 2350 mtas
1878 2296 1946 2350 ab
1979 2294 2189 2349 llerode

601 2389 951 2458 jugularetur,
985 2389 1271 2444 Jeremiam
1304 2388 1448 2443 iElum
1480 2388 1608 2443 olim
1642 2387 1954 2458 pmphetam
1987 2388 2038 2442 in
2069 2401 2186 2441 me~

605 2480 749 2532 dium
793 2479 1059 2533 adducunt
1097 2478 1359 2533 dicentem
1395 2495 1407 2531 :
1449 2476 1563 2532 Voa:
1592 2479 1643 2532 iu
1674 2479 1839 2532 [tanta
1868 2479 2046 2531 audita
2075 2486 2146 2531 est
2169 2517 2184 2542 ,

608 2569 916 2635 lamentatio,
944 2568 1171 2639 ploratus
1199 2578 1243 2622 et
1273 2569 1499 2624 ululatus
1524 2569 1729 2633 multus,
1759 2566 1953 2625 Rachel
1980 2568 2187 2638 plorans

607 2659 742 2727 filios
767 2677 882 2713 suos
909 2661 1042 2728 (Jer.
1072 2661 1160 2715 3|.
1192 2660 1282 2730 15)
1308 2675 1322 2723 ;
1354 2669 1407 2714 et
1435 2675 1554 2714 cum
1584 2675 1652 2714 ex
1685 2658 1918 2731 Egypto
1950 2659 2185 2725 rediret,

605 2752 795 2806 Oseam
839 2751 1109 2822 proferunt
1152 2752 1229 2807 sic
1269 2751 1574 2821 loquentem
1601 2791 1616 2816 ,
1646 2751 1729 2804 Ea:
1757 2750 1988 2822 1Egypto
2017 2751 2188 2805 vocavi

605 2844 766 2910 [ilium
814 2860 975 2897 meum
1017 2843 1187 2916 (Οεεε
1229 2843 1314 2903 Η,
1360 2844 1419 2914 1)
1459 2862 1472 2897 :
1513 2854 1565 2899 et
1605 2845 1799 2913 ubique
1828 2845 1893 2898 ad
1938 2845 2077 2898 hunc
2107 2842 2184 2898 fa-

604 2937 750 2989 ciunt
788 2937 1021 2989 tuodtun.
1065 2936 1160 2991 llic
1185 2951 1312 2991 vero
1333 2979 1346 3002 ,
1381 2945 1562 3006 utpote
1592 2937 1680 3006 qui
1721 2935 1997 2991 sublimius
2027 2951 2185 3005 quam

604 3028 690 3080 alii
727 3027 1002 3097 lo-piatur,
1030 3029 1222 3085 clarius
1249 3038 1406 3099 atque
1437 3029 1704 3083 recentius
1732 3028 2006 3098 proferens
2038 3029 2188 3083 testi-

607 3119 840 3172 monium
863 3160 876 3184 ,
907 3135 1012 3173 non
1041 3129 1275 3174 mortuos
1308 3128 1507 3175 tantum
1529 3161 1542 3183 ,
1571 3119 1663 3174 sed
1693 3127 1749 3174 et
1776 3121 2071 3183 viventem,
2095 3119 2182 3188 qui

603 3223 726 3262 eum
756 3221 808 3262 et
839 3219 1150 3278 [ll‘tl‘SClllCtll
1183 3210 1490 3264 ostenderat
1513 3219 1566 3264 et
1594 3209 1970 3278 baptizaverat,
2001 3210 2050 3264 iu
2082 3225 2185 3264 me-

602 3298 746 3351 dium
790 3298 1094 3368 frequenter
1130 3300 1382 3366 adducit;
1422 3317 1526 3354 non
1571 3317 1676 3371 quo
1722 3300 2000 3356 Dominum
2043 3303 2182 3357 ser-vi

604 3390 907 3442 leSlilthltitl
939 3389 1041 3444 fide
1070 3390 1288 3460 dignum
1317 3391 1692 3462 comprobaret
1717 3434 1731 3458 ,
1759 3390 1852 3446 sed
1888 3402 1944 3446 ut
1970 3392 2181 3446 audito-

603 3500 716 3537 rum
746 3484 1036 3539 infirmitati
1077 3499 1133 3538 se
1161 3495 1560 3554 attemperaret.
1590 3484 1737 3540 Sicut
1765 3485 1905 3539 enim
1938 3485 2036 3539 uisi
2069 3484 2180 3539 fore

603 3591 741 3629 iuam
789 3577 925 3630 servi
977 3578 1312 3646 accepisset,
1363 3593 1483 3632 non.
1515 3588 1766 3648 acceptus
1810 3578 2183 3649 admissusque

604 3669 787 3723 fuisset
809 3687 822 3720 :
846 3671 922 3723 sie
953 3670 1050 3723 nisi
1080 3671 1217 3724 servi
1251 3686 1381 3725 voce
1405 3685 1785 3726 conservorum
1815 3687 1972 3727 aures
2002 3687 2186 3728 assum

604 3762 854 3825 fecisset,
886 3763 1117 3816 mamma
1151 3778 1272 3832 pars
1313 3762 1620 3818 JUdilBUl‘llﬂl
1646 3765 1925 3827 ,Ascrmoui
1957 3781 2062 3819 non
2089 3766 2177 3822 ob-

602 3863 967 3924 temperasset.

668 3953 724 4001 2.
767 3946 868 4002 Cur
902 3959 944 4001 et
976 3949 1225 4018 quomodo
1251 3948 1476 4002 Joannes
1507 3948 1733 4018 Baptista
1765 3947 2018 4004 Christum
2052 3966 2182 4020 prae-

601 4039 751 4093 dicet.
773 4069 841 4078 —
863 4039 939 4093 Ad
970 4039 1083 4094 hate
1109 4040 1250 4094 aliud
1279 4041 1637 4110 apparabatur
1663 4057 1908 4111 maguum
1941 4053 1992 4096 et
2023 4043 2180 4095 mita-

602 4131 728 4187 bile.
757 4131 889 4199 Quia
935 4133 1113 4198 enim,
1158 4133 1246 4202 qui
1289 4132 1356 4188 de
1399 4133 1578 4202 seipse
1617 4148 1864 4203 maguum
1910 4132 2179 4201 quidpiam

600 4221 789 4287 effert,
831 4231 1110 4291 suspectus
1150 4233 1266 4287 est,
1307 4233 1361 4277 et
1398 4223 1698 4277 auditorum
1745 4222 2001 4292 plurimos
2040 4238 2184 4292 sa-pe

600 4313 854 4379 offendit;
883 4313 1001 4370 ideo
1025 4315 1159 4368 alius
1185 4318 1248 4368 de
1277 4316 1366 4369 illo
1393 4315 1766 4370 testificaturus
1786 4315 2010 4371 accedit.
2037 4317 2182 4371 Alio-

599 4407 725 4477 quin
753 4415 929 4460 autem
956 4447 970 4472 ,
1001 4405 1120 4475 quia
1153 4407 1289 4460 solet
1318 4406 1598 4460 multitudo
1635 4407 1700 4460 ad
1732 4405 2042 4462 famiiiarem
2080 4408 2178 4462 sibi

598 4509 650 4552 et
675 4497 906 4550 innatam
934 4512 1116 4551 vocem
1146 4513 1449 4564 accurrere,
1480 4505 1660 4566 utpote
1683 4515 1839 4570 quam
1867 4499 2058 4553 melius
2085 4514 2180 4554 no-

599 4589 770 4643 verint
797 4605 812 4644 :
843 4589 962 4641 ideo
995 4601 1091 4640 vox
1134 4587 1199 4640 de
1240 4588 1371 4641 cado
1399 4589 1563 4642 semel
1604 4597 1696 4642 aut
1737 4589 1816 4642 bis
1845 4588 2022 4642 audita
2055 4597 2138 4644 est
2160 4630 2176 4653 ,

595 4693 699 4730 νινε
751 4692 877 4732 vero
922 4677 1142 4730 Joannis
1189 4677 1635 4746 frequentissime.
1685 4678 1814 4732 Nam
1863 4679 1952 4748 qui
1999 4682 2179 4749 pepuli

599 4768 1011 4822 imbecilliL’ttem
1053 4769 1410 4836 superabant,
1452 4779 1505 4823 et
1545 4785 1572 4822 a
1615 4772 1897 4826 sensilibus
1933 4774 2180 4827 omnibus

596 4862 827 4929 exmupti
859 4870 1030 4922 erant,
1067 4860 1259 4929 quique
1289 4875 1572 4930 supernam
1605 4877 1788 4917 vocem
1816 4865 2000 4920 audire
2032 4875 2180 4934 pole-

594 4961 713 5006 raut
735 4992 748 5012 ,
778 4967 881 5004 non
908 4950 1192 5005 admodum
1227 4967 1358 5020 opus
1391 4952 1654 5007 hauebant
1685 4956 1952 5018 humana;
1985 4957 2181 5026 quippe

589 5036 680 5126 iani
707 5040 828 5096 huic
846 5045 1062 5095 oumiuo
1083 5043 1539 5112 obtemperabant.
1561 5055 1610 5099 et
1633 5047 1698 5098 ab
1721 5047 1804 5100 illa
1827 5047 2176 5101 ducebantur.

598 5131 697 5196 Qui
751 5149 873 5187 vero
908 5134 1077 5188 adhuc
1109 5135 1247 5188 circa
1291 5135 1468 5188 iuliuia
1508 5139 1888 5205 versabantur,
1920 5148 1977 5193 et
2013 5138 2178 5192 multa

662 5291 733 5350 (ιι)
756 5289 895 5363 Quod
913 5289 990 5338 hic
1015 5290 1136 5363 dicit
1159 5292 1548 5363 .Cbrysestomus,
1573 5295 1834 5363 _Juse|.lu_im
1858 5299 2178 5363 .terosolymo-

597 5365 703 5399 rIun
738 5352 981 5400 excidium
1005 5354 1198 5420 Joannis
1221 5352 1440 5414 Baptista:
1476 5357 1584 5405 neci
1619 5352 1918 5420 adscribere,
1947 5352 2177 5411 uou'om-

600 5419 973 5483 inno_eous0tiat
1006 5426 1115 5483 cuiu
1163 5416 1222 5483 iis
1253 5429 1362 5476 quin
1396 5425 1555 5483 narrat
1587 5425 1713 5478 .tosel
1735 5419 1826 5483 bus
1859 5416 2008 5478 |.'18,
2034 5436 2078 5472 c.
2115 5425 2174 5483 6,,

598 5477 675 5522 ubi
710 5477 839 5530 dicit,
865 5483 1016 5523 totum
1052 5478 1251 5524 lterodis
1276 5481 1543 5526 exercitum
1567 5477 1748 5528 caesum
1780 5480 1932 5531 fuisse
1956 5486 2016 5531 ab
2029 5477 2174 5535 Areta

600 5538 783 5584 Arabia:
810 5543 1006 5585 t‘ctrzrze
1025 5550 1148 5598 rege
1170 5551 1180 5584 :
1211 5547 1261 5586 et
1286 5537 1404 5586 haue
1424 5541 1626 5597 cladem,
1645 5552 1914 5592 nouantem
1934 5547 2175 5596 excidium

596 5598 1016 5660 .ti-rosolvmorum,
1041 5601 1238 5648 Joannis
1285 5605 1500 5661 Baptistae
1537 5607 1640 5651 neci
1677 5605 1916 5654 adscribit.
1958 5615 2050 5655 aou
2085 5611 2174 5658 de-

600 5668 888 5729 s-uitautem
912 5662 1038 5709 inter
1065 5662 1190 5709 viros
1219 5661 1388 5729 doctus
1412 5664 1500 5729 qui
1539 5666 1663 5714 hunc
1688 5669 1886 5729 εοεαε-ιιι
1912 5669 1975 5717 de
1993 5677 2175 5720 Joanne

596 5723 800 5790 baptista
840 5723 992 5794 locum
1026 5731 1306 5793 suspectum
1349 5723 1572 5794 habeant.
1610 5727 1698 5778 sed
1736 5723 1838 5778 huic
1873 5729 2027 5780 fusius
2060 5746 2170 5794 lcr-

601 5786 736 5841 septi
777 5798 866 5831 non
903 5792 975 5833 est
1012 5788 1269 5846 piteseutis
1296 5786 1516 5836 instituti.

2301 467 2630 511 terrenarum
2665 469 2840 507 rerum
2871 453 3096 522 ealégiue
3131 453 3521 520 obtegebantnr
3544 493 3559 517 ,
3593 454 3690 508 hac
3721 452 3902 507 humi-

2301 547 2434 602 liore
2460 546 2680 614 egebant
2714 560 2860 598 Voce.
2893 544 2980 598 Sic
3003 559 3131 613 ergo
3158 543 3394 598 Jnautti's
3415 584 3427 600 .
3459 543 3577 613 quia
3607 545 3898 599 sensilibus

2298 656 2358 696 se
2383 641 2612 711 undique
2637 640 2804 703 exuit,
2833 639 3100 709 magistris
3131 638 3437 693 hominilms
3459 640 3474 669 ¹
3499 654 3632 707 opus
3659 656 3764 693 nou
3795 639 3896 692 ha-

2299 732 2432 794 buit.
2466 732 2557 788 sed
2590 748 2654 786 ex
2683 731 2816 786 czelo
2845 731 3087 786 eruditus
3115 741 3215 786 est.
3250 730 3378 784 Nam
3408 733 3500 795 ait,
3530 730 3627 797 Qui
3657 731 3790 784 misit
3821 749 3904 785 me

2299 824 2555 892 baptizare
2591 823 2641 875 in
2682 838 2816 890 aqua
2839 861 2853 883 ,
2895 821 2980 875 ille
3022 822 3147 875 mihi
3190 822 3317 875 dixit
3339 837 3359 874 .'
3385 821 3554 891 Super
3580 839 3727 889 quem
3760 823 3890 876 video

2298 915 2368 968 ris
2408 913 2656 983 Spiritum
2698 911 2792 966 Dei
2832 912 3210 966 dat-cadentem
3234 955 3248 974 ,
3297 912 3377 965 hic
3421 920 3513 965 εει.
3555 910 3722 967 Juda-i
3766 927 3902 965 rem

2297 1005 2472 1057 adlmc
2516 1003 2783 1070 infantes,
2813 1003 2904 1073 qui
2953 1002 3018 1057 ad
3063 1001 3398 1057 altitudinem
3449 1001 3590 1056 illam
3632 1003 3902 1071 attingi-re

2299 1096 2533 1150 nondum
2578 1105 2861 1166 poterant,
2902 1095 3170 1150 hominem
3227 1094 3495 1150 habebant
3540 1097 3901 1166 magistrum,

2298 1201 2402 1239 non
2447 1201 2542 1240 sua
2573 1185 2651 1240 eis
2676 1227 2689 1249 ,
2721 1184 2813 1240 sed
2851 1185 3082 1240 c.rlestia
3127 1186 3554 1240 annuntiantem.
3596 1187 3731 1252 Quid
3764 1203 3902 1255 etgat

2299 1275 2382 1328 hic
2408 1277 2681 1346 loquitur?
2705 1276 2729 1328 J
2740 1293 2826 1346 pse
2849 1277 3184 1329 testimonium
3207 1278 3430 1346 perhibet
3453 1278 3516 1330 de
3536 1294 3612 1342 eo,
3639 1287 3685 1331 et
3705 1280 3900 1331 clamat

2296 1367 2485 1419 dicen...
2515 1367 2652 1434 Quid
2679 1367 2778 1420 sibi
2805 1368 2909 1421 vult
2941 1368 3089 1432 illati,
3116 1367 3356 1421 Clamat?
3377 1367 3508 1423 Cum
3533 1369 3745 1432 fiducia,
3769 1386 3898 1424 cum

2297 1458 2542 1514 libertate
2563 1502 2576 1524 ,
2609 1461 2752 1515 omni
2783 1461 2989 1530 abjecta
3017 1460 3300 1516 formidine
3329 1462 3607 1530 prmdiml.
3640 1462 3776 1530 Quid
3812 1474 3898 1518 tc-

2295 1561 2466 1606 statur
2495 1563 2549 1608 ct
2573 1552 2802 1607 clamat?
2832 1552 2934 1606 llic
2960 1563 3090 1619 erat,
3117 1555 3306 1624 inquit,
3331 1570 3478 1624 quem
3507 1555 3634 1618 dixi,
3665 1556 3752 1622 qui
3779 1566 3899 1623 post

2295 1664 2375 1701 me
2400 1650 2548 1712 venit,
2578 1656 2698 1700 ante
2720 1663 2799 1701 me
2821 1647 2986 1716 [actus
3009 1655 3101 1714 εει,
3125 1647 3244 1716 quia
3272 1646 3412 1717 prior
3435 1663 3512 1698 me
3536 1657 3661 1700 erat.
3688 1645 3898 1700 Obscu-

2295 1754 2414 1792 rtuu
2453 1747 2536 1793 est
2567 1739 2927 1794 testimonium
2954 1780 2969 1804 ,
3001 1747 3055 1792 et
3083 1738 3259 1793 adlme
3290 1737 3445 1792 valde
3478 1738 3678 1796 humile
3706 1753 3767 1792 ac
3796 1737 3900 1792 de~

2295 1830 2538 1884 missum.
2581 1828 2696 1884 Non
2722 1829 2863 1884 enim
2889 1829 3066 1895 dixit,
3099 1829 3194 1884 llic
3220 1839 3301 1884 est
3333 1828 3499 1884 Filius
3533 1830 3623 1883 Dei
3653 1829 3902 1899 unigeni-

2297 1930 2381 1975 tus
2403 1922 2424 1952 ²
2450 1939 2463 1974 :
2498 1920 2591 1975 sed
2621 1919 2788 1989 quid?
2823 1919 2920 1973 llic
2946 1929 3054 1974 erat
3089 1937 3233 1990 quem
3267 1920 3376 1975 dixi
3401 1963 3414 1983 ,
3443 1923 3533 1992 qui
3572 1930 3681 1989 post
3717 1921 3852 1975 venit
3880 1963 3896 1984 ,

2292 2022 2411 2067 ante
2435 2029 2511 2067 nte
2530 2014 2694 2083 {actus
2723 2023 2817 2082 est,
2849 2015 2968 2084 quia
2997 2014 3136 2083 prior
3167 2031 3244 2068 me
3272 2025 3398 2067 erat.
3427 2013 3896 2104 Quemadmodum

2293 2107 2436 2160 enim
2462 2107 2789 2162 avicularum
2829 2116 3026 2162 matres
3063 2108 3237 2178 pullos
3264 2122 3392 2162 suos
3431 2123 3536 2162 non
3576 2108 3757 2162 statim
3792 2122 3900 2163 nee

2295 2211 2401 2250 uno
2441 2196 2528 2252 die
2557 2197 2765 2253 volandi
2797 2207 2965 2252 artem
3006 2208 3167 2252 totam
3209 2197 3472 2264 educent,
3500 2198 3591 2253 sed
3625 2199 3796 2268 primo
3827 2215 3898 2253 ex

2295 2289 2420 2343 nido
2446 2290 2681 2345 educunt
2709 2299 2935 2353 tantum,
2963 2289 3157 2345 deinde
3184 2307 3211 2343 ιι
3243 2291 3418 2344 volatu
3451 2291 3789 2361 requiescere
3821 2291 3898 2344 si-

2295 2393 2449 2448 nunt,
2478 2392 2596 2452 post
2618 2383 2943 2437 advolatum
2969 2392 3242 2449 exercent,
3269 2383 3460 2454 dieque
3482 2394 3693 2454 postera
3722 2385 3898 2440 multo

2294 2475 2704 2544 unjusvolaudi
2735 2475 3049 2531 exercitium
3076 2477 3300 2544 addunt,
3333 2479 3518 2546 sicque
3548 2479 3796 2549 paulatim
3829 2495 3898 2535 ac

2293 2567 2493 2628 sensim
2535 2568 2601 2621 ad
2651 2577 3036 2638 congruentem
3090 2569 3426 2624 altitudinem
3473 2568 3708 2626 educunt
3755 2588 3769 2622 :
3819 2572 3895 2624 ita

2297 2661 2480 2716 beatus
2506 2661 2738 2716 Joannes
2770 2677 2875 2716 non
2905 2661 3084 2717 statim
3117 2661 3183 2717 ad
3215 2663 3459 2717 sublimia
3489 2661 3702 2717 ὶιιιιςεοε
3729 2663 3895 2717 dedu-

2293 2751 2367 2805 xit
2390 2767 2403 2816 ;
2435 2752 2528 2806 sed
2559 2753 2827 2822 paululum
2850 2769 2880 2810 e
2909 2763 3049 2808 terra
3077 2754 3258 2810 educit
3279 2765 3332 2810 et
3357 2756 3536 2810 volare
3559 2755 3733 2818 docet,
3761 2771 3893 2810 cum

2291 2841 2403 2904 ait,
2430 2840 2702 2897 Christum
2727 2859 2784 2898 se
2813 2843 3089 2899 meliorem
3125 2860 3264 2900 esse.
3298 2844 3482 2916 Neque
3513 2847 3655 2900 enim
3698 2861 3892 2916 parum

2293 2929 2507 2986 interim
2559 2932 2687 2986 illud
2729 2941 2878 2999 erat,
2913 2933 3056 3002 quod
3093 2935 3366 2990 auditores
3408 2935 3629 2992 credere
3670 2947 3896 3007 possent

2294 3021 2466 3086 illum,
2495 3025 2583 3093 qui
2614 3025 2848 3079 nondum
2881 3025 3026 3080 visus
3054 3025 3260 3093 fuerat,
3293 3043 3390 3082 nec
3421 3028 3671 3082 miracula
3700 3029 3893 3084 edide-

2293 3123 2391 3175 rat,
2414 3129 2532 3168 esse
2556 3114 2810 3182 majorem
2830 3115 3055 3175 Joanne.
3079 3126 3183 3171 tam
3211 3118 3437 3173 mirabili
3460 3129 3512 3173 et
3535 3119 3724 3174 illustri
3749 3121 3892 3184 viro,

2289 3205 2354 3258 ad
2385 3222 2542 3275 quem
2571 3222 2759 3262 omnes
2783 3210 3139 3263 accurrebant
3157 3251 3174 3276 ,
3203 3227 3468 3280 quemque
3495 3214 3740 3281 angelum
3765 3228 3896 3267 esse

2291 3298 2566 3364 putabant.
2600 3297 2816 3354 interim
2852 3317 2980 3357 vero
3018 3302 3067 3356 id
3107 3303 3409 3358 auditorum
3439 3305 3634 3359 animis
3661 3306 3894 3362 suadere

2289 3389 2582 3445 conabatur
2604 3431 2621 3459 ,
2650 3407 2798 3458 cum,
2830 3392 2899 3449 de
2927 3411 3032 3463 quo
3065 3397 3431 3450 testimonium
3463 3398 3850 3467 perhibebantur
3877 3443 3895 3467 ,

2288 3483 2602 3552 perbibcute
2637 3485 2895 3555 majorem
2933 3501 3075 3552 esse,
3112 3503 3183 3542 eo
3224 3489 3313 3558 qui
3348 3489 3459 3558 jam
3497 3500 3716 3546 venerat
3761 3508 3894 3546 cuin

2289 3575 2376 3643 qui
2405 3585 2660 3630 venturus
2691 3586 2839 3642 erat,
2869 3579 3158 3648 conspicuo
3184 3589 3242 3634 et
3269 3579 3459 3634 illustri
3487 3597 3610 3635 eum
3635 3583 3724 3652 qui
3754 3599 3899 3637 non-

2289 3665 2416 3718 dum
2444 3675 2758 3735 apparuerat
2789 3682 2911 3723 esse
2937 3670 3386 3738 pra-stantiorem.
3419 3671 3554 3728 Vide
3578 3689 3735 3742 quam
3763 3690 3888 3744 pru-

2290 3756 2479 3810 denter
2511 3757 2870 3814 testimouium
2913 3760 3168 3828 proferat.
3209 3761 3322 3814 Non
3367 3773 3686 3830 prmseutem
3727 3767 3900 3819 modo

2288 3848 2540 3914 ostendit,
2561 3850 2654 3904 sed
2676 3861 2961 3923 antequam
2981 3865 3236 3923 appareat
3260 3855 3534 3925 priedicat.
3561 3857 3694 3912 illud
3717 3860 3892 3923 enim,

2295 3940 2389 3993 Hic
2429 3951 2501 3996 εει
2541 3959 2689 4007 quem
2727 3943 2872 4010 dixi,
2919 3944 2970 3998 id
3012 3947 3274 4015 significat
3301 3989 3315 4014 ,
3348 3952 3796 4019 quemadmodum
3837 3966 3896 4008 et

2289 4029 2566 4086 Mattba-us
2606 4033 2680 4086 ait
2713 4031 3013 4089 :Oumibus
3052 4036 3141 4106 qui
3187 4037 3252 4091 ad
3304 4055 3363 4093 se
3405 4041 3689 4096 veniebant
3736 4044 3894 4098 dice.-

2289 4119 2378 4173 bat
2410 4139 2422 4173 :
2456 4121 2563 4188 Ego
2593 4124 2794 4191 quidem
2825 4125 3026 4194 baptizo
3056 4144 3140 4181 vos
3167 4129 3220 4182 iu
3249 4146 3383 4200 aqua
3412 4147 3430 4184 :
3457 4133 3546 4202 qui
3577 4144 3743 4186 autem
3774 4147 3894 4203 post

2288 4228 2367 4264 me
2393 4213 2544 4279 renit,
2573 4215 2752 4283 fortior
2779 4233 2856 4270 me
2880 4227 2974 4284 εει,
3003 4219 3154 4285 cujus
3181 4237 3271 4291 ego
3299 4238 3399 4275 non
3431 4239 3543 4275 sum
3570 4225 3754 4295 dignm
3783 4229 3895 4279 ιυι.

2287 4317 2397 4357 vere
2427 4305 2697 4376 corrigiam
2731 4307 3057 4363 calceamenti
3088 4309 3318 4380 (Matth.
3360 4313 3413 4368 5.
3448 4313 3505 4367 11
3617 4315 3722 4369 Cur
3751 4331 3892 4384 ergo

2286 4405 2568 4466 antequam
2598 4407 2917 4468 appareret,
2953 4401 3021 4456 ita
3061 4402 3312 4473 loquutus
3341 4403 3562 4460 esti-Ut
3605 4416 3893 4476 acceptum

2285 4496 2428 4541 esset
2455 4491 2762 4558 apparentis
2790 4491 3156 4547 testimonium
3179 4537 3193 4560 ,
3219 4494 3326 4563 jam
3355 4495 3661 4551 audilomm
3691 4500 3894 4554 animis

2285 4576 2350 4631 ad
2379 4577 2480 4633 hoc
2505 4581 2778 4649 apparatis
2801 4597 2893 4651 per
2912 4581 3134 4638 Joannis
3155 4600 3460 4640 sermonem
3483 4603 3498 4652 ;
3530 4603 3662 4643 neve
3683 4586 3892 4645 Cluiin

2287 4669 2390 4723 vile
2422 4669 2787 4726 imlumentum
2814 4671 3055 4728 officeret
3093 4675 3192 4743 ipsi
3223 4675 3262 4727 ³.
3297 4675 3429 4730 Nam
3461 4678 3560 4733 nisi
3591 4678 3789 4746 aliquid
3817 4681 3895 4736 de

2287 4758 2496 4812 Christo
2521 4760 2796 4816 audissent
2823 4771 3108 4834 antequam
3139 4765 3288 4820 illum
3317 4767 3580 4834 viderent,
3613 4770 3713 4822 nisi
3745 4773 3894 4825 testi-

2287 4852 2519 4905 monium
2544 4852 2670 4907 illud
2697 4870 2946 4925 magmuu
2970 4867 3021 4910 et
3050 4857 3294 4912 mirabile
3317 4858 3383 4912 de
3412 4860 3503 4913 illo
3525 4850 3889 4932 accepissent,

2287 4941 2496 4999 habitus
2529 4945 2799 5001 humilitas
2831 4950 3009 5002 statim
3042 4949 3305 5005 dictorum
3334 4936 3684 5021 magnitudini
3714 4953 3893 5009 obsti-

2288 5036 2455 5092 tisset.
2491 5038 2732 5095 Christus
2759 5043 2901 5096 enim
2932 5051 3037 5096 tam
3072 5044 3226 5097 trivio
3257 5054 3310 5099 et
3339 5047 3540 5114 vulgari
3574 5047 3760 5102 habitu
3801 5050 3892 5103 in-

2283 5129 2504 5183 cedebat
2527 5176 2540 5194 ,
2570 5139 2628 5183 ut
2657 5140 2710 5184 et
2745 5131 3094 5186 Samaritaiue
3124 5136 3411 5203 mulieres,
3441 5145 3495 5192 ct
3531 5139 3849 5194 meretrices
3874 5183 3892 5206 ,

2284 5230 2336 5272 et
2368 5222 2632 5289 publicani
2666 5237 2784 5276 cum
2829 5239 3016 5292 magna
3049 5225 3384 5301 libertateac
3413 5228 3601 5284 fiducia
3633 5230 3697 5285 ad
3731 5230 3892 5289 illum

2285 5311 2603 5366 accederent
2635 5314 2916 5384 ipsumque
2941 5317 3362 5386 alloquercntur.

2347 5491 2362 5557 ξ
2400 5490 2539 5557 sat-il.
2575 5491 3013 5557 habcltmagistria
3036 5499 3160 5548 aliis.

2281 5551 2565 5675 μιὶιδωωυτ
2593 5562 2699 5616 Ροδι
2745 5551 3052 5619 Ιιιειῖγειὺδ,
3086 5565 3169 5612 Dei
3209 5561 3495 5628 unigenitus,
3532 5567 3682 5627 a:t:|it,
3731 5580 3879 5620 rem:

2347 5677 2367 5706 ³
2384 5675 2594 5749 nouitium
2621 5679 2882 5749 lialu'ut...”
2905 5681 3114 5749 ofﬁceret
3141 5683 3233 5747 ipsi
3250 5722 3262 5740 .
3284 5687 3370 5736 sed
3396 5696 3444 5737 nt
3471 5698 3626 5749 ρυεειτι
3644 5692 3873 5742 ιίιηοηηη

2281 5737 2342 5812 ab
2376 5735 2617 5786 hominum
2653 5743 2825 5792 muniis
2848 5735 3033 5796 ordire.
3065 5746 3116 5796 ln
3145 5735 3301 5810 textu,
3340 5735 3394 5798 sa
3430 5735 3873 5812 ξιῖὲιίιεέζῖιιέιῖὶί

2284 5811 2381 5846 tuo:
2409 5815 2676 5862 sequimur.
