4164 6320
232 356 295 411 8’)
1317 349 1379 405 ΙΝ
1419 345 1731 427 τυλκηκλι
1777 343 1837 397 ΙΙ(

1950 342 2007 396 Ιι.
2044 343 2180 400 ΧΙΙΙ.
2218 346 2286 399 al.
2332 345 2447 401 XII.
3497 359 3569 410 illi

301 473 354 528 ὃ.
384 472 455 529 Ut
487 484 626 541 ergo
665 469 774 525 dixi
801 510 814 528 ,
858 467 902 521 si
948 464 1063 519 lucc
1090 461 1248 519 verba
1283 461 1442 517 simul
1483 460 1758 516 audissent
1791 467 1844 511 et

234 567 405 634 ipsum
432 562 720 621 vidissent,
743 559 964 615 Joannis
986 555 1348 613 testimonium
1375 554 1685 608 irrisisscnt.
1705 552 1839 605 Cum

234 668 361 709 vero
390 662 518 708 ante
548 651 752 707 Christi
784 650 1070 705 adventum
1104 646 1153 700 id
1182 660 1327 715 serpe
1354 644 1665 711 audissent,
1697 653 1749 697 et
1777 659 1839 697 ex

232 748 389 803 dictis
420 745 641 800 videndi
686 743 936 813 cupidine
980 737 1231 793 concitati
1261 746 1475 799 essent.
1508 736 1839 790 contrarium

232 838 431 893 accidit
456 856 470 892 :
497 852 672 907 neque
702 836 819 889 viso
851 832 943 887 illo
972 830 1040 885 de
1069 844 1176 900 quo
1206 826 1570 882 testimonium
1601 826 1840 897 perhibi-

234 940 343 984 tum
379 928 595 991 fuerat,
639 927 755 996 ejus
793 921 1092 978 doctrinam
1121 919 1466 989 abjecerunt,
1516 917 1613 973 sed
1641 933 1704 972 ex
1741 918 1842 972 lidc

232 1038 393 1092 quam
436 1036 505 1075 ex
534 1018 692 1073 dictis
721 1022 1082 1085 conceperant
1106 1054 1120 1078 ,
1171 1012 1346 1082 ipsum
1371 1010 1654 1067 clariorem
1684 1020 1835 1078 puta-

234 1124 382 1169 runt.
419 1111 553 1167 Illud
584 1120 786 1175 autem,
822 1108 924 1175 Qui
950 1116 1061 1178 post
1090 1122 1170 1160 me
1192 1116 1437 1161 venturus
1466 1113 1559 1171 est,
1589 1102 1692 1159 hoc
1719 1112 1802 1158 est
1822 1144 1837 1167 ,

235 1207 667 1279 pranlicaturus,
722 1217 859 1265 non,
913 1201 1142 1255 futurus.
1201 1196 1316 1253 Hoc
1360 1195 1503 1253 enim
1559 1194 1840 1249 Mattha-us

229 1311 449 1370 quoque
477 1293 748 1366 signiﬁcat
789 1306 911 1347 cum
942 1289 1046 1354 ait,
1082 1288 1207 1344 Post
1236 1305 1317 1342 me
1340 1289 1473 1342 venit
1498 1287 1609 1353 uir;
1640 1303 1744 1341 non
1772 1286 1840 1342 de

232 1394 347 1459 ejus
374 1405 441 1444 ex
465 1387 629 1443 Maria
653 1384 1002 1457 generatione
1029 1383 1274 1453 loquens,
1304 1379 1399 1436 sed
1422 1378 1491 1435 de
1513 1378 1746 1433 adventu
1772 1379 1838 1441 ad

234 1477 663 1552 pmdicandum.
694 1476 825 1532 Nam
851 1475 897 1530 si
924 1474 992 1529 de
1019 1472 1369 1546 generatione
1393 1472 1647 1543 loquutus
1672 1480 1836 1536 esset,

232 1589 339 1627 non
361 1572 588 1626 dixisset
609 1569 678 1625 de
699 1565 972 1640 pra-senti,
1004 1564 1098 1621 sed
1124 1564 1193 1621 de
1222 1564 1496 1635 prmterito
1522 1557 1665 1634 {jam
1693 1565 1837 1618 enim

231 1676 392 1722 natus
422 1675 543 1721 erat
571 1664 817 1720 Christus
840 1702 857 1727 ,
890 1677 1012 1717 cum
1042 1660 1159 1716 ltzrc
1188 1659 1423 1717 Joannes
1447 1658 1655 1714 diceret
1700 1658 1837 1727 Quid

229 1768 410 1815 autem
458 1756 727 1828 signiﬁcat
775 1753 937 1820 illud,
988 1753 1119 1807 Ante
1164 1769 1242 1806 me
1281 1751 1449 1820 factus
1493 1750 1840 1805 est?Clarior

233 1864 432 1920 nempe
478 1863 543 1903 ac
585 1844 935 1917 splendidior.
980 1842 1112 1898 Nam
1161 1842 1303 1914 quod
1350 1842 1499 1911 prior
1540 1840 1839 1911 pmdiezms

231 1944 473 1999 venerim
496 1955 618 2012 ego,
647 1953 717 1994 ne
746 1954 832 1993 me
855 1938 974 1992 ideo
997 1935 1255 2006 majorem
1278 1948 1401 1991 esse
1423 1933 1655 2005 putetis:
1680 1932 1838 2003 longe

232 2036 412 2091 minor
437 2048 539 2104 ego
567 2047 686 2087 sum
710 2073 724 2097 ,
755 2040 810 2087 et
837 2043 1005 2101 usque
1036 2029 1174 2083 adeo
1203 2028 1381 2083 minor
1399 2070 1414 2094 ,
1444 2036 1503 2082 ut
1528 2042 1597 2083 ne
1619 2027 1837 2099 quidem

231 2130 375 2183 illius
405 2140 597 2182 servus
633 2123 845 2181 censeri
891 2123 1083 2193 dignus
1128 2121 1249 2177 sim.
1296 2120 1351 2177 id
1398 2121 1541 2176 enim
1573 2122 1838 2190 signiﬁcat

230 2220 359 2276 illud
382 2263 396 2279 ,
432 2221 563 2273 Ante
591 2233 671 2271 me
710 2218 876 2287 factus
914 2224 985 2268 est
1017 2234 1034 2269 :
1066 2212 1209 2284 Quod
1248 2213 1354 2268 alio
1396 2212 1634 2266 declarat
1675 2213 1837 2266 modo

228 2310 520 2366 Manlia-ns
550 2308 636 2369 his
660 2305 841 2361 verbis
865 2345 882 2369 ,
934 2300 1057 2359 Non
1094 2320 1206 2359 sum
1233 2304 1421 2375 dignus
1448 2304 1643 2359 soluere
1670 2305 1832 2358 corri-

227 2406 365 2474 giam
395 2399 726 2456 culceamenti
755 2401 886 2470 ejus.
918 2397 1073 2465 Quod
1102 2412 1233 2452 vero
1274 2396 1443 2475 illud,
1478 2397 1608 2451 Ante
1634 2414 1715 2451 me
1756 2400 1836 2469 fu-

227 2507 338 2548 mis
362 2504 453 2557 est,
486 2507 593 2547 non
623 2492 949 2561 intelligatur
968 2488 1035 2543 de
1056 2488 1256 2544 Christi
1282 2497 1423 2551 ortu,
1457 2504 1522 2544 ex
1552 2488 1654 2545 hoc
1678 2488 1833 2542 addi-

230 2595 470 2639 tt‘tlttcnlu
497 2592 660 2654 patet.
696 2582 831 2637 Nam
852 2582 897 2636 si
919 2581 971 2637 id
993 2580 1175 2636 dicere
1194 2580 1470 2643 voluisset,
1503 2581 1833 2651 superﬂuum

228 2678 421 2731 luisset
445 2675 496 2731 id
520 2675 659 2746 quod
688 2672 923 2739 additur,
950 2671 1086 2739 Quia
1110 2672 1252 2742 prior
1275 2688 1355 2726 me
1374 2681 1501 2727 erat.
1536 2671 1666 2740 Quis
1690 2675 1831 2728 enim

230 2769 518 2824 itastultus
537 2777 591 2823 et
613 2766 876 2836 insipiens
896 2770 979 2821 est
1005 2773 1062 2818 ut
1088 2764 1321 2835 ignoret,
1352 2779 1476 2818 eum
1504 2764 1593 2833 qui
1623 2772 1748 2820 ante
1774 2780 1835 2821 se

230 2862 404 2917 fectus
432 2861 589 2916 fuerit
616 2875 677 2915 se
704 2859 937 2930 priorem
968 2858 1135 2913 esse?
1171 2856 1323 2924 Quod
1349 2857 1391 2911 si
1424 2857 1474 2910 id
1502 2856 1570 2912 de
1602 2859 1687 2912 illa
1716 2876 1834 2928 qua:

228 2968 351 3010 ante
383 2953 581 3008 smcula
609 2962 690 3006 cst
716 2951 1027 3005 exsistcntia
1055 2949 1403 3020 intelligatur,
1436 2949 1568 3004 nihil
1591 2951 1733 3005 aliud
1756 2952 1833 3006 si-

228 3046 449 3118 gniﬁcat
474 3044 674 3098 dictum
704 3041 853 3108 illud,
884 3041 986 3097 nisi
1018 3039 1142 3107 hoc,
1167 3038 1270 3106 Qui
1298 3050 1410 3111 post
1432 3057 1512 3095 me
1535 3043 1690 3108 venit,
1717 3055 1836 3099 ante

229 3141 495 3210 arefacta:
514 3144 610 3190 est.
631 3134 883 3205 Alioquin
902 3142 1080 3189 autem
1100 3132 1202 3189 hoc
1218 3131 1614 3189 inconsiderate
1634 3134 1835 3190 dictum

229 3241 414 3298 esset,
462 3238 522 3285 et
560 3242 722 3285 causa
755 3236 959 3283 temere
986 3228 1223 3297 projecta
1250 3226 1461 3282 inisset.
1494 3226 1626 3282 Nam
1658 3229 1701 3281 si
1734 3229 1835 3283 hoc

229 3321 539 3394 signiﬁcare
564 3318 857 3386 voluisset,
888 3317 1173 3374 contrario
1205 3316 1366 3374 modo
1392 3331 1481 3373 res
1504 3318 1834 3373 enuntianda

228 3425 366 3481 crat,
394 3414 497 3483 Qui
527 3420 647 3485 post
682 3427 768 3468 me
794 3411 960 3477 venit,
996 3410 1143 3481 prior
1163 3425 1252 3465 me
1272 3418 1409 3477 erat,
1442 3410 1567 3480 quia
1594 3419 1720 3465 autc
1749 3426 1835 3467 me

230 3510 401 3563 iactus
419 3516 525 3563 est.
545 3504 680 3561 Nam
702 3502 843 3574 quod
865 3501 1081 3573 quidam
1110 3501 1257 3571 prior
1281 3501 1374 3568 sit,
1403 3501 1527 3571 jure
1552 3502 1674 3572 quis
1699 3501 1835 3558 hanc

229 3614 447 3656 causam
491 3594 739 3660 dederit,
787 3594 933 3666 quod
966 3593 1125 3665 prior
1149 3592 1331 3649 factus
1360 3592 1430 3648 sit
1451 3594 1468 3625 ⁸
1491 3611 1505 3647 :
1529 3593 1672 3664 quod
1705 3610 1836 3650 vero

232 3695 382 3765 prior
423 3692 599 3749 factus
618 3690 735 3755 sit,
768 3704 876 3745 non
906 3687 960 3745 id
998 3688 1051 3743 in
1079 3702 1244 3743 causa
1285 3695 1368 3743 est
1396 3687 1538 3759 quod
1564 3688 1636 3742 sit
1665 3689 1832 3758 prior.

228 3786 381 3854 Quod
412 3798 543 3840 vero
570 3797 671 3839 nos
706 3781 935 3837 dicimus
954 3822 970 3845 ,
1003 3779 1156 3835 lirma
1197 3780 1408 3835 ratione
1437 3780 1645 3835 nititur.
1672 3778 1834 3836 Scitis

226 3880 424 3949 quippe
450 3892 664 3942 omnes,
707 3890 816 3931 non
858 3873 1299 3935 manifestatum,
1339 3874 1435 3928 sed
1480 3874 1832 3929 obscurorum

229 3984 446 4023 causam
476 3981 600 4024 esse
628 3980 845 4035 semper
873 3963 1223 4021 aliut-endam.
1249 3962 1401 4032 Quod
1428 3965 1473 4018 si
1502 3963 1571 4019 de
1597 3953 1832 4019 essentia

229 4076 410 4118 sermo
424 4068 601 4127 esset,
632 4074 741 4115 non
772 4065 917 4114 esset
947 4058 1263 4122 obscurum,
1305 4070 1429 4111 eum
1460 4056 1549 4125 qtti
1580 4056 1729 4125 prior
1758 4056 1837 4110 l‘a-

228 4164 347 4211 ctus
366 4154 457 4209 sit.
480 4152 715 4223 priorem
739 4163 859 4205 esse
878 4158 1169 4222 oportere;
1194 4146 1320 4218 quia
1340 4157 1521 4202 autem
1544 4146 1611 4203 de
1629 4146 1837 4204 honore

229 4247 468 4308 disserit,
497 4244 621 4315 jure
643 4257 913 4314 eam-qna:
942 4240 1226 4297 videbatur
1257 4237 1438 4294 inesse
1462 4238 1834 4295 dil'licultatem

230 4338 408 4393 solvit.
438 4334 573 4391 Nam
603 4332 897 4390 verisimile
916 4342 1018 4397 est,
1051 4330 1253 4386 multos
1281 4329 1334 4384 in
1363 4327 1586 4385 dubium
1613 4341 1837 4385 vocatu-

233 4445 321 4487 ros
349 4444 495 4496 csse,
524 4442 621 4483 cur
646 4436 699 4482 ct
719 4441 823 4497 qua
845 4426 912 4482 de
932 4438 1094 4481 causa
1124 4424 1173 4479 is
1197 4422 1287 4494 qui
1312 4424 1578 4494 posterior
1597 4424 1833 4485 advenit,

233 4524 383 4593 prior
420 4523 521 4587 sit;
561 4518 622 4574 id
649 4528 733 4575 est
754 4560 771 4586 ,
816 4516 1190 4573 honorabilior
1221 4516 1369 4570 visus
1390 4514 1486 4571 sit.
1514 4513 1685 4586 Hujus
1709 4531 1840 4585 ergo

231 4615 549 4687 quastionis
575 4611 760 4669 statim
786 4625 1009 4668 causam
1054 4618 1108 4665 et
1140 4608 1462 4665 solutionem
1493 4608 1669 4672 alTert,
1705 4609 1840 4676 Quia

235 4709 376 4775 prior
402 4722 482 4761 me
508 4714 637 4761 erat.
668 4703 853 4774 Neque
894 4702 1037 4758 enim
1060 4742 1075 4767 ,
1108 4701 1301 4772 inquit,
1331 4699 1564 4770 quodam
1597 4701 1839 4771 profectu

232 4813 443 4865 auctus,
475 4813 563 4854 me
587 4798 769 4869 priore
791 4808 1085 4853 retrorsum
1107 4794 1343 4864 abiecto,
1365 4793 1511 4864 prior
1537 4794 1651 4863 ipse
1674 4794 1842 4848 lactus

231 4904 351 4959 est;
386 4895 482 4948 sed
512 4889 671 4946 Prior
697 4906 778 4944 tne
797 4898 930 4955 erat,
958 4888 1061 4944 etsi
1094 4886 1365 4957 posterior
1391 4885 1665 4940 adveniat.

309 4981 589 5053 Propheta
626 4981 804 5051 futura
840 4987 908 5034 ut
926 4980 1041 5051 jam
1070 4978 1211 5049 facta
1236 4991 1376 5048 carpe
1402 4977 1659 5031 nuntiant.
1680 5004 1754 5018 —-
1774 4975 1843 5032 Et

231 5073 544 5145 quomodo,
595 5071 845 5143 inquies,
890 5071 937 5126 si
987 5069 1057 5127 de
1090 5068 1388 5141 conspicuo
1424 5068 1546 5140 eius
1574 5068 1837 5135 adventu,

204 5164 411 5240 'deque
452 5167 623 5239 gloria
666 5165 844 5236 ipsum
888 5172 1181 5236 exceptura
1230 5176 1411 5219 sermo
1446 5170 1551 5229 est,
1603 5161 1655 5216 id
1699 5162 1840 5231 quiod

239 5259 477 5313 nondum
513 5257 678 5314 linem
707 5264 995 5327 acceperat
1040 5265 1099 5310 ut
1136 5256 1249 5327 jam
1294 5254 1490 5310 factum
1539 5253 1706 5309 dicit?
1738 5272 1841 5307 non

237 5352 383 5405 enim
408 5350 573 5412 dicit,
607 5349 759 5413 Fiet;
801 5349 895 5403 sed
917 5387 933 5413 ,
976 5345 1170 5401 Factus
1215 5357 1308 5400 est.
1335 5345 1469 5412 Quia
1503 5345 1553 5399 id
1579 5346 1690 5415 jam
1717 5346 1842 5400 olim

242 5439 521 5510 prophetis
547 5443 600 5494 in
630 5454 781 5494 more
804 5439 918 5503 iuit,
938 5439 1027 5508 qui
1055 5438 1126 5491 de
1153 5437 1348 5492 futuris
1375 5437 1538 5491 rebus
1560 5437 1713 5506 quasi
1733 5437 1841 5505 jant

238 5532 396 5588 factis
425 5523 737 5604 loquuntur.
772 5532 903 5586 Nam
950 5531 1111 5585 Isaias
1141 5530 1209 5586 de
1254 5545 1387 5586 nece
1418 5531 1561 5586 illius
1588 5530 1728 5601 loqui
1752 5545 1841 5596 ns,

242 5640 348 5679 non
390 5625 543 5691 dixit,
596 5624 898 5695 Tamquam
938 5625 1055 5679 ovis
1098 5623 1164 5678 ad
1209 5625 1538 5678 occisionem
1582 5624 1842 5690 ducetur,

243 5716 385 5787 quod
417 5715 653 5772 futurum
686 5726 833 5783 erat;
861 5716 977 5783 sed,
1009 5714 1286 5785 Tamquam
1314 5718 1419 5771 oris
1445 5717 1513 5769 ad
1543 5718 1843 5772 occisionem

290 5855 327 5882 ’³
368 5847 495 5914 llaec,
523 5849 653 5917 quod
677 5849 814 5914 prior
839 5850 994 5913 frictus
1025 5849 1114 5911 sit,
1135 5848 1315 5900 desunt
1340 5850 1389 5897 iu
1412 5847 1554 5900 savii.

1954 458 2137 513 ductus
2186 470 2257 515 cst
2298 460 2452 533 (lsai.
2504 462 2593 517 55.
2646 462 2728 530 7).
2776 463 2939 533 Atqui
2979 466 3219 521 nomium
3254 466 3565 523 incarnatus

1953 562 2096 618 erat;
2128 553 2221 609 sed
2247 555 2297 609 id
2322 554 2462 624 quod
2495 553 2730 610 futurum
2748 566 2886 621 erat,
2917 558 3177 627 propheta
3195 560 3346 631 quasi
3369 559 3565 616 factum

1955 655 2156 701 narrat.
2206 647 2271 702 Et
2303 648 2469 701 David
2512 663 2731 706 crucem
2758 650 3101 721 signiﬁcans,
3134 667 3239 705 non
3269 652 3400 707 dixit
3423 672 3433 703 :
3456 652 3563 707 Fo-

1951 738 2102 793 dicnt
2147 754 2337 794 manus
2380 755 2527 795 meas
2572 750 2626 795 ct
2676 740 2841 812 pedes
2878 756 3062 807 meos;
3113 741 3242 805 sed,
3295 740 3566 798 Fuderunt

1950 848 2132 886 manus
2171 848 2308 886 mea:
2353 842 2401 886 et
2440 833 2591 903 pedes
2632 849 2803 900 meos;
2842 841 2916 900 et,
2966 832 3258 887 Diaisrrunt
3285 836 3381 888 sibi
3408 837 3562 889 aceti-

1950 935 2118 976 attenta
2136 939 2266 988 mea,
2291 931 2336 976 et
2358 939 2510 993 super
2530 934 2709 978 uestem
2735 940 2895 977 meam
2920 926 3164 979 miserunt
3184 924 3559 995 sortemU’sat.

1947 1015 2038 1068 2i.
2073 1017 2161 1071 l7.
2191 1025 2237 1069 et
2269 1013 2395 1086 19)..
2438 1014 2507 1069 Et
2551 1014 2620 1070 de
2670 1015 2944 1084 proditore
2987 1015 3149 1070 verba
3190 1015 3427 1080 faciens,
3470 1017 3560 1086 qui

1949 1109 2185 1164 nondum
2225 1117 2385 1165 natus
2427 1118 2577 1173 erat,
2620 1108 2701 1165 sic
2739 1109 2846 1163 ait:
2871 1107 2970 1175 Qui
3001 1108 3178 1163 edebat
3207 1125 3362 1178 panes
3390 1124 3557 1173 meos,

1948 1202 2295 1273 nmgniﬁcaoit
2325 1218 2478 1273 super
2520 1217 2601 1256 me
2627 1201 3093 1271 supplantationem
3119 1199 3292 1273 (Psal.
3323 1202 3412 1258 40.
3446 1201 3557 1271 l0).

1948 1292 2210 1347 Similiter
2240 1302 2294 1347 et
2319 1291 2492 1347 dc-iis
2531 1308 2650 1362 qtae
2690 1292 2741 1345 in
2769 1305 2931 1345 cruce
2960 1290 3305 1362 contigerunt
3331 1291 3559 1362 loquens

1946 1384 2113 1438 dicit:
2140 1381 2399 1438 Dederuut
2426 1384 2478 1435 in
2505 1398 2672 1436 escam
2698 1398 2861 1436 meum
2893 1380 2984 1453 fel,
3012 1391 3059 1435 et
3091 1383 3143 1436 in
3170 1384 3253 1436 siti
3280 1399 3391 1436 mea
3414 1393 3561 1451 potn-

1947 1483 2127 1528 verunt
2154 1490 2233 1528 me
2254 1482 2395 1527 aceto
2424 1472 2597 1541 (Ρωι.
2628 1472 2720 1528 68.
2749 1470 2868 1543 22).

2018 1568 2053 1622 ι
2110 1565 2382 1622 Conclusio
2405 1582 2425 1621 :
2448 1566 2547 1620 vita
2580 1567 2710 1620 bona
2730 1605 2745 1631 ,
2787 1565 3071 1638 gratiarum
3116 1566 3251 1620 actio
3271 1607 3288 1631 ,
3341 1560 3560 1627 caritas,

1946 1659 2387 1713 commendantur.
2432 1657 2582 1712 Dona
2624 1674 2688 1711 ea:
2726 1656 2911 1729 rapina
2952 1656 3561 1727 improbitatem—Vul-

1948 1751 2087 1806 tisnc
2126 1749 2229 1805 alia
2273 1748 2594 1804 inducamus
2615 1792 2630 1816 ,
2664 1764 2732 1804 an
2763 1748 2879 1804 lucc
2911 1748 3063 1803 vobis
3090 1758 3217 1803 sunt
3247 1749 3416 1813 satis?
3439 1748 3560 1819 Ego

1945 1860 2076 1902 sane
2106 1845 2361 1901 arbitror.
2387 1844 2520 1900 Nam
2545 1845 2589 1899 si
2614 1860 2723 1899 non
2748 1844 2911 1899 latius
2935 1844 3109 1898 locum
3133 1844 3557 1914 exploravimus,

1946 1955 2078 1995 sane
2101 1939 2421 2011 profundius
2446 1939 2672 1993 scrutati
2696 1952 2883 1993 sumus
2911 1954 2924 1992 :
2953 1952 3052 1992 nec
3080 1937 3257 1992 minor
3280 1937 3452 1991 hacin
3476 1952 3557 1996 rc.

1946 2050 2109 2105 quam
2142 2034 2194 2088 in
2225 2033 2346 2100 illa,
2377 2032 2531 2088 labor
2557 2040 2672 2098 est;
2707 2045 3069 2102 veremurqne
3098 2045 3165 2084 ne
3196 2030 3239 2083 si
3271 2045 3363 2083 vos
3391 2030 3442 2083 in
3476 2031 3558 2081 his

1945 2128 2060 2182 sine
2080 2126 2241 2182 modo
2258 2120 2639 2192 detineamus,‘
2641 2122 2913 2178 fastidium
2935 2122 3333 2193 ingeneremus.
3358 2119 3557 2189 Quam-

1947 2217 2164 2286 obrem,
2194 2218 2267 2273 uti
2308 2233 2404 2288 par
2455 2226 2570 2284 est,
2613 2216 2777 2271 linem
2815 2214 3029 2270 dicendi
3075 2214 3357 2270 faciamus.
3416 2212 3550 2282 Quis

1948 2326 2110 2381 porro
2135 2310 2255 2366 linis
2282 2316 2365 2365 est
2394 2306 2815 2379 congruentior‘l
2838 2305 2892 2362 Si
2921 2305 3105 2361 debita
3138 2305 3248 2359 Dco
3272 2304 3443 2375 gloria
3473 2320 3560 2358 re-

1948 2402 2180 2472 feratur;
2215 2416 2321 2456 non
2348 2399 2526 2456 verbis
2569 2407 2775 2454 Lautum
2798 2438 2811 2459 ,
2846 2396 2943 2453 sed
2988 2397 3350 2465 multomagis
3379 2398 3555 2465 operi-

1946 2497 2067 2550 bus.
2103 2494 2325 2561 Luceat,
2372 2494 2582 2565 inquit,
2612 2494 2704 2547 lux
2744 2502 2910 2547 vestra
2936 2506 3107 2545 coram
3149 2489 3468 2551 hominibus,
3503 2496 3556 2539 ut

1946 2591 2146 2645 uideant
2167 2606 2323 2661 apera
2344 2596 2506 2641 uestra
2527 2586 2676 2648 bona,
2708 2594 2755 2639 et
2782 2584 3067 2655 gloriﬁcent
3102 2580 3309 2636 Patrem
3336 2592 3555 2635 uestrum

1944 2684 2033 2754 qui
2060 2684 2112 2736 in
2137 2682 2274 2736 cwlis
2297 2691 2369 2735 est
2389 2677 2603 2749 (Matth.
2628 2678 2682 2734 5.
2712 2677 2823 2749 16).
2852 2675 2991 2731 Nihil
3019 2676 3161 2730 enim
3186 2672 3518 2743 Splendidins
3538 2712 3552 2734 ,

1944 2774 2159 2839 dilecte,
2192 2774 2399 2843 Optimo
2427 2772 2551 2824 vilic
2594 2769 2865 2824 instituto.
2910 2768 3024 2822 Hoc
3064 2766 3281 2835 sapiens
3326 2764 3415 2819 ille
3454 2763 3551 2814 de-

1944 2870 2115 2925 clat‘at
2139 2886 2151 2920 :
2184 2866 2294 2921 Via:
2319 2875 2487 2921 autent
2502 2859 2765 2934 justorum
2794 2872 2847 2915 ut
2873 2861 2963 2915 lux
2988 2859 3255 2931 splendent
3288 2856 3469 2929 (Prov.
3496 2856 3551 2906 4.

1949 2961 2059 3031 l8).
2102 2956 2405 3029 Splcndeut
2446 2965 2597 3010 certe
2646 2968 2752 3008 non
2796 2953 2860 3008 iis
2907 2952 3070 3006 modo
3113 2950 3203 3020 qui
3256 2965 3348 3016 (er
3390 2963 3554 3018 opera

1947 3054 2126 3108 lumen
2159 3050 2484 3112 accendunt,
2529 3056 2581 3103 et
2623 3046 2688 3102 ad
2724 3056 2925 3101 rectam
2956 3045 3158 3099 ducunt
3187 3044 3347 3109 viam,
3377 3043 3470 3097 Sed
3502 3054 3558 3095 et

1947 3146 2136 3203 vicinis
2166 3158 2374 3200 eorum.
2423 3140 2770 3196 infundamus
2797 3154 2924 3209 ergo
2952 3139 3135 3194 oleum
3169 3136 3319 3191 hisrc
3343 3136 3551 3204 lampa-

1945 3238 2124 3303 dibus,
2159 3245 2215 3290 ttt
2244 3234 2530 3290 sublimior
2556 3233 2620 3287 sit
2654 3232 2813 3301 ignis,
2839 3238 2892 3285 ct
2919 3231 3006 3287 lux
3035 3238 3293 3300 appareat
3312 3228 3554 3297 locuples

1947 3332 2068 3386 tior.
2106 3330 2218 3385 lluc
2247 3329 2390 3385 enim
2418 3328 2595 3381 oleum
2626 3342 2731 3379 nmt
2762 3338 2904 3378 nunc
2936 3332 3140 3377 tantum
3173 3335 3419 3393 magnam
3450 3320 3555 3373 vim

1947 3423 2128 3488 habet,
2157 3420 2251 3476 sed
2290 3435 2413 3475 cum
2442 3418 2608 3473 etiam
2659 3415 2920 3471 sacriﬁcia
2968 3414 3246 3479 ﬂorerent,
3281 3413 3475 3467 mirum
3507 3414 3556 3464 in

1945 3494 2167 3570 modum
2201 3513 2452 3567 \irttttem
2503 3510 2718 3563 illorum
2765 3507 3009 3576 probavit
3035 3525 3047 3561 :
3070 3522 3199 3560 nam
3235 3505 3311 3558 ait
3333 3522 3346 3558 :
3368 3502 3558 3557 Oleum

1944 3609 2077 3662 enim
2124 3604 2236 3659 uolo
2283 3613 2327 3656 et
2372 3618 2471 3656 non
2512 3598 2924 3669 sacrificinm(a)
2956 3596 3122 3671 (Osee
3162 3602 3213 3650 (τ.
3258 3590 3318 3651 Δ6.
3363 3595 3548 3647 Matth.

1944 3698 2000 3754 9.
2045 3697 2158 3762 15).
2194 3692 2261 3748 Et
2304 3692 2498 3746 merito
2527 3689 2769 3759 quidem.
2811 3689 2964 3749 Illud
2992 3690 3136 3743 enim
3184 3689 3351 3741 altare
3384 3688 3557 3740 inani-

1945 3797 2147 3842 matum
2189 3794 2327 3842 erat.
2366 3785 2468 3838 huc
2494 3798 2623 3839 vero
2647 3783 2945 3836 animatum
2975 3792 3057 3837 est
3084 3800 3096 3833 :
3122 3791 3175 3836 et
3208 3782 3315 3835 illic
3338 3779 3554 3851 quidem

1944 3876 2199 3949 quidquid
2232 3874 2542 3945 impositum
2572 3883 2674 3937 est,
2710 3890 2827 3943 igne
2855 3875 3209 3935 consumitur,
3241 3874 3291 3926 in
3319 3873 3556 3927 cinerem

1943 3970 2092 4035 abit,
2135 3977 2295 4038 atque
2325 3966 2618 4022 cll'unditur
2642 4008 2657 4033 ,
2689 3964 3095 4035 dlSSttl‘llliisan
3128 3966 3303 4017 ltunus
3336 3964 3385 4016 in
3414 3962 3557 4017 amis

1945 4071 2194 4117 naturam
2227 4061 2459 4115 transit:
2487 4058 2575 4114 hic
2604 4073 2734 4115 vero
2763 4057 2896 4113 nihil
2928 4056 3137 4123 simile;
3169 4056 3264 4112 scd
3294 4057 3429 4111 alios
3459 4056 3562 4109 teet

1948 4156 2174 4209 t'ructus.
2202 4152 2328 4207 llaec
2352 4151 2549 4207 Paulus
2574 4150 2903 4213 declaravit;
2928 4166 3055 4204 cum
3083 4151 3227 4204 enim
3254 4148 3560 4203 Corinthio-

1946 4263 2101 4313 rum,
2135 4246 2227 4317 qui
2260 4260 2556 4316 pauperum
2589 4244 2814 4299 studiosi
2847 4236 3002 4298 erant
3024 4284 3040 4309 ,
3084 4243 3371 4298 thesauros
3397 4256 3558 4295 enar-

1948 4346 2113 4401 raret,
2144 4335 2259 4391 hmc
2284 4335 2501 4404 scripsit
2528 4352 2541 4388 :
2569 4333 2826 4399 Quoniam
2863 4334 3203 4387 ministerium
3233 4333 3385 4403 hujus
3412 4333 3562 4403 ofﬁcii

1946 4446 2047 4484 non
2092 4429 2257 4483 solum
2294 4428 2499 4497 supplet
2544 4444 2603 4481 ca
2641 4442 2758 4498 qtae
2806 4427 2989 4480 desunt
3017 4426 3243 4489 sanctis,
3289 4424 3380 4480 sed
3406 4426 3561 4479 etiam

1946 4518 2174 4573 abundat
2204 4535 2294 4589 per
2319 4518 2506 4571 multa:
2530 4520 2813 4588 gratiarum
2842 4518 3069 4573 actiones
3105 4515 3216 4571 ἂν
3247 4517 3321 4587 (2.
3348 4514 3471 4573 Cor.
3503 4516 3556 4584 9.

1951 4609 2071 4682 19.);
2104 4623 2167 4663 ac
2196 4623 2432 4673 rursum,
2462 4606 2825 4677 Gloriﬁcantes
2850 4606 3015 4662 Deum
3044 4609 3097 4663 in
3124 4609 3409 4662 obctlieutia
3434 4626 3561 4662 ron-

1948 4702 2181 4772 {essionis
2208 4712 2386 4756 uestris
2429 4702 2481 4755 in
2508 4703 2795 4774 crangclio,
2820 4712 2872 4756 et
2910 4703 3241 4773 simplicitate
3284 4706 3566 4756 conminui-

1948 4794 2163 4848 cationis
2200 4805 2386 4848 ucstra:
2428 4796 2482 4847 in
2532 4795 2673 4861 illos,
2719 4806 2764 4848 et
2800 4795 2854 4849 in
2898 4812 3109 4861 onmes,
3152 4806 3199 4850 et
3240 4815 3292 4850 in
3336 4798 3565 4868 ipsorum

1949 4886 2295 4941 obsecratione
2324 4903 2419 4957 pro
2454 4887 2591 4941 rubis
2613 4931 2626 4950 ,
2654 4888 3055 4943 desiderantium
3081 4904 3169 4942 tm
3191 4889 3360 4961 (Ibid.
3390 4905 3438 4945 υ.
3479 4891 3563 4944 l5.

1956 4991 2003 5033 et
2041 4980 2153 5051 Η).
2189 4979 2378 5033 Vitlen'
2403 4980 2555 5035 illum
2586 4981 2637 5035 in
2670 4983 2962 5052 gratiarum
2994 4982 3263 5037 actionem
3292 4984 3563 5049 desintne,

2014 5162 2090 5226 (a)
2126 5160 2183 5212 In
2206 5168 2370 5212 Greco
2391 5169 2534 5226 textu
2558 5162 2762 5226 legitur,
2789 5173 2944 5214 nm...
2964 5177 3025 5215 uel
3056 5176 3098 5215 ot
3123 5176 3263 5221 ωσιιν.
3280 5165 3560 5217 miseriter.

1951 5221 2167 5287 diani....
2180 5230 2231 5287 iet
2248 5236 2344 5273 non
2367 5221 2683 5287 sacri/icium.
2710 5221 2783 5275 Ex
2811 5226 3136 5287 similitudine
3157 5241 3329 5278 vocum
3346 5240 3446 5279 οων
3472 5242 3558 5278 uno

1950 5285 2289 5359 sericordiam,
2313 5294 2365 5335 ct
2390 5285 2509 5359 πλαιξᾴ
2527 5286 2709 5359 ρΙθηηι,
2735 5300 2847 5359 quae
2868 5286 3207 5359 Cbrysostmni
3231 5296 3458 5353 tempore
3485 5305 3569 5359 eo-

1949 5348 2065 5413 dem
2098 5348 2243 5413 modo
2262 5349 2721 5413 (rt-enuntialnntur,
2749 5348 3041 5413 factum,'ut
3063 5350 3290 5412 quadam
3316 5348 3479 5413 axem;
3502 5353 3568 5399 la-

1951 5411 2023 5458 ria
2045 5416 2209 5481 (amca
2233 5410 2321 5481 hic
2336 5423 2453 5481 ῖλψν
2481 5412 2743 5481 haberent,
2772 5419 2825 5481 c_t
2849 5410 3144 5481 fortassis’in
3168 5414 3338 5481 priscis
3357 5410 3568 5481 Christ:-

1951 5472 2097 5539 stomi
2123 5474 2502 5539 exemplaribus
2519 5482 2650 5539 tum
2684 5474 2764 5523 hic
2794 5472 3082 5539 legebatur.
3104 5472 3266 5539 (certe
3293 5472 3568 5539 iiquet'lroc

1953 5531 2257 5602 laconicum
2278 5531 2525 5602 intelligi,
2555 5544 2609 5602 et
2638 5536 2765 5602 hanc
2798 5531 3065 5602 lectionem
3103 5538 3180 5602 hic
3197 5531 3572 5602 Cln‘ys'nstomns

1953 5596 2308 5669 adhibuit,_qni
2343 5594 2949 5669 altera_alibiiutitur,ubi
2980 5599 3061 5669 _d_e_
3084 5594 3433 5669 misericordia
3457 5613 3565 5669 agt-

1954 5665 2051 5723 tur,
2076 5666 2131 5707 ut
2153 5660 2211 5706 ad
2230 5658 2491 5723 Stagil'illm
2516 5658 2550 5705 ι.
2585 5659 2625 5715 l,
2651 5668 2784 5709 't‘om.
2803 5658 3081 5719 l,col.t37,
3100 5667 3149 5711 et
3174 5661 3318 5717 alibi;
3344 5662 3433 5713 sed
3459 5658 3570 5723 quia

1955 5720 2035 5767 hic
2068 5732 2187 5770 ἱλαιον
2209 5718 2368 5770 oleum
2394 5720 2453 5767 ad
2478 5722 2662 5769 seriem
2698 5734 2837 5771 suam
2869 5718 3145 5784 aptabatur,
3171 5723 3296 5771 hanc
3320 5718 3562 5787 scqnuius

1960 5790 2344 5861 estleetionem.
2376 5789 2444 5861 “in
2478 5789 2693 5861 Hebrum
2731 5802 2896 5845 autem
2944 5794 3127 5857 legitur
3156 5791 3468 5844 ‘I‘l‘JEl'l'iDi'l
3494 5793 3567 5855 ν).

1962 5853 2076 5919 quia
2096 5853 2485 5906 miscricordt'mn
2514 5854 2655 5905 rolui.
