4164 6320
603 409 664 463 9i
1339 398 1393 453 S.
1435 394 1710 450 JO.\N.\'IS
1749 388 2221 446 CIIRYSOSTOMI
2255 387 2570 441 ARCIIIEP.
2604 387 3134 442 CONSTANTINOP.
3824 397 3894 445 με

605 532 658 575 et
688 521 740 573 in
777 516 869 572 Dei
901 511 1139 580 laudem;
1175 513 1224 566 in
1255 511 1562 581 frequentes
1593 523 1778 562 eorum
1813 504 2146 577 prcCatioues
2166 543 2181 564 ,

607 610 695 680 qui
731 606 986 680 beneﬁcia
1014 611 1349 675 acceperunt,
1383 602 1432 656 in
1466 600 1843 656 l’crventiorem
1874 594 2187 653 Caritatem?

607 673 978 754 S'acriiicemus
1007 673 1168 766 ergo,
1200 694 1376 749 dilecti
1404 735 1419 758 ,
1467 691 1833 746 sacrificemus
1871 688 2105 758 quotidie
2133 686 2184 739 in

610 791 756 844 hisce
783 789 912 842 aris.
943 787 1054 842 Hoc
1079 787 1273 856 quippe
1298 784 1652 848 sacrificium,
1683 793 1736 837 et
1765 781 2010 852 precibus
2033 790 2087 835 et
2108 779 2188 845 je-

603 880 754 946 junio
780 889 830 932 et
864 878 1046 932 multis
1085 877 1204 930 aliis
1234 876 1570 946 prmstantius
1599 882 1718 935 est;
1765 872 1891 926 dum
1937 885 2002 926 ex
2040 870 2186 940 justo

608 971 778 1036 lucro,
823 985 888 1024 ex
932 967 1092 1038 juslis
1146 967 1415 1022 laboribus
1455 963 1738 1034 procedat,
1788 975 1844 1020 et
1893 963 2066 1019 omnis
2117 962 2189 1016 sit

602 1076 798 1131 expers
825 1061 1088 1122 avaritiae,
1123 1061 1342 1129 rapitur,
1377 1058 1660 1112 violentiae.
1688 1056 1847 1112 Tales
1871 1057 2013 1112 enim
2040 1054 2187 1111 obla-

604 1156 776 1208 tiones
817 1153 1048 1208 admittit
1091 1152 1281 1214 lteus‘;
1331 1158 1556 1204 Ca-tcras
1594 1159 1776 1204 autem
1815 1157 2093 1202 aversatur
2131 1154 2188 1201 et

606 1243 737 1327 gilii.
777 1243 960 1314 Neque
1001 1243 1142 1296 enim
1173 1241 1285 1295 vult
1323 1257 1388 1295 ex
1415 1240 1641 1294 aliorum
1671 1239 2062 1293 calamitatibus
2091 1237 2198 1312 boy

605 1337 804 1392 norari.
825 1337 1092 1405 lmpurmn
1118 1349 1344 1404 namque
1368 1333 1754 1402 profanumquc
1776 1342 1858 1388 est
1883 1329 2183 1400 huju~modi

601 1427 940 1493 sacriﬁcium,
975 1428 1247 1496 Deumque
1281 1427 1452 1494 potius
1480 1426 1782 1487 irritaverit,
1817 1439 1975 1495 quam
2009 1423 2187 1492 placa-

602 1519 758 1573 verit.
809 1518 1147 1587 Quapropter
1189 1517 1333 1572 omni
1383 1516 1559 1571 studio
1603 1516 1910 1571 enitendum
1952 1527 2064 1579 est,
2120 1529 2187 1570 ne

603 1611 779 1664 cultus
808 1611 1042 1673 nomine,
1070 1624 1227 1679 quem
1255 1606 1520 1661 honorare
1548 1606 1813 1672 volumus,
1845 1605 2041 1675 probro
2068 1603 2185 1658 alli-

602 1705 823 1765 ciamus.
849 1704 903 1756 Si
928 1702 1068 1757 enim
1087 1702 1237 1767 Cain,
1254 1702 1340 1772 qui
1360 1717 1421 1756 ca
1441 1717 1559 1770 qua:
1581 1699 1847 1756 inferioris
1863 1699 2187 1755 conditionis

602 1801 756 1848 erant
779 1793 990 1858 obtulit,
1024 1808 1121 1847 nec
1147 1793 1451 1863 quempiam
1483 1793 1712 1856 laeserat,
1744 1801 2012 1847 extremas
2037 1789 2186 1847 dedit

604 1899 784 1952 pinnas
807 1899 822 1947 ;
851 1899 971 1937 cum
1004 1883 1127 1954 quid
1151 1899 1219 1938 ex
1243 1884 1432 1954 rapina‘
1457 1891 1514 1937 et
1538 1884 1754 1937 avaritia
1785 1882 2137 1938 obtulerimus
2158 1922 2176 1948 ,

603 1990 778 2030 annon
806 1977 1054 2047 graviora
1086 1976 1394 2045 patiemur?
1437 1976 1562 2032 Ideo
1598 1991 1826 2045 namque
1860 1976 2000 2032 Deus
2026 1974 2186 2046 hujus

606 2241 626 2280 Ι
664 2175 676 2203 ¹
717 2171 771 2221 1η
794 2171 955 2224 Morel.
981 2173 1162 2236 legitur
1186 2188 1199 2222 :
1228 2175 1360 2226 Tales
1376 2173 1504 2226 cnim
1525 2173 1678 2225 solum
1696 2173 1956 2226 oblationes
1975 2173 2185 2227 admittit

630 2245 744 2280 iens.

630 2245 744 2283 was.

2297 501 2546 572 pra-copti
2580 500 2875 566 rationem,
2911 502 3066 556 nobis
3095 502 3407 570 declaravit,
3429 515 3485 559 ut
3516 506 3892 571 misereamur,

2295 607 2399 646 non
2429 603 2481 644 ut
2510 605 2802 646 conservos
2826 600 3208 663 torqueamus;
3237 593 3326 663 qui
3353 604 3532 651 autem
3557 597 3728 652 aliena
3751 600 3897 669 rapit

2293 693 2347 736 ct
2370 683 2526 737 alteri
2549 683 2661 750 dat,
2689 683 2734 737 is
2755 699 2860 738 non
2885 684 3309 740 misericordiam
3332 688 3593 754 exercuit,
3615 690 3708 744 sed
3729 691 3893 756 laesit,

2294 785 2347 828 et
2375 784 2667 829 extremam
2700 784 2953 844 operatus
2994 775 3327 845 iniquitatem
3367 788 3468 833 est.
3503 778 3574 836 Ut
3599 796 3728 852 ergo
3756 781 3898 851 lapis

2298 882 2586 938 numquam
2624 867 2802 923 oleum
2839 868 3045 937 pariat,
3091 869 3168 923 sic
3198 884 3298 924 nec
3325 870 3618 926 crudelitas
3649 873 3898 926 humaui-

2295 969 2476 1012 tatem.
2519 959 2649 1013 Cum
2698 959 2840 1013 enim
2887 959 3009 1014 talis
3046 959 3114 1013 sit
3151 959 3320 1026 radix,
3349 977 3635 1033 numquam
3663 963 3715 1017 id
3740 965 3893 1020 elec-

2294 1065 2516 1122 mosyua
2563 1049 2755 1104 fuerit;
2793 1049 3155 1117 Quamobrem
3210 1054 3438 1108 obsecro
3487 1069 3553 1108 ne
3598 1069 3665 1110 eo
3711 1055 3896 1111 solum

2291 1152 2598 1212 spectemus
2624 1153 2679 1198 ut
2708 1142 3109 1217 eleemosynam
3141 1159 3427 1216 erogemus
3449 1189 3463 1210 ,
3505 1147 3600 1202 sed
3642 1149 3804 1204 etiam
3837 1159 3896 1203 ut

2295 1250 2362 1289 ne
2386 1250 2452 1291 ex
2480 1237 2664 1305 rapina
2695 1236 3000 1308 largiamur.
3029 1235 3161 1292 Nam
3193 1248 3310 1293 esto
3342 1237 3488 1294 Unus
3511 1240 3598 1307 qui
3621 1249 3895 1312 precetur,

2292 1328 2421 1380 alter
2449 1328 2533 1397 qui
2561 1329 2893 1397 imprecetur;
2921 1331 3082 1384 utrius
3102 1346 3271 1385 vocem
3297 1333 3468 1385 audiet
3494 1331 3738 1391 Dominus
3756 1334 3892 1406 (Ec-

2292 1421 2377 1474 cli.
2401 1420 2487 1476 54.
2513 1420 2644 1491 29)?
2674 1421 2728 1476 Si
2757 1438 2854 1476 nos
2882 1424 2959 1478 sic
2984 1423 3266 1495 diligenter
3298 1425 3654 1490 iustituanms,
3681 1445 3774 1497 per
3794 1428 3891 1482 Dei

2292 1511 2516 1578 gratiam
2549 1513 2842 1582 poterimus
2874 1516 3094 1569 multant
3125 1515 3509 1587 benignitatem
3533 1560 3547 1583 ,
3582 1520 3894 1575 miscricor-

2291 1604 2430 1657 diam
2461 1613 2513 1658 et
2539 1605 2746 1660 veniam
2778 1607 3016 1660 omnium
3037 1649 3053 1672 ,
3083 1623 3201 1678 quze
3233 1609 3334 1664 hoc
3360 1610 3617 1665 diuturno
3645 1621 3890 1683 tempore

2290 1696 2624 1763 admisimus,
2654 1709 2992 1768 peccatorum
3022 1702 3300 1771 consequi,
3333 1717 3395 1757 ac
3425 1702 3642 1758 ﬂuvium
3672 1705 3890 1774 igneum

2291 1787 2559 1859 cll‘ugere;
2595 1804 2621 1841 a
2652 1805 2758 1860 quo
2784 1793 2974 1860 erepti,
3003 1793 3203 1847 utinam
3235 1809 3331 1848 nus
3351 1809 3539 1849 omnes
3568 1795 3633 1850 ad
3663 1812 3890 1868 regnum

2289 1880 2542 1936 ca-lurum
2569 1882 2976 1943 ascendamns‘,
2999 1886 3167 1955 gratia
3196 1897 3247 1941 et
3276 1887 3645 1942 misericordia
3677 1891 3889 1945 Domini

2291 1974 2459 2028 nostri
2486 1973 2615 2029 Jesu
2633 1973 2853 2042 Chrisn,
2886 1993 2981 2046 per
3001 1993 3160 2048 quem
3183 1988 3236 2034 et
3256 1995 3377 2034 cum
3400 1996 3509 2051 quo
3532 1981 3672 2037 Patri
3693 1984 3798 2051 gloi
3816 1985 3889 2050 ia,

2288 2063 2448 2120 simul
2475 2075 2528 2120 et
2551 2076 2741 2121 sancto
2757 2066 2998 2137 Spiritui,
3027 2069 3077 2124 in
3101 2071 3295 2126 szecula
3318 2073 3661 2128 seculorum.
3687 2076 3886 2130 Amen.

2354 2177 2390 2242 *_
2408 2182 2551 2225 Juxta
2576 2176 2741 2242 Morel.
2768 2177 3039 2240 legendum
3064 2189 3217 2242 esset,
3256 2181 3438 2233 utinam
3460 2197 3545 2235 nos
3579 2184 3629 2235 in
3652 2187 3892 2236 calorum

2287 2236 2500 2288 thalamo
2523 2236 2875 2290 recmnbama's.

608 2339 3889 2374 ———————____________________________

1944 2396 2289 2511 ΗὸΜΠᾸΛ
2345 2450 2516 2512 XIV.

605 2592 688 2647 lli.
723 2591 786 2646 Et
830 2593 894 2647 de
938 2592 1249 2664 plenitudine
1286 2593 1396 2663 ejus
1436 2608 1529 2646 nos
1554 2607 1723 2645 omnes
1761 2591 2051 2662 accepimus
2073 2632 2088 2655 ,
2136 2598 2184 2644 et

1118 2683 1334 2754 gratiam
1361 2698 1451 2752 pro
1475 2683 1660 2753 gratia.

679 2798 731 2851 l.
788 2795 966 2865 Nuper
994 2794 1302 2850 dicebanms
1357 2795 1616 2851 Joannem
1642 2838 1656 2862 ,
1701 2804 1760 2851 ut
1801 2795 2182 2850 dubitationem

603 2903 788 2941 eorum
831 2887 1099 2952 solveret,
1132 2888 1221 2956 qui
1251 2887 1388 2954 apud
1435 2901 1494 2940 se
1543 2887 1816 2955 qua-situri
1847 2895 2036 2950 erant,
2091 2900 2186 2939 cur

604 2978 847 3032 Christus
875 2977 961 3046 qui
996 2977 1261 3045 posterior
1288 2978 1354 3030 ad
1383 2975 1782 3046 praedicandum
1822 2978 2000 3042 venit,
2043 2975 2186 3044 prior

605 3078 658 3123 et
677 3068 1000 3136 splendidior
1030 3068 1122 3122 illo
1153 3067 1328 3131 fuerit,
1353 3068 1454 3123 hoc
1469 3067 1758 3130 addidisse,
1787 3068 1919 3135 Quia
1945 3069 2084 3136 prior
2110 3083 2187 3120 me

608 3170 733 3214 erat.
768 3160 829 3213 Et
856 3159 971 3214 lucc
1005 3175 1105 3213 una
1137 3174 1294 3214 causa
1325 3170 1407 3214 est
1433 3176 1446 3212 :
1475 3160 1567 3214 sed
1596 3159 1774 3214 subdit
1805 3161 1962 3214 aliam
1991 3160 2057 3215 de
2083 3176 2187 3232 qua

609 3265 746 3304 nunc
767 3250 938 3320 agitur
967 3250 1004 3302 ί.
1037 3250 1292 3316 Qutenam
1335 3249 1422 3304 illa
1455 3251 1575 3306 est?
1605 3249 1682 3304 De
1711 3251 2056 3320 plenitudine,
2103 3253 2186 3307 in-

604 3341 716 3409 quit
737 3381 753 3406 ,
783 3341 891 3410 eius
919 3358 1008 3395 nos
1033 3358 1204 3396 omnes
1229 3342 1511 3414 accepimus
1538 3353 1583 3396 et
1610 3344 1829 3413 gratiam
1851 3361 1944 3415 pro
1983 3347 2146 3416 gratia
2169 3363 2185 3410 ;

604 3441 657 3485 et
683 3441 799 3501 post
822 3431 935 3487 lucc
966 3437 1156 3488 iterum
1182 3433 1362 3487 aliam.
1391 3434 1559 3501 Quam
1592 3434 1734 3488 illam
1760 3434 1782 3487 ἲ
1823 3435 1953 3500 Quin
1984 3437 2070 3491 lex
2097 3453 2186 3504 per

609 3521 831 3591 Moysen:
852 3523 973 3575 data
998 3533 1106 3589 est,
1130 3525 1294 3594 gratia
1332 3533 1377 3577 et
1405 3524 1590 3578 veritas
1613 3540 1700 3593 per
1723 3521 1760 3576 J
1764 3539 1904 3577 esum
1929 3521 2185 3579 Christum

605 3613 739 3678 facta
766 3623 856 3667 est.
889 3613 953 3666 Et
979 3613 1105 3683 qtnd
1132 3623 1245 3679 est,
1280 3614 1490 3682 inquies
1519 3656 1533 3678 ,
1568 3615 1720 3680 illud,
1769 3614 1850 3668 Ea:
1874 3617 2186 3684 plenitudine

605 3702 716 3771 ejus
764 3719 855 3755 nos
905 3721 1074 3757 omnes
1099 3704 1423 3772 accepimus?
1465 3703 1596 3758 Nam
1643 3720 1708 3759 co
1750 3706 1960 3760 interim
2010 3721 2188 3762 sermo

611 3792 919 3846 referendus
940 3803 1042 3847 t'sl.
1067 3793 1180 3848 Non
1204 3793 1384 3860 habet,
1418 3795 1607 3865 inquit,
1631 3793 1755 3848 doni
1778 3797 2027 3866 erogandi
2059 3813 2188 3852 con-

605 3893 802 3938 sortem
829 3927 842 3950 ,
873 3886 964 3939 scd
997 3887 1109 3956 ipse
1141 3887 1257 3942 fons
1278 3929 1293 3953 ,
1329 3889 1439 3957 ipse
1471 3889 1621 3942 radix
1662 3899 1743 3943 est
1774 3889 2032 3944 bonormn
2063 3907 2179 3946 om-

608 3974 783 4038 nium,
818 3977 926 4043 ipsa
961 3977 1061 4030 vita
1084 4020 1096 4042 ,
1124 3979 1234 4047 ipsa
1264 3979 1348 4033 lux
1371 4020 1385 4043 ,
1419 3980 1528 4048 ipsa
1555 3983 1747 4035 veritas
1766 4023 1781 4046 ,
1813 3983 1900 4052 qui
1927 3984 2185 4040 bonorum

606 4064 818 4120 divitias
840 4082 942 4120 nou
974 4070 1024 4121 in
1056 4084 1113 4122 se
1137 4071 1352 4136 retinet,
1383 4071 1476 4126 sed
1498 4071 1549 4125 in
1577 4072 1710 4126 alios
1731 4087 1920 4128 omnes
1941 4074 2183 4142 cﬂundit;

608 4164 661 4206 et
685 4164 959 4224 postquam
992 4158 1195 4225 ell'ndit,
1221 4160 1410 4229 plenus
1432 4172 1699 4230 remanet,
1725 4163 1852 4218 nihil
1886 4166 2058 4220 minus
2089 4165 2184 4221 ha-

606 4249 735 4301 bens
757 4261 1030 4319 postquam
1044 4253 1162 4306 aliis
1177 4254 1429 4322 elargitus
1441 4265 1541 4321 est,
1558 4257 1650 4310 sed
1668 4273 1882 4327 semper
1893 4261 2187 4316 scaturiens

606 4349 659 4390 et
689 4341 804 4394 aliis
833 4343 969 4397 bona
990 4343 1317 4412 impertiens,
1344 4345 1393 4400 in
1424 4348 1612 4402 eadem
1635 4361 1810 4404 manet
1838 4350 2184 4419 perfectione.

606 4430 755 4497 Quod
787 4445 962 4488 autem
988 4450 1086 4505 ego
1115 4436 1224 4492 fero
1249 4440 1511 4509 particeps
1529 4440 1673 4505 boni,
1698 4441 1764 4495 ab
1786 4443 1891 4496 alio
1912 4447 2110 4513 accepi,
2136 4456 2188 4502 et

605 4523 792 4592 exigua
822 4541 941 4594 pars
967 4529 1126 4582 totius
1145 4540 1226 4583 est
1250 4571 1263 4593 ,
1297 4539 1352 4584 et
1377 4532 1524 4601 quasi
1549 4532 1686 4587 stilla
1710 4534 1903 4606 abysso
1933 4537 2184 4595 incll‘abili

604 4625 656 4664 et
680 4615 864 4684 pelago
908 4617 1167 4672 illllllt‘llso
1216 4633 1519 4689 comparata
1553 4639 1566 4677 :
1598 4624 1702 4677 imo
1738 4641 1804 4680 ne
1845 4625 1943 4682 hoc
1968 4631 2182 4699 quidem

604 4705 903 4772 exemplum
954 4718 1123 4774 pmest
1169 4711 1297 4762 satis
1325 4713 1592 4779 explicare
1624 4713 1672 4767 id
1713 4721 1854 4784 quod
1905 4735 2185 4779 recensere

605 4809 879 4847 conantur.
917 4797 1124 4851 litcuitn
1168 4799 1211 4852 si
1263 4801 1461 4853 stillam
1489 4817 1552 4856 ex
1597 4803 1784 4873 pelago
1836 4805 2073 4875 haurias,
2121 4827 2188 4867 co

607 4881 721 4948 ipso
766 4886 980 4953 pelagus
1021 4888 1295 4957 mitmisti,
1343 4892 1550 4947 etiamsi
1598 4894 1897 4952 imminutio
1947 4899 2034 4953 illa
2071 4903 2183 4957 visu

605 4989 710 5028 non
742 4979 1081 5048 percipiatur.
1128 4981 1205 5047 De
1227 4981 1369 5037 fonte
1397 4996 1572 5040 autem
1611 4987 1711 5042 isto
1737 4989 1785 5042 id
1810 4989 1913 5044 dici
1946 4995 2133 5063 nequit
2162 5013 2176 5060 ;

601 5065 692 5117 sed
712 5079 1194 5141 quantmncumque
1221 5073 1478 5139 hauseris,
1504 5087 1681 5131 manet
1711 5089 1890 5135 tamen
1919 5083 2049 5136 nihil
2079 5086 2182 5138 int-

605 5157 854 5212 minutus.
885 5162 1057 5228 Quare
1078 5165 1182 5218 alio
1219 5167 1462 5237 exempla
1490 5171 1743 5224 utendum
1772 5190 1784 5226 :
1826 5174 1968 5243 quod
2002 5185 2180 5232 tamen

607 5249 871 5305 inlirtnum
891 5264 971 5306 cst
991 5297 1005 5319 ,
1037 5271 1133 5309 nec
1157 5267 1327 5323 potest
1351 5275 1461 5313 rem
1485 5263 1760 5330 quaesitam
1779 5263 2180 5333 demonstrare;

603 5343 694 5395 sed
728 5345 895 5413 magis
920 5361 1075 5415 quam
1122 5349 1348 5417 primum
1375 5351 1440 5406 ad
1472 5357 1796 5423 propositznn
1843 5373 1940 5411 nos
1970 5360 2185 5415 adducit

602 5436 939 5488 Sentemiain.
990 5436 1362 5506 Supponamus
1411 5457 1530 5497 esse
1576 5445 1784 5513 igneum
1840 5448 2038 5501 luntctn
2076 5468 2179 5504 :ex

604 5538 706 5589 quo
738 5522 881 5577 [utne
914 5527 1056 5581 mille
1077 5569 1090 5588 ,
1123 5526 1204 5582 bis
1231 5530 1407 5593 mille,
1437 5542 1515 5586 ter
1539 5535 1701 5596 mille,
1734 5548 1787 5589 et
1820 5537 1974 5607 longe
2006 5540 2181 5608 plures

602 5611 830 5668 lueetttze
854 5619 1254 5674 accenduntur:
1286 5637 1461 5677 annon
1495 5643 1643 5695 a-qne
1668 5627 1858 5696 plenus
1889 5631 2022 5699 ignis
2067 5649 2179 5686 nta-

669 5748 682 5774 ¹
720 5746 856 5794 Savil.
894 5748 1074 5821 habet,
1095 5753 1178 5800 sed
1224 5766 1315 5802 non
1349 5768 1406 5804 ea
1440 5764 1715 5821 contentus,
1743 5760 1905 5810 subdit
1948 5761 2092 5813 aliaat
2119 5766 2180 5815 de

603 5818 695 5862 qua
719 5820 840 5857 nunc
864 5819 1040 5865 (tuttur.

2297 2603 2423 2652 net,
2458 2604 2735 2664 postquam
2763 2606 2842 2652 tot
2867 2599 2986 2652 aliis
3009 2599 3113 2654 vim
3150 2618 3299 2656 suam
3334 2603 3566 2660 indidit?
3597 2608 3650 2662 Id
3681 2615 3892 2670 nctnini

2292 2700 2397 2739 non
2436 2700 2617 2740 ttotuut
2654 2701 2756 2744 est.
2802 2690 2955 2758 Quod
2985 2693 3027 2746 si
3072 2694 3124 2746 in
3163 2698 3478 2766 corporibus
3506 2700 3889 2771 tli\isibiiil)tls,

2291 2793 2409 2846 qua:
2435 2795 2528 2847 per
2543 2781 2937 2851 ademptionetn
2958 2786 3287 2856 minuuntur,
3307 2791 3578 2862 quidpiam
3599 2797 3773 2853 simile
3805 2815 3892 2854 re-

2292 2869 2510 2937 peritur,
2548 2872 2690 2940 quod
2741 2886 3019 2946 postquam
3051 2879 3173 2935 aliis
3201 2897 3319 2950 qua:
3351 2899 3446 2938 sua
3474 2900 3626 2941 crant
3658 2890 3891 2955 indidit,

2291 2958 2421 3013 nihil
2454 2971 2629 3017 tanton
2661 2965 2937 3034 minuitur,
2973 2971 3141 3024 multo
3173 2975 3340 3044 magis
3392 2975 3442 3029 in
3489 2977 3803 3050 incorporea
3836 2994 3896 3040 et

2293 3052 2576 3110 immortali
2611 3057 2698 3113 illa
2729 3061 2963 3129 potentia
2994 3061 3096 3119 hoc
3121 3067 3418 3138 continget.
3447 3069 3579 3126 Nam
3609 3074 3652 3127 si
3684 3090 3804 3129 cum
3839 3077 3891 3132 id

2293 3145 2432 3214 quod
2466 3149 2813 3220 participatur
2842 3163 2924 3210 est
2949 3156 3247 3214 substantia
3275 3169 3327 3215 et
3356 3158 3571 3234 corpus,
3604 3176 3658 3221 et
3697 3167 3895 3224 dividi-

2294 3245 2398 3302 tur,
2430 3249 2483 3294 ct
2509 3255 2614 3296 non
2645 3242 2899 3300 dividitur
2929 3263 2942 3300 :
2977 3248 3144 3303 multo
3175 3253 3347 3322 magis
3369 3269 3489 3309 cmn
3517 3256 3585 3311 de
3614 3259 3660 3311 vi
3691 3262 3892 3330 agendi

2290 3343 2468 3384 sermo
2497 3342 2575 3388 est
2596 3373 2611 3398 ,
2660 3334 2834 3406 deque
2863 3339 2912 3392 vi
2953 3341 3144 3410 agendi
3188 3343 3514 3416 incorporea:
3539 3349 3889 3425 substantitn,

2297 3421 2629 3490 exploratum
2655 3435 2738 3480 est
2767 3427 2816 3482 id
2844 3430 3080 3486 evenire.

2362 3511 2505 3569 Illud
2525 3558 2539 3582 ,
2580 3517 2653 3573 De
2683 3519 3016 3589 plenitudine
3047 3524 3163 3595 ejus
3193 3529 3500 3598 accepimus
3521 3573 3535 3596 ,
3566 3547 3892 3592 continentu-

2291 3615 2388 3661 lur.
2415 3639 2481 3651 -οο
2509 3609 2633 3665 Ideo
2659 3611 2896 3670 Joannes
2922 3615 3169 3685 dicebat,
3202 3619 3279 3674 De
3304 3624 3619 3693 plenitudine
3646 3629 3755 3698 ejus
3793 3648 3895 3686 nos

2292 3719 2463 3757 onmcs
2493 3707 2782 3775 accepimus
2800 3725 2819 3774 ;
2845 3717 2898 3764 et
2927 3711 3300 3769 testimonium.
3313 3732 3466 3770 suum
3496 3718 3746 3791 Baptistm
3775 3734 3896 3778 tes.

2295 3795 2516 3851 timonio
2545 3802 2834 3855 connectit.
2862 3801 2993 3857 Nam
3027 3805 3176 3871 illttd,
3209 3806 3282 3861 De
3304 3809 3622 3879 plenitudine
3647 3815 3757 3884 ejus
3787 3833 3892 3872 nos

2292 3901 2464 3941 onmes
2492 3892 2779 3959 accepimus
2798 3932 2813 3957 ,
2853 3909 2958 3948 non
2989 3901 3333 3964 prateursoris
3353 3943 3367 3966 ,
3400 3901 3492 3956 sed
3517 3903 3762 3974 discipuli
3798 3909 3892 3962 di-

2291 3988 2433 4032 ctum
2467 3991 2566 4035 est.
2601 3983 2712 4038 lloc
2736 3995 2911 4041 autem
2939 3988 3049 4042 vult
3078 3990 3411 4060 signiﬁcare:
3436 3994 3513 4050 Ne
3547 4000 3742 4066 putetis
3762 4015 3890 4064 nos,

2290 4071 2377 4139 qui
2407 4073 2575 4126 multo
2599 4083 2837 4145 tempore
2859 4093 2978 4133 cum
3005 4080 3096 4135 illo
3124 4085 3315 4138 versati
3339 4101 3544 4152 sumus,
3569 4099 3622 4142 ct
3643 4089 3891 4156 ejusdem

2292 4177 2491 4217 mensa:
2523 4177 2806 4223 consortes
2848 4169 3072 4236 luimus,
3114 4189 3177 4228 cx
3207 4178 3376 4244 gratia
3409 4179 3584 4247 aliqua
3635 4184 3894 4237 testimoo

2293 4253 2438 4307 nium
2470 4254 2628 4310 ferre.
2659 4256 2789 4311 Nam
2821 4258 3056 4317 Joannes
3077 4306 3089 4327 ,
3115 4266 3204 4334 qui
3232 4267 3380 4322 illum
3410 4280 3564 4324 antea
3595 4287 3700 4327 non
3730 4275 3892 4332 vide-

2293 4353 2377 4398 rat
2398 4386 2410 4406 ,
2445 4361 2544 4402 nec
2574 4362 2695 4402 cum
2723 4350 2816 4405 illo
2847 4364 3088 4409 versatus
3119 4356 3290 4412 fuerat
3315 4402 3330 4426 ,
3359 4361 3452 4415 sed
3483 4379 3603 4418 cum
3642 4364 3890 4436 baptiza-

2264 4445 2372 4519 ret
2405 4446 2605 4492 tantum
2625 4482 2640 4508 ,
2676 4441 2790 4510 ipso
2819 4458 2939 4497 eum
2970 4449 3181 4502 ea-teris
3209 4463 3521 4522 conspecto,
3561 4456 3681 4512 inde
3702 4461 3890 4517 omnia

2291 4530 2589 4599 accipiens,
2614 4535 2932 4589 exclamath
2952 4578 2966 4601 ,
2998 4536 3152 4592 Prior
3173 4557 3250 4594 me
3275 4555 3403 4597 erat.
3429 4544 3538 4600 Nos
3561 4559 3738 4603 autem
3762 4569 3890 4605 ιιιιιο

2291 4636 2406 4685 nes.
2438 4623 2748 4691 dquecim,
2784 4630 3004 4682 trecenti
3030 4673 3044 4689 ,
3077 4633 3383 4704 quingenti,
3415 4647 3496 4692 ter
3529 4640 3700 4702 mille,
3725 4643 3894 4712 quiu-

2290 4717 2439 4783 quies
2466 4718 2610 4772 mille
2631 4761 2645 4784 ,
2672 4720 2849 4774 ιιιιιιιιυ
2874 4721 3175 4778 Judmorum
3202 4728 3490 4797 myriades,
3516 4733 3689 4787 omnis
3713 4736 3893 4803 pleni-

2293 4806 2419 4860 tudo
2447 4807 2717 4874 lidclitttn,
2765 4812 2853 4880 qui
2887 4822 3012 4868 tunc
3043 4815 3188 4869 fuere
3213 4858 3227 4882 ,
3260 4820 3347 4887 qui
3379 4837 3554 4888 nunc,
3596 4825 3685 4892 qui
3719 4826 3886 4881 futuri

2290 4908 2446 4962 sunt,
2495 4897 2564 4953 de
2608 4901 2936 4968 plenitudine
2981 4905 3097 4974 ejus
3141 4911 3471 4978 accepimus.
3517 4915 3653 4979 Quid
3701 4926 3889 4973 autem

2289 4988 2626 5058 accepimus?
2654 4989 2892 5046 Gratiam
2924 5010 3019 5063 pro
3048 4998 3238 5065 gratia.
3273 5000 3442 5067 Quam
3473 5019 3568 5072 pro
3598 5006 3745 5074 qua?
3775 5007 3888 5061 l’ra

2293 5082 2457 5135 veteri
2488 5098 2700 5137 notam.
2733 5084 2876 5140 Sicut
2899 5088 3039 5141 enim
3076 5102 3191 5144 erat
3219 5091 3420 5159 justitia
3448 5105 3502 5150 ct
3527 5097 3756 5165 justitia,
3783 5101 3889 5155 Se-

2289 5175 2504 5227 cundum
2514 5177 2789 5246 justitiam,
2821 5181 3008 5250 inquit,
3029 5200 3143 5248 qua:
3162 5184 3212 5237 in
3237 5184 3343 5256 lege
3360 5198 3450 5252 est,
3475 5191 3640 5259 factus
3661 5193 3884 5264 irrepre-

2289 5267 2544 5322 ltensibilis
2572 5267 2829 5340 (Philipp.
2863 5273 2914 5326 5.
2941 5274 2997 5343 6)
3024 5291 3038 5337 ;
3082 5277 3205 5329 item
3237 5280 3370 5332 lidcs
3398 5290 3452 5333 et
3485 5281 3616 5337 lides
3642 5296 3725 5337 est
3756 5304 3768 5338 :
3801 5285 3888 5341 li:

2287 5359 2388 5427 [ide
2424 5361 2477 5413 in
2507 5361 2656 5427 [idem
2696 5362 2871 5433 (Rom.
2922 5367 2968 5419 l.
3017 5369 3124 5431 i7);
3163 5371 3382 5442 adup:io
3416 5391 3626 5445 quoque
3667 5387 3722 5430 et
3752 5380 3888 5432 ado-

2289 5452 2438 5518 ptio:
2496 5453 2723 5520 Quorum
2767 5459 2972 5526 adoptio
3020 5460 3178 5527 (Ibid.
3229 5463 3280 5517 9.
3324 5465 3402 5533 4),
3458 5467 3659 5535 inquit;
3710 5471 3886 5539 gloria

2284 5560 2494 5612 quoque
2520 5546 2709 5615 duplex
2747 5567 2758 5602 :
2793 5549 2855 5602 Si
2895 5553 3024 5604 enim
3065 5555 3198 5621 quod
3245 5572 3516 5611 evacuatur
3544 5578 3632 5630 per
3661 5563 3886 5632 gloriam

2285 5645 2377 5700 est,
2404 5636 2557 5689 multo
2582 5640 2742 5707 magis
2763 5643 2899 5708 quod
2924 5656 3086 5695 manet
3110 5647 3159 5696 in
3181 5649 3346 5715 gloria
3367 5649 3445 5716 (9..
3471 5650 3587 5705 (lor.
3612 5653 3663 5706 3.
3693 5656 3742 5707 ll
3769 5671 3796 5718 ι;
3826 5680 3837 5701 ι
3867 5667 3888 5711 ι

2287 5727 2368 5789 lex
2414 5729 2604 5798 duplex
2638 5749 2650 5784 :
2684 5748 2804 5785 nam
2839 5736 2929 5797 ait,
2965 5735 3072 5788 Lex
3119 5740 3332 5806 spiritus
3367 5747 3480 5795 vita:
3533 5745 3758 5800 liberavit
3802 5768 3886 5804 me

2291 5819 2461 5887 (Itoni.
2497 5822 2546 5874 8.
2580 5822 2634 5891 ‘2)
2662 5842 2674 5888 ;
2705 5835 2752 5879 et
2782 5826 2952 5880 cultus
2980 5828 3196 5902 duplex,
3242 5831 3464 5898 Quorum
3500 5838 3739 5902 mrtuus,
3783 5855 3884 5893 seu
