4164 6320
118 334 184 392 33
1170 323 1233 379 IN
1265 315 1580 378 JOANNEM
1626 310 1731 370 11οἶ

1839 348 1864 366 ..
1908 309 2049 367 XIV.
2093 311 2166 365 al.
2210 310 2343 365 XIII.
3383 310 3452 367 ΞΜ

114 449 327 513 matus;
342 453 396 501 et
409 459 658 510 rursum,
679 443 883 511 Spiritu
902 438 1007 493 Deo
1022 438 1286 493 servientes
1305 436 1345 503 '(
1359 427 1553 501 Philip.
1570 422 1624 483 3.
1648 428 1724 495 τὴς

118 542 325 611 duplex
353 553 567 609 quoque
613 543 999 592 testamentum
1030 550 1043 585 :
1078 530 1356 601 Disponam
1398 524 1537 579 vobis
1580 532 1732 575 testa-

117 644 353 687 mentum
375 646 583 696 norunt,
616 645 722 683 non
752 626 1029 681 secundum
1060 631 1410 677 testamentum
1439 614 1578 688 quod
1618 613 1728 666 dis-

120 726 281 793 posui
338 740 456 778 cunt
520 720 751 790 patribus
804 719 979 773 nostris
1033 714 1166 788 (Jer.
1218 714 1308 768 51.
1362 712 1483 781 3|);
1532 708 1728 779 duplex

154 830 343 885 noque
390 810 777 875 sanctiﬁcatio,
820 808 1013 878 duplex
1062 805 1359 874 baptisma,
1404 800 1599 870 duplex
1638 813 1729 853 sa-

112 906 392 960 criﬁcium
413 944 428 971 ,
461 901 659 970 duplex
686 900 974 968 templum,
1006 892 1205 967 duplex
1248 892 1621 953 circumcisio;
1652 888 1730 943 sic

119 1007 176 1051 et
207 996 417 1065 duplex
450 994 638 1064 gratia.
687 990 794 1047 Sed
842 991 928 1044 illa
972 989 1185 1059 quidem
1214 1002 1312 1041 ceu
1356 985 1520 1056 ﬁgura
1564 989 1725 1046 sunt;

122 1088 246 1143 haec
291 1096 346 1141 ut
398 1087 637 1141 veritas:
670 1099 789 1155 qua:
836 1084 1157 1151 homonyma
1200 1077 1449 1149 quidem,
1484 1074 1577 1131 sed
1621 1088 1727 1128 non

120 1192 429 1248 synonyma
456 1184 598 1230 sunt.
629 1174 759 1229 Nam
804 1174 856 1227 in
890 1172 1027 1243 typis
1056 1180 1107 1225 et
1153 1166 1472 1238 imaginibus
1495 1165 1587 1237 qui
1627 1178 1728 1219 ‘co-

124 1268 244 1323 lere
268 1267 391 1321 albo
413 1274 473 1321 et
500 1266 650 1334 nigro
673 1264 923 1334 pingitur,
947 1261 1108 1315 homo
1135 1267 1378 1322 vocatur,
1405 1264 1461 1309 ut
1483 1265 1539 1311 et
1569 1267 1730 1309 verus

126 1368 297 1411 nomo
316 1357 502 1410 nativo
526 1357 708 1411 cdore
736 1355 1025 1409 instructus
1053 1368 1069 1407 :
1099 1352 1149 1404 in
1173 1348 1362 1403 statuis
1385 1362 1597 1417 quoque
1627 1360 1726 1399 au-

125 1463 217 1502 n-a
252 1446 476 1517 perinde
522 1459 681 1515 atque
730 1443 941 1513 ﬁglina,
983 1451 1155 1497 statua
1209 1438 1438 1503 dicitur;
1485 1435 1579 1492 sed
1634 1434 1722 1489 illa

129 1550 297 1611 typus
322 1550 449 1594 sunt
470 1581 484 1601 ,
516 1538 629 1592 ba-c
655 1540 871 1625 vcrips.

196 1632 253 1682 ‘2.
292 1629 435 1682 Inter
461 1637 628 1683 uetera
667 1636 715 1681 et
756 1618 884 1679 riora
920 1624 1212 1677 discrimen.
1245 1650 1317 1660 —
1344 1619 1421 1675 Ne
1467 1618 1627 1689 igitur
1664 1632 1727 1671 ex

130 1722 410 1775 nominum
440 1720 747 1782 consortio,
780 1731 866 1771 res
888 1717 1104 1771 easdem
1125 1756 1138 1777 ,
1170 1712 1268 1768 sed
1297 1726 1468 1781 neque
1490 1711 1730 1765 diversas

131 1829 253 1869 esse
285 1823 460 1882 putes.
511 1810 643 1866 Nam
675 1810 721 1866 si
769 1819 926 1881 typus
960 1817 1109 1873 erat,
1154 1821 1263 1861 non
1306 1814 1423 1861 erat
1452 1805 1659 1859 alietms
1698 1819 1728 1857 a

129 1904 395 1970 veritate;
442 1903 487 1959 si
520 1903 760 1957 umbram
807 1899 1093 1963 servabat,
1125 1897 1302 1951 minor
1329 1904 1444 1950 erat
1483 1894 1726 1947 veritate.

132 1996 272 2063 Quid
317 2011 449 2066 ergo
473 1994 797 2049 discriminis
840 2001 921 2046 est
970 1992 1107 2045 inter
1154 1990 1267 2043 hare
1311 1988 1527 2041 omnia?
1560 1986 1730 2042 Vultis

134 2105 296 2143 unum
313 2100 403 2142 aut
424 2088 530 2141 duo
549 2102 613 2142 es
631 2085 790 2141 dictis
807 2083 1115 2138 tractemus?
1136 2082 1226 2137 Sic
1241 2089 1434 2137 cmtera
1449 2080 1601 2135 vobis
1619 2096 1732 2135 ma-

135 2181 322 2236 nifesta
354 2188 512 2235 erunt
539 2197 553 2234 :
576 2177 981 2246 videbimusque
1011 2174 1095 2228 illa
1130 2188 1415 2244 puerorum
1438 2181 1727 2244 praecepta,

133 2274 248 2328 hac
265 2273 498 2326 virorum
532 2268 745 2324 fortium
766 2268 947 2331 fuisse;
969 2266 1055 2320 illa
1070 2265 1220 2336 quasi
1258 2263 1586 2323 hominibus.
1615 2261 1732 2318 bare

136 2366 283 2436 quasi
312 2360 517 2435 angelis
541 2362 854 2418 constituta.
888 2358 1038 2414 Unde
1069 2359 1227 2429 igitur
1256 2356 1569 2412 ordiemur?
1601 2354 1729 2409 Vul-

137 2460 203 2513 tis
231 2457 301 2511 ab
327 2457 441 2526 ipsa
472 2454 764 2523 adeptione
789 2451 1107 2506 ordiamur?
1138 2449 1274 2517 Quid
1300 2448 1625 2505 discriminis
1651 2447 1732 2502 in-

143 2562 220 2603 ter
247 2552 383 2604 hanc
413 2558 469 2603 et
498 2548 640 2601 illam
671 2545 793 2601 est?
817 2546 906 2601 llla
934 2545 1147 2599 nomine
1174 2552 1328 2599 tenus
1355 2554 1499 2609 erat;
1532 2544 1645 2598 lucc
1673 2558 1732 2599 re

142 2642 272 2709 ipsa.
307 2640 383 2695 De
411 2640 498 2693 illa
529 2638 746 2704 dicitur,
780 2636 889 2707 Ego
920 2636 1025 2690 dixi
1048 2677 1061 2701 ,
1098 2635 1184 2689 Dii
1210 2636 1357 2700 estis,
1388 2644 1435 2689 et
1457 2635 1551 2703 ﬁlii
1575 2632 1731 2688 Altis-

143 2731 249 2784 sinu'
278 2747 452 2784 antnes
482 2728 657 2797 (Prol.
687 2729 776 2783 8L
808 2729 886 2799 6).
919 2727 993 2782 De
1019 2726 1118 2781 hac
1137 2737 1315 2782 autem
1337 2768 1352 2794 ,
1381 2725 1465 2782 Ex
1490 2727 1596 2782 Deo
1623 2727 1733 2782 nati

144 2834 270 2877 sunt.
298 2820 582 2890 Quomodo
610 2828 665 2876 et
700 2812 805 2890 qua
858 2818 1103 2873 ratione?
1131 2818 1232 2874 Per
1259 2820 1529 2873 lavacrum
1576 2833 1731 2888 rege-

146 2914 427 2969 nerationis
443 2923 499 2967 et
518 2912 879 2967 renovationis
890 2910 1123 2980 Spiritus
1139 2910 1330 2965 sancti.
1347 2910 1414 2965 Et
1428 2910 1499 2964 illi
1514 2911 1730 2981 quidem

148 3021 416 3079 postquam
438 3007 530 3062 ﬁlii
550 3006 799 3077 appellati
822 3016 967 3071 sunt,
987 3004 1234 3074 spiritum
1267 3004 1539 3060 servitutis
1556 3004 1733 3059 adhuc

151 3102 405 3158 habebant
439 3119 453 3154 :
499 3117 621 3155 nam
647 3099 787 3155 servi
814 3112 934 3153 cum
963 3108 1179 3165 essent,
1232 3097 1331 3152 hac
1374 3099 1731 3169 appellat'onc

151 3193 469 3249 ornabantur
495 3209 511 3258 ;
544 3207 642 3247 nos
668 3200 849 3247 autem
898 3189 1054 3245 liberi
1082 3199 1210 3245 tunc
1234 3189 1407 3245 cﬂ’ecti
1433 3231 1448 3255 ,
1496 3206 1601 3244 non
1631 3206 1731 3243 no-

152 3285 313 3351 mine,
346 3283 443 3338 sed
474 3298 534 3338 re
562 3282 823 3337 honorem
850 3280 1175 3350 accepimus.
1208 3280 1275 3334 Et
1300 3279 1401 3334 hoc
1425 3279 1620 3335 Paulus
1646 3279 1731 3334 di-

156 3375 293 3429 cebat
322 3392 336 3428 :
371 3372 497 3428 Non
533 3375 669 3428 enim
712 3371 978 3443 accepistis
1003 3372 1239 3441 spiritum
1262 3371 1513 3426 servitutis
1551 3373 1733 3426 iterum

156 3470 200 3521 in
223 3469 429 3532 timore,
456 3466 546 3520 sed
568 3465 833 3536 accepistis
859 3464 1114 3534 Spiritum
1140 3464 1431 3535 adoptionis
1470 3464 1695 3533 ﬁliorum
1714 3507 1727 3531 ,

159 3559 201 3611 in
224 3574 317 3627 quo
342 3559 649 3621 clamamus,
681 3555 823 3610 Abba
847 3553 1004 3608 Pater
1037 3553 1211 3627 (Rom.
1241 3555 1295 3610 8.
1327 3555 1437 3627 I5).
1481 3555 1732 3611 Geuerati

160 3665 369 3721 nataque
414 3664 687 3720 superne,
736 3656 793 3703 et
848 3656 904 3702 ut
945 3647 1014 3701 ita
1043 3647 1253 3713 dicam,
1296 3646 1609 3714 reformati,
1657 3648 1736 3703 sic

161 3742 311 3796 vocati
347 3755 539 3796 sumus
594 3739 706 3795 ﬁlii.
757 3737 1068 3794 Sanctitatis
1104 3754 1234 3793 vero
1280 3739 1494 3793 modum
1526 3741 1570 3794 si
1614 3740 1736 3810 quis

161 3832 421 3897 didicerit,
454 3832 574 3901 quis
601 3830 708 3895 hic,
739 3830 857 3901 quis
884 3829 994 3895 ille,
1026 3829 1247 3883 multam
1280 3829 1368 3884 hic
1392 3846 1605 3902 quoque
1634 3830 1733 3886 dif-

160 3922 423 3979 lerentiam
451 3922 672 3977 videbit.
704 3921 778 3975 Illi
807 3936 1037 3992 namque
1062 3921 1276 3992 quando
1302 3922 1441 3977 idola
1469 3940 1573 3979 non
1591 3924 1737 3981 cole-

163 4020 288 4084 bant,
317 4034 440 4074 cum
470 4032 572 4072 nec
597 4015 1018 4079 fornicabautur,
1048 4031 1148 4072 nec
1175 4016 1605 4085 mtechahantnr,
1633 4018 1736 4077 hoc

163 4111 472 4166 vocabantur
515 4108 732 4164 nomine
764 4125 777 4160 :
810 4123 907 4163 nos
954 4115 1135 4163 autem
1186 4121 1292 4161 non
1321 4108 1639 4165 abstinendo
1669 4110 1737 4164 ab

165 4203 254 4258 illis
279 4203 441 4259 rebus
473 4210 678 4256 tantum
706 4242 721 4269 ,
751 4200 845 4256 sed
872 4206 924 4255 et
956 4198 1157 4270 majora
1199 4198 1525 4270 possidendo
1563 4203 1735 4257 saneti

164 4294 425 4349 efﬁcimur.
458 4293 528 4348 Et
571 4294 744 4364 primo
768 4290 983 4363 quidem
1012 4306 1081 4346 ex
1127 4291 1244 4362 ipso
1272 4290 1502 4363 Spiritus
1546 4293 1734 4363 illapsu

166 4386 251 4442 hoc
294 4384 677 4456 consequimur
724 4382 922 4437 donum
970 4399 983 4436 :
1039 4381 1234 4437 deinde
1284 4398 1354 4437 ex
1423 4384 1529 4438 vita
1581 4384 1737 4455 longe

168 4477 520 4548 prtestantiore
547 4491 705 4546 quam
724 4474 974 4530 Judaica.
1005 4473 1072 4528 Et
1109 4489 1176 4529 ne
1199 4486 1267 4529 ex
1299 4474 1553 4544 jactantia
1595 4477 1733 4531 dicta

168 4582 337 4639 putes,
391 4568 514 4623 andi
561 4566 689 4639 quid
718 4567 823 4621 illis
845 4566 1029 4621 dicat:
1066 4564 1243 4619 Nolite
1294 4566 1533 4631 lustrare,
1582 4584 1738 4639 neque

196 4664 423 4730 sriﬁcare
474 4662 610 4730 ﬁlios
660 4671 869 4727 vestros,
922 4660 1043 4729 quia
1085 4661 1305 4730 papulas
1350 4673 1557 4715 sanctus
1620 4664 1737 4718 estis

172 4751 336 4817 (Deut.
366 4752 453 4807 I8.
481 4751 595 4823 I0).
642 4750 823 4821 Itaque
846 4750 985 4819 apud
1014 4750 1135 4805 illos
1160 4750 1273 4806 hrec
1303 4753 1559 4807 sanctitas
1584 4763 1699 4808 erat
1718 4795 1735 4821 ,

168 4845 223 4898 ab
246 4844 503 4901 idolorum
556 4844 763 4914 legibus
806 4841 1112 4909 abstinere;
1139 4843 1281 4913 apud
1330 4860 1429 4900 nos
1452 4861 1582 4901 vero
1630 4863 1736 4901 non

169 4937 246 5003 ita,
265 4936 376 5002 sed,
401 4936 470 4992 Ut
488 4936 552 4990 sit
575 4946 771 5003 sancta,
794 4936 981 5006 inquit.
1006 4953 1218 5005 corpore
1244 4946 1290 4991 et
1316 4938 1496 5009 spiritu
1514 4940 1592 5007 (l.
1617 4940 1735 4994 Cor.

170 5029 209 5080 7.
235 5031 357 5100 34).
397 5029 589 5085 Pacem
637 5030 991 5099 persequimini
1017 5040 1063 5083 et
1102 5032 1590 5101 sanctiﬁcationent,
1633 5037 1739 5089 sine

167 5140 249 5191 qua
272 5142 409 5179 neruo
446 5124 629 5179 videbit
676 5123 949 5178 Dominum
976 5123 1158 5194 (Hebr.
1185 5126 1271 5179 l2.
1300 5126 1365 5180 Η
1386 5127 1404 5195 )
1428 5145 1443 5192 ;
1474 5136 1528 5180 et
1548 5169 1561 5191 ,
1608 5126 1738 5181 Pcr-

170 5216 367 5277 ῥάκια
395 5216 846 5285 sancti/irationem
884 5218 936 5270 in
964 5218 1140 5270 timore
1164 5216 1261 5270 Dei
1305 5217 1399 5289 (2.
1425 5218 1543 5273 Cor.
1572 5220 1625 5273 '7.
1662 5218 1734 5291 Ι).

171 5304 266 5360 Non
296 5310 433 5363 enim
464 5308 565 5363 hoc
589 5322 785 5362 nomen
810 5350 826 5376 ,
851 5319 1067 5363 sanctus
1090 5352 1103 5374 ,
1134 5311 1185 5363 in
1211 5311 1458 5367 omnibus
1475 5354 1489 5378 ,
1523 5312 1590 5367 de
1616 5314 1735 5381 qui-

172 5396 254 5452 bus
300 5398 504 5464 dicitur,
563 5399 807 5454 eamdem
861 5401 1019 5456 habet
1072 5387 1544 5473 signiﬁcationem.
1604 5405 1734 5459 Nam

175 5486 293 5541 licus
314 5501 522 5544 sanctus
566 5490 783 5556 dicitur,
813 5491 908 5545 sed
940 5506 1045 5545 non
1073 5492 1211 5547 sicut
1239 5509 1358 5549 nos.
1409 5494 1540 5550 Cum
1588 5496 1732 5550 enim

172 5581 404 5649 propheta
442 5582 578 5641 hanc
608 5596 792 5637 vocem
836 5597 866 5636 ει
893 5582 1203 5653 Seraphinis
1228 5585 1430 5641 audiiit
1456 5627 1471 5652 ,
1515 5589 1733 5643 attende

236 5777 248 5807 ’
285 5785 410 5827 iuxta
444 5781 562 5833 alios
596 5783 864 5845 legendum
892 5794 1043 5840 esset.
1078 5786 1274 5847 Spi:itui
1316 5788 1399 5837 Cri
1426 5788 1701 5839 serrieutcs.

467 5864 743 5925 Punoc.
793 5869 908 5926 Gn.
965 5868 1121 5928 LIX.

1845 424 1975 495 quid
1997 424 2220 479 dixerit:
2245 424 2342 477 [lci
2364 424 2505 489 mihi,
2534 424 2684 477 miser
2709 440 2799 494 ego
2819 424 2857 490 ί,
2877 423 2996 493 quia
3024 424 3174 478 homo
3194 439 3308 478 cum
3332 429 3445 487 sim,

1840 520 2043 590 impura
2074 520 2209 572 labia
2238 518 2397 571 habeo
2418 560 2433 583 ,
2479 526 2524 571 ct
2564 519 2615 570 in
2645 517 2809 571 medio
2837 517 3015 588 pepuli
3067 519 3273 586 impura
3315 516 3452 571 labia

1841 612 2069 665 habentis
2094 626 2185 682 ego
2215 610 2384 664 habito
2412 608 2564 682 (lsai.
2616 609 2668 665 6.
2703 610 2782 676 5).
2812 609 2924 665 Etsi
2954 610 3042 665 ille
3066 614 3121 665 et
3152 620 3372 665 sanctus
3399 621 3453 666 ct

1839 718 2005 773 portis
2050 712 2215 758 esset.
2268 701 2467 756 Verum
2520 703 2565 756 si
2613 709 2852 756 nostram
2904 714 3027 756 cum
3075 716 3308 772 superna
3362 702 3450 756 illa

1837 794 2173 848 sanctitatem
2202 807 2603 863 comparemus,
2646 792 2839 863 impuri
2865 808 3072 847 sumus.
3104 793 3290 849 Sancti
3315 806 3444 849 sunt

1837 885 2035 955 angeli,
2066 884 2237 939 sancﬁ
2260 894 2387 938 sunt
2410 883 2743 950 archangeli,
2770 894 2824 938 et
2846 883 3139 939 Cherubin)
3162 895 3325 955 atque
3344 886 3448 942 Sc-

1838 978 2045 1047 raphim
2074 992 2089 1043 ;
2121 976 2216 1031 sed
2250 975 2407 1044 hujus
2436 975 2738 1030 sanctitatis
2763 976 2867 1029 alia
2895 990 3107 1029 rursum
3136 977 3439 1033 differentia

1834 1076 1919 1121 est
1948 1068 2087 1122 inter
2109 1082 2206 1121 nos
2233 1066 2484 1121 videlicet
2507 1075 2562 1120 et
2591 1067 2901 1136 superiores
2933 1067 3052 1122 illas
3074 1078 3371 1138 potestates
3400 1072 3444 1127 ’.

1836 1158 2058 1215 Possem
2083 1168 2281 1215 cmtera
2306 1160 2491 1214 omnia
2523 1160 2798 1229 persequi,
2829 1159 2923 1215 sed
2951 1160 3109 1216 video
3138 1163 3441 1219 orationem

1837 1250 2048 1321 longius
2102 1266 2483 1321 progressam;
2563 1261 2896 1323 quaprOpter
2948 1252 3206 1309 ulteriore
3282 1255 3443 1309 missa

1834 1344 2256 1414 perquisitione,
2319 1345 2471 1399 vobis
2540 1353 2736 1399 ca‘tera
2790 1345 3119 1415 exploranda
3171 1346 3446 1417 relinque-

1837 1450 1976 1489 mus.
2012 1434 2177 1489 Vobis
2203 1434 2347 1489 enim
2376 1434 2500 1489 licet
2523 1434 2669 1489 domi
2701 1435 2816 1491 hcce
2834 1435 3159 1507 colligendo,
3188 1437 3445 1493 differen-

1838 1526 1963 1580 tiam
1992 1527 2385 1591 internoscere,
2432 1534 2486 1580 ct
2532 1526 2740 1596 reliqua
2768 1526 3022 1581 similiter
3049 1527 3321 1598 indagare.
3360 1528 3445 1581 Da

1835 1618 2073 1687 sapienti,
2114 1618 2305 1689 inquit,
2344 1618 2694 1683 occasionem,
2735 1627 2783 1672 et
2823 1620 3101 1689 sapientior
3129 1621 3222 1672 erit
3256 1618 3440 1690 (Prov.

1835 1712 1889 1767 9.
1920 1711 1996 1781 9).
2027 1711 2241 1766 Initium
2271 1724 2503 1781 namque
2538 1723 2570 1765 a
2595 1710 2749 1765 nobis
2784 1720 2887 1775 est,
2924 1711 3045 1767 ﬁnis
3072 1712 3176 1767 erit
3204 1727 3234 1768 a
3267 1712 3441 1771 vobis.

1834 1802 2025 1873 Operze
2052 1804 2284 1873 pretium
2308 1813 2487 1858 autem
2519 1812 2602 1857 est
2629 1804 2824 1858 seriem
2853 1803 3125 1874 persequi.

1919 1894 2151 1949 Gratiam
2172 1913 2272 1967 .pro
2300 1897 2467 1965 gratia
2497 1895 2622 1967 quid
2648 1896 3161 1967 signiﬁcet.-—Cum
3194 1896 3440 1967 dixisset,

1845 1987 1926 2042 De
1964 1989 2277 2059 plenitudine
2301 1999 2471 2043 autem
2498 1990 2609 2061 ejus
2654 2006 2746 2044 nos
2775 2005 2948 2044 omnes
2975 1992 3287 2061 accepimus,
3315 1993 3444 2045 sub-

1833 2079 1990 2148 didit,
2018 2082 2082 2136 Et
2104 2084 2321 2152 gratiam
2346 2099 2438 2152 pro
2460 2085 2626 2154 gratia
2648 2084 2972 2139 :ostendens
2992 2084 3208 2141 lbda‘os
3228 2101 3443 2156 quoque

1837 2188 1937 2243 per
1960 2175 2189 2244 gratiam
2235 2176 2416 2229 salvos
2446 2175 2629 2230 fuisse.
2660 2174 2777 2231 Non
2819 2178 2960 2231 enim
2991 2177 3134 2248 quod
3185 2179 3444 2249 multipli-

1834 2265 1936 2319 cati
1966 2265 2085 2320 sitis
2109 2306 2123 2333 ,
2176 2266 2271 2321 sed
2313 2274 2537 2337 propter
2578 2275 2758 2338 patres
2803 2276 3014 2322 vestros
3054 2268 3191 2338 elegi
3238 2284 3355 2323 vos.
3386 2270 3439 2324 Si

1834 2371 1965 2426 ergo
1991 2373 2097 2412 non
2127 2374 2192 2413 ex
2224 2358 2457 2428 propriis
2481 2359 2690 2413 meritis
2716 2374 2745 2413 a
2775 2358 2885 2413 Deo
2908 2358 3065 2415 electi
3092 2369 3236 2425 sunt,
3264 2363 3439 2430 palam

1835 2462 1930 2502 eos
1982 2463 2080 2518 per
2101 2448 2329 2518 gratiam
2361 2447 2505 2504 hunc
2526 2463 2646 2504 esse
2673 2458 3033 2519 consequutos
3057 2449 3339 2505 honorem.
3378 2453 3443 2507 lit

1836 2555 1933 2595 nos
1964 2554 2179 2611 quoque
2208 2541 2378 2611 gratia
2423 2539 2557 2596 salvi
2587 2539 2711 2596 facti
2742 2556 2928 2598 sumus
2957 2558 2969 2596 :
3000 2545 3095 2598 sed
3130 2550 3236 2598 non
3277 2545 3436 2598 simili

1838 2632 2019 2687 modo.
2066 2632 2251 2701 Neque
2294 2633 2438 2688 enirn
2484 2632 2673 2688 iisdem
2724 2635 2774 2687 in
2818 2635 3018 2700 rebus,
3049 2634 3143 2690 sed
3174 2636 3225 2689 in
3271 2636 3439 2691 multo

1837 2723 2130 2794 majoribus
2152 2733 2207 2779 et
2226 2724 2653 2781 sublimioribus.
2684 2724 2801 2780 Non
2829 2725 3011 2796 itaque
3041 2728 3163 2782 talis
3186 2737 3270 2782 est
3297 2728 3439 2798 apud

1838 2829 1936 2869 nos
1978 2815 2170 2886 gratia.
2217 2814 2402 2885 Neque
2448 2814 2591 2870 enim
2641 2824 2983 2885 peccatorum
3036 2825 3241 2872 tantum
3284 2820 3438 2872 venia

1838 2908 1993 2963 nobis
2018 2907 2212 2963 collata
2243 2918 2362 2973 est;
2397 2907 2557 2977 huius
2600 2924 2831 2979 namque
2861 2924 2983 2963 cum
3016 2910 3119 2964 illis
3159 2921 3441 2966 consortes

1833 3016 2022 3057 sumus
2055 3018 2068 3054 :
2101 3016 2293 3055 onmes
2334 3001 2482 3056 enim
2526 3011 2922 3071 peccaverunt;
2950 3002 3044 3057 sed
3075 3002 3235 3058 datur
3276 3004 3440 3059 etiam

1832 3095 2035 3166 justitia
2063 3136 2078 3161 ,
2111 3094 2471 3149 sanctiﬁcatio
2495 3135 2508 3159 ,
2538 3095 2788 3164 adoptio,
2815 3094 3047 3166 Spiritus
3068 3098 3240 3167 gratia
3285 3097 3443 3169 longe

1837 3188 2174 3259 splendidior
2217 3198 2275 3243 et
2326 3187 2566 3242 uberior.
2612 3186 2719 3242 Per
2747 3186 2887 3243 hanc
2923 3190 3150 3259 gratiam
3183 3190 3293 3245 Deo
3330 3192 3442 3246 cari

1838 3280 1958 3335 lacti
1986 3294 2203 3344 sumus,
2232 3293 2339 3335 non
2371 3278 2509 3333 ultra
2545 3288 2605 3333 ut
2629 3279 2768 3335 servi
2798 3288 3003 3335 tantum
3027 3324 3041 3347 ,
3070 3281 3163 3336 sed
3189 3283 3355 3338 etiam
3385 3294 3445 3338 ut

1840 3372 1934 3427 ﬁlii
1961 3380 2016 3427 et
2036 3371 2216 3426 amici.
2244 3370 2369 3426 Ideo
2397 3371 2591 3441 inquit,
2620 3370 2853 3425 Gratiam
2884 3387 2978 3442 pro
2998 3374 3186 3444 gratia.
3226 3374 3437 3429 Etenim

1838 3463 2026 3534 legalia
2058 3478 2273 3534 quoque
2299 3478 2365 3517 ex
2386 3463 2556 3533 gratia
2581 3471 2759 3531 erant,
2784 3478 2994 3520 necnon
3018 3465 3160 3536 quod
3181 3480 3246 3521 ex
3277 3466 3447 3522 nihilo

1840 3557 1963 3612 lacti
1994 3556 2164 3612 simus
2194 3573 2207 3609 :
2232 3571 2340 3611 non
2363 3556 2506 3611 enim
2534 3557 3056 3628 eupnccedentibus
3078 3560 3283 3616 meritis
3308 3560 3447 3616 hane

1838 3649 2329 3704 remunerationem
2376 3649 2685 3719 accepimus
2714 3666 2726 3703 :
2758 3650 3036 3721 quomodo
3078 3654 3227 3708 enim
3254 3695 3269 3720 ,
3317 3670 3439 3709 cum

1838 3756 1945 3796 non
1959 3738 2234 3795 essemus?
2250 3738 2343 3795 sed
2360 3739 2500 3795 Deus
2520 3752 2734 3812 semper
2750 3740 3028 3798 beneﬁciis
3044 3758 3145 3799 nos
3165 3746 3445 3814 prmvenit.

1839 3830 1954 3885 Non
1980 3829 2140 3885 modo
2153 3843 2275 3886 cum
2297 3846 2398 3887 nos
2426 3846 2491 3886 ex
2520 3831 2690 3887 nihilo
2713 3833 2984 3903 produxit,
3008 3835 3105 3891 sed
3129 3837 3290 3891 etiam
3322 3853 3445 3893 cum

1840 3923 2033 3978 creatis
2045 3923 2133 3978 dat
2149 3934 2201 3978 ut
2217 3939 2335 3994 qua:
2349 3922 2700 3995 agenda,qu
2716 3940 2821 3981 non
2840 3927 3045 3996 agenda
3061 3940 3184 3983 sunt
3201 3930 3434 3984 sciamus

1842 4024 1895 4070 ct
1918 4016 2054 4071 hanc
2086 4017 2139 4071 in
2163 4026 2354 4071 natura
2380 4017 2552 4086 legem
2583 4018 2960 4074 nanciscamur
2989 4038 3001 4072 :
3031 4030 3084 4075 et
3106 4023 3247 4091 quod
3294 4023 3449 4077 nobis

1841 4108 2189 4163 conscientim
2220 4108 2455 4163 tribunal
2484 4110 2854 4180 incorruptum
2880 4112 3153 4179 iudiderit,
3183 4115 3234 4169 id
3265 4118 3449 4186 gratias

1842 4202 2090 4257 maxima:
2134 4200 2525 4257 et‘iueﬁ'abllis
2574 4202 2921 4273 benignitatis
2968 4204 3085 4261 fuit.
3118 4206 3270 4273 Quod
3320 4209 3447 4263 item

1842 4291 1980 4347 hanc
2012 4291 2185 4363 legem
2226 4291 2336 4360 jam
2368 4301 2679 4363 corruptam
2702 4332 2717 4359 ,
2746 4308 2843 4363 per
2868 4296 3121 4366 scriptam
3154 4298 3325 4370 legum
3358 4317 3448 4357 reo

1842 4383 2185 4447 Itauraverit,
2216 4383 2267 4438 id
2299 4385 2487 4454 gratia:
2516 4393 2652 4439 erat.
2689 4385 2821 4441 Nam
2850 4398 3272 4447 consentaneum
3293 4404 3409 4449 erat
3429 4436 3447 4463 ,

1846 4485 1903 4528 ut
1931 4475 2020 4545 qni
2055 4475 2223 4530 semel
2255 4474 2435 4529 datam
2462 4477 2633 4547 legem
2662 4477 3081 4547 adulterossent,
3109 4484 3371 4555 supplicio
3398 4497 3451 4541 et

1845 4566 2030 4621 ultioni
2073 4566 2441 4622 traderentur.
2473 4567 2589 4622 Non
2624 4566 2728 4624 hoc
2755 4579 2938 4626 autem
2972 4572 3171 4629 factum
3216 4585 3327 4639 est;
3356 4580 3449 4631 sed

1842 4673 2098 4714 concessa
2129 4669 2209 4714 est
2233 4659 2563 4725 emendatio,
2597 4670 2649 4716 et
2682 4662 2836 4717 venia
2870 4680 2976 4718 non
3006 4664 3209 4730 debita,
3238 4669 3332 4723 sed
3358 4687 3454 4739 por

1844 4749 2269 4806 misericordiam
2302 4759 2357 4806 et
2382 4753 2609 4821 gratiam
2642 4752 2785 4809 data.
2819 4753 2975 4822 Quod
2997 4758 3139 4813 enim
3168 4758 3217 4813 id
3245 4775 3308 4815 ex
3332 4773 3451 4831 gra-

1848 4842 1914 4896 tia
1947 4851 1999 4895 et
2022 4842 2389 4897 misericordia
2412 4844 2689 4913 prodierit,
2714 4845 2836 4901 audi
2854 4846 3107 4903 Davidem
3137 4849 3407 4907 dicentem
3435 4872 3450 4908 :

1846 4933 2065 4989 Faciem
2116 4936 2493 4991 misericordias
2528 4933 2784 4993 Dominus
2806 4981 2823 5007 ,
2868 4950 2917 4995 et
2930 4943 3189 5011 judicium
3220 4947 3455 5003 omnibus

1843 5027 2086 5099 injuriam
2114 5028 2445 5097 patientibus.
2481 5028 2647 5083 Notas
2684 5033 2803 5102 fecit
2825 5034 2931 5088 vias
2961 5051 3082 5089 suas
3110 5035 3301 5109 Moysi,
3329 5041 3454 5108 ﬁliis

1844 5118 2012 5173 Israel
2038 5122 2323 5174 voluntates
2343 5120 2505 5193 suas(
2533 5120 2679 5176 Psal.
2714 5123 2838 5179 102.
2868 5124 2923 5180 6.
2948 5136 2994 5180 et
3016 5128 3047 5182 7
3070 5128 3113 5201 ).
3144 5129 3211 5183 Ει
3232 5131 3450 5188 iterum:

1846 5209 2028 5264 Dulcis
2085 5220 2132 5265 et
2173 5222 2343 5265 rectus
2396 5211 2689 5276 Dominus;
2726 5226 2934 5284 prepter
2962 5218 3059 5271 hoc
3096 5220 3258 5291 legem
3311 5226 3454 5276 dabit

1845 5304 2250 5373 delinquentibus
2276 5305 2326 5357 in
2356 5306 2437 5357 via
2465 5306 2481 5371 (
2514 5303 2651 5359 Ibid.
2678 5305 2770 5360 Ωιι.
2803 5306 2903 5378 8).

1911 5483 1927 5514 ι
1967 5488 2076 5530 Post
2100 5479 2237 5537 illud,
2262 5477 2411 5530 miser
2426 5491 2532 5545 ego,
2558 5478 2725 5545 Morel.
2754 5489 2805 5531 et
2821 5488 2929 5545 Mss.
2952 5484 3091 5545 pauci
3118 5484 3320 5545 addunt,
3348 5503 3453 5538 nta-

1842 5542 1975 5614 :rime
2006 5534 2346 5604 compunctus;
2372 5534 2596 5591 sed'h'tec
2617 5543 2799 5593 desunt
2824 5544 2872 5593 in
2896 5534 3036 5595 sa'til.
3069 5555 3120 5597 et
3141 5534 3320 5599 in
3348 5534 3450 5615 plu-

1842 5618 2117 5737 nm’Isluxta
2142 5663 2330 5737 Μφιέξι.⁷
2358 5664 2627 5737 legendum
2652 5674 2831 5737 esset,
2850 5669 2936 5720 sed
2960 5672 3189 5723 sanctitas
3232 5673 3321 5725 Dei
3351 5682 3451 5728 tum

1839 5735 2085 5799 maculati
2108 5735 2286 5799 nostra:
2307 5735 2411 5799 lunt
2436 5735 2676 5799 sattclttatt
2703 5736 3010 5793 potestatum,
3038 5746 3149 5794 qute
3188 5749 3339 5799 supra
3362 5753 3447 5789 nos

1843 5798 1968 5853 sunt,
1996 5797 2193 5853 νηί-διαί
2219 5798 2263 5838 et
2285 5788 2537 5840 dissimilis
2562 5798 2651 5839 est.

3045 5889 3085 5949 6
