4164 6320
742 316 802 369 itii
1448 313 1501 369 S.
1543 312 1818 370 JOANNIS
1855 310 2327 369 CllllYSOSTOSII
2367 310 2677 367 ARCHIEP.
2710 315 3244 374 (IONSTANTINOP.
3948 318 4020 370 Siti

810 438 860 489 5.
906 433 1282 489 Misericordia:
1328 432 1484 501 igitur
1517 441 1571 485 et
1616 431 2017 485 miserationem
2049 440 2102 484 et
2137 427 2319 499 gratia:

744 541 878 593 opus
922 524 1051 579 illud
1082 535 1159 580 est
1184 564 1200 591 ,
1234 523 1401 592 legem
1442 523 1705 591 accipere.
1759 521 1883 576 Ideo
1909 536 2028 575 cum
2060 520 2317 585 dixisset,

741 616 970 670 “ratium
997 633 1089 687 pro
1110 616 1293 687 gratia,
1327 615 1696 669 vehementius
1726 616 1739 643 ¹
1775 612 2121 681 magnitudini
2150 610 2319 664 dono-

740 726 856 764 rum
905 711 1157 763 insistens
1203 707 1519 777 subjungit:
1554 708 1637 760 17.
1676 704 1779 760 Lex
1816 721 1904 775 per
1936 704 2160 775 Mogsem
2198 703 2319 755 data

737 811 843 866 est,
897 801 1061 871 gratia
1106 809 1153 853 et
1198 799 1379 853 veritas
1408 814 1497 867 per
1535 796 1711 850 Iesum
1754 794 2010 849 Christum
2041 795 2178 862 facta
2221 801 2313 847 est.

743 890 925 945 Videte
960 906 1118 961 quam
1150 889 1358 960 placide
1388 904 1449 943 ac
1470 887 1723 957 paulatim
1756 901 1862 941 uno
1887 890 2053 941 verbo
2081 893 2135 941 et
2162 884 2317 945 Joan-

740 996 838 1036 nes
887 982 1123 1051 Japtista
1164 989 1219 1036 et
1251 979 1543 1050 discipulus
1585 978 1651 1034 ad
1703 993 2006 1048 supremam
2045 978 2316 1033 auditores

736 1075 1095 1145 cognitionem
1135 1072 1359 1127 evehant
1380 1113 1394 1137 ,
1425 1081 1705 1143 postquam
1743 1086 1835 1125 eos
1865 1072 1917 1125 in
1945 1070 2313 1126 humilioribus

734 1166 1131 1221 orsercitarunt?
1155 1163 1248 1220 Ille
1270 1180 1498 1234 namque
1519 1173 1797 1235 postquam
1818 1178 1997 1219 secum
2019 1162 2315 1218 contulerat

734 1271 882 1321 eum,
906 1254 996 1323 qui
1031 1254 1147 1308 sine
1174 1254 1577 1323 comparatione
1603 1269 1790 1309 omnes
1816 1253 2029 1308 excedit
2051 1294 2065 1317 ,
2097 1253 2174 1308 sic
2197 1252 2313 1323 ejus

735 1357 915 1413 postea
956 1346 1324 1400 excellentiam
1374 1344 1607 1399 ostendit
1653 1344 1879 1400 dicens:
1930 1344 2029 1411 Qui
2073 1353 2191 1397 ante
2235 1360 2315 1397 me

733 1441 897 1508 [nctus
940 1447 1045 1500 est;
1078 1435 1271 1491 deinde
1300 1435 1535 1490 subdens
1568 1435 1715 1499 illud,
1750 1433 1905 1488 Prior
1934 1450 2011 1487 me
2047 1442 2155 1487 erat
2180 1450 2196 1488 .'
2223 1433 2313 1488 hic

731 1544 859 1582 vero
886 1528 1053 1583 multo
1079 1528 1254 1597 majus
1285 1525 1549 1595 prtestitit,
1580 1528 1755 1581 minus
1784 1534 1962 1581 tamen
1988 1540 2145 1596 quam
2174 1524 2307 1581 Uni-

730 1620 892 1689 geniti
921 1620 1148 1688 dignitas
1180 1618 1493 1689 postularet.
1529 1617 1646 1671 Non
1678 1618 1821 1672 enim
1847 1618 2036 1671 Soanni
2058 1658 2073 1684 ,
2106 1617 2200 1672 sed
2226 1617 2306 1684 ei,

730 1711 817 1779 qui
846 1710 1033 1777 majori
1060 1725 1215 1780 quam
1248 1709 1482 1763 Joannes
1511 1709 1649 1779 apud
1679 1708 1895 1763 Judmos
1926 1719 2041 1764 erat
2070 1708 2295 1763 admira-

730 1803 882 1867 tioni,
912 1802 1075 1874 Moysi
1104 1818 1319 1871 nempe,
1347 1802 1519 1872 ipsum
1546 1813 1822 1872 comparat
1847 1802 2052 1869 dicens,
2086 1803 2193 1857 Lex
2221 1820 2309 1874 per

730 1893 961 1965 Moysen;
985 1896 1115 1947 ‘data
1138 1906 1229 1959 est,
1263 1895 1499 1963 qratiaet
1526 1895 1710 1949 veritas
1738 1910 1825 1963 per
1853 1895 2027 1949 Jesum
2054 1895 2307 1949 Christum

728 1992 864 2057 facta
892 1997 984 2041 est.
1016 1988 1081 2041 Et
1106 1987 1225 2041 vide
1265 1985 1621 2057 prudentiam.
1655 1987 1767 2041 Non
1814 2002 2181 2055 personarum,
2211 1988 2306 2043 sed

729 2094 904 2131 l't'l'lllii
940 2077 1365 2147 disquisitionem
1392 2076 1538 2132 facit.
1569 2077 1697 2131 Nam
1728 2092 1850 2131 eum
1883 2092 1968 2131 res
1995 2077 2121 2147 ipsae
2153 2077 2306 2147 longe

729 2168 957 2237 majores
984 2169 1838 2233 demonstrareutur,'neccssario
1861 2169 2048 2238 ingrati
2082 2168 2155 2222 illi
2178 2183 2303 2223 sen-

729 2262 945 2314 tentiam
986 2272 1039 2315 et
1070 2261 1375 2331 opinionem
1404 2261 1470 2316 de
1496 2262 1990 2331 Christoexcipere
2015 2261 2302 2318 debebant.

713 2353 1027 2407 «nuncnum
1055 2369 1215 2423 Opera
1240 2353 1374 2424 ipsa,
1400 2370 1516 2423 qua:
1535 2354 1735 2408 nullam
1764 2353 1993 2409 habeant
2014 2356 2093 2409 vel
2121 2356 2305 2424 gratia:

725 2443 807 2496 vel
854 2444 958 2497 odii
1008 2444 1368 2512 suspicionem
1396 2483 1410 2508 ,
1462 2443 1856 2510 testificantur,
1891 2457 2093 2500 certum
2144 2446 2303 2500 etiam

723 2534 1118 2601 impudentibus
1145 2534 1387 2603 prmbent
1417 2534 1689 2589 indicium.
1717 2534 1852 2589 Nam
1893 2536 2065 2605 qualia
2094 2536 2179 2591 illa
2206 2553 2303 2592 au-

723 2634 899 2680 ctores
935 2626 1259 2691 ediderunt,
1304 2626 1426 2681 talia
1468 2636 1687 2682 manent
1730 2638 1781 2683 et
1818 2631 2103 2700 conspicua
2135 2641 2299 2686 sunt:

721 2719 1066 2787 quamobrem
1092 2719 1236 2775 omni
1272 2719 1574 2789 suspicione
1602 2729 1656 2775 et
1685 2723 2000 2791 exceptione
2028 2724 2198 2794 majus
2222 2734 2303 2780 est

723 2810 933 2864 illorqu
970 2812 1353 2867 testimonium.
1386 2812 1765 2869 Animadverte
1794 2823 1969 2870 autem
1998 2829 2153 2885 quam
2183 2832 2298 2872 mo-

717 2903 920 2957 destam
944 2903 1097 2958 faciat
1125 2904 1579 2973 comparationem
1604 2906 1766 2959 etiam
1790 2907 1927 2975 apud
1956 2906 2297 2964 infirmiores.

718 2993 834 3047 Non
856 2994 995 3048 enim
1016 2994 1382 3048 excellentiam
1411 2995 1556 3050 illam
1579 2996 1757 3050 verbis
1777 2998 2004 3066 extollit,
2027 2999 2119 3054 sed
2143 2998 2299 3054 nudis

718 3084 1021 3139 nominibus
1072 3084 1423 3140 differentiam
1472 3088 1746 3154 ostendit,
1804 3088 1930 3142 dum
1975 3091 2199 3159 gratiam
2243 3101 2298 3147 et

715 3175 1009 3238 veritatem,
1043 3173 1164 3244 legi,
1198 3183 1250 3229 et
1281 3174 1415 3230 hanc
1442 3191 1647 3243 vocem,
1681 3177 1728 3230 F
1729 3188 1843 3232 acta
1868 3192 1961 3245 est,
1988 3179 2130 3243 huic,
2162 3181 2296 3237 Data

713 3277 783 3318 est
806 3267 1090 3334 ,‘Opponit.
1120 3266 1336 3321 Multum
1368 3277 1543 3324 autem
1596 3279 1678 3325 est
1706 3270 1847 3325 inter
1876 3281 2160 3343 utramque
2183 3273 2295 3329 dis-

712 3360 931 3412 crimen.
958 3357 1092 3413 Nam
1129 3359 1275 3427 illud,
1302 3359 1434 3415 Data
1458 3371 1551 3430 est,
1584 3363 1811 3419 ministri
1835 3375 1968 3429 erat,
1994 3367 2082 3436 qui
2104 3367 2170 3421 ab
2189 3368 2295 3424 alio

711 3460 987 3520 acceptum
1014 3450 1160 3505 dedit
1182 3453 1373 3522 quibus
1390 3453 1569 3523 jussus
1598 3463 1748 3519 erat;
1778 3454 1907 3509 illud
1934 3470 2061 3512 vero
2082 3497 2099 3523 ,
2130 3457 2291 3513 Facta

696 3553 785 3594 ~est
810 3584 824 3608 ,
856 3545 1021 3612 gratia
1048 3554 1103 3599 et
1127 3546 1324 3602 veritas
1348 3588 1362 3612 ,
1397 3548 1570 3619 'Regis
1608 3558 1691 3605 est
1732 3550 1822 3620 qui
1867 3565 1987 3607 cum
2031 3562 2292 3622 potestate

701 3643 931 3701 peccata
978 3638 1161 3691 ouinia
1186 3637 1442 3707 dimittit,
1486 3648 1542 3695 et
1581 3639 1777 3696 detmm
1806 3653 2075 3713 prmparat
2113 3661 2289 3701 suum.

709 3726 1065 3791 Quamobrem
1093 3728 1324 3795 dicebat,
1354 3730 1691 3787 Dimittuntur
1734 3734 1821 3788 tibi
1852 3747 2057 3806 peccata
2085 3736 2103 3808 (
2124 3736 2288 3795 Marc.

706 3817 759 3869 Ξ.
786 3818 847 3887 9)
873 3836 885 3882 ;
906 3829 957 3874 et
987 3836 1215 3887 rursum,
1230 3821 1308 3877 Ut
1332 3834 1498 3878 autem
1517 3826 1687 3881 sciatis
1704 3828 1823 3895 quia
1837 3838 2129 3897 potestatem
2147 3832 2294 3886 habet

715 3914 881 3969 Filius
905 3916 1134 3971 hominis
1175 3920 1228 3971 in
1268 3928 1400 3974 terra
1427 3922 1709 3977 dimittendi
1754 3936 1991 3994 peccata,
2029 3929 2101 3982 ait
2128 3947 2291 3999 φανα-

702 4008 883 4076 lytico:
901 4007 1127 4079 Sui-gens
1142 4012 1261 4065 tolle
1280 4013 1457 4067 lectum
1474 4023 1631 4081 tuum,
1655 4027 1699 4069 et
1718 4020 1840 4071 vade
1859 4019 1909 4071 in
1926 4020 2131 4073 domum
2150 4032 2288 4077 tuam

705 4099 864 4170 (Ibid.
897 4117 944 4154 υ.
982 4101 1064 4155 10.
1098 4103 1231 4157 et]!
1267 4103 1307 4171 ).
1338 4103 1528 4160 Viden’
1557 4108 1824 4176 quomodo
1838 4112 2016 4179 gratia
2051 4128 2144 4181 per
2164 4129 2283 4167 eum

709 4192 835 4244 fiat?
866 4190 1165 4247 Veritatem
1192 4210 1407 4265 quoque
1434 4196 1575 4250 vide.
1599 4196 1837 4252 Gratiam
1870 4200 2063 4269 igitur,
2094 4212 2148 4255 et
2169 4202 2286 4258 tunc

704 4289 757 4332 et
786 4297 904 4348 quae
931 4282 994 4335 ad
1027 4282 1286 4337 latronem
1309 4294 1575 4353 spectant,
1605 4296 1659 4339 et
1690 4285 2024 4357 baptismatis
2046 4290 2245 4347 donum
2267 4335 2283 4359 ,

703 4382 752 4422 et
776 4370 1003 4439 Spiritus
1030 4374 1196 4442 gratia
1221 4388 1313 4443 per
1335 4376 1504 4443 ipsum
1532 4376 1651 4430 data
1669 4378 1689 4408 ¹
1719 4380 2005 4435 ostendunt
2032 4399 2045 4447 ;
2076 4397 2282 4437 necnon

701 4461 804 4514 alia
848 4463 1071 4532 plurima
1108 4482 1121 4515 :
1155 4466 1428 4520 veritatem
1477 4477 1653 4521 autem
1709 4468 2037 4525 manifestius
2083 4473 2281 4528 intelli-

710 4567 918 4621 gemus.
947 4554 990 4607 si
1016 4553 1209 4623 ﬁguras
1226 4554 1587 4612 didicerimus.
1620 4557 1751 4614 Nam
1779 4561 1977 4631 quas/in
2006 4562 2152 4619 Novo
2176 4564 2281 4621 Te-

706 4650 971 4696 stamento
995 4642 1354 4711 diSpensauda
1405 4657 1592 4715 erant,
1623 4650 1805 4720 figura:
1836 4654 1979 4721 prius
2018 4667 2074 4710 ut
2101 4656 2282 4728 figura:

702 4732 1117 4803 descripserant;
1139 4733 1379 4790 Christus
1413 4742 1831 4797 autem-veniens
1867 4749 2279 4804 consummavit.

704 4823 891 4889 Paucis
913 4839 1041 4894 ergo
1061 4824 1259 4895 figuras
1282 4827 1398 4883 illas
1422 4829 1712 4885 videamus.
1741 4832 1923 4905 Neque
1942 4836 2084 4891 enim
2102 4840 2280 4894 omnia

702 4914 789 4969 iila
834 4930 1115 4972 recensere
1149 4921 1424 4987 [maculis
1450 4931 1531 4975 est
1559 4925 1915 4992 temporis;.a
1944 4929 2124 4996 paucis
2162 4944 2281 4999 qua:

692 5025 843 5063 mune
874 5011 1136 5077 proferam
1154 5022 1347 5066 camera
1381 5014 1705 5082 intelligetis.
1744 5016 1996 5073 Vultisab
2017 5021 2128 5090 ipsa
2162 5036 2302 5091 pas-.

698 5100 852 5161 sione
896 5101 1243 5170 incipiamus?
1272 5103 1404 5171 Quid
1450 5105 1523 5159 ait
1567 5105 1731 5177 figura
1763 5125 1781 5165 :
1810 5112 2048 5180 Accipite
2086 5127 2279 5183 agnum

700 5207 797 5258 per
822 5192 1043 5259 domos,
1085 5202 1140 5248 et
1181 5195 1481 5261 immutate,
1522 5206 1577 5252 et
1622 5200 1777 5254 facile
1822 5212 1879 5255 ut
1914 5204 2182 5274 percepit
2227 5212 2283 5259 et

698 5282 878 5336 statuit
930 5282 1184 5339 Dominus
1214 5286 1232 5355 (
1260 5283 1427 5340 Exod.
1472 5286 1560 5343 12.
1593 5288 1685 5359 5).
1714 5290 1959 5346 Christus
1998 5310 2129 5348 vero
2174 5308 2278 5349 non

700 5375 805 5438 sic;
850 5389 1020 5445 neque
1062 5374 1205 5430 cnim
1236 5378 1473 5447 pnecipit
1519 5378 1620 5435 hoc
1643 5396 1800 5452 agere
1834 5400 1848 5438 :
1877 5384 1971 5439 sed
2002 5385 2114 5455 ipse
2161 5400 2280 5441 sese

702 5465 1019 5521 oblationem
1049 5477 1104 5523 et
1134 5468 1359 5524 hostiam
1392 5470 1532 5525 Patri
1559 5471 1731 5527 oti‘ert.

762 5622 779 5688 ξ
817 5618 949 5688 Alias
979 5620 1177 5688 legitur,
1204 5624 1402 5683 clarius,
1427 5639 1531 5688 pro,
1568 5628 1903 5681 vehementius.

758 5682 779 5714 '
813 5682 1063 5759 Μειδίιῇιᾷ
1093 5694 1145 5759 et
1166 5682 1700 5759 'pluriniittssg'stm'el.
1726 5708 1841 5744 vero
1876 5695 2057 5758 habet,
2084 5704 2130 5746 ct
2154 5694 2280 5759 [itio-

698 5765 805 5804 rum
823 5749 1022 5813 adatin
1039 5749 1171 5800 nobis
1192 5765 1278 5813 per
1302 5753 1381 5817 δ’ρὶ
1392 5754 1527 5803 “itum
1552 5757 1679 5805 data.

2506 432 2559 482 4.
2607 429 2735 485 \‘ide
2762 446 2869 500 quo
2896 444 3050 501 pacto
3081 433 3243 502 figura
3278 447 3372 503 per
3398 432 3632 504 MnySem
3664 434 3787 489 data
3814 436 3902 496 sit.
3927 453 4019 491 ve-

2429 520 2559 573 ritas
2587 530 2762 575 autem
2797 537 2891 591 per
2911 523 3095 577 Jesum
3117 521 3389 577 Christum
3419 523 3554 579 facta
3598 527 3689 579 sit.
3710 527 3780 582 ﬁt
3804 508 4019 582 rursum

2428 609 2479 664 in
2511 620 2694 666 monte
2724 610 2872 678 Sina,
2901 627 3020 667 cum
3062 614 3374 669 Amaleeiue
3402 626 3589 669 contra
3623 616 3881 673 Hebraeos
3924 636 4019 687 pu-

2423 717 2582 773 guam
2606 704 3022 770 committerent,
3069 719 3259 759 manus
3287 706 3482 777 Moysis
3528 707 3598 762 ab
3623 709 3834 764 Aarone
3861 719 3915 764 et
3945 710 4019 763 υτ

2426 794 2676 865 utrinque
2699 807 2935 851 extensa:
2955 798 3394 864 sustinebantur;
3422 799 3674 856 Christus
3702 811 3877 857 autem
3902 807 4020 873 ipse

2424 900 2519 954 per
2540 901 2660 942 sese
2686 902 2876 943 manus
2904 897 3153 943 extensos
3172 890 3341 944 ternuit
3370 890 3423 944 in
3452 906 3634 945 cruce.
3670 891 3856 947 Videu‘
3883 910 4017 963 quo-

2422 977 2581 1032 modo
2607 978 2770 1047 figura
2800 978 2944 1044 data,
2985 980 3181 1035 veritas
3205 991 3383 1037 autem
3408 982 3541 1036 facta
3570 982 3675 1036 sit?
3702 982 3910 1039 Rursus
3933 985 4017 1038 lex

2418 1067 2652 1135 diccbat,
2679 1069 2987 1124 Maledictus
3015 1072 3180 1126 omnis
3222 1073 3309 1140 qui
3351 1089 3451 1125 non
3496 1083 3661 1127 manet
3697 1075 3750 1127 in
3799 1076 3862 1128 iis
3902 1090 4019 1145 qui:

2418 1160 2608 1229 scripta
2632 1163 2823 1215 suntin
2855 1162 2985 1215 libro
3015 1162 3110 1216 hoc
3155 1162 3332 1233 (Deut.
3366 1164 3458 1231 27,
3497 1164 3628 1232 26);
3671 1166 3839 1235 gratia
3888 1180 4018 1220 vero

2418 1250 2542 1321 quid
2570 1251 2735 1306 dicit?
2776 1251 2947 1306 Venite
2966 1253 3034 1306 ad
3063 1270 3141 1307 me
3168 1271 3341 1308 omnes
3361 1250 3717 1326 qui‘laboratis
3748 1268 3793 1310 et
3816 1260 4019 1310 onerati

2418 1341 2553 1405 estis,
2592 1352 2639 1395 et
2677 1358 2769 1412 ego
2808 1344 3035 1411 reﬁciam
3070 1360 3156 1398 vos
3200 1345 3218 1415 (
3229 1332 3411 1400 Matth.
3445 1346 3533 1401 11.
3566 1346 3690 1417 28);
3721 1349 4014 1410 etPuuhrs,

2418 1430 2647 1485 Christus
2673 1448 2763 1485 nos
2780 1434 2986 1486 redemit
3007 1433 3072 1489 de
3091 1433 3359 1490 maledicto
3393 1434 3536 1508 legis,
3560 1438 3728 1506 [actus
3756 1454 3846 1494 una
3873 1438 4015 1491 nobis

2414 1524 2735 1579 maledictum
2767 1523 2909 1597 (Cal.
2952 1526 3004 1581 ὅ.
3041 1528 3153 1597 15).
3208 1528 3339 1596 Quia
3393 1531 3551 1599 igitur
3595 1540 3740 1588 tanta
3788 1530 4015 1584 fruimur

2413 1617 2581 1687 gratia
2618 1630 2671 1672 et
2697 1620 2941 1685 veritate,
2971 1620 3199 1675 obsecro
3228 1637 3295 1675 ne
3340 1630 3558 1692 propter
3584 1623 3714 1678 doni
3745 1624 4015 1693 magnitu-

2417 1710 2596 1763 dinem
2628 1711 2904 1780 segniores
2930 1710 3239 1766 evadamus.
3279 1712 3491 1780 Quanto
3517 1714 3707 1781 majori
3740 1715 3885 1768 enim
3929 1715 4014 1766 dp

2411 1803 2555 1869 gnati
2572 1815 2757 1854 sumus
2782 1800 3010 1868 honore,
3034 1811 3181 1856 tanto
3199 1804 3458 1872 majorem
3476 1804 3727 1859 virtutem
3754 1803 4017 1858 exhibere

2416 1900 2674 1945 tenemur.
2703 1890 2833 1946 Nam
2861 1893 2948 1963 qui
2979 1894 3153 1961 parvis
3175 1893 3410 1964 acceptis
3436 1894 3712 1949 beneficiis
3739 1908 3904 1963 parva
3930 1909 4015 1947 re-

2414 1980 2615 2044 tulerit,
2650 1995 2753 2035 non
2798 1997 2967 2052 usque
3009 1982 3145 2038 adeo
3185 1983 3482 2053 culpandus
3508 1996 3623 2039 est:
3656 1985 3746 2055 qui
3779 2000 3913 2040 vero
3945 1985 4013 2038 ad

2410 2086 2720 2139 supremum
2751 2072 2971 2127 honoris
2999 2075 3211 2129 culmen
3245 2075 3508 2142 ascendit,
3558 2085 3859 2147 posteaque
3887 2077 4013 2131 vilia

2409 2162 2706 2233 exiguaque
2750 2164 3017 2234 rependit,
3064 2164 3223 2236 longe
3250 2166 3438 2237 majori
3483 2168 3589 2223 erit
3632 2169 3901 2240 supplicio
3932 2171 4016 2225 di-

2410 2272 2565 2327 gnus.
2600 2256 2707 2312 Sed
2751 2256 2911 2327 absit,
2946 2274 3015 2314 ne
3057 2258 3125 2313 de
3153 2259 3303 2314 vobis
3332 2260 3456 2314 talia
3484 2275 3739 2331 umquam
3767 2262 4014 2333 suspice-

2412 2362 2552 2402 mnr.
2576 2348 2907 2405 Confidimus
2929 2350 3072 2404 enim
3098 2349 3149 2405 in
3182 2349 3427 2418 Domino,
3454 2366 3549 2406 vos
3570 2353 3779 2409 animas
3799 2344 4015 2409 vestras

2412 2454 2598 2495 versus
2624 2440 2812 2494 ctelum
2835 2454 2932 2496 ceu
2958 2440 3060 2497 aiis
3084 2441 3399 2512 quibusdam
3429 2442 3708 2507 extulisse,
3731 2454 3786 2499 et
3810 2460 3842 2499 a
3867 2455 4013 2501 terra

2411 2531 2759 2599 abstraxisse,
2790 2546 2853 2586 ac
2884 2531 3011 2586 dum
3042 2531 3094 2585 in
3122 2532 3323 2587 mundo
3374 2533 3688 2600 versamini,
3731 2537 4014 2591 mundana

2409 2638 2514 2678 non
2547 2632 2794 2678 tractare.
2829 2624 3076 2678 Attamen
3104 2622 3228 2678 licet
3260 2624 3348 2679 tali
3380 2625 3624 2680 instructi
3654 2626 3870 2695 ﬁducia,
3899 2640 4016 2684 non

2407 2728 2681 2769 cessamus
2710 2729 2804 2768 vos
2831 2712 3142 2785 frequenter
3157 2713 3225 2770 de
3251 2715 3440 2771 iisdem
3460 2715 3590 2786 ipsis
3607 2732 3852 2774 monere.
3871 2719 4016 2775 Nam

2405 2815 2461 2861 et
2487 2807 2538 2860 in
2565 2807 2802 2862 externis
2828 2805 2933 2861 illis
2962 2807 3345 2863 certaminibus
3376 2824 3483 2863 non
3528 2818 3852 2879 prostratos,
3897 2828 4016 2867 non

2406 2899 2625 2967 supinos
2650 2898 2915 2968 jacentes,
2947 2897 3040 2953 sed
3068 2906 3336 2965 strenuos,
3371 2910 3675 2967 currentes,
3719 2900 4018 2959 hortantur

2403 2999 2739 3059 spectatores
2759 3005 2967 3046 omnes.
2999 2989 3124 3046 Illos
3146 2992 3288 3047 enim
3310 2991 3478 3047 semel
3504 3008 3533 3047 a
3562 2993 3788 3049 victoria
3816 2995 4013 3050 exclu-

2400 3094 2515 3147 sos,
2546 3082 2636 3151 qui
2671 3081 2819 3136 nullo
2850 3082 3056 3152 possint
3088 3083 3302 3137 hortatu
3330 3084 3463 3138 moti
3486 3100 3731 3157 surgere,
3762 3102 3831 3142 ne
3867 3102 4017 3143 vane

2406 3171 2669 3239 laborent,
2715 3172 2898 3227 sinunt
2927 3172 3184 3229 decussos
3207 3174 3428 3243 jacere:
3460 3174 3547 3230 hic
3576 3185 3761 3233 autem
3794 3193 3910 3234 nou
3938 3180 4015 3235 de

2402 3268 2554 3324 vobis
2583 3266 2744 3322 modo
2771 3268 2861 3339 qui
2895 3268 3148 3339 vigilatis,
3177 3268 3273 3325 sed
3297 3270 3461 3324 etiam
3487 3269 3557 3326 de
3579 3271 3646 3326 iis
3660 3271 3751 3343 qui
3774 3273 4015 3344 collapsi

2400 3368 2547 3425 sunt,
2594 3370 2676 3414 est
2717 3359 2914 3430 aliquid
2947 3359 3293 3430 sperandum,
3343 3361 3390 3415 si
3434 3361 3763 3433 resipiscere
3809 3364 4009 3421 velint.

2399 3450 2760 3518 Quamobrem
2789 3449 2920 3505 nihil
2951 3465 3055 3505 non
3087 3450 3315 3521 agimus,
3366 3461 3640 3522 rogantes,
3692 3453 4012 3522 hortantes,

2396 3543 2804 3616 exprobrantes,
2834 3545 3197 3615 increpantes,
3226 3543 3530 3610 laudantes,
3558 3554 3620 3600 ut
3647 3556 3889 3603 vestram
3912 3564 4012 3604 sa-

2399 3634 2564 3689 lutem
2592 3649 2898 3705 Operemur.
2924 3632 3000 3688 Ne
3027 3633 3205 3705 itaque
3227 3633 3648 3706 frequentiorem
3676 3636 3743 3694 ad
3768 3639 4011 3709 probam

2399 3726 2559 3779 vitam
2586 3724 2944 3779 hortationem
2972 3739 3115 3795 :cgre
3143 3724 3350 3781 feratis.
3383 3726 3500 3782 Non
3531 3730 3675 3783 enim
3705 3730 3775 3784 ita
3812 3732 4011 3801 loqui-

2398 3833 2518 3871 mur
2543 3826 2599 3871 ut
2626 3831 2723 3871 vos
2751 3817 2800 3893 in
2826 3815 3049 3871 desidia:
3076 3816 3281 3874 crimen
3305 3834 3583 3881 vocemus.
3606 3821 3699 3876 sed
3735 3822 3879 3878 bona
3906 3841 4013 3896 spe

2396 3911 2509 3965 fulti
2533 3924 2836 3967 monemus.
2858 3909 3040 3981 Neque
3066 3908 3131 3964 ad
3156 3924 3252 3965 vos
3273 3910 3472 3977 solum,
3502 3912 3596 3967 sed
3620 3913 3687 3968 ad
3706 3929 3807 3969 nos
3830 3916 4011 3972 etiam

2394 4010 2637 4074 Spectant
2661 4012 2717 4058 et
2744 4003 2857 4057 haec
2878 4013 2932 4057 et
2958 4018 3076 4073 quae
3117 4011 3301 4072 postea
3351 4001 3635 4061 dicentur:
3663 4007 3870 4062 etenim
3900 4025 4013 4064 nos

2393 4110 2604 4164 quoque
2635 4093 2735 4148 hac
2764 4109 2984 4164 egemus
3023 4093 3285 4148 doctrina.
3331 4094 3558 4151 Etiamsi
3603 4099 3749 4153 enim
3778 4115 3807 4154 a
3840 4101 4013 4158 nobis

2394 4186 2658 4249 dicantur,
2686 4184 2815 4239 nihil
2848 4193 3026 4239 tamen
3059 4194 3203 4240 vetat
3230 4187 3522 4256 quominus
3553 4188 3670 4245 haec
3699 4206 3801 4245 nos
3829 4194 4010 4249 etiam

2393 4280 2677 4351 attingant.
2703 4279 2897 4334 Sermo
2928 4295 3158 4351 namque
3188 4282 3423 4350 peccatis
3467 4282 3763 4339 obnoxium
3813 4291 4011 4343 euri-i—

2391 4371 2495 4441 git;
2530 4371 2755 4441 probum
2800 4386 2929 4426 vero
2968 4387 3031 4426 ac
3069 4372 3278 4427 scelere
3319 4387 3549 4429 vacuum
3578 4376 3647 4430 ab
3675 4390 3743 4431 eo
3775 4377 4015 4449 longius

2390 4465 2623 4521 adducit.
2649 4465 2837 4536 Neque
2862 4466 3001 4519 enim
3022 4480 3119 4520 nos
3136 4482 3161 4519 a
3190 4467 3426 4536 peccatis
3455 4468 3572 4536 puri
3600 4484 3809 4524 sumus.
3829 4472 4016 4527 Cuiu-

2390 4557 2564 4613 munis
2589 4565 2673 4610 est
2698 4559 2983 4624 medicina,
3017 4556 3251 4612 remedia
3297 4560 3547 4615 omnibus
3590 4571 3868 4630 prostant;
3901 4568 4013 4622 sed

2389 4649 2598 4701 curatio
2621 4663 2723 4701 non
2753 4647 3054 4703 communis
3084 4658 3188 4716 est,
3219 4648 3345 4703 licet
3371 4666 3501 4705 usus
3530 4651 3874 4723 singulorum
3904 4672 4013 4711 ar-

2392 4738 2550 4792 bitrio
2596 4738 2953 4807 pernﬁtlntttr.
2996 4739 3335 4810 Quapropter
3363 4740 3406 4794 is
3447 4744 3539 4811 qui
3575 4750 3628 4797 ut
3658 4757 3756 4813 par
3782 4756 3872 4801 est
3911 4763 4012 4804 re-

2391 4829 2569 4884 medio
2596 4831 2777 4896 utitur,
2805 4830 3164 4885 valetudinem
3194 4841 3510 4901 recuperat;
3537 4834 3627 4904 qui
3663 4834 3877 4891 vulneri
3909 4856 4016 4895 re-

2390 4921 2623 4975 medium
2669 4937 2775 4975 non
2822 4921 3091 4984 admovet,
3124 4924 3323 4977 malum
3354 4934 3537 4994 auget,
3568 4935 3626 4979 et
3652 4925 3719 4981 ad
3751 4926 4018 4985 deterio-

2391 5028 2502 5068 rem
2523 5014 2681 5067 finem
2705 5014 2896 5082 vergit.
2915 5011 2993 5067 Ne
3009 5013 3191 5083 itaque
3210 5013 3534 5070 medicinam
3562 5030 3707 5087 :egre
3724 5017 4018 5090 feramus;

2390 5106 2497 5163 imo
2528 5106 2701 5175 potius
2726 5105 3075 5175 gaudeamus,
3119 5107 3166 5162 si
3208 5107 3468 5163 doctrinm
3497 5111 3692 5165 modus
3730 5115 4018 5173 acerbmu

2391 5197 2578 5251 inferat
2607 5196 2847 5251 duimem
2876 5214 2888 5248 :
2916 5212 3046 5250 nam
3074 5198 3453 5253 suavissimum
3485 5208 3669 5270 postea
3700 5205 3862 5258 nobis
3887 5206 4024 5264 frn-

2390 5299 2533 5342 ctum
2565 5287 2771 5343 afferet.
2802 5287 2942 5343 Nihil
2975 5290 3040 5341 ad
3071 5288 3173 5344 hoc
3191 5304 3300 5343 non
3322 5305 3567 5361 agamus,
3598 5302 3657 5347 ut
3684 5309 3712 5346 a
3740 5296 3931 5367 plagis
3959 5316 4022 5358 οι

2389 5379 2720 5445 vulneribus,
2752 5396 2871 5449 qua!
2898 5382 3105 5451 peccati
3137 5379 3329 5435 dentes
3359 5382 3555 5436 animre
3600 5383 3876 5455 inﬂigunt,
3943 5392 4021 5446 li-

2389 5473 2523 5535 beri,
2573 5470 2637 5526 ad
2689 5480 2943 5527 a'ternam
2990 5474 3151 5527 vitam
3204 5472 3641 5542 proficiscamur;
3692 5485 3749 5532 ut
3785 5478 4025 5542 Christi

2388 5575 2677 5633 conspectu
2704 5563 2869 5633 digni,
2894 5580 2961 5618 ne
2989 5564 3271 5619 ultricibus
3292 5566 3724 5638 immanibusque
3749 5581 4025 5639 potesta-

2391 5657 2528 5711 tibus
2561 5656 2649 5710 illo
2678 5656 2764 5708 die
2795 5655 3086 5722 tradantur,
3115 5656 3209 5711 sed
3241 5658 3345 5712 illis
3370 5672 3491 5728 qua!
3513 5675 3611 5714 nos
3632 5660 3700 5715 ad
3726 5664 4026 5725 cationi...

2394 5749 2741 5805 hereditatem
2770 5749 3040 5819 inducant,
3072 5766 3190 5823 quae
3219 5764 3518 5825 pra‘parata
3544 5753 3609 5809 iis
3636 5766 3716 5811 est
3746 5760 3840 5829 qui
3866 5763 4023 5821 diii~
