4164 6320
141 354 195 407 97
1202 343 1265 399 IN
1306 340 1624 399 JOANNEM
1682 316 1921 396 ιιύιιιι..
1962 337 2080 395 xv.
2119 336 2189 391 al.
2231 334 2371 390 xw.
3359 333 3450 389 as-

140 482 255 541 gultt
299 467 448 521 illum
486 483 502 520 :
543 481 718 537 quam
769 468 978 521 utinam
1029 480 1129 518 nos
1174 478 1368 519 omnes
1417 475 1727 532 consequa-

140 575 270 621 mur,
293 557 465 629 gratia
498 565 557 614 et
591 558 932 631 benignitate
965 555 1176 611 Domini
1204 553 1381 612 nostri
1409 553 1539 610 Jesu
1565 553 1726 609 Chri-

1838 458 1934 526 sti,
1966 460 2054 514 cui
2102 458 2275 530 gloria
2320 462 2373 511 ct
2421 453 2711 525 imperium
2741 451 2795 507 in
2845 451 3045 507 saecula
3080 446 3433 508 maiorum.

1834 552 2029 608 Amen.

131 666 3440 702 ______________________________________________..

1456 761 1808 826 HOMILIA
1856 758 1995 820 XV.

132 903 208 958 I8.
244 902 412 961 Deum
438 923 583 960 nemo
620 907 745 960 uidit
772 924 1013 979 umquam
1035 925 1053 962 .'
1082 907 1388 980 Unigenitus
1420 906 1605 973 Filius,
1645 906 1732 978 qui

449 1007 523 1052 est
551 998 605 1052 in
628 998 744 1052 sinu
773 998 975 1067 Patris,
996 1000 1107 1070 ipse
1129 1000 1406 1054 enarravit.

202 1092 258 1145 1.
299 1088 417 1144 Non
446 1104 509 1144 ea
539 1098 623 1145 est
666 1090 758 1146 Dei
815 1091 1086 1167 voluntas,
1120 1097 1176 1146 ut
1218 1106 1389 1146 sacrae
1437 1089 1731 1161 Scriptura:

131 1183 343 1238 nomina
380 1192 584 1236 tantum
618 1192 673 1239 ct
702 1184 862 1238 verba
884 1183 1186 1251 audiamus,
1214 1183 1307 1239 sed
1336 1192 1392 1238 ut
1413 1199 1535 1239 cum
1565 1183 1731 1238 multa

133 1275 416 1346 prudentia
450 1275 830 1348 intelligamus.
856 1276 981 1332 Ideo
1009 1277 1200 1333 beatus
1223 1276 1386 1331 David
1417 1276 1733 1347 plerumque

134 1370 209 1422 sic
238 1368 490 1423 Psalmos
515 1383 643 1423 suos
675 1368 948 1439 inscripsit
974 1409 989 1430 ,
1024 1365 1088 1421 In
1116 1367 1425 1422 intellectum
1449 1409 1464 1434 ,
1494 1374 1550 1421 ct
1578 1367 1730 1422 dice-

137 1462 221 1511 bat
252 1474 265 1510 :
300 1456 495 1513 Revela
520 1458 696 1512 oculos
725 1474 881 1523 meos,
928 1467 978 1512 et
1013 1457 1348 1512 considerabo
1390 1456 1646 1511 mirabilia
1671 1457 1735 1511 de

132 1552 235 1621 lege
260 1559 350 1603 tua
376 1548 552 1619 (Psal.
587 1551 713 1606 118.
742 1551 858 1623 18).
892 1551 1018 1606 Post
1040 1551 1215 1621 ipsum
1240 1550 1381 1606 illius
1410 1551 1525 1621 ejus
1554 1550 1733 1617 docet,

135 1639 461 1709 sapientiam
507 1642 659 1711 quasi
707 1650 986 1712 argentum
1013 1640 1404 1711 exquirendum
1434 1657 1592 1709 esse;
1627 1643 1734 1697 imo

136 1732 422 1804 plusquam
452 1748 643 1788 aurum
669 1733 1087 1804 comparandam
1110 1733 1128 1806 (
1153 1732 1309 1789 Prov.
1344 1734 1432 1790 16.
1466 1734 1595 1801 16).
1629 1735 1735 1789 Βο-

136 1826 310 1880 minus
334 1841 463 1880 vero
489 1824 703 1881 Judazos
730 1825 977 1881 hortatur
1002 1869 1017 1893 ,
1048 1838 1105 1881 ut
1130 1836 1439 1884 scrutentur
1488 1827 1733 1898 Scriptu-

136 1932 241 1984 ras,
274 1917 343 1973 ad
374 1918 744 1987 majoremque
776 1932 875 1973 nos
910 1917 1112 1973 inducit
1142 1918 1608 1989 perquisitionem.
1630 1918 1736 1975 Ne-

131 2027 232 2081 que
284 2012 433 2066 enim
478 2012 565 2066 sic
601 2011 851 2081 loquutus
900 2011 1109 2076 fuisset,
1152 2012 1198 2067 si
1248 2012 1429 2067 statim
1478 2024 1508 2066 a
1563 2012 1735 2083 prima

131 2105 363 2159 lectione
393 2103 508 2160 hare
535 2104 760 2174 intelligi
811 2091 1050 2173 possent.
1082 2104 1237 2171 Quod
1274 2104 1417 2159 enim
1473 2105 1526 2159 in
1558 2104 1737 2160 medio

133 2195 363 2265 positum
398 2195 582 2251 statim
610 2197 919 2266 percipitur,
949 2210 1109 2251 nemo
1135 2204 1404 2252 scrutatus
1422 2196 1578 2253 fuerit
1602 2213 1616 2262 ;
1640 2195 1735 2252 sed

133 2288 180 2342 id
209 2296 421 2341 tantum
453 2287 595 2357 quod
627 2287 913 2343 obscurum
943 2295 1027 2343 est
1052 2295 1107 2343 et
1136 2286 1307 2341 multo
1326 2295 1447 2358 eget
1464 2288 1735 2343 examine.

135 2378 258 2435 Ideo
283 2378 598 2435 thesaurum
621 2378 997 2433 absconditum
1017 2378 1328 2449 Scripturas
1352 2394 1473 2435 esse
1499 2378 1649 2447 dicit,
1682 2387 1740 2436 ut

135 2473 196 2529 ad
228 2472 635 2544 inquisitionem
660 2488 759 2528 nos
785 2471 1007 2528 excitet.
1050 2471 1176 2526 Hinc
1217 2480 1398 2527 autem
1434 2471 1556 2528 ideo
1594 2472 1739 2528 dixi-

135 2578 274 2628 mus,
306 2572 369 2618 ut
412 2578 483 2619 ne
529 2564 708 2618 obiter
745 2572 801 2618 et
840 2562 1207 2633 perfunctorie
1255 2561 1549 2633 Scriptura:
1575 2562 1737 2619 verba

132 2653 527 2726 aggrediamur,
550 2653 647 2709 sed
678 2668 801 2709 cum
828 2653 1171 2709 aceuratioue
1187 2653 1374 2708 mnlta.
1399 2652 1454 2709 Si
1473 2652 1738 2725 quispiam

133 2747 273 2801 enim
299 2748 422 2801 sine
447 2745 699 2802 examine
720 2746 837 2816 ejus
864 2745 1005 2801 dicta
1037 2744 1238 2813 audiat,
1262 2754 1317 2803 ct
1341 2746 1519 2801 omnia
1546 2761 1741 2802 secun-

136 2838 507 2893 dumlitteram
535 2839 783 2908 accipiat,
810 2838 1040 2895 absurda
1073 2838 1237 2894 multa
1270 2839 1340 2894 de
1372 2839 1481 2894 Deo
1502 2839 1739 2909 suspica-

137 2928 296 2983 bitur.
320 2927 459 2983 Nam
492 2929 646 2983 illum
693 2929 969 2985 hominem
1012 2944 1154 2996 esse,
1188 2936 1243 2985 et
1278 2944 1511 2997 aeneum,
1535 2931 1741 2986 iracun-

135 3020 278 3087 dum,
324 3018 681 3075 furibundum
718 3021 944 3091 putabit,
992 3029 1046 3076 et
1096 3022 1180 3076 his
1216 3021 1483 3078 deteriora
1532 3022 1603 3079 de
1645 3022 1738 3078 illo

134 3112 382 3184 dogmata
412 3113 667 3182 excipiet.
704 3112 759 3168 Si
798 3127 926 3169 vero
971 3112 1288 3183 profundam
1335 3113 1452 3184 ejus
1499 3107 1735 3171 mentem

137 3201 440 3267 edidicerit,
453 3202 707 3258 absurdis
733 3202 1036 3272 hujusmodi
1067 3203 1413 3273 opinionibus
1452 3204 1585 3259 liber
1610 3205 1735 3261 erit.

136 3296 259 3351 Nam
283 3296 338 3350 in
372 3296 477 3350 hac
502 3294 777 3366 preposita
804 3295 1033 3351 lectione
1054 3296 1193 3351 Deus
1221 3297 1417 3352 dicitur
1440 3298 1616 3351 sinum
1643 3297 1739 3352 ha-

138 3393 276 3453 bere,
330 3386 479 3458 quod
526 3396 611 3443 est
654 3387 970 3457 corporibus
1014 3373 1323 3458 proprium.
1354 3389 1424 3442 At
1459 3402 1619 3443 nemo
1663 3389 1736 3443 ita

136 3481 319 3536 stultus
344 3488 452 3547 est,
486 3489 538 3533 ut
568 3479 941 3549 incorporeum
963 3493 1159 3548 corpus
1186 3493 1309 3534 esse
1338 3487 1503 3548 putet.
1538 3477 1605 3536 Ut
1630 3479 1734 3534 ita-

134 3589 231 3643 que
255 3573 444 3628 omnia
474 3571 741 3641 spirituali
773 3586 937 3627 sensu
982 3572 1345 3641 pereipiamus
1370 3613 1386 3637 ,
1432 3586 1531 3642 age
1575 3571 1735 3627 altius

134 3667 265 3723 hunc
281 3667 462 3722 locum
494 3664 855 3737 exploremus.
880 3663 1042 3719 Deum
1066 3680 1212 3719 nemo
1227 3666 1352 3719 uidit
1369 3680 1625 3736 umquam.
1651 3664 1733 3721 Ex

131 3773 227 3829 qua
256 3757 392 3813 illud
440 3756 828 3827 consequentia
870 3757 1198 3827 evangelista
1241 3757 1412 3812 dicit?
1446 3758 1733 3828 Postquam

132 3849 439 3907 ostenderat
466 3858 665 3904 tantam
713 3848 854 3903 illam
884 3848 1147 3904 donorum
1179 3849 1377 3905 Christi
1406 3850 1731 3921 magnitudi-

134 3959 263 4007 nem,
289 3952 350 3997 et
394 3956 558 4012 quam
606 3941 871 3996 immenso
901 3940 1018 3996 tunc
1053 3940 1364 3997 discrimine
1404 3942 1492 3997 illa
1534 3957 1655 4013 quae
1700 3956 1731 3997 a

134 4035 304 4106 Moyse
344 4034 660 4103 dispensata
709 4030 922 4089 fuerant
970 4042 1311 4104 superarent,
1351 4034 1465 4089 ruit
1511 4034 1729 4091 demum

130 4133 543 4182 consentaneum
584 4114 901 4179 differentiae
934 4138 1153 4179 causam
1184 4126 1418 4195 aperire.
1448 4125 1543 4181 Ille
1582 4126 1727 4183 enim

130 4233 308 4274 servus
338 4232 466 4273 cum
490 4224 640 4273 esset
664 4259 680 4283 ,
730 4217 1073 4273 humiliorutn
1114 4234 1293 4273 rerum
1325 4220 1572 4276 minister
1592 4219 1725 4289 fuit;

130 4311 207 4367 hic
230 4326 362 4366 vero
393 4308 671 4375 Dominus,
707 4323 802 4364 rex
824 4349 841 4375 ,
895 4310 1037 4380 regis
1083 4309 1252 4366 Filius
1272 4352 1288 4379 ,
1326 4310 1485 4382 longe
1519 4314 1725 4384 majora

130 4402 272 4458 nobis
298 4400 507 4466 attulit,
532 4400 624 4471 qui
653 4415 776 4455 cum
811 4409 961 4471 patre
989 4415 1205 4472 semper
1229 4389 1313 4458 est
1340 4412 1396 4459 et
1424 4405 1573 4461 videt
1598 4421 1722 4462 eum

129 4502 403 4565 perpetuo.
434 4492 723 4562 Propterea
743 4491 859 4547 haec
880 4492 1075 4561 intulit,
1104 4492 1271 4549 Deum
1297 4510 1444 4550 nemo
1468 4496 1589 4551 vidit
1610 4515 1726 4553 um-

126 4602 289 4651 quam.
323 4584 468 4652 Quid
513 4598 642 4655 ergo
666 4584 908 4640 dicemus
927 4586 1270 4643 vocalissimo
1297 4588 1445 4645 Isaia:
1472 4590 1672 4647 dicenti
1705 4613 1718 4649 :

137 4676 239 4729 Vidi
258 4674 548 4730 Doutinum
568 4675 823 4729 sedentem
838 4692 992 4746 super
1015 4677 1198 4732 solium
1219 4680 1471 4734 excelsum
1491 4691 1539 4737 et
1551 4683 1720 4738 eleva-

125 4768 255 4838 trial
288 4760 423 4823 Isai.
457 4768 511 4823 6.
540 4770 564 4824 1
598 4767 657 4839 )?
687 4768 815 4838 quid
845 4768 1039 4825 Joanni
1068 4771 1374 4828 testiﬁcanti
1398 4775 1569 4846 ipsum
1602 4776 1721 4833 haec

122 4859 336 4924 dixisse,
366 4858 586 4929 quando
617 4858 748 4913 vidit
784 4859 1009 4930 gloriam
1037 4861 1196 4931 ejus?
1232 4863 1359 4934 quid
1406 4865 1719 4924 Ezechieli?

125 4964 236 5004 nam
258 4962 314 5005 et
337 4950 457 5020 ipse
496 4964 659 5021 super
705 4949 997 5007 Cherubim
1041 4953 1319 5010 sedentem
1366 4955 1515 5011 illum
1540 4959 1715 5014 vidit:

121 5043 238 5110 quid
263 5043 501 5109 Danieli,
532 5045 622 5114 qui
653 5054 707 5100 et
734 5045 850 5116 ipse
884 5046 1047 5113 dicit,
1081 5048 1334 5120 Antiquus
1364 5053 1562 5107 dierum
1587 5055 1715 5111 sedit

120 5133 275 5197 (ουτ.
307 5137 363 5190 7.
389 5133 445 5207 9)
465 5136 492 5189 τ
520 5135 648 5206 quid
670 5146 723 5191 et
747 5137 846 5206 ipsi
873 5137 1042 5219 Moysi
1072 5139 1293 5208 dicenti,
1331 5142 1556 5200 Ostende
1592 5148 1717 5202 mihi

118 5224 327 5293 gloriam
358 5235 521 5293 luant,
552 5235 609 5280 ut
635 5228 899 5298 ntauifeste
938 5229 1137 5285 uideam
1167 5242 1215 5287 te
1238 5232 1435 5304 (Exod.
1464 5238 1549 5293 '53.
1588 5240 1714 5311 I3)?

118 5314 274 5372 Iacob
302 5332 436 5373 vero
463 5317 591 5373 hinc
619 5319 1031 5390 appellationem
1075 5329 1301 5395 accepit,
1348 5328 1513 5386 Israel
1549 5347 1710 5388 voca-

120 5417 196 5462 tus
228 5424 242 5461 :
274 5407 437 5464 Israel
466 5410 633 5476 enim,
666 5411 852 5468 videns
885 5414 1075 5482 Deum,
1121 5417 1408 5489 significat.
1442 5422 1544 5476 Alii
1578 5438 1711 5493 quo-

116 5516 213 5570 que
240 5498 413 5571 ipsum
441 5501 712 5559 viderunt.

182 5592 319 5649 Deus
348 5596 626 5650 secundum
655 5599 849 5651 nudum
890 5600 1220 5655 substantiam
1268 5618 1299 5656 a
1337 5609 1537 5658 nemine
1572 5608 1705 5661 visus

116 5695 201 5735 est.
236 5716 301 5727 —
330 5687 469 5755 Quid
510 5705 643 5761 ergo
670 5689 907 5747 Joannes
937 5695 1032 5759 ait,
1068 5694 1230 5749 Deum
1258 5714 1404 5753 itento
1436 5700 1557 5754 vidit
1588 5718 1700 5755 tmt-

116 5778 298 5839 quam?
353 5778 412 5837 lit
464 5782 780 5856 ostenderet
840 5784 925 5839 illa
974 5788 1149 5843 omnia
1200 5794 1695 5861 attctnperationem

1839 902 2129 975 quamdam
2157 916 2299 965 esse,
2339 916 2442 955 non
2475 899 2632 954 nudus
2655 898 2972 954 substantia:
3002 898 3283 953 visionem.
3315 896 3448 953 Nam

1841 994 1886 1049 si
1916 993 2086 1064 ipsam
2138 1000 2387 1048 naturam
2448 991 2729 1056 \idissent,
2774 1006 2881 1045 non
2928 991 3148 1047 diverso
3190 990 3449 1046 vidissent

1837 1087 2021 1143 modo.
2055 1085 2298 1155 Simplex
2332 1085 2477 1141 enim
2514 1084 2603 1138 illa
2634 1092 2740 1151 est,
2766 1083 2887 1139 sine
2917 1083 3105 1153 figura,
3149 1082 3268 1139 sine
3295 1097 3445 1138 com-

1840 1181 2127 1251 positione,
2154 1178 2662 1248 incircumscripta;
2696 1192 2804 1232 non
2826 1177 3002 1242 sedet,
3049 1193 3154 1232 non
3183 1185 3305 1237 stat.
3343 1192 3451 1233 non

1838 1272 2098 1327 ambulat.
2144 1271 2272 1339 Ilaec
2318 1272 2515 1343 quippe
2552 1270 2746 1343 omnia
2777 1269 2845 1324 ad
2876 1286 3103 1341 corpora
3153 1272 3444 1341 pertinent.

1837 1364 2121 1433 Quomodo
2158 1373 2338 1419 autem
2388 1366 2493 1431 sit,
2537 1364 2653 1434 ipse
2700 1364 2850 1420 solus
2894 1366 3059 1419 novit.
3118 1367 3183 1421 Et
3219 1365 3325 1421 hoc
3355 1369 3452 1437 per

1842 1458 2161 1528 prophetam
2188 1457 2478 1528 quemdam
2519 1458 2633 1527 ipse
2675 1457 2818 1513 Deus
2862 1468 2918 1513 et
2945 1448 3108 1513 Pater
3131 1459 3445 1514 declaravit.

1843 1549 1976 1622 Ego,
2007 1550 2211 1621 inquit,
2256 1552 2474 1605 visiones
2506 1550 2865 1622 multiplicari,
2902 1560 2949 1606 et
2980 1552 3031 1606 in
3062 1553 3295 1607 manibus
3326 1569 3450 1623 pro-

1843 1644 2113 1714 phetarum
2139 1643 2456 1698 assimilatas
2477 1661 2591 1699 sum
2621 1644 2639 1716 (
2670 1643 2800 1699 Osee
2831 1644 2916 1700 η.
2950 1644 3018 1701 10
3045 1645 3065 1717 )
3090 1662 3104 1712 ;
3137 1645 3188 1701 id
3216 1654 3299 1702 est
3322 1686 3338 1710 .
3371 1646 3452 1702 Mn

1840 1737 2214 1807 attemperavi,
2249 1752 2423 1808 neque
2451 1738 2502 1792 id
2530 1738 2675 1808 quod
2696 1752 2844 1794 eram
2866 1741 3113 1809 apparuj.
3139 1740 3271 1808 Quia
3305 1744 3448 1796 enim

1842 1829 2008 1885 Filius
2032 1829 2149 1900 ejus
2181 1830 2232 1884 in
2262 1846 2388 1885 vera
2415 1846 2578 1886 carne
2609 1832 2765 1887 nobis
2792 1832 3126 1889 adventurus
3164 1844 3312 1901 erat,
3337 1835 3453 1905 jam

1841 1920 1973 1975 olim
2006 1921 2130 1977 illos
2155 1921 2508 1989 exercitabat,
2564 1930 2623 1977 ut
2654 1923 2748 1979 Dei
2778 1923 3131 1981 substantiam
3165 1926 3451 1995 viderent,

1840 2025 2099 2086 quantum
2127 2015 2308 2071 ridere
2335 2023 2605 2086 poterant.
2634 2016 2766 2072 Nam
2792 2017 2843 2074 id
2872 2021 3015 2090 quod
3045 2021 3187 2076 Deus
3215 2032 3319 2089 eat,
3342 2038 3449 2078 nou

1843 2106 2004 2163 modo
2042 2107 2340 2179 prOpth‘B,
2370 2108 2467 2165 sed
2511 2124 2611 2165 nec
2659 2111 2835 2183 angeli
2867 2126 2969 2167 nec
3013 2113 3322 2186 archangeli
3367 2117 3450 2169 vi-

1842 2198 1965 2254 dent
2001 2216 2016 2253 :
2045 2198 2143 2255 sed
2183 2199 2229 2255 si
2272 2201 2574 2271 interroges
2606 2202 2746 2269 illos,
2778 2204 2910 2259 nihil
2939 2205 3007 2261 de
3038 2206 3336 2263 substantia
3360 2224 3450 2265 re-

1842 2289 2171 2360 spondentes
2197 2291 2407 2357 audies,
2432 2294 2526 2348 sed
2548 2302 2751 2349 tantum
2778 2304 3055 2364 canentes,
3082 2296 3260 2353 Gloria
3284 2301 3336 2353 in
3366 2318 3453 2355 e1-

1842 2383 1990 2439 celsis
2019 2383 2130 2439 Deo
2149 2394 2197 2440 et
2227 2385 2279 2439 in
2304 2396 2440 2439 terra
2481 2403 2605 2456 pax,
2652 2388 2706 2442 in
2747 2389 3034 2445 hominibus
3062 2392 3193 2448 bona
3219 2394 3454 2451 voluntas

1845 2473 1997 2549 (Luc.
2024 2475 2080 2530 2.
2115 2476 2231 2547 14).
2273 2477 2381 2533 Sia
2434 2477 2757 2535 Cherubinis
2805 2491 2857 2535 et
2889 2481 3203 2555 Seraphinis
3248 2485 3453 2558 aliquid

1844 2568 2091 2624 ediscere
2119 2568 2276 2637 velis,
2325 2571 2615 2641 mysticum
2656 2572 3103 2632 sanctificationis
3148 2579 3319 2634 melos
3356 2595 3454 2633 au-

1843 2656 1979 2725 dies,
2000 2663 2081 2726 et,
2121 2658 2270 2714 Pleni
2300 2670 2418 2714 sunt
2447 2662 2561 2715 cali
2589 2672 2635 2716 et
2677 2672 2812 2718 terra
2856 2666 3024 2736 gloria
3049 2669 3160 2739 ejus
3187 2672 3203 2739 (
3229 2668 3359 2725 lsai.
3395 2672 3449 2727 6.

1843 2749 1921 2821 ὅ).
1953 2750 2010 2807 Si
2040 2765 2304 2822 supernas
2335 2755 2559 2810 virtutes
2581 2758 2934 2825 perconteris,
2968 2760 3100 2815 nihil
3125 2761 3267 2817 aliud
3298 2779 3451 2819 com-

1846 2843 2045 2912 peries,
2077 2844 2179 2898 nisi
2228 2853 2398 2900 totum
2443 2846 2548 2901 illis
2602 2863 2739 2919 opus
2789 2864 2911 2906 esse
2961 2852 3126 2909 Deum
3180 2854 3450 2914 Iauda’rc:

1844 2930 2099 3004 Laudale,
2132 2936 2328 3007 inquit,
2361 2955 2497 3005 eum,
2532 2956 2706 2997 omnes
2736 2942 3119 3019 t't'rlttlesejtts(
3148 2945 3294 3003 Psal.
3322 2951 3452 3007 148.

1843 3023 1923 3098 2).
1952 3024 2111 3083 Solus
2160 3042 2291 3100 ergo
2319 3028 2485 3087 Filius
2517 3034 2693 3102 ipsum
2725 3034 2905 3101 videt,
2941 3037 3177 3110 itemque
3218 3041 3459 3113 Spiritus

1835 3126 2084 3177 "sanctus.
2136 3119 2326 3178 Creata
2381 3126 2582 3196 quippe
2614 3136 2803 3184 natura
2835 3134 3109 3202 quomodo
3152 3136 3452 3195 iucreatum

1842 3209 2026 3267 videre
2049 3212 2262 3282 possit?
2287 3213 2421 3270 Nam
2454 3216 2499 3271 si
2532 3217 2910 3288 incorporeum
2957 3226 3254 3295 quamlibet
3285 3231 3453 3286 virtu-

1846 3310 1976 3372 tem,
2006 3306 2109 3361 etsi
2139 3321 2200 3361 ca
2234 3318 2415 3364 creata
2446 3311 2513 3365 sit
2537 3352 2550 3375 ,
2587 3312 2733 3368 clare
2767 3317 3083 3387 conspicere
3128 3324 3447 3393 nequimus,

1840 3402 1897 3451 et
1923 3394 2027 3451 hoc
2071 3412 2215 3469 saepe
2246 3400 2299 3454 in
2351 3403 2559 3473 angelis
2596 3411 2875 3461 ostensum
2911 3418 3015 3478 est,
3064 3414 3235 3469 multo
3275 3418 3451 3474 minus

1842 3484 2216 3577 incorporeum
2256 3499 2311 3547 et
2350 3508 2456 3548 non
2489 3492 2686 3551 factam
2720 3508 2966 3557 naturam
3013 3504 3197 3561 videre
3247 3506 3450 3577 poteri-

1841 3591 1984 3633 mus.
2024 3576 2147 3635 Ideo
2178 3580 2381 3638 Paulus
2406 3598 2620 3656 quoque
2666 3587 2741 3642 ait
2776 3606 2791 3642 :
2820 3589 2984 3657 Quem
3011 3611 3156 3650 nemo
3187 3576 3450 3656 hominum

1838 3670 1985 3736 uidit,
2006 3688 2168 3743 neque
2194 3674 2363 3729 videre
2386 3687 2551 3749 potest
2578 3678 2655 3752 (I.
2686 3678 2822 3735 Tim.
2848 3683 2901 3739 6.
2934 3685 3049 3757 I6).
3080 3686 3263 3746 Soliue
3285 3692 3451 3762 igitur

1841 3762 1985 3820 Patri
2037 3764 2140 3821 hoc
2186 3767 2517 3883 praecipuum
2564 3774 2846 3843 competit,
2895 3792 3002 3832 non
3052 3791 3231 3837 autem
3273 3784 3451 3841 Filio?

1849 3857 2021 3883 Δ--..Α
2050 3876 2062 3883 .
2096 3859 2252 3883 Διί-..
2307 3859 2439 3883 ti-zn-
2484 3862 2620 3883 ΞΑ--.
2831 3866 2845 3883 a
2934 3877 2945 3883 -
3001 3870 3075 3883 ι...
3125 3876 3136 3883 .
3213 3874 3223 3883 .
3416 3880 3444 3883 -.

1836 3857 2257 3930 Αριικθτειίειηι
2306 3859 2444 3917 Filio
2471 3857 2642 3919 ‘inest.
2691 3864 2845 3934 Quod
2895 3877 2951 3925 et
2999 3870 3075 3926 illi
3123 3874 3268 3937 insit.
3324 3880 3447 3935 audi

1838 3948 2071 4005 Paulum
2104 3950 2515 4011 declarantem:
2551 3954 2655 4022 Qui
2706 3967 2781 4013 est
2836 3960 3006 4034 imago
3043 3962 3139 4019 Dei
3182 3967 3449 4025 invisibilis

1839 4040 1860 4114 (
1889 4040 2083 4098 Coloss.
2116 4044 2167 4098 1.
2199 4042 2336 4118 15).
2360 4044 2460 4113 Qui
2502 4058 2681 4103 autem
2717 4049 3000 4111 invisibilis
3033 4054 3211 4130 imago
3241 4070 3325 4115 est
3346 4104 3360 4126 ,
3393 4074 3448 4118 et

1835 4133 1953 4207 ipse
1985 4136 2271 4194 invisibilis
2297 4148 2415 4206 est;
2466 4141 2601 4197 alias
2633 4158 2738 4199 non
2785 4156 2931 4202 esset
2976 4148 3172 4223 imago.
3198 4153 3351 4221 Quod
3399 4161 3444 4213 si

1834 4228 1965 4285 alibi
1985 4229 2127 4286 dicat
2161 4249 2174 4285 :
2205 4230 2349 4288 Deus
2376 4234 2731 4305 manifestatus
2761 4242 2908 4295 estin
2935 4258 3089 4300 came
3114 4246 3191 4316 (I.
3223 4248 3355 4305 Tim.
3384 4253 3439 4307 3.

1836 4319 1962 4394 I6);
1994 4338 2062 4378 ne
2090 4323 2304 4379 mireris
2338 4342 2351 4379 :
2382 4340 2504 4380 nam
2536 4328 2906 4386 manifestatio
2938 4350 3033 4403 per
3054 4350 3299 4407 carnem,
3336 4358 3442 4399 non

1848 4414 2129 4469 'ecundum
2151 4417 2444 4471 essentiam
2476 4417 2619 4473 facta
2645 4427 2755 4475 est.
2782 4421 3058 4493 Siquidem
3102 4430 3275 4498 ipsmn
3310 4434 3443 4489 iuvi-

1831 4504 2042 4561 sibilem
2076 4521 2220 4573 esse,
2247 4522 2355 4563 non
2385 4508 2549 4563 modo
2580 4509 2909 4577 hominibus.
2942 4518 3036 4573 scd
3059 4518 3221 4577 etiam
3246 4540 3439 4596 super-

1830 4598 1916 4654 nis
1942 4598 2251 4665 virtutibus,
2280 4601 2519 4657 ostendit
2547 4601 2766 4659 Paulus.
2818 4606 2955 4664 Cum
2997 4610 3225 4670 dixisset
3267 4620 3436 4684 enim,

1830 4689 2195 4761 Manifestatus
2214 4701 2286 4746 est
2313 4693 2366 4747 in
2386 4709 2556 4761 came,
2587 4694 2846 4766 subdidit,
2875 4696 3025 4758 Visus
3052 4714 3127 4759 est
3150 4710 3365 4779 augetis.

1897 4782 1954 4839 2.
1989 4782 2172 4854 Itaque
2201 4792 2328 4840 tunc
2361 4786 2567 4857 angelis
2615 4786 2761 4846 visus
2788 4799 2891 4859 est,
2935 4807 3058 4850 cum
3094 4810 3315 4857 carnem
3356 4802 3443 4858 in.-

1826 4870 1942 4931 duit
1968 4893 1981 4930 :
2012 4884 2169 4932 antea
2199 4886 2382 4934 autem
2412 4878 2586 4949 ipsmn
2617 4896 2723 4937 non
2756 4884 2827 4938 ita
2858 4885 3133 4955 videbant,
3166 4893 3434 4965 siquidem

1825 4967 2124 5023 substantia
2152 4969 2282 5039 ipsis
2312 4971 2593 5027 invisibilis
2619 4983 2756 5029 erat.
2790 4974 2860 5030 Et
2878 4981 3173 5055 quomodo,
3200 4985 3428 5056 inquies,

1825 5058 1956 5114 dicit
1978 5060 2247 5127 Christus,
2282 5061 2367 5115 Ne
2409 5067 2742 5119 contemnatis
2779 5084 2935 5122 unum
2970 5087 3035 5125 ea:
3073 5074 3153 5129 Itis
3182 5094 3276 5146 pus
3296 5079 3383 5134 ιιίε
3419 5099 3437 5137 ε

1823 5152 1937 5206 dico
1964 5154 2098 5207 enim
2141 5154 2295 5221 vobis,
2342 5156 2479 5225 quod
2514 5157 2684 5227 angeli
2712 5174 2886 5213 eorum
2912 5178 3113 5234 semper
3148 5168 3317 5225 vident
3346 5176 3432 5243 fa-

1821 5244 1953 5297 cient
1979 5242 2154 5299 Patris
2184 5247 2314 5313 mei,
2337 5248 2422 5318 qui
2450 5248 2501 5301 in
2528 5248 2667 5303 catlis
2693 5260 2765 5304 est
2787 5250 3004 5322 (Matth.
3038 5256 3127 5313 18.
3154 5258 3271 5330 Ill)?
3287 5242 3426 5331 Quid

1821 5337 2005 5391 enim?
2031 5354 2155 5391 num
2188 5338 2379 5394 faciem
2423 5339 2584 5396 habet
2622 5342 2782 5410 Deus,
2815 5353 2871 5400 et
2911 5346 2964 5401 in
3006 5349 3154 5404 caelis
3198 5354 3428 5410 circurn-

1819 5427 2115 5483 scrihitur?
2149 5428 2345 5484 Verum
2393 5447 2553 5486 nemo
2607 5433 2677 5489 ita
2718 5434 2969 5503 insaniat,
3002 5449 3058 5495 ut
3102 5440 3219 5499 hinc
3257 5445 3420 5503 dicat.

1816 5518 1954 5587 Quid
1996 5536 2125 5589 ergo
2168 5537 2309 5577 nunc
2354 5522 2589 5579 dicitur?
2630 5525 3100 5594 Quemadmodum
3143 5550 3264 5592 cum
3306 5541 3384 5595 ait
3409 5558 3429 5595 ι

1814 5609 1960 5665 Beati
1990 5613 2178 5666 mundo
2207 5615 2376 5679 corde,
2400 5617 2639 5685 quoniam
2659 5618 2757 5688 ipsi
2778 5618 2943 5675 Deum
2962 5624 3421 5699 videbunt(Matt/r.

1902 5706 1990 5773 8);
2021 5705 2085 5761 dc
2131 5707 2215 5760 illa
2245 5724 2365 5777 qua:
2395 5709 2694 5767 secundum
2722 5724 2959 5770 mentem
2992 5728 3077 5774 est
3103 5721 3310 5780 visione
3344 5727 3420 5780 lo-

1817 5801 2017 5868 quitur,
2048 5798 2201 5853 nuhis
2235 5803 2493 5871 possibili,
2522 5811 2577 5859 ct
2602 5802 2667 5861 dc
2697 5808 3017 5877 cogitatione
3051 5810 3218 5881 Deum
3253 5819 3420 5887 respi-
