4162 6326
675 295 743 352 99
1372 284 1429 341 S.
1467 278 1740 338 JOANNIS
1774 269 2243 332 CIIRYSOSTOMI
2285 265 2606 324 ARCIIIEP.
2646 262 3177 323 CONSTANTINOP.

679 409 899 462 ciente:
940 401 1020 460 sic
1060 410 1115 457 et
1150 398 1218 455 de
1260 395 1462 467 angelis
1500 390 1783 447 dicendum
1832 398 1933 454 est,
1981 386 2125 456 ipsos
2170 396 2265 452 per

681 516 867 571 puram
900 508 953 553 et
998 494 1208 564 vigilem
1253 498 1495 545 naturam
1544 498 1693 538 suam
1734 482 1864 537 nihil
1909 478 2074 543 aliud,
2107 490 2263 545 quant

685 566 872 653 Deum,
905 599 1115 656 semper
1146 579 1441 651 imaginari.
1469 576 1591 631 Ideo
1620 578 1734 644 ipse
1754 586 1965 642 quoque
1986 570 2075 633 ait,
2104 566 2267 620 Nemo

685 683 819 737 norit
846 688 1059 751 patrem,
1090 675 1184 729 nisi
1211 672 1258 726 F
1261 673 1376 726 ilius
1402 668 1617 738 (Matth.
1649 667 1736 720 ΙΙ.
1764 663 1878 734 27).
1907 661 2043 731 Quid
2071 655 2267 729 igitur?

684 750 943 833 ouutesne
974 772 1025 824 in
1069 766 1364 841 ignorantia
1394 762 1616 819 sumus?
1647 759 1801 815 Absit
1830 777 1843 813 :
1873 756 1967 813 sed
1998 766 2156 809 nemo
2190 750 2269 805 sic

684 866 851 930 novit,
882 872 938 917 ut
962 862 1147 917 Filius.
1177 858 1246 915 I'Jt
1270 857 1426 928 igitur
1447 852 1599 909 multi
1626 852 1651 884 ι
1672 866 1767 921 pro
1790 856 1947 917 captu
1969 859 2067 900 suo
2097 844 2269 912 ipsum

689 955 956 1016 viderunt,
985 948 1333 1007 substantiam
1376 959 1504 1000 vero
1548 956 1707 998 nemo
1737 939 1899 1002 vidit;
1939 934 2018 990 sic
2044 942 2099 989 et
2130 944 2272 986 nunc

686 1061 874 1103 omnes
913 1045 1079 1099 Deum
1132 1040 1398 1103 novimus,
1448 1030 1801 1091 substantiam
1847 1042 1974 1083 vero
2002 1024 2118 1095 ejus
2151 1037 2273 1093 qua:

686 1142 758 1195 sit
781 1152 936 1193 nemo
960 1136 1129 1196 novit,
1162 1132 1263 1187 nisi
1309 1133 1353 1185 is
1383 1128 1472 1199 qui
1520 1141 1588 1182 ex
1627 1124 1744 1194 ipso
1771 1128 1925 1176 natus
1950 1127 2053 1174 est.
2081 1112 2275 1185 Cogni-

688 1232 885 1285 tionem
916 1224 1060 1281 enim
1104 1223 1190 1277 hic
1233 1219 1365 1277 dicit
1401 1224 1603 1274 certam
1642 1213 1901 1269 visionem
1932 1217 1986 1265 et
2025 1218 2274 1272 compre-

692 1319 1025 1383 hcosiouem,
1074 1313 1338 1383 talemque
1376 1308 1584 1380 qualem
1622 1303 1782 1360 Pater
1817 1300 1885 1356 de
1927 1297 2062 1354 Filio
2093 1294 2272 1349 habet.

692 1412 992 1467 Sicut-enim
1019 1406 1283 1478 cognoscit
1303 1418 1380 1457 nte
1405 1399 1583 1470 Pater,
1613 1396 1802 1469 inquit,
1842 1402 1889 1449 et
1912 1407 2003 1463 ego
2030 1399 2276 1461 cognosco

694 1502 900 1558 Putrem
926 1498 1105 1570 (J‘oan.
1130 1496 1216 1552 10.
1244 1490 1354 1566 15).

765 1595 997 1651 Christus
1025 1590 1158 1662 quod
1178 1589 1230 1642 in
1250 1588 1363 1642 sinu
1384 1583 1561 1641 Patris
1586 1581 1669 1647 sit,
1692 1585 1928 1634 accurate
1958 1573 2162 1629 Putrem
2186 1586 2280 1625 no-

696 1689 783 1743 rit.
812 1717 880 1727 —
905 1687 1239 1754 Quapi-Opter
1280 1678 1403 1735 vide
1439 1692 1560 1733 eum
1597 1681 1793 1746 quanta
1836 1670 2121 1727 securitate
2146 1669 2166 1699 ¹
2201 1666 2281 1720 Ιο-

696 1787 889 1849 quater
929 1773 1275 1846 evangelista.
1317 1767 1450 1824 Cum
1489 1766 1711 1823 dixisset
1737 1763 1903 1829 enim,
1948 1758 2113 1814 Deum
2138 1772 2283 1811 nemo

700 1847 820 1925 cidit
850 1884 1105 1939 umquam,
1141 1879 1245 1920 non
1275 1860 1496 1927 addidit,
1526 1857 1693 1913 Filius
1715 1855 1805 1926 qui
1833 1851 1982 1916 vidit,
2010 1847 2281 1912 narravit;

697 1962 796 2018 sed
826 1944 1027 2030 a'liquid
1056 1955 1200 2013 aliud
1220 1953 1467 2024 amplius,
1496 1963 1656 2021 quam
1696 1946 1897 2010 videre,
1928 1941 2124 2014 posuit,
2162 1953 2284 1996 cum

699 2053 854 2117 dixit,
883 2051 983 2119 Qui
1009 2059 1064 2104 ει
1082 2049 1134 2103 in
1163 2048 1284 2102 sinu
1301 2043 1471 2099 Patris
1494 2059 1513 2097 :
1532 2040 1699 2096 multo
1717 2037 1861 2094 enim
1879 2033 2107 2104 amplius
2126 2045 2285 2103 quam

703 2146 900 2209 videre,
930 2150 1015 2199 est
1034 2156 1154 2196 esse
1185 2140 1235 2194 in
1266 2138 1385 2193 sitm
1427 2133 1617 2189 Patris.
1646 2130 1779 2187 Nam
1807 2128 1896 2200 qui
1923 2128 2095 2183 solum
2122 2122 2284 2189 videt,

705 2254 813 2294 non
841 2243 1142 2293 accuratam
1167 2230 1387 2286 omnino
1415 2227 1494 2283 rei
1517 2226 1641 2281 visa:
1682 2220 2038 2294 cognitionem
2084 2216 2243 2272 habet
2271 2232 2285 2269 :

706 2327 805 2399 qui
826 2337 1003 2382 autem
1028 2324 1080 2379 in
1109 2323 1227 2378 sinu
1255 2327 1521 2384 versatur,
1549 2314 1678 2371 nihil
1706 2310 2028 2385 ignoraverit
2070 2309 2147 2365 Ne
2163 2322 2292 2378 ergo

706 2419 952 2486 audiens,
999 2414 1163 2470 Nemo
1198 2415 1332 2467 novit
1364 2408 1604 2475 Patrem,
1648 2407 1745 2463 nisi
1788 2404 1973 2473 Filius,
2021 2403 2189 2468 dicas,
2236 2400 2292 2455 Si

708 2510 937 2582 amplius
964 2522 1125 2579 quam
1155 2505 1243 2561 alii
1276 2502 1456 2569 novit,
1494 2512 1550 2556 at
1588 2514 1693 2556 non
1725 2498 1871 2553 novit
1913 2504 2144 2568 quantus
2186 2493 2290 2558 sit;

714 2605 836 2659 ideo
872 2599 1197 2672 evangelista
1235 2597 1363 2654 dicit
1393 2595 1565 2667 ipsum
1607 2592 1660 2648 iu
1690 2591 1807 2647 sinu
1838 2588 2011 2645 Patris
2056 2584 2293 2651 versari;

715 2700 934 2768 ipseque
959 2692 1201 2750 Christus
1232 2705 1290 2747 se
1322 2696 1522 2744 uultum
1555 2685 1700 2741 illum
1736 2696 1895 2738 nosse
1936 2680 2084 2745 dicit,
2122 2691 2293 2748 quan-

714 2802 824 2845 tum
869 2788 1027 2844 Pater
1076 2785 1290 2841 Filium.
1337 2778 1799 2837 Contradicentem
1834 2790 1961 2844 ergo
1987 2772 2295 2843 interroga:

711 2881 1058 2955 eognoscitne
1088 2878 1245 2933 Pater
1273 2870 1506 2929 Filium?
1533 2867 1918 2939 Respondebit,
1952 2864 2151 2931 Etiam,
2194 2860 2297 2917 nisi

715 2974 965 3031 insaniat.
999 2968 1201 3027 Deinde
1229 2967 1558 3035 interrogare
1601 2973 1921 3033 pergamus:
1965 2957 2298 3013 Acenratane

721 3068 925 3122 visione
950 3073 1003 3118 et
1024 3060 1329 3132 cognitione
1355 3057 1525 3126 ipsum
1543 3053 1685 3109 novit
1701 3059 1755 3108 et
1777 3050 1938 3116 videt,
1962 3062 2025 3103 ac
2043 3047 2298 3117 quidnam

716 3162 788 3215 sit
815 3158 975 3228 plane
1006 3147 1318 3223 cognoscit?
1348 3145 1477 3202 Illud
1517 3144 1677 3200 etiam
1718 3140 1989 3196 fatebitur.
2023 3137 2156 3192 Illuc
2180 3134 2299 3191 col-

724 3226 828 3320 lige
852 3253 1156 3302 accuratam
1181 3238 1301 3297 Filii
1325 3237 1393 3295 de
1424 3237 1578 3292 Patre
1595 3233 1978 3305 cognitionem.
2008 3226 2124 3300 Ipse
2145 3241 2299 3282 nam-

717 3358 823 3412 que
848 3341 1002 3405 dixit,
1037 3337 1184 3393 Sient
1210 3332 1346 3399 novit
1387 3346 1467 3385 me
1512 3327 1702 3393 Pater,
1732 3326 1805 3380 ita
1837 3334 1885 3380 et
1923 3338 2015 3394 ego
2053 3333 2301 3391 cognosco

721 3409 964 3496 Patrem;
991 3438 1045 3485 et
1068 3426 1216 3490 alibi,
1244 3422 1407 3478 Deum
1432 3436 1575 3476 nemo
1599 3418 1743 3485 cidit,
1771 3416 1866 3471 nisi
1890 3415 2074 3485 quiest
2099 3427 2163 3467 ea:
2190 3409 2301 3465 Deo

719 3520 1012 3590 (10mm.
1044 3519 1131 3574 ΙΙΙ.
1157 3526 1202 3571 et
1246 3515 1300 3571 6.
1347 3513 1460 3583 46).
1512 3509 1653 3574 Ideo,
1695 3517 1751 3563 ut
1792 3506 1929 3571 dixi,
1978 3502 2301 3573 evangelista

717 3616 892 3671 sinum
918 3614 1325 3673 commemorat,
1354 3603 1531 3661 omnia
1564 3603 1666 3656 hoc
1694 3616 1800 3655 uno
1846 3596 2009 3655 verbo
2037 3593 2190 3650 nobis
2210 3593 2306 3648 de-

719 3711 953 3774 clarans,
981 3702 1123 3775 quod
1154 3700 1322 3756 multa
1368 3696 1439 3754 sit
1478 3693 1789 3751 substantia:
1827 3688 2075 3760 cognatio
2100 3695 2156 3743 et
2181 3685 2304 3739 titti-

722 3810 833 3865 tas;
878 3773 1021 3868 quod
1072 3791 1293 3849 omnino
1336 3802 1431 3859 par
1472 3786 1542 3842 sit
1578 3781 1830 3853 utrinque
1875 3777 2132 3850 cognitio,
2160 3773 2303 3846 quod

720 3906 816 3961 par
845 3866 1095 3960 potestas.
1138 3870 1252 3938 Non
1295 3880 1436 3937 enim
1477 3876 1715 3945 aliquem
1744 3871 1965 3927 alterius
1991 3866 2304 3923 substantia:

720 3958 880 4039 Pater
909 3981 967 4034 in
991 3978 1113 4033 sinu
1138 3972 1386 4029 habuerit
1414 3986 1427 4023 :
1454 3981 1627 4037 neque
1654 3965 1745 4019 ilie
1768 3962 2011 4028 auderet,
2043 3958 2087 4015 si
2114 3973 2305 4014 servus

718 4082 775 4129 et
798 4087 861 4128 ex
902 4070 1130 4125 aliorum
1171 4077 1393 4119 numero
1421 4068 1586 4125 esset,
1614 4058 1666 4112 in
1694 4056 1811 4111 sinu
1842 4052 2015 4109 Patris
2053 4051 2254 4105 versari
2286 4067 2301 4104 :

721 4166 824 4224 hoc
852 4164 995 4222 enim
1020 4160 1131 4217 veri
1164 4157 1253 4212 lilii
1279 4164 1483 4211 tantum
1506 4161 1610 4217 est,
1648 4148 1743 4218 qui
1773 4146 1937 4201 inulta
1968 4143 2154 4199 fiducia
2183 4156 2305 4196 eum

722 4269 873 4331 patre
893 4264 1095 4319 utatur,
1139 4249 1379 4319 nihilque
1415 4245 1593 4299 minus
1641 4254 1799 4311 quam
1842 4236 1929 4291 ille
1970 4235 2180 4290 habeat.
2216 4231 2307 4311 Vis

720 4325 1075 4408 ieternitatem
1108 4346 1225 4413 ejus
1252 4337 1496 4397 discere?
1524 4333 1659 4391 Audi
1690 4348 1808 4404 qua:
1830 4330 1971 4385 dicat
2009 4327 2218 4398 Moyses
2237 4325 2307 4382 de

723 4446 897 4503 Patre.
953 4439 1085 4496 Cum
1134 4436 1276 4493 enim
1318 4432 1707 4499 interrogaret,
1756 4421 1903 4494 quid,
1944 4417 2306 4491 qumrentibus

722 4531 1006 4606 IEgyptiis,
1026 4530 1141 4601 quis
1164 4530 1335 4599 ipsum
1360 4522 1612 4585 misisset,
1633 4527 1986 4587 responsurus
2008 4512 2119 4582 ipse
2139 4518 2301 4575 esset,

721 4598 902 4695 jussus
946 4598 1273 4680 est—dicere,
1324 4613 1424 4678 Qui
1464 4619 1558 4678 est,
1602 4608 1735 4661 misit
1765 4622 1842 4659 me
1870 4603 2067 4674 (Exod.
2098 4602 2152 4657 5.
2187 4598 2304 4670 Η).

724 4716 855 4773 Illud
884 4722 1082 4778 autem,
1117 4710 1216 4777 Qui
1246 4716 1339 4773 est,
1383 4706 1554 4774 ipsum
1598 4714 1809 4770 semper
1849 4711 1970 4753 esse
2016 4695 2306 4767 significat,

722 4820 880 4881 atque
906 4806 1067 4862 etiam
1096 4802 1215 4858 sine
1245 4796 1525 4870 principio,
1550 4809 1675 4850 vere
1704 4802 1758 4847 et
1790 4790 2004 4862 proprie
2029 4803 2169 4846 esse.
2197 4788 2311 4844 lloc

722 4902 988 4971 signiﬁcat
1029 4895 1189 4951 etiam
1236 4890 1405 4956 illud,
1446 4887 1513 4943 In
1558 4885 1808 4956 principio
1855 4892 1984 4948 erat,
2029 4882 2311 4959 ipsumque

726 5008 938 5063 semper
963 5003 1084 5045 esse
1130 4985 1346 5041 indicat.
1393 4982 1505 5037 IIoc
1550 4980 1709 5048 igitur
1749 4978 1892 5033 dicto
1931 4975 2019 5031 hic
2063 4990 2190 5030 usus
2227 4981 2313 5029 est

726 5088 979 5147 Joannes.
1008 5080 1296 5139 ostendens
1318 5076 1510 5133 Filium
1537 5072 1653 5127 sine
1674 5070 1934 5143 principio
1952 5078 2008 5124 et
2022 5068 2089 5127 ab
2109 5076 2311 5122 aeterno

727 5181 779 5235 in
809 5178 926 5233 sinu
962 5174 1131 5230 Patris
1153 5186 1293 5231 esse.
1320 5168 1397 5223 Ne
1424 5168 1601 5237 itaque
1629 5165 1699 5218 ob
1725 5161 1954 5217 nominis
1981 5159 2309 5215 consortium

727 5282 943 5343 putares
975 5265 1119 5321 illum
1143 5279 1206 5318 es
1243 5276 1426 5319 eorum
1459 5272 1682 5312 numero
1705 5269 1823 5311 esse
1848 5254 1940 5327 qui
1964 5266 2061 5327 per
2084 5250 2308 5321 gratiam

729 5341 819 5419 lilii
849 5370 992 5424 sunt,
1037 5357 1189 5413 adest
1229 5352 1483 5408 articulus
1520 5350 1609 5425 qui
1649 5348 1937 5416 distinguat
1976 5344 2121 5398 illum
2152 5341 2218 5397 ab
2247 5341 2311 5395 iis

729 5458 817 5527 qui
852 5470 944 5526 per
974 5450 1194 5523 gratiam
1234 5454 1362 5502 sunt
1406 5442 1521 5498 lilii.
1556 5440 1704 5508 Quod
1748 5441 1790 5494 si
1833 5440 1932 5494 hoc
1971 5436 2063 5492 tibi
2108 5450 2211 5490 non
2243 5434 2311 5488 sit

794 5614 808 5644 ¹
847 5607 1012 5660 novel.
1048 5606 1193 5655 habet
1226 5640 1238 5662 ,
1264 5600 1529 5670 prop/tela’,
1565 5610 1666 5659 iro,
1693 5596 1846 5670 m-tlti.

797 5675 814 5705 '
852 5672 986 5729 Idem
1021 5670 1159 5731 legit,
1178 5663 1502 5722 «cavatione,
1530 5675 1633 5725 pro,
1658 5663 1924 5711 securitate.

3865 260 3980 315 $00

2372 381 2524 445 satis,
2558 390 2612 434 et
2650 381 2692 434 si
2721 378 2895 433 adhuc
2924 393 3110 433 versus
3140 387 3334 431 terram
3368 389 3566 445 pronus
3598 372 3822 436 incedis,
3856 388 3973 428 uia—

2374 470 2453 540 gis
2479 470 2752 542 proprium
2785 468 2907 522 audi
2942 484 3159 534 nomen,
3194 465 3516 537 Unigenitns.
3545 464 3637 519 Sin
3668 463 3844 517 adhuc
3872 463 3976 515 hn-

2376 580 2522 619 mum
2551 564 2793 632 respicis,
2826 579 2931 616 non
2974 561 3229 615 dubitabo
3272 560 3562 613 lmmanum
3603 555 3671 611 de
3702 556 3813 608 Deo
3851 571 3975 623 pro-

2376 657 2520 712 ferre
2552 657 2793 720 verbum,
2842 670 3033 723 netnpe
3076 654 3288 718 sinum;
3336 660 3539 705 tantum
3586 665 3651 703 ne
3696 648 3975 718 quidpiam

2376 748 2576 805 humile
2600 746 2906 817 suspiceris.
2937 745 3181 799 Vidistin‘
3202 743 3587 814 benignitatem
3610 750 3664 793 et
3687 739 3973 809 providen-

2377 843 2504 897 tiam
2533 840 2783 896 Domini?
2810 837 3057 908 lndignas
3079 834 3181 891 sibi
3208 849 3366 890 voces
3393 831 3650 888 adscribit
3678 832 3693 862 '
3725 831 3885 893 Deus,
3917 838 3977 881 ut

2377 934 2462 990 vel
2492 933 2569 987 sic
2595 931 2796 995 videas,
2829 946 2893 985 ac
2941 944 3191 999 magnum
3230 924 3357 997 quid
3395 933 3447 980 et
3476 921 3702 977 sublime
3730 921 3975 989 cogites;
4006 974 4018 985 _

2377 1035 2433 1085 ct
2461 1037 2517 1082 tu
2558 1025 2701 1080 humi
2735 1023 2919 1095 repis?
2964 1020 3058 1077 Die
3087 1022 3231 1077 enim
3261 1018 3387 1074 mihi
3415 1032 3511 1074 cur
3539 1017 3689 1071 sinus
3735 1013 3822 1069 hic
3860 1028 3978 1068 me-

2380 1130 2641 1185 moratur,
2673 1117 2817 1190 quod
2844 1113 3087 1172 crassum'
3116 1123 3170 1170 et
3196 1111 3413 1168 carnale
3440 1124 3636 1165 nomen
3667 1106 3787 1161 est?
3817 1121 3885 1160 an
3921 1113 3979 1158 ut

2381 1214 2547 1270 Deum
2575 1227 2695 1268 esse
2733 1225 2929 1281 corpus
2969 1204 3547 1277 suspicemuriAbsit,
3598 1201 3825 1270 inquies.
3866 1198 3981 1253 Cur

2379 1307 2546 1377 ergo?
2571 1304 2705 1361 Nam
2748 1305 2791 1358 si
2822 1318 2916 1373 per
2956 1301 3057 1357 hoc
3089 1299 3309 1356 verbum
3342 1311 3440 1352 nec
3470 1309 3628 1352 verus
3657 1293 3698 1349 F
3703 1292 3827 1348 ilius
3855 1305 3982 1346 esse

2381 1399 2663 1470 probatur,
2722 1412 2821 1452 nec
2882 1396 3054 1451 Deum
3103 1394 3480 1462 incorporeum
3531 1403 3652 1445 esse
3699 1387 3980 1449 statuitur,

2383 1490 2577 1545 frustra
2597 1488 2827 1558 jactatur
2853 1486 2955 1542 hoc
2977 1486 3179 1541 dictum
3205 1483 3402 1538 nullius
3433 1496 3581 1536 usus.
3608 1478 3716 1534 Cur
3742 1492 3874 1548 ergo
3897 1475 3983 1532 dio

2382 1591 2525 1636 ctum
2552 1580 2679 1635 est?
2727 1594 2900 1650 neque
2942 1577 3086 1634 cnltn
3125 1575 3195 1632 ab
3235 1575 3337 1631 hac
3374 1572 3673 1645 quaestione
3697 1570 3982 1627 desistam.

2384 1676 2575 1729 Annon
2610 1673 2781 1743 palam
2826 1681 2909 1727 est
2952 1672 3072 1727 ideo
3123 1669 3389 1740 prolatum
3428 1682 3570 1730 esse,
3603 1675 3795 1721 utnon
3837 1664 3986 1719 aliud

2385 1781 2451 1822 ex
2484 1763 2576 1821 illo
2607 1763 2983 1837 pereipiamus,
3027 1777 3185 1833 quam
3216 1760 3356 1831 quod
3404 1759 3495 1815 ille
3522 1757 3594 1813 sit
3625 1772 3752 1813 vere
3778 1755 3986 1826 Uuige-

2388 1858 2553 1926 nilus,
2583 1856 2725 1927 quod
2766 1864 3065 1912 coaeternus
3097 1854 3286 1911 Patri?
3326 1854 3428 1909 Ille
3466 1852 3745 1916 enarravit,
3786 1850 3986 1920 inquit.

2388 1950 2525 2020 Quid
2554 1951 2858 2007 enarravit?
2885 1950 3047 2005 Deum
3086 1966 3234 2005 nemo
3260 1948 3381 2003 vidit
3423 1962 3680 2017 magnam.
3722 1944 3875 2001 Unus
3904 1952 3990 1999 est

2391 2044 2550 2103 Deus.
2578 2044 2684 2101 Sed
2727 2043 2830 2099 hoc
2872 2051 2926 2099 et
2974 2043 3163 2112 reliqui
3210 2039 3515 2111 prophetae,
3546 2047 3599 2092 ct
3641 2037 3855 2107 Moyses
3884 2036 3991 2091 [τος

2389 2134 2744 2206 quentissime
2774 2136 2972 2191 clamat
3004 2152 3016 2189 :
3064 2132 3320 2188 Dominus
3352 2130 3490 2186 Deus
3530 2139 3647 2186 tuus
3671 2170 3687 2197 ,
3734 2127 3995 2182 Doruimts

2397 2244 2529 2282 unus
2553 2239 2623 2283 est
2652 2227 2833 2295 (Deut.
2866 2228 2917 2283 6.
2944 2226 3037 2298 4);
3076 2235 3129 2282 et
3161 2225 3346 2291 Isaias,
3393 2221 3520 2277 Ante
3562 2239 3640 2276 me
3678 2236 3777 2274 non
3802 2228 3876 2273 est
3904 2222 3995 2290 (a-

2400 2332 2504 2375 ctus
2528 2321 2661 2374 alius
2694 2319 2847 2384 Deus,
2881 2328 2927 2371 et
2954 2327 3064 2397 post
3094 2334 3172 2374 me
3199 2334 3299 2375 non
3330 2327 3402 2378 est
3424 2315 3579 2386 (lsai.
3606 2314 3695 2370 45.
3728 2311 3844 2381 10).

2470 2414 2524 2473 '5.
2557 2413 2704 2479 Qua‘,
2736 2409 2991 2479 quomodo
3018 2420 3064 2463 et
3089 2426 3213 2479 quos
3237 2408 3464 2469 docuerit
3494 2405 3543 2468 Γ
3542 2406 3660 2460 ilius
3694 2404 3807 2459 Dei.
3838 2403 3997 2465 Cari-

2404 2515 2481 2564 tas
2525 2505 2932 2565 commendatur.
2966 2502 3245 2561 Christiani
3271 2518 3430 2555 unum
3460 2516 3649 2566 corpus
3683 2507 3823 2564 sunt,
3855 2498 3999 2569 quod

2397 2609 2471 2653 est
2510 2598 2785 2654 maximum
2827 2595 3064 2653 amicitiis
3100 2594 3381 2649 vinculum.
3405 2622 3477 2634 --
3501 2590 3639 2659 Quid
3669 2605 3799 2659 ergo
3845 2589 4001 2647 aliud

2398 2704 2428 2744 a
2453 2690 2590 2750 Filio
2617 2688 2921 2751 didicimus,
2956 2696 3138 2756 utpote
3166 2686 3257 2756 qui
3288 2686 3357 2741 sit
3384 2686 3435 2744 itt
3462 2685 3583 2740 sinu
3613 2682 3785 2738 Patris
3809 2682 3836 2735 ἲ
3859 2681 4000 2752 quid

2397 2781 2468 2837 ab
2513 2778 2804 2851 Unigcnito
2824 2779 2856 2834 τ’
2890 2778 3068 2840 Primo
3096 2776 3238 2847 quod
3278 2776 3393 2835 lucc
3418 2776 3526 2833 sint
3564 2790 3630 2836 ex
3656 2774 3774 2849 ejus
3801 2789 4003 2844 opera.

2403 2872 2589 2934 tione:
2614 2869 2829 2934 deinde,
2863 2884 2961 2924 nos
2992 2867 3149 2943 longe
3182 2867 3475 2927 clariorem
3494 2867 3767 2935 accepisse
3791 2864 4008 2921 doctri-

2403 2980 2550 3031 nam,
2582 2971 2637 3020 et.
2658 2977 2984 3035 cognoscere
3025 2961 3167 3032 quod
3197 2960 3432 3036 Spiritus
3460 2959 3531 3018 sit
3559 2958 3700 3017 Deus
3718 3000 3732 3022 .
3759 2967 3815 3017 et
3853 2957 4009 3029 quod

2402 3057 2491 3127 qui
2524 3055 2745 3110 adorant
2777 3069 2922 3120 eum,
2960 3054 3010 3108 in
3043 3052 3237 3121 spiritu
3280 3059 3335 3107 et
3376 3051 3602 3110 veritate
3628 3048 3861 3108 adorare
3898 3049 4012 3107 de-

2402 3150 2567 3206 beant
2612 3165 2627 3201 :
2676 3148 3000 3217 insuperque
3044 3143 3177 3199 illud
3234 3144 3448 3214 ipsum,
3503 3140 3835 3213 impossibile
3880 3155 4015 3197 esse

2404 3240 2571 3296 Deum
2621 3238 2801 3294 videre
2826 3278 2840 3302 ,
2881 3246 2935 3293 et
2982 3237 3249 3292 neminem
3295 3237 3466 3305 ipsum
3506 3250 3859 3307 cognoscere.l
3899 3233 4017 3296 nisi

2405 3332 2598 3388 Filium
2630 3329 2827 3402 (Joan.
2859 3330 2914 3386 4.
2939 3329 3051 3401 25)
3083 3347 3096 3383 :
3131 3341 3185 3384 et
3208 3330 3350 3399 quod
3379 3330 3449 3384 sit
3484 3327 3643 3384 Pater
3669 3326 3781 3383 veri
3808 3324 4019 3395 Unige-

2406 3425 2501 3479 niti
2537 3440 2551 3490 ;
2580 3434 2633 3480 et
2671 3438 3026 3494 qumoumque
3059 3424 3164 3478 alia
3195 3424 3264 3478 de
3292 3424 3383 3479 illo
3412 3430 3661 3479 enarrata
3691 3429 3835 3475 sunt.
3866 3418 4019 3475 Illud

2405 3526 2624 3583 autem,
2678 3516 2984 3581 Enarravit,
3034 3516 3322 3571 clariorem
3367 3524 3423 3571 et
3466 3514 3791 3585 apertiorem
3849 3511 4021 3567 eﬂ‘ert

2407 3608 2705 3672 doctrinam
2730 3647 2748 3675 ,
2779 3624 2939 3680 quam
2983 3623 3089 3666 non
3120 3607 3319 3662 Jttdwis
3349 3601 3509 3661 modo
3535 3647 3551 3672 ,
3586 3604 3682 3662 sed
3711 3602 3874 3660 etiam
3906 3604 4019 3660 toti

2408 3702 2523 3760 orbi
2570 3700 2787 3757 tradidit
2822 3708 2878 3760 et
2908 3700 3217 3771 complevit.
3255 3700 3538 3770 Prophetis
3566 3707 3712 3755 certe
3738 3712 3805 3753 ne
3831 3695 4019 3752 Judaei

2407 3792 2624 3863 quidem
2668 3808 2858 3855 onmes
2898 3792 3283 3857 attendebant;
3332 3790 3622 3862 Unigcnito
3685 3776 3865 3845 autem
3910 3786 4020 3843 Dei

2410 3894 2553 3949 totus
2594 3883 2744 3939 orbis
2791 3884 2955 3941 cessit
2990 3891 3047 3939 et
3074 3881 3324 3941 credidit.
3366 3880 3654 3942 Enarratio
3698 3879 3880 3955 itaque
3919 3877 4023 3939 hic

2408 3976 2665 4037 doctrina:
2708 3974 3032 4036 evidentiam
3065 3972 3329 4047 significat
3366 3990 3380 4029 :
3429 3973 3659 4041 ideoque
3686 3980 3742 4029 et
3770 3969 4023 4031 Verbum

2407 4069 2626 4135 dicitur,
2656 4078 2710 4123 et
2740 4068 2916 4142 magni
2947 4068 3158 4122 consilii
3187 4065 3441 4135 Angelus.
3465 4065 3728 4136 Quoniam
3761 4063 3926 4135 igitur
3961 4071 4027 4119 et

2411 4160 2617 4227 majore
2645 4169 2699 4213 et
2737 4158 3058 4230 perfectiore
3105 4156 3347 4218 doctrina
3392 4155 3596 4226 dignati
3640 4167 3852 4221 sumus,
3897 4152 4026 4210 Deo

2412 4266 2518 4305 non
2564 4251 2703 4305 ultra
2755 4266 2851 4321 per
2878 4248 3206 4319 prophetas,
3248 4246 3343 4302 sed
3382 4261 3476 4319 per
3504 4246 3779 4318 proprium
3810 4245 4019 4302 Filium

2411 4343 2565 4398 nobis
2594 4342 2853 4399 extremis
2882 4340 3033 4397 hisce
3071 4340 3262 4396 diebus
3290 4340 3579 4410 loquente,
3622 4339 3748 4401 vita:
3788 4338 4024 4399 institu—

2410 4446 2522 4492 tuut
2550 4436 2708 4505 longe
2734 4434 2948 4498 melius,
2993 4442 3047 4488 et
3088 4440 3237 4488 tanto
3265 4431 3473 4487 honore
3497 4431 3716 4503 dignum
3744 4430 4024 4488 exhibea-

2411 4545 2553 4586 mus.
2585 4526 2889 4583 Absurdqu
2916 4525 3061 4581 enim
3088 4535 3253 4592 eSset,
3282 4525 3327 4579 si
3361 4539 3484 4579 cum
3508 4523 3621 4594 ipse
3647 4533 3853 4583 tantum
3909 4523 4026 4580 de-

2412 4620 2705 4686 scenderit,
2734 4627 2793 4673 ut
2820 4634 2924 4677 non
2952 4617 3092 4671 ultra
3136 4631 3232 4690 per
3270 4630 3459 4670 servos
3504 4629 3631 4671 suos
3670 4629 3770 4669 nos
3796 4615 4011 4683 alloqui

2414 4712 2582 4780 velit,
2613 4710 2708 4766 scd
2740 4725 2834 4785 per
2873 4708 3107 4785 seipsum
3138 4726 3151 4769 ξ
3180 4722 3276 4760 nos
3308 4705 3440 4767 nihil
3479 4705 3710 4774 amplius
3738 4719 3903 4776 quam
3929 4706 4025 4765 illi

2415 4806 2622 4878 priores
2642 4803 3042 4860 exhiberemus.
3076 4800 3155 4855 Illi
3181 4798 3440 4877 Illoysem,
3471 4814 3568 4854 nos
3600 4797 3799 4870 Moysis
3827 4799 4025 4855 Domi-

2414 4915 2539 4961 num
2584 4899 2857 4953 doctorem
2888 4894 3169 4950 habemus.
3205 4892 3362 4947 Tanti
3384 4907 3513 4961 ergo
3542 4891 3761 4947 honoris
3789 4891 4027 4963 dignam

2417 4990 2811 5066 philosOphiam
2851 4988 3189 5059 proferamus
3214 5026 3229 5050 ,
3278 4985 3519 5055 nihilque
3562 4983 3858 5039 habeamus
3889 5000 4030 5042 cum

2417 5096 2555 5142 terra
2584 5095 2889 5140 commune.
2930 5079 3055 5135 Ideo
3088 5091 3320 5148 namque
3349 5075 3434 5131 ille
3455 5075 3523 5132 de
3551 5074 3698 5132 caelis
3734 5075 3891 5129 nobis
3916 5075 4035 5132 do-

2414 5180 2640 5233 ctrinam
2654 5175 2851 5237 attulit,
2869 5181 2928 5227 ut
2942 5188 3005 5229 eo
3016 5171 3394 5243 cogitationem
3414 5179 3649 5230 nostram
3670 5166 4032 5237 transferret,

2414 5282 2469 5328 et
2495 5286 2590 5343 pro
2617 5268 2753 5323 virili
2783 5276 2961 5323 nostra
3003 5265 3299 5327 imitatores
3327 5262 3570 5325 Doctoris
3611 5261 3781 5316 nostri
3819 5260 4029 5317 simus.

2419 5369 2483 5423 Iit
2509 5363 2777 5435 quomodo
2828 5375 3109 5430 possumus
3137 5402 3150 5425 ,
3190 5358 3429 5427 inquies,
3473 5356 3769 5411 imitatores
3809 5353 4033 5413 Christi

2417 5478 2537 5517 esse
2567 5461 2589 5512 ’ἒ
2622 5459 2677 5513 Si
2735 5456 2913 5511 otunia
2960 5453 3025 5509 ad
3071 5466 3415 5509 communem
3446 5450 3727 5505 utilitatem
3757 5447 4037 5508 faciamus

2420 5574 2516 5611 nec
2558 5572 2672 5622 qua:
2718 5561 2896 5603 nostra
2947 5557 3071 5601 sunt
3121 5559 3444 5613 quaeramus.
3511 5541 3649 5598 Nam
3695 5551 3741 5596 et
3781 5538 4034 5601 Christus

2491 5672 2503 5701 ί
2543 5667 2631 5721 Alii
2662 5673 2708 5713 et
2736 5658 3215 5727 Mtteimdscribue
3234 5657 3367 5709 solet.
