4162 6326
185 375 265 430 ποι
1268 366 1329 423 lN
1367 365 1677 423 JOANNESI
1720 367 1787 422 Η(

1898 368 1945 423 [λ.
1989 367 2128 423 XVI.
2171 371 2243 425 al.
2306 368 2417 425 XV.

192 503 276 538 non
301 484 396 538 sibi
427 484 534 554 ipsi
559 484 782 552 placuit,
811 482 899 537 sed
938 482 1063 536 sicut
1097 480 1339 549 scriptum
1383 488 1474 532 est.
1510 478 1799 546 Opprobria

200 576 606 643 uwobrantium
651 575 741 628 tibi
781 573 1063 628 ceciderunt
1086 585 1241 637 super
1284 586 1362 623 nte
1389 569 1408 641 (
1435 569 1587 624 Rom.
1623 569 1710 623 15.
1733 568 1789 627 5.

212 668 331 724 l‘snl.
350 667 573 738 68.10).
595 666 763 721 Nemo
788 666 941 737 igitur
959 664 1093 733 quod
1108 680 1254 716 suum
1271 672 1553 728 estqutzrat
1570 663 1645 731 (1.
1669 660 1791 719 Cor.

208 764 281 820 10.
301 762 417 831 9-8).
451 761 546 817 Sic
574 762 719 816 enim
748 760 863 829 quis
886 755 1026 827 quod
1055 771 1209 811 suum
1233 764 1316 809 est
1340 756 1550 825 qumrit,
1582 755 1623 808 si
1651 754 1792 824 quod

208 856 502 925 proximum
542 861 787 924 spectat,
808 849 1074 919 respiciat.
1100 846 1233 903 Nam
1262 863 1379 917 qum
1400 846 1626 918 proximi
1646 854 1793 917 sunt,

205 957 377 1001 nostra
412 954 563 999 sunt.
588 943 783 1011 Corpus
810 957 965 995 unum
993 955 1188 1002 sumus,
1233 938 1361 991 alter
1393 938 1604 991 alterius
1632 952 1793 991 mem-

205 1038 284 1088 bra
328 1045 377 1090 et
426 1045 599 1103 partes
641 1034 659 1102 (
686 1031 833 1085 Rom.
867 1030 953 1087 l2.
984 1028 1072 1101 5).
1103 1028 1181 1084 Ne
1224 1029 1380 1098 igitur
1412 1028 1480 1082 ita
1511 1028 1683 1083 allecti
1715 1029 1794 1083 si-

206 1142 313 1181 ntus
363 1140 430 1181 ac
470 1126 516 1178 si
558 1122 815 1193 segregati
858 1133 1142 1176 essemus:
1176 1135 1243 1175 ne
1281 1118 1401 1187 quis
1438 1117 1653 1182 dixerit,
1700 1118 1793 1173 Ille

204 1219 326 1273 mihi
354 1218 567 1271 amicus
593 1230 697 1269 non
725 1224 822 1279 est,
858 1228 963 1267 non
989 1221 1270 1282 cognatus,
1304 1226 1412 1266 non
1446 1210 1670 1275 vicinus,
1702 1225 1797 1265 ne-

203 1324 299 1379 que
325 1305 459 1375 quid
482 1319 767 1361 commune
792 1318 913 1359 eum
945 1303 1041 1357 illo
1072 1302 1245 1358 habeo
1279 1320 1293 1354 :
1334 1302 1602 1371 quomodo
1642 1316 1792 1358 acce—

200 1399 372 1452 dam?
412 1398 545 1469 quid
604 1396 817 1452 dicam?
860 1395 1085 1450 Etiamsi
1140 1395 1286 1450 enim
1348 1410 1454 1448 non
1509 1405 1788 1465 cognatus,

200 1489 406 1544 etiamsi
436 1504 544 1543 non
572 1488 776 1544 amicus
802 1487 890 1551 sit,
917 1495 973 1542 at
998 1490 1158 1540 homo
1182 1495 1266 1541 est
1287 1485 1526 1556 ejusdem
1565 1495 1789 1553 naturae,

206 1581 456 1636 eumdem
476 1580 679 1633 habens
702 1578 1001 1645 Dominum,
1024 1592 1336 1639 conservus.
1357 1576 1749 1630 contubernalis
1774 1593 1789 1631 :

203 1674 249 1726 in
305 1672 501 1727 eodem
528 1672 725 1743 quippe
775 1671 973 1725 mundo
1016 1678 1117 1725 est.
1164 1669 1316 1736 Quod
1361 1670 1405 1723 si
1435 1668 1677 1723 eamdem
1726 1668 1789 1722 lio

201 1764 319 1817 dem
376 1762 605 1826 habeat,
648 1776 773 1817 ecce
813 1760 1108 1816 membrum
1139 1769 1223 1814 est
1251 1768 1418 1814 tuutn.
1446 1760 1575 1827 Qua:
1602 1759 1786 1814 amici-

208 1852 273 1907 tia
322 1860 530 1906 tantam
576 1851 1006 1920 conjunctionem
1051 1849 1265 1905 efficere
1307 1860 1499 1919 potest,
1539 1862 1789 1921 quantam

213 1944 330 1998 lidei
352 1945 606 2015 cognatio
630 1946 655 1997 l
682 1944 864 2013 Neque
887 1944 1031 1998 enim
1062 1954 1204 1998 tanta
1230 1932 1401 1999 solum
1428 1946 1790 2015 prepiuquitas

202 2035 337 2089 inter
362 2049 464 2090 nos
508 2034 827 2105 exhibenda,
859 2044 1054 2106 quanta
1094 2045 1176 2090 est
1218 2036 1374 2091 amici
1416 2036 1481 2090 ad
1510 2018 1741 2091 amicum
1770 2053 1787 2101 ;

198 2125 288 2181 sed
316 2135 517 2196 quanta
547 2127 774 2181 membri
799 2127 863 2181 ad
895 2127 1339 2184 membrum.lloe
1367 2128 1563 2199 quippe
1593 2129 1787 2184 amici-

200 2219 284 2272 tia:
308 2227 360 2273 et
389 2218 805 2274 necessitudinis
826 2218 842 2251 ⁸
874 2234 1071 2289 genere
1090 2220 1294 2273 nullum
1324 2221 1495 2290 majus
1527 2222 1785 2290 reperias.

196 2306 659 2374 Quemadmodum
702 2325 801 2365 nec
844 2311 1021 2366 dicere
1061 2312 1252 2381 possis,
1284 2310 1438 2367 Unde
1471 2312 1600 2367 mihi
1634 2312 1787 2367 fami-

200 2397 401 2453 liaritas
440 2406 499 2454 et
528 2399 868 2454 necessitudo
892 2414 1012 2455 eum
1061 2400 1154 2455 illo
1182 2416 1197 2465 ;
1248 2400 1297 2455 id
1329 2402 1470 2456 enim
1502 2402 1785 2458 ridiculum

198 2496 275 2541 est
297 2504 310 2540 :
341 2487 421 2542 sic
451 2502 554 2545 nec
576 2488 644 2543 de
671 2488 837 2543 fratre
861 2488 963 2544 hoc
989 2488 1170 2544 dicere
1191 2490 1387 2561 possis.
1420 2490 1606 2545 Omnes
1630 2492 1785 2557 enim,

200 2578 385 2649 inquit,
431 2580 487 2633 in
535 2597 694 2633 unum
722 2596 909 2651 corpus
937 2581 1180 2652 baptiaati
1216 2598 1390 2637 sumus
1417 2583 1434 2652 (
1462 2584 1511 2638 Ι.
1544 2582 1661 2637 Cor.
1698 2583 1783 2638 l2.

201 2668 317 2738 l3).
344 2662 457 2723 Cur
490 2670 541 2724 in
574 2686 737 2725 unum
768 2685 963 2742 corpus
991 2673 1014 2725 τ
1056 2671 1123 2728 Ut
1151 2687 1256 2727 non
1286 2687 1653 2743 segregetnur,
1683 2674 1779 2730 sed

203 2768 254 2813 ut
277 2775 343 2815 ex
370 2771 559 2817 mutua
590 2762 986 2819 necessitudine
1012 2771 1067 2819 et
1092 2762 1325 2819 amicitia
1359 2764 1515 2820 unius
1543 2765 1786 2836 corporis

203 2851 563 2906 conditionem
591 2867 889 2910 servemus.
916 2855 994 2910 Ne
1023 2869 1151 2925 ergo
1183 2857 1485 2925 proximum
1516 2858 1785 2927 deSpicia-

206 2956 334 3009 mus,
357 2953 414 2999 ut
440 2961 510 3000 ne
535 2960 635 3002 nos
664 2948 811 3016 ipsos
858 2958 1263 3006 contemnamus
1290 2952 1333 3004 '.
1368 2950 1558 3019 Nemo,
1589 2953 1783 3023 inquit,

261 3076 278 3143 ξ
310 3073 403 3125 Alit
437 3076 631 3143 legunt,
654 3076 1015 3143 sollicitudinis,
1046 3094 1150 3143 pro,
1178 3082 1561 3134 necessitudinis.

260 3138 280 3168 ¹
310 3137 475 3188 δια-ει.
495 3137 657 3208 '_h_unc
680 3139 837 3208 locum
858 3144 928 3191 sic
945 3137 1125 3208 elici-ti
1139 3137 1220 3208 sic
1241 3157 1357 3208 ergo
1378 3143 1591 3207 proximi
1612 3156 1782 3196 curam

206 3207 437 3259 gamus,
464 3205 516 3249 ut
532 3200 593 3251 de
614 3206 776 3251 nostra
798 3214 997 3265 corpore
1018 3202 1226 3256 solliciti.

3396 377 3495 433 l0!

1905 495 2109 533 carnem
2153 498 2298 535 suam
2343 483 2459 536 odio
2489 482 2636 537 liabet
2691 483 2920 553 (Ep/aes.
2961 486 3013 541 5.
3046 484 3174 557 29),
3206 485 3299 541 sed
3332 490 3491 545 nutrit

1901 581 1956 626 et
1988 571 2152 626 fnvet.
2184 573 2307 627 Iden
2331 573 2548 627 domum
2573 589 2733 628 unam
2766 575 2906 629 hunc
2932 576 3187 630 mundum
3215 576 3367 632 dedit
3401 594 3494 632 nov

1902 662 1983 717 bis
2028 663 2187 727 Deus,
2220 664 2398 718 omnia
2432 679 2497 719 ex
2527 679 2683 733 inquo
2709 664 2999 729 distribuit,
3045 682 3206 721 unum
3248 668 3493 723 accendit

1901 753 2151 808 omnibus
2176 754 2365 823 solem,
2393 770 2557 809 unum
2587 764 2781 809 tectum
2808 756 3067 821 extendit,
3093 757 3305 823 ett-lunt,
3335 776 3494 814 unam

1902 845 2108 915 paravit
2132 859 2393 910 mensam,
2426 854 2647 899 terram.
2680 845 2835 900 Dedit
2861 861 3073 916 quoque
3093 847 3315 903 alteram
3344 866 3495 903 mett-

1901 952 2014 990 sam
2040 976 2057 1003 ,
2104 937 2203 990 hac
2232 937 2387 1006 longe
2426 936 2707 1008 majorem,
2735 937 2831 992 sed
2857 938 2995 992 hanc
3024 954 3205 1004 unam,
3237 950 3295 993 ut
3321 942 3495 996 sciunt

1903 1026 2282 1096 mysteriorum
2327 1036 2608 1081 consortes
2638 1044 2652 1093 ;
2689 1043 2854 1082 unum
2888 1029 3224 1098 spiritualem
3265 1045 3494 1101 genera-

1904 1118 2063 1171 tionis
2091 1116 2308 1171 modum
2334 1118 2583 1172 omnibus
2612 1118 2831 1187 largitus
2856 1129 2938 1174 est
2969 1138 2981 1174 :
3009 1136 3112 1175 una
3142 1131 3223 1176 est
3246 1123 3497 1180 omnibus

1902 1210 2071 1277 patria
2114 1209 2167 1262 in
2216 1210 2361 1263 caelis
2391 1228 2404 1263 :
2435 1225 2499 1265 es
2542 1211 2734 1265 eodem
2778 1212 2947 1267 calice
3000 1228 3190 1268 omnes
3237 1215 3494 1271 bibimus.

1901 1299 2041 1353 Nihil
2073 1298 2225 1353 diviti
2260 1300 2375 1368 plus
2404 1310 2496 1353 aut
2541 1301 2863 1369 pretiosius,
2900 1303 3031 1357 ttihil
3064 1307 3281 1373 pauperi
3337 1306 3497 1360 vilius

1902 1391 1983 1446 vel
2010 1391 2186 1445 minus
2214 1392 2371 1446 datur
2403 1413 2415 1447 :
2446 1393 2541 1448 sed
2571 1408 2759 1448 omnes
2781 1408 2845 1449 ex
2875 1410 3030 1465 mqno
3052 1399 3280 1464 vocavit,
3310 1408 3363 1453 et
3380 1414 3499 1454 car-

1902 1484 2037 1537 nalia
2060 1492 2113 1538 et
2132 1484 2425 1553 spiritualia
2452 1484 2729 1556 aequaliter
2755 1486 2987 1542 tradidit.
3018 1487 3167 1543 Unde
3196 1504 3323 1559 ergo
3351 1500 3495 1543 tanta

1903 1575 1956 1628 in
1981 1575 2086 1628 vita
2118 1576 2451 1645 inaequalitas
2476 1575 2499 1629 Υ
2528 1575 2610 1629 Ex
2639 1576 2863 1631 divitum
2892 1579 3111 1632 avaritia
3140 1589 3192 1633 et
3238 1592 3494 1650 arrogan-

1901 1668 1994 1721 tia.
2026 1665 2131 1720 Sed
2165 1681 2252 1731 ne,
2282 1681 2488 1736 quatso,
2524 1666 2733 1731 fratres,
2778 1667 2851 1721 ita
2881 1667 2932 1720 in
2966 1676 3237 1736 posterum
3283 1679 3493 1739 agatur,

1900 1758 2278 1813 communibus
2319 1767 2374 1811 et
2404 1758 2572 1827 magis
2617 1756 2936 1812 necessariis
2972 1772 3071 1812 nos
3102 1774 3205 1812 una
3239 1760 3496 1829 copulan-

1902 1849 2041 1903 tibus
2066 1890 2080 1913 ,
2112 1864 2178 1903 ne
2212 1864 2243 1903 a
2273 1851 2503 1903 terrenis
2542 1859 2595 1904 et
2638 1850 2827 1903 vilibus
2858 1850 3021 1905 rebus
3051 1851 3437 1919 distrahamur,
3465 1868 3495 1907 a

1900 1941 2128 2006 divitiis,
2164 1941 2404 2010 inquam,
2453 1950 2506 1996 et
2550 1952 2883 2011 paupertate,
2936 1958 2964 1995 a
3013 1945 3335 2013 cognatione
3375 1960 3497 2000 cor-

1901 2046 2082 2101 porca,
2115 2031 2183 2085 ab
2207 2031 2331 2086 odio
2356 2040 2411 2086 et
2433 2032 2686 2085 amicitia.
2721 2031 2846 2087 Haec
2877 2033 3075 2103 quippe
3096 2034 3276 2087 omnia
3307 2035 3499 2092 umbra

1898 2134 2044 2191 sunt,
2094 2135 2150 2181 et
2190 2125 2379 2180 umbra
2419 2124 2704 2193 abjectiora
2739 2125 2824 2191 iis,
2858 2126 2951 2195 qtti
2995 2141 3227 2195 superna
3271 2128 3497 2188 caritate

1898 2217 2236 2287 colligantur.
2281 2216 2395 2271 lloc
2437 2217 2707 2270 vinculum
2741 2215 3024 2270 infractum
3055 2234 3329 2272 servemus
3362 2237 3376 2273 :
3410 2220 3493 2274 ni-

1899 2306 2082 2376 hilque
2128 2322 2193 2360 ex
2245 2306 2489 2376 malignis
2538 2305 2816 2374 spiritibus
2861 2307 2877 2338 ¹
2928 2322 3219 2377 surrepere
3270 2309 3492 2378 poterit.

1897 2396 2038 2467 quod
2074 2397 2211 2451 hanc
2240 2397 2499 2451 unitatem
2531 2396 2735 2450 dividat
2772 2415 2784 2451 :
2812 2412 2972 2467 quam
3004 2412 3103 2452 nos
3129 2413 3318 2453 omnes
3347 2414 3493 2455 assc-

1894 2489 1985 2558 qui
2030 2488 2326 2557 contingat,
2358 2490 2526 2558 gratia
2578 2496 2633 2542 et
2680 2488 3008 2558 benignitate
3058 2491 3267 2545 Domini
3324 2500 3493 2546 nostra

1894 2578 2021 2634 Jesu
2052 2577 2274 2645 Christi,
2319 2592 2417 2648 per
2436 2570 2596 2649 quem
2622 2588 2676 2634 et
2704 2594 2825 2635 cunt
2850 2595 2959 2651 quo
2978 2580 3123 2637 Patri
3152 2583 3355 2654 gloria,
3392 2599 3492 2636 una

1895 2684 2017 2727 cum
2043 2678 2230 2726 sancto
2254 2669 2476 2739 Spiritu,
2505 2686 2645 2725 nunc
2666 2680 2720 2726 et
2753 2685 2990 2741 semper,
3013 2683 3067 2727 et
3094 2674 3149 2727 in
3174 2674 3367 2729 smcula
3395 2688 3499 2728 sa»

1894 2763 2159 2818 culorum.
2191 2762 2387 2817 Amen.

1951 2934 1967 2964 ¹
2002 2939 2106 2991 Alii
2129 2940 2334 3004 habent,
2357 2939 2680 3004 missionibus,
2715 2953 2821 3003 pro,
2840 2940 3108 3005 spiritibus.

209 3319 3493 3348 W

1573 3431 1924 3493 HOMILIA
1967 3429 2143 3492 XVI.

210 3570 285 3625 i9.
321 3570 433 3626 Hoc
463 3573 595 3627 enim
636 3584 711 3627 est
749 3575 1084 3628 testimonium
1110 3574 1351 3640 Joannis,
1384 3576 1588 3646 quando
1634 3577 1786 3630 mise-

269 3672 380 3714 runt
401 3660 469 3715 ad
491 3679 606 3716 eum
633 3662 808 3717 ludet"
825 3680 889 3719 ea:
910 3663 1243 3736 Jerasolymis
1272 3666 1555 3720 sacerdotes
1574 3675 1617 3720 et
1639 3664 1758 3720 Levi
1766 3694 1788 3706 ο

268 3763 362 3818 ιω,
395 3764 449 3807 ut
479 3755 843 3827 interrogarent
870 3772 984 3811 eum
1005 3772 1025 3811 :
1054 3756 1132 3812 Tu
1155 3758 1269 3828 quis
1293 3760 1386 3813 es?

268 3846 318 3899 1.
350 3846 527 3901 Grave
552 3846 823 3916 quidpiam
855 3848 1049 3903 invidia
1080 3857 1181 3913 est,
1212 3850 1404 3905 dilecte
1430 3892 1443 3915 ,
1474 3866 1661 3921 grave.
1696 3852 1783 3905 in-

198 3948 374 4005 quam,
404 3946 459 3989 et
486 3936 850 4005 perniciosum
880 3938 1090 4004 invidis,
1120 3955 1224 3994 non
1263 3942 1326 3994 iis
1350 3941 1544 4009 quibus
1574 3942 1787 3996 invide-

198 4035 296 4080 tur.
330 4025 468 4095 Ipsis
487 4027 629 4081 enim
650 4027 918 4097 prioribus
936 4038 1111 4094 nocet,
1137 4032 1281 4100 ipsos
1303 4033 1510 4101 priores
1540 4047 1786 4087 corrum-

113 4169 123 4176 ,
199 4119 295 4186 pit,
324 4126 603 4189 tamquam
642 4119 789 4174 virus
817 4120 1149 4174 mortiferum
1178 4136 1364 4176 eorum
1400 4122 1610 4177 animos
1632 4138 1791 4177 oceu-

192 4221 346 4275 pana.
381 4208 436 4262 Si
460 4217 641 4263 autem
686 4209 737 4263 in
774 4210 1019 4280 qquiam
1047 4210 1204 4269 laedat
1228 4225 1323 4265 eos
1348 4212 1540 4282 quibus
1582 4212 1788 4267 invideo

191 4305 278 4351 tur
299 4339 316 4364 ,
351 4298 472 4353 leve
501 4306 555 4354 et
584 4299 778 4354 nullius
805 4302 1058 4357 momenti
1089 4301 1341 4356 damnum
1372 4312 1455 4358 est
1480 4344 1496 4368 ,
1530 4302 1670 4372 quod
1694 4302 1787 4359 da.

189 4403 316 4443 mtto
347 4390 526 4460 majus
564 4390 773 4446 lucrum
810 4391 1027 4449 referat.
1059 4392 1241 4464 Neque
1266 4395 1317 4448 in
1345 4394 1541 4449 invidia
1565 4395 1737 4450 solum
1762 4437 1779 4462 ,

190 4480 282 4534 sed
307 4481 475 4535 etiam
529 4482 581 4534 in
627 4483 839 4537 caeteris
881 4484 1133 4541 omnibus
1172 4486 1351 4552 vitiis,
1383 4503 1489 4541 non
1519 4489 1606 4556 qui
1649 4488 1789 4543 malo

190 4568 441 4635 afﬁcitur,
473 4570 571 4626 sed
596 4574 687 4641 qui
714 4570 902 4641 aflicit,
931 4574 975 4629 is
1002 4574 1255 4632 damnum
1275 4578 1484 4645 accipit.
1508 4577 1618 4632 Nisi
1642 4580 1785 4633 enim

192 4674 358 4715 resse
390 4661 461 4715 ita
485 4660 713 4717 haberet
740 4704 756 4731 ,
786 4678 895 4718 non
920 4668 1265 4735 praecepisset
1288 4668 1565 4741 discipulis
1594 4670 1788 4727 Paulus

194 4749 445 4819 injuriam
464 4750 729 4821 accipere,
752 4755 926 4823 potius
945 4771 1103 4826 quam
1120 4757 1341 4823 inferre,
1361 4774 1480 4813 cum
1511 4760 1654 4825 dicit,
1688 4762 1791 4817 Cur

196 4856 293 4895 non
324 4841 499 4910 potius
518 4842 761 4913 injuriam
790 4848 1056 4917 accipitis?
1083 4866 1176 4903 cur
1210 4868 1309 4904 non
1354 4853 1513 4924 magis
1552 4852 1786 4922 fraudem

198 4937 427 5002 patimini
444 4937 523 5009 (l.
547 4937 664 4993 Cor.
697 4938 751 4994 6.
783 4938 878 5013 7)?
908 4941 1166 4995 Accuratc
1186 4941 1382 5011 quippe
1417 4954 1656 5009 noverat,
1680 4960 1785 5000 non

200 5027 335 5082 mala
360 5029 669 5099 accipienti,
702 5030 795 5085 sed
824 5032 963 5085 mala
992 5030 1241 5087 inferenti
1269 5035 1557 5103 perniciem
1590 5037 1789 5108 ubique

203 5127 437 5187 paratam
477 5134 623 5175 esse.
656 5119 785 5175 ll:rc
828 5136 990 5191 porro
1028 5123 1206 5177 omnia
1238 5135 1455 5195 pr0pter
1480 5126 1789 5182 Judatorum

206 5208 421 5264 livorem
472 5210 612 5267 dicta
652 5212 808 5267 nobis
850 5221 996 5269 sunt.
1043 5212 1177 5268 Nam
1222 5216 1311 5286 qui
1349 5232 1413 5271 ex
1459 5218 1681 5273 urbibus
1720 5220 1787 5274 ad

208 5299 457 5358 Joannem
484 5302 879 5371 conﬂuxerant,
909 5314 964 5360 et
984 5315 1197 5375 peccata
1223 5321 1316 5362 sua
1350 5307 1667 5363 damnantes
1693 5310 1780 5363 hac

213 5395 386 5461 ptizati
428 5395 664 5461 fuerant,
721 5396 884 5451 iidem
929 5397 1027 5467 ipsi
1068 5398 1218 5467 quasi
1262 5400 1577 5468 paenitentia
1607 5401 1778 5468 ducti,

218 5485 414 5541 mittunt
441 5490 531 5558 qui
563 5488 896 5557 interrogent
924 5503 1046 5543 eum
1071 5530 1087 5554 ,
1110 5486 1190 5543 Tu
1217 5490 1328 5558 quis
1353 5490 1448 5543 es?
1481 5490 1615 5545 Vere
1641 5492 1788 5561 geni-

222 5577 347 5632 tuina
375 5580 679 5649 viperarum
712 5620 726 5644 ,
775 5589 1078 5648 serpentes,
1113 5589 1169 5635 et
1196 5581 1241 5634 si
1280 5582 1407 5651 quid
1436 5581 1519 5637 his
1551 5583 1786 5651 gravius.

223 5667 483 5729 Generatio
512 5673 653 5729 mala
686 5714 700 5738 ,
726 5672 967 5727 adultera
998 5681 1051 5727 et
1091 5688 1359 5742 perversa,
1392 5682 1667 5743 postquam
1693 5676 1787 5729 ba.

224 5762 390 5828 [ditata
417 5783 497 5835 es,
542 5766 614 5823 de
645 5764 890 5836 Baptista
922 5763 1145 5835 inquiris
1185 5774 1233 5819 et
1266 5767 1475 5821 curiose
1505 5768 1789 5821 scrutaris?

1900 3575 2105 3646 Ecquid
2138 3574 2237 3630 hac
2258 3573 2483 3628 stultitia
2510 3572 2728 3627 stultius
2751 3570 2950 3626 fuerit?
2978 3572 3259 3640 Quomodo
3288 3574 3495 3632 exlistis

1896 3664 1963 3719 ad
1996 3664 2159 3720 eum?
2203 3662 2476 3735 quomodo
2516 3670 2733 3732 peccata
2774 3664 3004 3718 confessi
3036 3664 3496 3735 estis‘lquomodo

1896 3756 2209 3811 accurristis
2254 3754 2321 3810 ad
2384 3754 2763 3823 baptizantem,
2806 3754 3078 3823 quomodo
3122 3755 3495 3826 interrogastis

1895 3846 2022 3916 quid
2051 3845 2314 3916 agendum
2356 3844 2538 3899 esset?
2566 3843 2692 3898 Hmc
2720 3844 2919 3914 quippe
2964 3845 3144 3897 omnia
3175 3860 3205 3899 a
3230 3846 3381 3901 vobis
3408 3848 3489 3899 in-

1896 3939 2239 3994 considerate
2272 3938 2407 3993 facta
2441 3944 2586 4001 sunt,
2621 3937 2710 4007 qui
2746 3951 2843 3991 nec
2876 3936 3194 4006 principium
3218 3977 3231 4002 ,
3257 3952 3356 3991 nec
3385 3952 3487 4008 qua

1896 4030 1964 4084 de
1989 4045 2048 4085 re
2072 4037 2339 4100 ageretur,
2388 4028 2783 4099 intelligerctis.
2836 4027 2941 4083 Sed
2974 4028 3106 4082 nihil
3137 4026 3328 4083 horum
3359 4028 3493 4083 dixit

1897 4122 1981 4176 vel
2025 4121 2372 4191 exprobravit
2413 4122 2600 4176 beatus
2650 4120 2891 4176 Jonnnes
2924 4162 2941 4188 ,
2974 4136 3162 4175 verum
3192 4123 3336 4177 omni
3368 4137 3490 4176 eum

1896 4214 2305 4269 mansuetudine
2333 4214 2625 4284 respondit.
2680 4212 2791 4267 Cur
2817 4225 2994 4269 autem
3041 4215 3109 4267 ita
3140 4229 3200 4269 se
3239 4216 3485 4286 gesserit,

1896 4304 2114 4374 cognitu
2134 4304 2353 4374 dignum
2384 4313 2469 4358 est
2494 4346 2508 4368 ,
2534 4311 2590 4357 ut
2615 4318 2801 4357 eorum
2840 4302 3073 4372 nequitia
3101 4304 3351 4359 omnibus
3377 4320 3491 4358 ma-

1894 4396 2089 4449 nifesta
2139 4404 2301 4450 esset.
2352 4394 2506 4463 Smpe
2545 4394 2781 4449 Joannes
2828 4394 2968 4463 apud
3008 4393 3224 4450 Judmos
3277 4396 3493 4451 Christo

1901 4486 2267 4541 teSIimonium
2312 4485 2605 4557 perhibuit,
2639 4494 2695 4541 et
2738 4502 2859 4541 cum
2898 4487 3193 4556 haptizaret
3232 4503 3343 4555 eos,
3381 4488 3491 4545 frc-

1896 4588 2127 4646 qttentcr
2176 4576 2445 4631 Christum
2490 4579 2947 4633 commemorabat
2985 4579 3301 4649 dicebatque
3334 4600 3346 4635 :
3382 4580 3493 4652 Ego

1893 4670 2098 4737 quidem
2126 4684 2208 4722 vos
2252 4668 2453 4737 baptizo
2484 4672 2535 4721 in
2568 4685 2701 4738 aqua
2731 4688 2748 4723 :
2786 4672 2872 4739 qui
2898 4680 3063 4722 autem
3095 4684 3206 4739 post
3234 4688 3310 4726 me
3340 4677 3491 4742 venit,

1898 4760 2081 4830 fortior
2108 4775 2185 4813 me
2210 4769 2301 4813 est.
2336 4756 2457 4829 Ipse
2494 4776 2578 4813 vos
2609 4761 2881 4831 baptizabit
2919 4762 2970 4814 in
3012 4761 3213 4831 Spiritu
3246 4776 3421 4821 sancto
3448 4780 3494 4823 et

1894 4852 2013 4921 igne
2055 4851 2266 4922 (Matth.
2309 4852 2362 4905 ὅ.
2401 4848 2507 4922 ll).
2538 4848 2617 4904 Illi
2660 4851 2819 4920 igilttr
2842 4855 2985 4908 circa
3007 4854 3268 4911 Joannem
3291 4858 3493 4929 aliquid

1896 4942 2189 4996 humanum
2232 4943 2373 5013 passi
2416 4950 2560 4997 sunt.
2608 4941 2788 4997 Mundi
2818 4959 3047 5015 namque
3092 4947 3318 5015 gloriam
3364 4965 3491 5020 spe-

1893 5043 2119 5098 ctantes,
2138 5044 2188 5088 et
2214 5050 2275 5088 ea
2294 5034 2467 5087 solum
2489 5048 2609 5101 qua:
2637 5032 2705 5088 ob
2726 5035 2911 5089 oculos
2932 5045 3087 5090 erant
3113 5040 3486 5108 respicientes,

1893 5126 2099 5181 Joanne
2130 5126 2404 5195 indignum
2436 5125 2713 5194 putabant,
2744 5125 2787 5179 si
2817 5123 3032 5181 Christo
3069 5127 3293 5183 inferior
3320 5144 3490 5191 esset.

1894 5220 2052 5273 Multa
2074 5234 2301 5287 namque
2320 5218 2581 5273 Joannem
2608 5218 3059 5274 commendabant
3090 5238 3105 5286 ;
3127 5223 3298 5290 primo
3319 5224 3498 5294 splen-

1898 5314 1998 5367 dor
2045 5313 2294 5382 generis;
2371 5319 2487 5366 erat
2534 5312 2676 5367 enim
2730 5312 2987 5381 principis
3044 5314 3383 5371 sacerdotum
3437 5319 3500 5372 li-

1898 5404 2003 5458 lius
2033 5404 2108 5475 (n)
2133 5421 2145 5468 ;
2178 5404 2372 5459 deinde
2402 5404 2523 5459 vitze
2551 5403 2837 5472 asperitas,
2872 5401 3225 5459 humanarum
3255 5408 3495 5462 omnium

1896 5515 2073 5553 rerum
2098 5506 2438 5566 contemptus
2473 5515 2486 5551 ε
2513 5498 2764 5550 vestitum
2790 5495 3073 5565 siquidem,
3108 5514 3371 5564 mensam,
3396 5500 3499 5554 do-

1958 5589 2033 5650 (a)
2076 5597 2172 5638 Non
2214 5587 2427 5650 defuere
2472 5585 2553 5636 alii
2592 5586 2675 5649 qui
2710 5585 2940 5650 dicerent
2984 5586 3258 5637 Zachariam
3303 5591 3500 5638 Joannis

1896 5647 2345 5721 mtptistze__pau~em
2386 5648 2539 5721 fuisse
2572 5647 2879 5721 sacerdotum
2918 5650 3187 5721 principem
3218 5650 3382 5719 :quod
3426 5660 3497 5699 ta-

1894 5708 2008 5822 titéin
2031 5714 2078 5760 in
2113 5708 2381 5773 Evangelio
2414 5717 2551 5760 Lucae
2586 5723 2682 5759 non
2720 5708 3040 5773 dicitur,'imo
3071 5708 3366 5761 contrarium
3392 5724 3504 5760 sua-

1894 5786 1954 5823 te
1985 5787 2050 5822 ur.
