4162 6326
625 348 725 400 ωδ

619 476 785 520 tuum.
821 460 990 526 ipsum
1042 456 1218 510 cibum
1256 447 1677 519 parvipendeus,
1713 446 1764 499 in
1808 445 2024 499 deserto
2050 454 2204 497 antea

622 559 866 606 versatus
917 549 1103 601 fuerat.
1158 543 1400 597 Christus
1431 547 1616 594 contra
1644 579 1658 601 ,
1699 538 1783 590 vili
1812 551 2006 604 genere
2053 543 2205 586 natus

625 651 760 706 erat,
795 641 843 694 id
875 637 1015 707 quod
1047 639 1144 707 ipsi
1171 651 1312 704 smpe
1340 635 1421 688 his
1445 633 1617 688 verbis
1635 630 1957 699 objiciebant
1981 646 1995 683 :
2023 627 2205 680 Nonne

624 733 703 786 hic
730 741 800 784 est
827 727 959 800 fabri
988 728 1164 796 ﬁlius?
1204 742 1370 779 nonne
1407 734 1566 778 mater
1595 725 1704 793 ejus
1730 723 1916 775 dicitur
1939 721 2126 784 Maria,
2156 728 2205 772 et

613 823 795 890 fratres
825 821 931 891 ejus
971 819 1193 872 Jacobus
1220 829 1264 872 et
1287 816 1435 870 loses
1465 815 1677 880 (Matth.
1714 816 1800 870 {5.
1829 815 1962 884 55)?
1990 819 2066 869 Ac
2085 827 2204 882 qua:

619 914 900 968 videbatur
945 913 1059 981 ejus
1091 927 1212 965 esse
1261 909 1424 978 patria
1474 909 1543 961 ita
1571 908 1936 975 vituperabilis
1981 916 2114 971 erat,
2147 916 2204 961 ut

611 1006 774 1060 etiam
807 1004 1101 1060 Nathanael
1151 1004 1355 1058 diceret
1387 1019 1398 1054 :
1433 1001 1516 1056 Ea:
1563 1000 1791 1055 Nazaret
1817 1011 1976 1072 potest
2007 1000 2202 1069 aliquid

610 1096 729 1149 boni
755 1112 862 1150 esse
879 1097 905 1147 γ
925 1093 1000 1148 Ad
1028 1095 1165 1157 haec,
1186 1096 1303 1146 vitae
1325 1106 1492 1162 genus
1507 1094 1810 1146 communis
1833 1131 1850 1158 ,
1881 1092 2198 1146 vestimenta

613 1188 867 1257 vulgaria.
911 1185 1092 1256 Neque
1156 1186 1295 1240 enim
1371 1200 1504 1239 zona
1565 1185 1790 1254 pellicea
1853 1184 2195 1253 cingebatur,

617 1293 787 1348 neque
835 1295 899 1333 ex
933 1278 1053 1347 pilis
1101 1289 1340 1347 paratum
1389 1277 1767 1330 vestimentum
1800 1273 2198 1342 babuit,ueque

623 1371 781 1425 melle
807 1380 858 1426 et
912 1369 1132 1424 locustis
1163 1368 1477 1422 vescebatur
1505 1384 1520 1432 ;
1549 1366 1646 1422 sed
1673 1365 1873 1436 vulgari
1903 1365 2067 1417 victus
2101 1379 2197 1432 ge-

614 1476 743 1516 nere
797 1474 928 1515 usus
957 1501 971 1526 ,
1033 1460 1194 1514 etiam
1245 1458 1610 1527 improborum
1662 1456 1936 1510 hominum
1985 1469 2048 1509 ac
2098 1470 2196 1524 pu-

617 1552 950 1606 blicanorum
992 1550 1249 1606 conviviis
1288 1550 1577 1614 intererat,
1620 1557 1676 1601 ut
1716 1547 1832 1601 illos
1875 1547 2189 1603 altsaheret.

607 1642 759 1708 Quod
808 1657 912 1697 non
957 1640 1310 1709 intelligentes
1363 1638 1560 1700 Judazi,
1617 1639 1712 1708 ipsi
1757 1638 2190 1708 exprobrabant,

609 1741 666 1784 ut
719 1739 771 1784 et
830 1730 942 1800 ipse
996 1729 1120 1784 ait:
1183 1729 1324 1782 Venit
1384 1727 1550 1783 Filius
1617 1729 1831 1783 hominis
1880 1730 2194 1782 manducans

603 1832 650 1872 et
701 1822 906 1886 bibens,
947 1829 992 1874 et
1047 1821 1218 1874 dicunt
1253 1835 1271 1874 :
1303 1818 1434 1874 Ecce
1487 1821 1632 1874 homo
1688 1837 1842 1874 vorax
1891 1831 1939 1875 et
1994 1830 2195 1891 potator

605 1912 724 1972 t'ini,
763 1912 1146 1982 publicanorum
1173 1921 1220 1964 et
1266 1921 1582 1979 peccatorum
1615 1912 1805 1964 amicus
1837 1911 1856 1984 (
1883 1912 2072 1968 Matth.
2102 1914 2188 1968 il.

604 2005 671 2058 19
691 2006 729 2071 >.
775 2005 906 2058 Cum
935 2019 1064 2073 ergo
1091 2003 1399 2072 frequenter
1439 2003 1670 2058 Joannes
1701 2005 1766 2057 ab
1797 2019 1854 2058 se
1882 2004 2097 2060 Judaeos
2125 2006 2188 2060 ad

602 2095 877 2149 Christum
910 2097 1164 2160 mitteret,
1195 2096 1280 2163 qui
1312 2094 1588 2149 videbatur
1611 2096 1715 2149 illis
1739 2095 1944 2150 Joanne
1967 2096 2192 2153 inferior

604 2199 723 2238 esse
749 2203 762 2248 ;
794 2200 913 2241 cum
954 2184 1220 2256 pudefacti
1271 2195 1324 2240 ct
1351 2201 1490 2255 a‘gre
1519 2185 1752 2241 l'creutes
1779 2187 1998 2243 mallent
2027 2189 2191 2244 Joan-

607 2292 727 2329 nem
758 2277 954 2332 baberc
985 2276 1258 2331 doctorem
1285 2317 1300 2343 ,
1331 2277 1381 2331 id
1413 2287 1586 2332 tamen
1637 2288 1821 2348 aperte
1848 2279 2031 2336 dicere
2073 2282 2189 2336 ausi

607 2383 710 2420 non
733 2373 887 2432 sunt;
912 2365 1005 2420 sed
1030 2367 1242 2420 mittunt
1264 2367 1328 2420 ad
1358 2367 1526 2433 illum,
1547 2378 1826 2439 sperantes
1847 2386 1905 2424 se
1925 2386 2019 2440 per
2047 2370 2181 2426 adu-

607 2459 864 2511 lationem
888 2473 1049 2528 posse
1077 2459 1222 2513 illum
1241 2460 1478 2527 allicere,
1508 2471 1562 2515 ut
1583 2476 1643 2516 se
1669 2462 2012 2518 confiteretur
2030 2463 2186 2520 Chri~

604 2560 764 2602 stum.
824 2549 938 2604 Non
991 2551 1184 2605 iutimte
1241 2553 1400 2606 sortis
1448 2552 1691 2610 homines
1741 2555 1975 2622 mittunt,
2020 2565 2076 2611 ut
2121 2554 2189 2612 ad

604 2640 875 2693 Christum
898 2682 911 2703 ,
938 2655 1058 2694 eum
1088 2642 1282 2696 vellent
1312 2657 1434 2697 eum
1461 2657 1654 2714 capere
1694 2647 1745 2698 in
1771 2658 2052 2712 sermone;
2074 2662 2180 2702 ser.

610 2745 704 2781 vos
749 2731 889 2784 enim
937 2731 1216 2798 miserunt,
1241 2733 1432 2788 deinde
1474 2733 1805 2792 llerodianos
1843 2737 2192 2810 ejusdemque

617 2823 802 2876 farina:
854 2821 1098 2878 homines
1131 2841 1145 2878 :
1178 2823 1261 2877 hic
1301 2835 1478 2879 autem
1510 2827 1815 2882 sacerdotes
1840 2839 1892 2883 et
1945 2828 2187 2898 Levitas;

609 2928 705 2966 nec
729 2912 996 2982 quoslibet
1021 2912 1360 2981 sacerdotes,
1383 2914 1479 2968 sed
1502 2915 1569 2971 ab
1591 2916 1941 2989 Jerosolymis
1963 2959 1980 2987 ,
2005 2918 2058 2975 id
2083 2931 2186 2988 est,

614 3003 1038 3059 honorabiliores
1061 3005 1078 3066 (
1089 3020 1259 3075 neque
1280 3007 1422 3059 enim
1462 3007 1582 3061 sine
1599 3022 1756 3062 causa
1787 3007 1900 3064 haec
1922 3011 2190 3082 signiﬁca-

610 3096 1050 3167 vitevangelista)
1081 3105 1169 3152 :et
1198 3099 1435 3166 mittunt,
1461 3107 1518 3152 ιιι
1541 3100 1950 3171 interrogarent,
1980 3101 2056 3157 Tu
2077 3105 2193 3175 quis

608 3188 703 3242 es?
729 3185 946 3242 Natales
973 3187 1169 3258 quippe
1198 3188 1315 3257 ejus
1359 3189 1429 3243 ita
1475 3190 1749 3260 conspicui
1791 3201 1966 3260 erant,
1997 3203 2052 3247 ut
2076 3209 2192 3249 om-

611 3275 968 3334 ncsdiccrent
1002 3294 1016 3330 :
1050 3277 1172 3345 Quis
1203 3288 1353 3348 putas
1398 3296 1524 3349 puer
1554 3281 1648 3335 iste
1671 3282 1765 3335 erit
1796 3280 1946 3355 (Luc.
1977 3284 2028 3340 l.
2054 3284 2192 3356 66)?

610 3381 664 3424 et
693 3386 788 3440 per
813 3370 992 3424 omnia
1033 3381 1284 3424 montana
1329 3373 1443 3425 hare
1473 3372 1898 3443 divulgabantur.
1930 3373 2192 3430 Rursum-

611 3478 716 3529 que
746 3476 868 3517 cum
899 3463 1044 3518 venit
1071 3461 1136 3516 ad
1189 3460 1498 3526 Jordanem,
1531 3477 1721 3520 omnes
1759 3465 2004 3520 civitates
2033 3465 2194 3521 advo-

613 3555 810 3620 larunt,
852 3562 904 3608 et
951 3567 1018 3609 ex
1073 3551 1368 3608 Jerusalem
1421 3556 1669 3626 omnique
1719 3554 1901 3611 Juda-a
1934 3555 2194 3614 Joannem

610 3644 825 3699 adibant
873 3653 931 3700 ut
978 3644 1396 3714 baptizareutur.
1442 3646 1504 3700 lli
1545 3647 1721 3717 itaque
1767 3664 1908 3704 nunc
1965 3651 2197 3707 interro-

613 3746 761 3805 gant,
791 3752 896 3792 non
923 3737 1063 3810 quod
1093 3737 1336 3807 ignorent
1371 3738 1388 3805 (
1419 3739 1686 3807 quomodo
1720 3741 1860 3794 enim
1890 3741 2197 3811 ignorarent

614 3842 736 3881 eum
765 3828 852 3896 qui
885 3836 962 3884 tot
991 3826 1164 3883 modis
1187 3827 1500 3884 manifestus
1531 3829 1748 3902 erati),
1772 3831 1866 3887 sed
1899 3841 1954 3887 ut
1979 3847 2102 3888 eum
2129 3834 2195 3891 ad

616 3919 689 3982 id,
717 3917 856 3989 quod
873 3934 1031 3991 supra
1061 3919 1193 3985 dixi,
1227 3919 1558 3976 inducemnt.

685 4009 742 4064 2.
780 4009 914 4063 Audi
944 4025 1069 4080 ergo
1097 4009 1365 4080 quomodo
1404 4011 1590 4067 beatus
1627 4013 1712 4068 hic
1754 4013 1820 4068 ad
1852 4015 2195 4088 interrogan-

619 4101 748 4154 tium
779 4110 1035 4170 mentem,
1064 4118 1168 4157 non
1194 4102 1262 4157 ad
1295 4104 1459 4171 ipsam
1486 4105 1951 4174 interrogationem
1974 4126 2198 4181 respon-

617 4193 759 4249 deat.
785 4193 1084 4250 Dicentibus
1103 4195 1268 4261 enim,
1303 4193 1378 4248 Tu
1399 4197 1509 4266 quis
1525 4212 1576 4249 es
1593 4195 1619 4248 2’
1653 4212 1760 4252 non
1787 4200 2058 4268 respondit
2085 4210 2198 4260 sta-

621 4285 713 4339 tim
731 4283 781 4339 id
800 4283 941 4354 quod
967 4293 1108 4338 recte
1132 4283 1556 4353 respondendum
1573 4295 1710 4353 erat,
1732 4285 1842 4357 Ego
1866 4305 1960 4344 vox
1975 4289 2202 4345 claman-

621 4376 683 4428 tis
713 4375 764 4428 in
790 4375 982 4429 deserto
1009 4373 1188 4448 (Joau.
1224 4375 1275 4430 l.
1303 4374 1395 4444 25)
1414 4416 1428 4440 ,
1461 4379 1556 4431 sed
1581 4377 1742 4446 quid?
1766 4378 1822 4434 ω
1850 4381 1990 4451 quod
2015 4381 2086 4437 illi
2111 4397 2201 4437 su-

621 4464 959 4534 spicabantur
997 4464 1214 4518 amovit.
1259 4463 1390 4519 Nam
1436 4465 1810 4536 interrogatus,
1839 4467 1918 4523 Tu
1962 4471 2075 4540 quis
2111 4473 2200 4528 es?

623 4555 809 4623 inquit,
840 4553 928 4610 20.
962 4551 1233 4625 Confessus
1261 4564 1357 4622 est,
1381 4561 1431 4610 et
1458 4572 1557 4609 non
1586 4559 1782 4628 negavit
1809 4574 1830 4624 ;
1863 4569 1910 4614 et
1940 4563 2199 4630 confessus

622 4655 715 4712 est,
747 4647 864 4716 quia
908 4663 1006 4700 non
1034 4663 1146 4701 sum
1171 4661 1262 4717 ego
1290 4642 1536 4701 Christus.
1580 4648 1645 4702 Et
1689 4649 1810 4705 vide
1855 4652 2200 4722 evangelista:

626 4738 956 4804 sapientiam.
989 4736 1093 4790 'l‘er
1121 4737 1348 4805 idipsutn
1377 4736 1538 4803 dicit,
1571 4747 1630 4792 ut
1658 4748 1714 4794 et
1742 4741 1993 4810 Baptista:
2034 4746 2200 4798 virtu-

625 4835 731 4882 tem
756 4867 771 4891 ,
801 4835 853 4882 et
889 4827 1176 4895 nequitiam
1207 4829 1570 4898 insaniamque
1609 4831 1818 4887 illorum
1849 4834 2201 4893 demonstret.

622 4919 792 4976 Lucas
819 4935 944 4976 vero
966 4920 1110 4987 dicit,
1133 4921 1272 4991 quod
1300 4937 1419 4978 cum
1446 4923 1612 4980 turbre
1635 4926 2028 4996 suspicarentur
2055 4931 2202 4986 illum

624 5028 743 5068 esse
773 5013 1040 5068 Christum
1063 5053 1081 5081 ,
1114 5013 1226 5083 ipse
1276 5013 1412 5070 hanc
1465 5018 1724 5073 amaverit
1775 5020 2133 5090 suSpicionem
2160 5023 2199 5080 ί.

628 5103 738 5158 lloc
769 5102 902 5174 frugi
941 5105 1079 5160 servi
1118 5104 1353 5161 officium
1398 5115 1516 5172 est,
1548 5123 1651 5164 non
1693 5110 1852 5167 modo
1884 5113 2092 5168 Domini
2121 5115 2204 5171 sui

625 5197 851 5266 gloriam
882 5213 986 5252 noa
1023 5200 1296 5268 abripere,
1327 5199 1421 5254 sed
1451 5201 1611 5256 etiam
1641 5203 1873 5260 oblatam
1900 5221 1929 5259 a
1963 5208 2204 5263 multitu-

625 5288 750 5344 dine
774 5288 1063 5359 depellere.
1099 5289 1288 5345 Verum
1319 5291 1487 5347 turba:
1512 5309 1577 5350 ex
1603 5295 1942 5366 simplicitate
1971 5311 2026 5356 et
2052 5301 2204 5371 igno-

628 5381 796 5434 rantia
826 5382 876 5436 in
908 5379 1044 5436 hanc
1087 5396 1280 5436 venere
1307 5385 1660 5454 suspicionem
1696 5405 1709 5442 :
1743 5389 1796 5444 bi
1836 5399 2015 5449 autem
2043 5396 2203 5462 malo,

672 5519 715 5589 ,ξ
749 5518 821 5565 sic
842 5516 980 5589 savii.
1029 5526 1080 5589 et
1122 5525 1262 5578 Mss;
1289 5520 1336 5567 in
1364 5517 1524 5589 litorei.
1550 5531 1713 5589 autem
1735 5525 1806 5575 sic
1829 5524 2012 5589 legitur
2039 5543 2051 5577 :
2075 5528 2205 5581 Idem

636 5577 797 5643 videre
820 5587 886 5628 est
910 5584 1040 5638 apud
1077 5577 1267 5643 turam,
1293 5580 1374 5636 qui
1408 5581 1590 5633 inducit
1626 5592 1856 5637 Joannem
1880 5577 2206 5643 ilicenthiiiis

633 5640 712 5722 qui
735 5640 856 5689 inter
878 5654 930 5689 se
953 5642 1191 5722 agitabant
1215 5643 1256 5691 si
1281 5645 1403 5701 forte
1424 5652 1541 5694 esset
1565 5646 1829 5722 (‘h'ristu‘su
1856 5651 1984 5700 t'enit
2009 5653 2090 5722 qui
2113 5640 2209 5714 mi;

637 5704 729 5747 tier
763 5715 840 5811 mel
858 5713 944 5762 est,
974 5722 993 5750 ι
1023 5710 1064 5756 ct
1104 5717 1186 5767 per
1211 5718 1266 5753 ea
1289 5717 1400 5765 qua:
1437 5707 1714 5773 resitomh't,
1741 5704 1864 5761 tuan:
1889 5704 2208 5777 aitspii'ioncm

649 5774 821 5811 unum:
841 5779 933 5811 rm.

635 5774 916 5812 ‘i'itlm'i’illtflfi
925 5803 933 5813 .

1368 335 1422 391 S.
1462 330 1736 388 JOANNlS
1774 325 2240 386 CllRYSOSTOMl
2283 323 2598 381 AllClllEP.
2641 324 3170 382 CONSTANTINOI‘.

3807 329 3913 385 l0!

2320 451 2376 494 ut
2404 440 2532 504 dixi,
2561 441 2740 495 animo
2769 441 3172 510 interrogabant
3206 457 3344 509 tum,
3377 452 3654 511 Sperantes
3686 457 3743 498 se
3774 442 3913 497 adu-

2319 531 2515 588 latione
2563 534 2612 586 id
2661 533 2800 602 quod
2860 534 3112 603 optabant
3160 543 3583 603 consequuturos
3627 550 3765 590 esse.
3797 535 3859 588 Ni
3897 538 3912 588 i

2316 627 2458 680 enim
2501 625 2599 678 hoc
2626 635 2930 694 sperassent
2951 668 2964 692 ,
2998 641 3103 680 non
3145 628 3322 681 statim
3352 627 3418 681 ad
3449 628 3605 682 aliam
3635 630 3910 682 venissc'nt

2315 716 2814 787 interrogationem,
2847 716 2941 772 sed
2989 716 3243 788 indignati
3279 717 3421 788 quod
3463 718 3531 773 ad
3574 719 3911 789 propositum

2314 825 2420 864 non
2453 808 2853 879 respondisset,
2886 810 3144 865 dixissent
3175 828 3188 864 :
3217 809 3351 864 Nutu
3381 811 3480 866 hoc
3519 812 3768 880 suSpicati
3813 824 3910 864 suo

2313 901 2465 956 mus?
2493 917 2614 956 num
2651 901 2751 957 hoc
2779 911 3146 972 percontatum
3174 904 3416 958 venimus
3440 904 3463 957 ?
3487 904 3591 959 Sed
3631 905 3782 974 quasi
3815 919 3912 957 ca-

2311 994 2384 1063 pti
2429 1009 2491 1047 ac
2532 993 2849 1062 deprehensi
2873 994 2939 1048 ad
2965 993 3122 1048 aliam
3150 994 3368 1048 veniunt
3395 994 3866 1064 interrogationem
3895 1014 3909 1049 :

2309 1085 2398 1138 2i.
2443 1086 2576 1151 Quid
2605 1087 2765 1156 ergo?
2795 1085 2937 1140 Elius
2965 1104 3016 1140 es
3045 1088 3140 1140 tu?
3169 1086 3234 1140 Et
3266 1087 3526 1155 respondit
3547 1129 3562 1152 ,
3595 1085 3714 1140 Non
3765 1104 3906 1140 simi.

2307 1175 2438 1230 Nam
2467 1185 2521 1229 et
2546 1175 2684 1230 lnmc
2716 1187 2994 1230 venturum
3017 1192 3139 1232 csse
3169 1177 3473 1247 sperabant,
3501 1187 3626 1231 utet
3655 1177 3906 1232 Christus

2305 1267 2397 1320 ait.
2449 1266 2580 1321 Nam
2631 1268 3080 1338 interrogantibus
3126 1269 3444 1338 discipulis:
3482 1269 3748 1335 Quomodo
3779 1285 3905 1339 ergo

2302 1357 2478 1411 scriba:
2507 1360 2719 1426 dicunt,
2761 1361 2896 1429 quod
2937 1371 3164 1431 aperteat
3212 1360 3381 1414 Etiam
3430 1363 3646 1429 primum
3690 1361 3908 1414 venire?

2303 1448 2415 1516 ipse
2441 1449 2714 1516 respondit
2739 1469 2752 1504 :
2787 1451 2933 1505 Elius
2956 1453 3155 1519 quidem
3182 1454 3358 1515 veniet,
3385 1463 3432 1506 et
3473 1455 3697 1507 restituet
3727 1454 3906 1507 oumitt

2303 1538 2515 1607 (Matth.
2539 1541 2626 1594 17.
2648 1540 2714 1596 l0
2738 1540 2775 1610 ).
2801 1541 2998 1596 Deinde
3026 1543 3351 1613 interrogant
3385 1561 3397 1597 :
3437 1542 3691 1611 Propheta
3720 1561 3770 1596 es
3802 1555 3856 1596 tu
3876 1545 3902 1596 .’

2303 1631 2367 1685 Et
2398 1634 2694 1702 respondit,
2727 1633 2866 1687 Non.
2899 1634 2964 1688 Et
2991 1645 3166 1691 tamen
3195 1635 3449 1706 propheta
3474 1644 3608 1691 erat.
3635 1633 3746 1691 Cur
3769 1651 3906 1705 ergo

2302 1723 2351 1776 id
2395 1725 2590 1794 negat?
2631 1725 2836 1780 Rursus
2877 1727 3312 1796 interrogantium
3368 1736 3602 1782 mentem
3654 1728 3899 1796 respicit.

2298 1814 2595 1882 Sperabant
2623 1816 2764 1870 enim
2791 1817 3101 1886 prophetam
3124 1817 3408 1887 quemdam
3430 1819 3682 1873 eximium
3707 1831 3903 1874 ventu-

2298 1922 2415 1960 rum
2443 1923 2581 1972 esse,
2605 1907 2745 1978 quod
2771 1904 2985 1979 Moyses
3004 1908 3225 1963 dixisset
3247 1927 3260 1962 :
3285 1908 3595 1976 Prophetant
3626 1912 3765 1966 vobis
3784 1929 3897 1966 sus-

2295 1999 2474 2052 citabit'
2499 1997 2745 2054 Dominus
2792 2000 2926 2054 Deus
2967 2016 3030 2054 ex
3074 2001 3314 2069 fratribus
3353 2002 3543 2067 vestris,
3579 2002 3706 2055 sicut
3766 2019 3849 2056 me
3880 2019 3899 2056 :

2295 2091 2461 2160 ipsum
2486 2094 2658 2146 audite
2687 2092 2864 2164 (Deut.
2899 2092 2981 2148 l8.
3010 2092 3118 2164 15).
3153 2093 3248 2146 llic
3273 2104 3451 2148 autem
3483 2103 3598 2147 erat
3623 2094 3898 2148 Christus.

2295 2180 2417 2237 ldeo
2448 2197 2551 2237 non
2580 2183 2783 2247 dicunt,
2804 2183 3063 2254 Propheta
3088 2198 3146 2239 es
3174 2186 3269 2238 tu?
3291 2185 3368 2253 (a)
3397 2184 3481 2257 [ex
3514 2201 3736 2241 numero
3766 2201 3903 2256 pro-

2297 2271 2612 2342 phetarum;
2675 2273 2771 2330 sed
2807 2291 2927 2330 cum
2975 2276 3198 2330 articulo
3233 2298 3246 2330 :
3281 2276 3547 2347 Propheta
3577 2278 3665 2333 ille
3693 2294 3752 2334 es
3791 2278 3903 2348 tu],

2295 2362 2438 2432 quia
2466 2363 2647 2434 Moyse
2680 2365 3068 2434 praenuntiatus
3106 2367 3234 2421 est?
3261 2367 3462 2423 Idcirco
3506 2370 3718 2439 negavit
3761 2370 3855 2424 ille
3879 2411 3898 2436 ,

2295 2467 2400 2507 non
2449 2467 2509 2507 se
2553 2453 2866 2523 prophetam
2909 2471 3027 2511 esse
3053 2499 3066 2522 ,
3102 2457 3195 2512 sed
3247 2458 3396 2512 illum
3430 2458 3763 2529 prophetam.
3795 2459 3899 2513 22.

2293 2541 2547 2597 Dixerunt
2587 2560 2704 2616 ergo
2735 2545 2821 2600 ei:
2856 2546 2982 2614 Quis
3033 2549 3133 2601 es?
3174 2559 3229 2603 ut
3257 2566 3551 2620 responsum
3601 2551 3776 2606 demus
3829 2551 3900 2606 iis

2293 2635 2380 2702 qui
2409 2634 2657 2688 miserunt
2701 2650 2811 2689 nos.
2846 2634 2984 2703 Quid
3025 2637 3151 2692 dicis
3201 2640 3264 2693 de
3310 2640 3516 2710 [εἱρδοῖ
3548 2640 3733 2696 Viden'
3773 2641 3900 2696 illos

2294 2727 2509 2796 quidem
2542 2729 2805 2783 instantes
2835 2738 2887 2783 et
2918 2729 3324 2800 interrogantes,
3348 2747 3519 2802 neque
3547 2733 3896 2797 desistentes;

2295 2815 2442 2872 illttm
2473 2831 2604 2874 vero
2631 2817 2910 2875 moderate
2948 2821 3096 2888 prius
3139 2823 3359 2876 retnotis
3397 2821 3546 2879 falsis
3574 2824 3899 2893 suspicioni-

2295 2908 2416 2977 bus,
2445 2925 2626 2964 veram
2653 2913 2972 2966 sententiam
2996 2921 3340 2968 statuentem.
3370 2913 3500 2968 Nam
3525 2915 3599 2968 ait
3625 2933 3639 2970 :
3668 2913 3758 2971 23.
3784 2915 3900 2986 Ego

2295 3015 2393 3053 vox
2434 3000 2702 3056 clamantis
2750 3002 2802 3055 in
2849 3002 3082 3067 deserto;
3113 3014 3290 3073 parate
3328 3005 3457 3058 viam
3508 3003 3734 3072 Domini,
3763 3007 3900 3060 sicut

2296 3089 2616 3147 dixitlsaias
2644 3093 2908 3163 propheta.
2929 3093 3061 3164 Quia
3090 3096 3232 3149 enim
3264 3111 3512 3168 maguum
3543 3108 3592 3154 et
3617 3100 3898 3156 excelsum

2295 3180 2564 3251 quidpiam
2593 3181 2660 3236 de
2681 3181 2894 3238 Christo
2925 3183 3174 3254 loquutus
3195 3195 3296 3252 est,
3332 3187 3542 3245 illorum
3567 3204 3625 3246 se
3652 3191 3898 3260 Opinioni

2294 3279 2678 3342 attemperans,
2701 3273 2768 3328 ad
2789 3274 3105 3345 prophetam
3135 3277 3313 3334 statim
3338 3279 3596 3352 confugit,
3628 3281 3751 3339 hinc
3773 3298 3902 3340 ver-

2297 3362 2379 3417 bis
2403 3363 2516 3418 suis
2546 3363 2705 3420 lldem
2737 3367 3052 3424 concilians.
3083 3368 3174 3424 24.
3210 3368 3276 3424 Et
3299 3372 3386 3440 qui
3402 3372 3540 3427 missi
3566 3375 3787 3444 fuerant,
3815 3375 3902 3430 itt-

2295 3454 2431 3525 quit,
2463 3461 2607 3511 eram
2636 3472 2699 3511 ea:
2727 3455 3005 3515 Pharisteis
3032 3475 3052 3515 :
3077 3460 3168 3518 25.
3191 3470 3238 3516 et
3283 3463 3724 3536 interrogaverunt.
3753 3483 3900 3531 eum,

2297 3555 2343 3600 et
2393 3547 2626 3602 dixerunt
2651 3548 2696 3603 ei
2726 3564 2744 3603 :
2775 3549 2913 3616 Quid
2941 3567 3058 3622 ergo
3087 3551 3349 3621 baptisas,
3377 3555 3422 3609 si
3451 3565 3504 3610 tu
3536 3573 3637 3611 non
3665 3575 3719 3613 es
3747 3558 3902 3613 Chri-

2297 3648 2438 3706 stus,
2468 3654 2627 3706 neque
2678 3637 2844 3704 Elius,
2873 3657 3031 3712 neque
3078 3644 3372 3714 propheta?
3411 3645 3601 3701 Viden’
3646 3662 3734 3702 me
3785 3664 3900 3704 non

2303 3738 2503 3785 temere
2531 3729 2754 3798 dixisse,
2787 3733 2934 3802 ipsos
2964 3750 3029 3790 eo
3059 3735 3310 3792 inducere
3335 3737 3483 3793 illum
3513 3739 3747 3797 voluisse
3773 3742 3796 3794 ἳ
3829 3743 3902 3799 Et

2301 3819 2452 3874 iultio
2476 3821 2690 3892 quidem
2723 3821 2774 3877 id
2807 3839 2913 3879 non
2943 3825 3213 3893 dicebant,
3243 3843 3311 3884 ne
3335 3829 3404 3882 ab
3433 3831 3680 3887 omnibus
3708 3832 3900 3904 depre-

2303 3910 2682 3967 henderentur.
2713 3912 2914 3970 Deinde
2956 3917 3078 3986 quia
3130 3917 3296 3984 dixit,
3330 3920 3452 3976 Non
3498 3940 3612 3977 sum
3639 3923 3899 3992 Christus,

2301 4019 2511 4060 rursum
2563 4005 2638 4060 illi
2668 4015 2726 4061 ιιι
2765 4023 2829 4063 ea
2871 4025 2992 4078 qua:
3033 4011 3177 4068 intus
3204 4004 3648 4073 machinabantur
3676 4019 3904 4091 obtege-

2301 4107 2442 4166 rent,
2471 4099 2538 4154 ad
2584 4099 2755 4154 Eliam
2789 4103 3046 4168 veniunt,
3075 4113 3132 4158 et
3178 4106 3245 4161 ad
3297 4109 3637 4178 prophetam.
3671 4110 3744 4167 Ut
3767 4127 3906 4168 vero

2301 4189 2455 4254 dixit,
2487 4203 2546 4244 se
2573 4199 2819 4246 neutrum
2842 4208 3028 4249 eorum
3054 4209 3196 4261 esse,
3225 4197 3372 4253 dubii
3402 4199 3617 4256 demum
3647 4211 3698 4258 et
3722 4205 3902 4273 posita

2306 4280 2470 4348 larva,
2501 4292 2684 4352 aperte
2727 4283 2966 4341 dolosam
2995 4303 3146 4344 suam
3178 4302 3410 4348 mentem
3435 4293 3686 4367 detegunt
3712 4297 3904 4354 dicen-

2305 4382 2385 4430 tcs
2417 4396 2431 4430 :
2460 4375 2596 4446 Quid
2620 4393 2738 4447 ergo
2764 4379 3011 4448 baptiaas,
3043 4381 3087 4435 si
3108 4391 3163 4435 tu
3189 4400 3292 4439 non
3312 4401 3366 4439 es
3390 4382 3664 4443 Christus!
3691 4389 3905 4448 Deinde

2302 4481 2512 4521 rursum
2538 4466 2766 4523 obscure
2795 4468 3094 4538 loquentes,
3113 4473 3247 4528 alios
3268 4474 3490 4543 addunt,
3511 4476 3678 4532 Etiam
3701 4495 3906 4552 nempe

2301 4566 2356 4612 et
2388 4556 2718 4627 prophetam.
2747 4558 2881 4625 Quia
2922 4561 3064 4615 enim
3101 4562 3404 4621 adulatione
3433 4567 3605 4636 ipsum
3636 4571 3903 4640 supplau-

2306 4657 2418 4703 tare
2446 4664 2552 4702 non
2579 4658 2863 4717 potuerant
2887 4691 2901 4717 ,
2933 4665 3216 4722 sperarunt
3262 4670 3322 4712 se
3366 4661 3706 4718 accusatione
3738 4679 3907 4734 posse

2307 4739 2453 4792 illum
2485 4755 2676 4810 cogere
2715 4741 2780 4797 ad
2817 4743 2866 4797 id
2912 4743 2980 4800 de
3020 4760 3080 4802 se
3121 4748 3509 4818 confitendum,
3541 4754 3682 4824 quod
3711 4772 3903 4813 verum

2308 4842 2411 4884 non
2439 4839 2580 4885 esset
2609 4849 2622 4885 :
2649 4841 2704 4886 at
2743 4848 2847 4887 non
2885 4845 3193 4905 potuerunt.
3225 4840 3270 4896 0
3313 4844 3641 4901 amentiam!
3673 4861 3706 4901 o
3749 4862 3907 4904 arro-

2305 4923 2538 4991 gantiam
2583 4933 2638 4978 et
2689 4925 3122 4996 intempestivam
3153 4933 3515 4992 curiositatem
3546 4939 3560 4992 l
3589 4938 3733 4995 Missi
3767 4942 3907 4997 estis

2309 5023 2365 5068 ut
2413 5014 2694 5072 disceretis
2737 5017 2806 5073 ab
2835 5034 2920 5085 eo,
2957 5021 3076 5090 quis
3105 5031 3158 5078 et
3198 5026 3338 5080 unde
3366 5037 3510 5083 esset
3555 5028 3706 5100 ipse;
3740 5047 3905 5088 num-

2308 5107 2430 5177 quid
2479 5109 2622 5180 leges
2669 5111 2768 5180 ipsi
2817 5116 3355 5182 przescribetis‘llloc
3401 5124 3543 5179 enim
3593 5127 3905 5198 cogentium

2309 5208 2457 5266 erat,
2492 5210 2548 5254 ut
2577 5215 2636 5257 se
2677 5202 2948 5259 Christum
2981 5223 3100 5263 esse
3128 5211 3492 5272 confiteretur.
3524 5217 3770 5274 Attamen
3804 5235 3907 5277 ne-

2309 5307 2412 5362 que
2438 5309 2578 5348 nunc
2607 5295 2928 5365 indignatur,
2959 5314 3131 5371 neque
3161 5313 3214 5357 ut
3243 5319 3337 5373 par
3357 5321 3476 5363 esse
3504 5308 3782 5365 videbatur
3805 5312 3910 5366 ali-

2309 5383 2432 5452 quid
2459 5386 2658 5453 profert
2686 5386 2860 5443 simile
2891 5406 2905 5442 :
2936 5391 3016 5444 An
3050 5407 3143 5447 vos
3189 5393 3315 5450 mihi
3345 5399 3667 5469 pnncipitis,
3703 5401 3908 5472 legem-

2310 5487 2414 5542 que
2469 5475 2740 5530 statuitis?
2807 5495 2991 5534 verum
3057 5485 3277 5539 multam
3329 5503 3540 5544 rursum
3589 5491 3913 5552 modestiam

2312 5564 2542 5620 exhibet.
2571 5567 2698 5622 Nam
2729 5570 2801 5624 ait
2851 5588 2863 5625 :
2908 5573 2998 5627 26.
3035 5573 3148 5644 Ego
3178 5579 3377 5644 quidem
3405 5581 3601 5651 buptiso
3632 5582 3684 5637 in
3722 5602 3859 5656 aqua
3886 5606 3900 5641 :

2321 5797 2345 5836 τ
2376 5723 2448 5834 (ιζ)
2484 5728 2812 5837 (tinentuniinis
2835 5727 3151 5793 t‘lauduutttr,
3181 5733 3314 5798 lapsu
3339 5741 3682 5804 typographico
3715 5729 3918 5792 deside-

2349 5799 2406 5834 an
2433 5799 2485 5834 lll‘
2515 5801 2558 5834 ιιι
2582 5825 2592 5836 .
2621 5805 2702 5837 UIL'
2733 5827 2742 5837 .

2349 5799 2485 5834 autut
2515 5801 2558 5834 tn
2582 5799 2663 5837 .‘lUl
2679 5799 2742 5840 ει.
