4162 6326
221 360 304 416 105

218 476 387 532 medius
415 480 585 525 autem
618 478 835 524 restrtnn
864 473 982 531 stat,
1014 477 1159 532 quem
1206 475 1290 511 vos
1330 454 1550 509 nescitis.
1581 449 1670 503 27.
1711 443 1808 500 Hie

217 579 280 622 est
297 566 376 638 qui
409 576 523 635 post
554 580 635 616 me
662 569 901 616 uenturus
923 566 1017 620 est,
1050 554 1135 625 qui
1159 561 1276 605 ante
1310 565 1389 602 nte
1408 552 1573 619 factus
1598 551 1690 606 est,
1719 556 1811 592 ru-

217 664 287 733 jus
308 636 409 712 non
437 674 553 711 sum
579 656 772 726 dignus
792 660 847 705 ut
870 650 1064 703 solvam
1088 644 1358 713 corrigiam
1385 636 1733 694 calceamenti.

281 756 329 805 3.
363 750 395 804 .l
404 751 578 804 ιιιίωοε
599 745 942 802 testimonium
961 738 1178 794 Joannis
1199 735 1262 790 Β.
1299 733 1628 805 postulantes,
1661 743 1807 783 suam

222 842 308 912 ipsi
326 842 708 894 accusationem
741 830 1078 903 postularunt.
1110 857 1182 866 —
1219 823 1357 890 Quid
1402 822 1485 875 his
1535 832 1809 888 opponere

224 908 435 1003 possunt
458 927 674 984 Judwi?
697 924 896 979 Contra
922 921 1059 1002 hanc
1088 914 1485 971 accusationem
1518 926 1584 966 ne
1614 908 1808 963 mutirc

223 1023 426 1093 quidem
458 1026 706 1090 possunt,
748 1012 1020 1068 damnatio
1043 1009 1184 1064 nulla
1209 1006 1361 1062 venia
1380 1004 1554 1059 averti
1588 1007 1764 1070 potest
1790 1039 1804 1064 ,

225 1088 311 1183 ipsi
365 1088 557 1167 contra
608 1109 813 1175 seipsos
860 1101 1177 1158 sententiam
1222 1097 1473 1151 tulerunt.
1528 1088 1809 1159 Quomodo

223 1216 268 1259 et
287 1221 384 1275 qua
414 1204 626 1258 ratione
651 1202 672 1253 ἲ
705 1198 834 1253 Fide
852 1197 1071 1267 dignum
1102 1192 1359 1263 putabant
1379 1204 1500 1244 esse
1521 1187 1805 1250 Joannem,

224 1303 273 1350 et
295 1295 362 1348 ita
395 1306 666 1353 veracem,
701 1297 757 1343 ut
784 1302 889 1343 non
931 1284 1093 1341 modo
1121 1298 1244 1338 cum
1264 1280 1331 1336 de
1352 1279 1496 1343 aliis,
1523 1275 1617 1331 sed
1643 1275 1806 1329 etiam

222 1402 331 1441 cum
361 1384 434 1441 de
464 1384 646 1455 seipso
672 1380 1073 1442 testiﬁcaretur,
1105 1372 1407 1432 credendus
1436 1379 1600 1427 esset.
1623 1368 1809 1437 Neque

222 1477 375 1542 enim,
408 1475 512 1529 nisi
542 1490 603 1529 ea
627 1474 847 1527 fuissent
873 1470 1145 1542 opinione,
1174 1467 1449 1521 misissent
1470 1462 1557 1533 qui
1582 1462 1811 1515 interro-

222 1577 401 1636 gareut
455 1568 604 1621 illum
635 1564 704 1619 de
740 1564 938 1633 seipso.
970 1562 1132 1618 Scitis
1167 1562 1309 1616 enim
1340 1573 1438 1613 nos
1470 1557 1574 1610 illis
1603 1562 1807 1609 tantum

221 1658 281 1714 de
299 1658 492 1727 seipsis
518 1655 859 1726 loquentibus
884 1652 1127 1719 credere,
1158 1664 1292 1721 quos
1310 1649 1548 1704 omnium
1571 1644 1808 1700 veracis-

220 1754 374 1803 simus
408 1762 535 1803 esse
583 1759 851 1817 putamus.
896 1743 1081 1815 Neque
1128 1741 1257 1796 illud
1310 1748 1513 1795 tantum
1571 1737 1807 1806 ipsorum

221 1840 587 1905 obstruitora,
618 1836 979 1893 scd-animus
1026 1848 1242 1904 quoque
1285 1846 1392 1901 quo
1433 1829 1579 1883 illum
1633 1825 1805 1880 adorti

220 1940 351 1987 sunt.
375 1931 518 1986 Cum
550 1927 857 1984 vehementi
889 1942 1119 1996 namque
1137 1923 1314 1978 studio
1340 1921 1512 1992 ipsum
1536 1918 1803 1984 adierunt,

221 2026 332 2080 licet
354 2034 543 2094 postea
576 2022 764 2077 mutati
801 2021 932 2076 sint.
990 2019 1118 2088 Qua:
1142 2016 1300 2071 ambo
1326 2014 1631 2086 signiﬁcans
1655 2010 1807 2065 Chri-

224 2128 327 2172 sms
350 2115 568 2171 dict-bat
595 2131 609 2169 :
638 2112 741 2168 Ille
766 2122 869 2167 erat
893 2112 1098 2165 lucerna
1122 2109 1308 2163 ardens
1330 2148 1349 2174 ,
1394 2116 1443 2161 et
1472 2122 1556 2159 vos
1585 2103 1808 2157 uoluistis

217 2212 278 2261 ad
313 2210 496 2262 lteram
535 2207 787 2262 exsultare
816 2207 868 2259 in
916 2206 1026 2276 ejus
1069 2204 1180 2258 luce
1225 2203 1421 2273 (Joan.
1456 2202 1508 2256 5.
1538 2200 1607 2255 35
1653 2197 1694 2270 ).
1742 2198 1808 2251 Et

217 2301 491 2370 responsio
529 2300 646 2368 ejus
695 2297 851 2353 Iidem
902 2297 1000 2367 ipsi
1032 2295 1354 2351 conciliabat
1382 2294 1659 2363 majorem.
1706 2291 1806 2358 Qui

215 2392 337 2445 enim
359 2408 466 2446 non
486 2392 668 2463 quierit
697 2390 912 2461 gloriam
932 2404 1077 2441 suam
1096 2428 1111 2454 ,
1142 2387 1332 2456 inquit,
1361 2400 1514 2440 verax
1537 2395 1629 2447 est,
1653 2394 1699 2437 et
1722 2384 1804 2435 in-

214 2483 397 2553 justitia
417 2485 476 2536 in
508 2483 600 2536 illo
630 2498 730 2535 non
757 2490 827 2535 est
858 2479 876 2552 (
906 2478 1045 2533 Ibid.
1094 2480 1148 2535 7.
1182 2478 1313 2549 18).
1369 2477 1467 2532 llic
1514 2490 1645 2531 vero
1698 2490 1803 2529 non

213 2574 472 2643 quzesivit,
505 2574 603 2627 sed
631 2573 699 2627 ad
725 2573 887 2627 alium
924 2572 1069 2642 ipsos
1090 2571 1253 2625 misit.
1288 2570 1354 2625 Et
1385 2570 1473 2639 qui
1507 2568 1653 2622 missi
1679 2567 1798 2621 fue-

216 2672 323 2718 rant
347 2680 413 2719 es
448 2662 560 2719 ﬁde
589 2663 920 2733 dignioribus
948 2662 1086 2732 apud
1122 2663 1265 2732 ipsos
1311 2670 1366 2716 et
1411 2677 1475 2715 ex
1535 2657 1805 2729 primariis

214 2754 329 2808 viris
348 2764 528 2820 erant,
550 2764 607 2808 ut
636 2754 780 2809 nulla
820 2755 947 2823 ipsis
973 2752 1571 2822 superessetexcusatio
1601 2760 1688 2804 aut
1718 2764 1806 2804 ve-

214 2847 290 2899 nia
317 2845 461 2915 quod
492 2845 713 2900 Christo
735 2860 840 2911 non
867 2844 1212 2901 crediderint.
1257 2844 1365 2898 Cur
1390 2843 1531 2897 enim
1562 2857 1669 2896 non
1711 2841 1808 2895 ob-

215 2937 553 3007 temperastis
580 2938 647 2992 iis
684 2952 803 3008 qua:
824 2936 1058 2992 Joannes
1085 2936 1152 2990 de
1184 2936 1275 2989 illo
1304 2934 1547 2990 dicebat?
1571 2934 1677 2988 Vos
1699 2934 1805 2988 mi-

212 3030 346 3085 sistis
377 3030 651 3100 primores
679 3039 913 3094 vestros,
967 3043 1062 3083 vos
1096 3027 1333 3098 ipsorum
1379 3042 1544 3097 opera
1575 3026 1804 3081 interro-

212 3122 365 3189 gastis
389 3123 403 3175 l
431 3136 535 3177 vos
580 3120 803 3176 audistis
828 3118 955 3190 quid
988 3118 1221 3189 Baptista
1250 3118 1607 3187 responderit.
1634 3117 1806 3173 Omne

210 3214 459 3283 studium,
491 3229 714 3271 omnem
743 3213 1074 3285 diligentiam
1109 3212 1185 3266 illi
1208 3211 1589 3277 adhibuerunt,
1624 3212 1803 3266 omnia

209 3309 417 3364 scrutati
446 3317 601 3375 sunt,
623 3321 920 3377 omnesque
942 3305 1290 3377 protulerunt
1317 3320 1452 3375 quos
1483 3303 1795 3374 suspicaba-

213 3402 373 3457 mini:
418 3412 475 3458 et
500 3412 684 3457 tamen
716 3401 951 3456 illecum
993 3400 1242 3456 libertate
1284 3413 1475 3469 magna
1521 3396 1804 3453 confessus

208 3506 299 3556 est.
328 3512 389 3552 se
419 3511 530 3551 nec
550 3494 843 3561 Christum,
879 3509 979 3549 nec
1011 3493 1207 3559 Etiam,
1241 3508 1346 3548 nec
1397 3492 1716 3563 prophetam
1744 3492 1805 3545 il-

210 3591 309 3643 lum
356 3605 505 3645 esse.
541 3588 730 3659 Neque
758 3587 860 3643 hoc
885 3596 1194 3653 contentus,
1234 3587 1356 3657 quis
1396 3587 1511 3656 ipse
1541 3596 1684 3641 esset
1709 3585 1806 3640 do-

208 3683 325 3746 cuit,
357 3690 414 3737 et
450 3681 525 3737 de
559 3680 900 3751 baptismatis
950 3679 1032 3734 sui
1084 3686 1276 3734 natura
1318 3678 1607 3745 disseruit,
1662 3679 1803 3749 quod

210 3790 391 3846 nempe
416 3775 678 3845 exiguum
704 3781 760 3829 et
796 3774 901 3828 vile
926 3782 1089 3841 esset,
1118 3780 1175 3828 et
1203 3780 1400 3841 praeter
1430 3787 1624 3844 aquam
1673 3774 1803 3827 nihil

206 3869 430 3938 amplius
452 3867 686 3923 haberet
710 3907 725 3931 ,
749 3866 1038 3922 ostendens
1069 3865 1486 3934 prmeclleutiam
1519 3866 1807 3934 baptisma-

209 3963 269 4015 tis
290 3976 317 4014 a
345 3960 580 4015 Christo
605 3958 735 4013 dati.
769 3959 995 4013 Protulit
1014 3974 1228 4029 quoque
1255 3959 1445 4013 Isaiam
1475 3961 1797 4030 prophetam

212 4054 293 4108 ditt
321 4064 483 4110 antea
521 4051 928 4116 testiﬁcantem,
959 4051 1107 4105 illum
1142 4052 1448 4116 Dominum,
1497 4051 1637 4105 hunc
1689 4067 1805 4105 scr-

208 4159 321 4199 rum
338 4155 392 4201 et
418 4146 735 4199 ministrum
762 4152 1068 4199 vocantem.
1097 4143 1232 4211 Quid
1253 4145 1466 4198 domum
1490 4146 1808 4214 supererat?

208 4250 373 4290 annon
403 4244 465 4290 ut
484 4234 783 4290 crederent
811 4234 859 4288 ci
888 4233 955 4289 de
986 4250 1093 4305 quo
1121 4234 1484 4289 testimonium
1514 4234 1804 4303 ferebatur,

211 4339 261 4381 ut
286 4330 586 4384 adorarent
611 4343 757 4392 eum,
776 4336 831 4381 et
850 4327 1238 4382 conﬁterentur
1267 4328 1431 4382 Deum
1454 4329 1477 4383 ?
1504 4330 1656 4398 Quod
1707 4345 1805 4384 auo

212 4427 308 4474 tem
341 4418 723 4474 testimonium
755 4433 861 4471 non
889 4432 954 4472 ex
986 4417 1312 4483 adulatione,
1347 4418 1441 4474 sed
1486 4435 1548 4474 ex
1585 4420 1809 4476 veritate

213 4510 545 4577 procederet,
597 4507 650 4562 id
695 4516 749 4562 et
797 4522 977 4562 mores
1009 4516 1063 4562 et
1094 4508 1429 4578 philosophia
1476 4511 1810 4565 testiﬁcantis

210 4602 591 4658 ostendebant.
628 4599 758 4655 lude
782 4615 910 4654 vero
956 4601 1133 4671 palam
1181 4602 1231 4657 id
1265 4611 1401 4667 erat,
1451 4604 1594 4674 quod
1651 4621 1810 4660 nemo

213 4696 504 4762 proximum
532 4690 639 4748 sibi
662 4690 931 4762 praeferat,
958 4708 1130 4763 neque
1152 4693 1194 4748 si
1228 4695 1395 4763 possit
1423 4695 1682 4751 honorem
1709 4698 1809 4752 sibi

212 4788 521 4852 conciliare,
552 4786 715 4841 alteri
748 4786 894 4840 illum
942 4785 1136 4853 cedat,
1193 4802 1313 4841 cum
1360 4790 1593 4843 maxime
1635 4798 1811 4846 tantus

213 4889 343 4935 esset
375 4882 582 4935 honor.
620 4877 804 4947 Itaque
847 4877 1117 4944 Joannes,
1167 4879 1267 4933 nisi
1321 4880 1565 4935 Christus
1626 4882 1813 4939 fuisset

217 4972 361 5037 Deus,
390 4984 699 5041 numquam
749 4968 853 5024 hoc
896 4969 1263 5026 testimonium
1314 4972 1643 5039 protulisset.
1676 4972 1809 5027 Nam

214 5064 252 5116 si
282 5063 419 5118 hunc
449 5064 753 5129 honorem,
784 5072 967 5133 utpote
999 5072 1241 5118 naturam
1277 5081 1429 5119 suam
1471 5066 1628 5137 longe
1654 5083 1815 5122 exsu—

218 5165 512 5225 perantem,
570 5154 646 5209 ab
676 5168 735 5208 se
760 5156 995 5224 repulit:
1020 5166 1168 5212 certe
1190 5173 1296 5213 non
1320 5159 1406 5213 alii
1436 5169 1642 5215 natura:
1673 5161 1810 5217 infe-

215 5248 330 5303 riori
379 5250 539 5304 illum
602 5247 899 5303 tribuisset.
962 5248 1164 5304 Medius
1202 5262 1369 5305 autent
1416 5262 1633 5308 vestmm
1674 5264 1811 5321 stat,

217 5356 349 5409 quem
393 5357 483 5397 vos
530 5341 765 5395 nescitis.
795 5339 909 5395 Hoc
944 5340 1095 5406 dixit,
1122 5345 1242 5413 quia
1271 5344 1383 5411 ille,
1431 5355 1486 5399 ιιι
1519 5362 1613 5416 par
1659 5356 1775 5401 erat
1799 5390 1814 5412 ,

218 5435 354 5501 quasi
386 5448 535 5488 unus
557 5446 593 5487 e
628 5431 781 5487 turba
809 5433 1005 5502 populo
1046 5432 1465 5503 admiseehatur,
1515 5446 1699 5508 utpote
1727 5439 1816 5508 qni

220 5525 402 5597 ubique
432 5535 491 5581 et
521 5525 704 5580 fastus
752 5533 806 5579 et
856 5539 1068 5594 pompa:
1114 5536 1484 5598 contemptum
1544 5528 1815 5585 edoceret.

222 5616 592 5688 Cognitionem
661 5622 843 5669 autem
894 5614 983 5670 hic
1021 5615 1151 5670 dicit
1198 5617 1491 5687 perfectam
1536 5621 1777 5674 no:itiam
1804 5664 1817 5685 ,

225 5724 399 5780 nempe
432 5709 564 5780 quis
592 5716 744 5763 esset
770 5747 785 5773 ,
828 5707 967 5762 unde
1014 5708 1273 5762 venisset.
1310 5708 1443 5764 Illud
1487 5726 1650 5778 vero,
1698 5712 1822 5768 Post

225 5815 552 5858 mercaturus
601 5810 705 5864 est,
742 5815 885 5870 strpc
909 5802 1125 5871 posuit,
1156 5816 1219 5855 ac
1248 5801 1289 5857 si
1320 5802 1525 5858 diceret
1552 5823 1564 5858 :
1615 5806 1690 5861 Nc
1720 5823 1819 5878 pu-

1286 341 1352 395 IN
1388 331 1721 393 J()ANNEM.
1766 326 1994 383 IIOMII..
2045 330 2177 385 XVI.
2220 335 2268 387 al
2334 334 2448 390 XV.

3418 326 3519 383 Idti

1922 449 2044 504 tetis
2074 458 2240 504 totum
2266 452 2317 504 in
2349 451 2666 520 baptismate
2709 463 2833 506 meo
2865 448 3070 521 perﬁci.
3102 445 3157 503 Si
3203 445 3305 500 hoc
3336 444 3515 513 perte.

1916 550 2060 595 ctum
2092 551 2258 609 esset,
2288 558 2393 597 non
2440 542 2577 598 alius
2604 551 2726 613 post
2750 556 2837 597 me
2860 539 3092 607 veniret,
3124 536 3349 593 alterum
3378 530 3515 587 alla-

1914 642 2104 698 turus;
2158 634 2252 691 sed
2294 634 2396 689 hoc
2422 634 2489 690 ad
2535 633 2665 691 illud
2714 643 2798 690 est
2845 634 3170 703 prmparatio
3236 624 3511 698 quaedam.

1914 726 2111 783 Nostra
2164 737 2289 783 sunt
2317 729 2503 784 umbra
2530 738 2585 785 et
2612 729 2820 802 imago;
2865 727 3027 782 alium
3056 722 3245 781 venire
3271 725 3514 791 oportet,

1910 822 2002 891 qui
2026 822 2306 877 veritatem
2357 821 2564 877 afferat.
2598 822 2783 889 Itaque
2826 820 2956 892 illud
2984 861 2996 884 ,
3051 818 3178 871 Post
3211 831 3290 870 me
3326 814 3513 873 ueniet,

1911 916 2027 986 ejus
2058 914 2374 986 dignitatem
2405 916 2638 971 maxime
2668 913 2925 970 ostendit.
2953 912 3087 966 Nam
3120 909 3166 963 si
3200 908 3303 962 hoc
3331 905 3507 975 perfe-

1911 1016 2055 1063 ctum
2084 1017 2247 1077 esset,
2273 1025 2379 1064 non
2412 1008 2709 1064 secundum
2743 1013 3094 1078 qurereretur,
3142 1001 3272 1056 Ante
3303 1014 3383 1053 me
3412 999 3497 1069 fa-

1912 1113 2023 1159 ctus
2065 1113 2167 1172 est;
2214 1104 2317 1161 hoc
2363 1114 2440 1160 cst
2474 1147 2489 1172 ,
2548 1119 2635 1160 me
2679 1101 3047 1159 honorabilior
3082 1106 3137 1153 et
3157 1094 3352 1152 clarior
3407 1097 3511 1145 est.

1914 1194 2118 1251 Deinde
2160 1212 2226 1251 ne
2257 1206 2509 1265 putarent
2551 1194 2971 1266 prmeellentiam
3017 1204 3081 1244 ex
3108 1182 3513 1255 comparatione

1912 1287 2159 1354 indicari,
2202 1296 2258 1342 ut
2292 1287 2491 1341 nullam
2545 1301 2665 1341 esse
2717 1280 3177 1353 comparationem
3231 1273 3508 1335 declaret,

1912 1378 2096 1450 adjicit
2126 1398 2137 1434 :
2166 1376 2326 1451 Cujus
2355 1397 2454 1432 non
2484 1395 2595 1432 sum
2626 1378 2811 1448 dignus
2838 1372 3030 1428 solvere
3068 1368 3378 1438 corrigiam;
3410 1362 3514 1417 hoc

1912 1482 1998 1529 est
2019 1514 2032 1539 ,
2062 1472 2176 1527 Non
2208 1474 2379 1527 solum
2408 1480 2531 1525 ante
2562 1486 2647 1525 me
2679 1469 2849 1523 factus
2894 1475 2976 1536 est
3002 1506 3015 1531 ,
3056 1462 3148 1518 sed
3183 1461 3252 1515 ita
3282 1472 3369 1513 res
3400 1464 3508 1517 est.

1914 1572 1973 1620 ut
2007 1580 2073 1620 ne
2097 1564 2313 1635 quidem
2340 1566 2480 1619 inter
2523 1564 2737 1618 ultimos
2765 1562 2882 1632 ejus
2938 1556 3162 1612 famulos
3211 1547 3510 1620 computari

1912 1673 2157 1722 merear;
2206 1658 2632 1714 ealeeamentum
2665 1656 2864 1726 quippe
2903 1653 3505 1727 solverehextrcmum

1912 1748 2271 1803 ministerium
2308 1757 2411 1803 est.
2471 1746 2623 1816 Quod
2670 1748 2715 1801 si
2762 1745 2997 1801 Joannes
3043 1744 3266 1795 nonest
3316 1732 3512 1801 dignus

1912 1838 2000 1909 qui
2033 1839 2316 1909 corrigiam
2342 1839 2540 1903 solvat,
2574 1838 2811 1893 Joannes
2833 1849 2941 1905 quo
2967 1832 3146 1886 nullus
3168 1826 3339 1896 major
3370 1824 3514 1877 inter

1910 1940 2066 1986 natos
2097 1932 2379 1986 mulierum
2428 1932 2445 2001 (
2475 1931 2601 1984 Luc.
2629 1931 2680 1983 7.
2710 1930 2800 1984 28.
2844 1927 3034 1981 Matth.
3085 1923 3173 1977 11.
3222 1916 3327 1988 11)
3360 1934 3373 1969 :
3405 1927 3512 1983 quo

1910 2039 2009 2079 nos
2041 2025 2138 2094 ipsi
2164 2024 2280 2077 loco
2303 2021 2605 2092 ponemus?
2632 2020 2686 2076 Si
2708 2021 2750 2075 is
2766 2020 2852 2091 qui
2871 2017 2988 2073 orbi
3018 2015 3263 2086 aequalis,
3293 2011 3401 2069 Imo
3420 2009 3511 2060 illo

1909 2120 2081 2187 major
2104 2126 2219 2169 erat
2248 2118 2260 2147 '
2289 2115 2307 2189 (
2335 2116 2582 2183 Quorum,
2614 2113 2818 2183 inquit,
2869 2112 3053 2182 dignus
3084 2124 3187 2163 non
3222 2115 3330 2161 erat
3358 2121 3507 2158 mun—

1909 2210 2004 2261 dus
2044 2205 2239 2280 [Hebn
2278 2208 2366 2261 11.
2398 2205 2488 2279 58]
2515 2204 2555 2274 ),
2607 2221 2667 2259 se
2699 2203 2973 2273 indignum
3001 2216 3120 2256 esse
3151 2200 3224 2253 ait
3250 2198 3339 2268 qui
3372 2197 3513 2251 inter

1911 2301 2129 2356 ultimos
2171 2301 2289 2370 ejus
2330 2300 2606 2353 ministros
2636 2307 3017 2367 computetur:
3053 2293 3181 2366 quid
3216 2306 3316 2348 nos
3361 2291 3510 2345 dice-

1910 2408 2050 2457 mus,
2082 2393 2172 2462 qui
2197 2392 2350 2446 malis
2381 2390 2681 2445 innumeris
2709 2390 2887 2444 onusti
2932 2401 3150 2451 sumus,
3182 2384 3273 2456 qui
3304 2391 3510 2438 tantum

1911 2486 2174 2541 distamus
2212 2500 2243 2541 a
2297 2484 2522 2540 Joannis
2560 2484 2761 2538 virtute
2792 2523 2808 2550 ,
2855 2491 3116 2551 quantum
3157 2487 3298 2534 terra
3348 2474 3512 2531 distat

1910 2578 2145 2635 acaalo?

1984 2674 2037 2727 4.
2092 2670 2188 2727 IIic
2215 2685 2345 2741 ergo
2367 2685 2427 2725 se
2450 2684 2726 2739 tnutgnum
2760 2682 2881 2723 esse
2910 2667 2983 2721 ait
3011 2666 3101 2737 qui
3131 2665 3305 2722 solvat
3332 2663 3504 2718 corri-

1908 2766 2049 2836 giam
2076 2766 2445 2821 ealceamenti.
2474 2763 2680 2819 Inimici
2713 2772 2891 2818 autem
2919 2762 3161 2818 veritatis
3206 2761 3258 2815 in
3307 2767 3508 2814 tantam

1913 2868 2273 2929 prorumpunt
2313 2860 2577 2914 insaniam
2603 2900 2617 2924 ,
2655 2868 2713 2912 ut
2743 2857 2926 2912 dicant
2956 2871 3013 2912 se
3040 2870 3201 2911 nosse
3229 2855 3377 2909 illum
3404 2894 3417 2918 ,
3450 2861 3509 2906 ttt

1911 2951 2025 3021 ipse
2050 2966 2109 3006 se
2134 2952 2298 3005 novit.
2328 2951 2442 3018 Qua
2478 2951 2710 3004 amentia
2747 2948 2874 3019 quid
2902 2948 3141 3003 deterius
3165 2947 3188 3000 τ
3216 2961 3320 3017 qua
3351 2961 3507 3001 arro-

1910 3045 2087 3113 gantia
2112 3043 2237 3112 quid
2267 3042 2571 3097 furiosius?
2617 3042 2763 3096 Bene
2790 3041 2927 3095 dixit
2967 3041 3186 3110 sapiens
3242 3038 3457 3109 quidam
3495 3055 3507 3093 :

1913 3133 2236 3205 Principium
2258 3134 2510 3202 superbia:
2554 3148 2655 3186 non
2702 3148 2847 3186 nosse
2893 3131 3172 3185 Dominum
3200 3128 3386 3199 (Eccli.
3418 3128 3505 3183 10.

1909 3226 2036 3301 14)-
2068 3227 2183 3281 Νοιι
2212 3226 2456 3296 dejectus
2487 3240 2584 3281 nec
2610 3225 2860 3280 diabolus
2889 3222 3111 3279 effectus
3161 3222 3350 3277 fuisset
3392 3220 3506 3275 dia-

1909 3322 2065 3377 bolus
2089 3322 2197 3386 ille,
2229 3321 2317 3390 qui
2344 3329 2468 3374 ante
2496 3318 2746 3374 diabolus
2787 3332 2893 3371 non
2922 3325 3057 3381 erat,
3096 3315 3197 3371 nisi
3222 3314 3325 3370 hoc
3368 3328 3513 3370 mor-

1908 3417 1977 3472 bo
2007 3427 2194 3486 captus
2222 3414 2430 3470 fuisset.
2462 3414 2573 3469 I‘Ioc
2596 3414 2742 3468 illum
2772 3426 2799 3465 a
2830 3412 3052 3483 pristina
3076 3408 3268 3465 ﬁducia
3291 3408 3508 3478 dejeeit,

1911 3510 2012 3563 hoc
2040 3510 2089 3562 in
2112 3507 2413 3579 gehennam
2467 3506 2704 3569 demisit,
2764 3504 2865 3559 hoc
2912 3504 3011 3574 ipsi
3068 3510 3228 3573 caput
3270 3501 3509 3556 omnium

1910 3602 2174 3656 malorum
2207 3599 2328 3654 fuit.
2361 3598 2473 3653 lloc
2495 3599 2692 3669 quippe
2716 3598 2902 3652 vitium
2946 3611 3164 3651 omnem
3212 3594 3373 3649 animi
3406 3591 3513 3647 vir-

1912 3703 2076 3749 tutem
2108 3691 2416 3759 labefactat,
2466 3692 2868 3763 eleemosynam
2919 3703 3133 3759 nempe,
3184 3686 3506 3748 orationem,

1905 3788 2191 3859 jejunium,
2215 3784 2425 3856 quidvis
2451 3784 2617 3839 aliud.
2651 3784 2925 3838 Excelsttm
2970 3782 3024 3835 in
3077 3779 3385 3845 hominibus,
3431 3780 3511 3833 in-

1910 3883 2045 3952 quit,
2072 3881 2331 3950 impurum
2355 3888 2429 3934 est
2456 3878 2595 3948 apud
2628 3876 2925 3929 Dominum.

1984 3971 2240 4040 Superbia
2270 3971 2408 4024 omni
2436 3971 2554 4023 vitio
2601 3970 2765 4039 pejor.
2810 3967 2982 4023 Homo
3027 3976 3274 4037 arrogans
3316 3966 3501 4019 acriter

1911 4066 2255 4135 redarguitur.
2283 4064 2474 4118 -Νοιι
2507 4063 2789 4117 fornicatio
2814 4064 2973 4133 igitur
2998 4104 3013 4129 ,
3048 4078 3154 4116 non
3188 4060 3510 4115 adulterium

1914 4168 2117 4214 tantum
2148 4158 2419 4213 hominem
2456 4157 2686 4227 polluit,
2736 4158 2830 4212 sed
2864 4158 3023 4211 etiam
3052 4165 3106 4211 et
3144 4155 3313 4209 multo
3345 4154 3513 4222 magis

1912 4252 2183 4322 superbia.
2218 4250 2436 4319 Quare?
2466 4250 2730 4317 Quoniam
2778 4248 3061 4304 fornicatiu
3095 4248 3221 4303 licet
3245 4247 3398 4302 venia
3432 4248 3513 4299 iu-
3590 4272 3593 4273 ν

1912 4348 2071 4418 digna
2120 4349 2225 4413 sit,
2259 4357 2433 4417 potest
2482 4358 2659 4400 tamen
2691 4346 2809 4416 quis
2845 4344 3336 4413 concupiscentiam
3370 4356 3512 4411 pra:-

1915 4438 2137 4493 tendere
2170 4456 2183 4493 :
2213 4437 2520 4507 arrogantia
2550 4451 2677 4491 vero
2705 4436 2905 4490 nullam
2942 4434 3099 4489 habet
3134 4448 3375 4495 causam,
3407 4448 3513 4485 non

1914 4534 2233 4595 obtentum,
2287 4548 2392 4601 quo
2442 4532 2522 4586 vel
2567 4531 2735 4585 venia:
2778 4531 3023 4585 umbram
3068 4538 3383 4585 mereatur:
3423 4529 3516 4582 sed

1916 4626 2051 4681 nihil
2078 4626 2224 4680 aliud
2251 4634 2337 4681 est
2363 4640 2522 4695 quam
2554 4626 2750 4679 mentis
2776 4624 2988 4678 eversio
3012 4664 3027 4689 ,
3058 4623 3279 4677 morbus
3307 4623 3517 4691 gravis-

1916 4719 2084 4773 simus
2113 4733 2179 4773 ex
2210 4734 2311 4770 una
2342 4716 2647 4786 insipientia
2690 4725 2859 4771 ortus.
2896 4715 3035 4769 Nihil
3061 4714 3207 4770 enim
3257 4713 3516 4782 insipien-

1916 4811 2023 4865 tius
2052 4820 2338 4881 arrogantc
2383 4810 2600 4866 homine
2626 4854 2641 4877 ,
2670 4812 2774 4866 etsi
2809 4811 3254 4882 epulentissimus
3285 4810 3385 4875 sit,
3416 4807 3519 4861 etsi
3575 4879 3579 4882 Α

1918 4911 2139 4957 externa
2173 4904 2259 4956 illa
2289 4904 2547 4971 sapientia
2576 4902 2866 4957 admodum
2897 4904 3209 4967 instructus,
3243 4908 3522 4970 quantum-

1918 4997 1999 5050 vis
2030 5006 2239 5065 potens,
2288 4997 2499 5051 etiamsi
2544 5011 2605 5051 ea
2638 4996 2815 5050 omnia
2861 5011 2983 5066 qua:
3016 4994 3321 5050 hominibus
3360 5009 3523 5062 expc-

1922 5086 2079 5141 tcnda
2109 5087 2358 5142 videntur
2385 5086 2648 5141 obtineat.
2680 5086 2811 5141 Nam
2842 5086 2885 5139 si
2916 5086 2959 5140 is
2984 5087 3073 5156 qui
3098 5086 3167 5141 de
3196 5085 3339 5140 veris
3367 5085 3521 5139 bonis

1919 5178 2180 5248 superbit,
2204 5179 2385 5233 infelix
2408 5194 2470 5234 ac
2495 5179 2679 5244 miser,
2708 5178 2948 5230 omnium
2978 5177 3189 5232 illorum
3216 5175 3522 5232 mercedem

1921 5274 2167 5338 amittat;
2198 5274 2287 5343 qui
2316 5272 2382 5328 de
2416 5271 2478 5326 iis
2518 5288 2637 5343 quze
2684 5272 2815 5326 nihil
2847 5282 2972 5326 sunt
3014 5270 3307 5338 extollitur,
3337 5270 3429 5342 qui
3458 5288 3523 5325 ex

1924 5367 2109 5420 umbra
2138 5374 2191 5421 et
2237 5367 2361 5419 [ωιιί
2392 5366 2543 5431 ﬂore,
2577 5365 2626 5419 id
2655 5368 2800 5422 enim
2843 5373 2920 5420 est
2954 5366 3127 5419 inanis
3168 5365 3335 5435 gloria
3358 5407 3372 5431 ,
3405 5380 3525 5421 sese

1927 5460 2106 5525 inflat,
2139 5460 2408 5529 quomodo
2436 5476 2542 5514 non
2587 5460 2826 5514 omnium
2878 5461 3113 5515 maxime
3142 5458 3403 5515 ridiculus
3428 5461 3527 5522 sit,

1927 5572 2048 5611 eum
2083 5556 2311 5627 idipsmn
2354 5564 2477 5626 agat
2523 5555 2663 5625 quod
2712 5570 2915 5625 pauper
2954 5562 3009 5608 et
3064 5552 3341 5609 mendicus
3368 5594 3383 5619 ,
3436 5553 3526 5623 qui

1994 5693 2010 5725 ⁸
2046 5701 2160 5753 Quae
2185 5693 2308 5740 intra
2332 5688 2662 5753 parenthescs
2694 5688 3196 5753 Incltuluntur,-aliter
3216 5686 3460 5753 habentur
3480 5690 3525 5753 ιιι

1931 5737 2153 5810 litorei:
2186 5737 2406 5814 tempta:
2437 5737 2618 5801 Paulus
2639 5737 2803 5809 “estita,
2828 5737 2906 5815 de
2932 5737 3093 5811 Ῐιίεῆἱέ
3114 5752 3310 5815 loquens
3338 5784 3352 5810 ,
3389 5748 3528 5809 dicit,

1944 5835 1964 5861 ιι
1984 5826 2191 5874 (morum
2213 5815 2387 5875 dignus
2420 5826 2511 5862 non
2546 5820 2651 5863 erat
2685 5814 2908 5863 mundus.
2950 5831 2971 5858 ι
