4162 6326
602 384 700 440 107

600 516 813 571 semper
858 496 1132 554 famelicus
1155 534 1174 562 ,
1202 494 1255 553 si
1290 492 1457 546 semet
1505 486 1683 542 laetum
1714 482 1978 539 somnium
2023 485 2183 533 noctu

608 592 837 657 viderit,
866 589 986 643 ideo
1012 581 1317 656 glorietur?
1340 578 1526 635 Infelix
1562 586 1616 631 et
1638 578 1801 630 miser
1819 616 1834 642 ,
1855 573 1979 627 dum
2006 571 2180 626 anima

607 692 695 736 tua
722 678 1037 751 gravissimo
1058 673 1247 730 morbo
1269 672 1654 742 corrumpitur,
1682 677 1921 723 extrema
1947 678 2178 736 pauper-

602 780 710 825 tate
738 770 1016 832 laborans,
1056 766 1224 819 altum
1276 765 1460 835 sapis,
1508 760 1649 831 quod
1698 766 1777 813 tot
1821 758 2015 812 talenta
2064 753 2181 809 auri

602 861 819 924 habeas,
845 863 976 927 quot
1011 870 1292 911 servorum
1325 852 1567 909 turbam!
1602 850 1795 906 Verum
1822 847 1937 903 hazc
1963 862 2068 902 non
2093 855 2179 900 tua

600 962 742 1007 sunt.
768 950 822 1005 Si
845 949 973 1004 mihi
1001 964 1105 1005 non
1132 946 1327 1011 credis,
1352 944 1580 999 aliorum
1605 942 1829 996 divitum
1852 938 2182 1009 experientia

600 1043 655 1099 id
681 1043 879 1098 edisce.
902 1039 995 1096 Sin
1041 1040 1111 1094 ita
1152 1037 1335 1093 ebrius
1362 1050 1441 1100 es,
1472 1043 1530 1089 ut
1568 1030 1875 1104 hujusmodi
1922 1029 2182 1099 exemplis

603 1151 712 1191 non
742 1132 1031 1190 instituaris
1052 1174 1067 1197 ,
1098 1130 1375 1202 paululum
1412 1134 1663 1197 exspecta
1689 1168 1702 1191 ,
1734 1134 1789 1181 et
1814 1124 2182 1195 experimento

605 1239 696 1284 tuo
725 1227 951 1287 edisces,
976 1223 1108 1278 nihil
1136 1223 1259 1276 hinc
1279 1219 1372 1275 tibi
1398 1218 1639 1273 utilitatis
1664 1216 1943 1281 accedere,
1970 1212 2183 1284 quando

602 1319 831 1373 animam
862 1313 1076 1381 efﬂans,
1107 1326 1205 1368 nec
1230 1311 1375 1366 horae
1412 1324 1513 1365 nec
1536 1307 1791 1364 momenti
1822 1307 1977 1361 unius
2005 1305 2180 1360 domi-

601 1423 702 1462 nus
726 1449 741 1473 ,
771 1406 885 1461 ltzec
915 1406 1110 1459 invitus
1131 1401 1484 1474 praesentibus
1511 1399 1779 1468 relinques
1803 1439 1817 1463 ,
1847 1398 2014 1467 iisque
2039 1410 2183 1467 sape

598 1499 791 1568 quibus
820 1495 1011 1551 nolles.
1044 1494 1221 1548 Multis
1248 1491 1390 1547 enim
1418 1504 1518 1545 nec
1546 1489 1615 1544 de
1654 1489 1717 1543 iis
1743 1488 2030 1558 disponere
2060 1500 2182 1555 per—

601 1590 821 1643 missum
855 1588 977 1653 fuit,
1010 1584 1105 1640 sed
1156 1592 1375 1653 repente
1426 1581 1757 1649 migrarunt,
1800 1577 1925 1633 dum
1976 1577 2041 1632 iis
2076 1575 2180 1631 frui

598 1686 882 1749 optarent,
917 1691 1014 1731 nec
1041 1688 1355 1731 concessum
1383 1673 1490 1728 illis
1520 1680 1633 1739 est,
1660 1670 1754 1726 sed
1793 1670 2046 1725 abstracti
2071 1710 2086 1736 ,
2117 1682 2181 1724 ac

602 1789 697 1841 per
722 1772 825 1825 vim
852 1768 1101 1832 abducti,
1133 1766 1285 1833 aliis,
1311 1764 1504 1835 quibus
1552 1763 1771 1817 minime
1802 1761 2084 1828 volebant,
2113 1774 2180 1816 ea

598 1864 942 1933 reliquerunt.
966 1858 1116 1926 Quod
1149 1873 1217 1913 ne
1255 1853 1687 1916 nobisaccidat,
1723 1852 1847 1906 hinc
1872 1850 1984 1921 jam
2007 1892 2022 1919 ,
2050 1851 2178 1907 dum

600 1972 695 2027 per
714 1953 1071 2008 valetudinem
1097 1952 1239 2016 licet,
1262 1950 1537 2003 mittamus
1558 1946 1612 2000 in
1634 1944 1901 1999 civitatem
1920 1952 2179 1998 nostram.

600 2047 694 2101 lllo
720 2044 861 2100 enim
889 2051 1090 2097 tantum
1120 2038 1281 2095 modo
1311 2037 1397 2092 his
1426 2035 1531 2091 frui
1559 2034 1886 2105 poterimus,
1916 2032 2051 2088 alias
2075 2032 2175 2088 mi-

1363 374 1422 431 S.
1461 370 1738 430 JOANNIS
1773 357 2242 424 CHRYSOSTOMI
2282 353 2599 413 ARCHIEP.
2640 350 3176 409 CONSTANTINOP.

3780 353 3887 409 108

2294 472 2436 527 nime
2466 489 2479 523 :
2508 472 2583 525 sic
2629 471 2680 524 in
2730 470 3055 525 tutissimum
3104 469 3281 525 locum
3333 469 3707 527 recondemus.
3742 470 3884 526 Nihil

2290 566 2465 630 enim,
2523 563 2654 619 nihil
2706 564 2889 632 utique
2941 571 3117 633 potest
3167 577 3227 616 ea
3285 563 3444 617 istinc
3482 563 3727 629 auferre,
3774 578 3885 617 non

2288 671 2431 711 mors
2452 698 2466 722 ,
2495 672 2599 711 non
2637 665 2990 721 testamenta,
3041 670 3146 710 non
3175 655 3535 710 hereditatum
3574 658 3844 711 successio
3864 697 3887 724 ,

2286 764 2395 804 non
2427 748 2790 820 sycophantias:
2819 746 2899 802 vel
2948 747 3155 803 insidia
3184 764 3199 812 ;
3227 747 3321 803 sed
3351 748 3439 817 qui
3467 747 3593 802 hinc
3643 749 3893 805 abscedit

2287 840 2454 895 multa
2484 854 2664 895 secum
2714 838 2924 904 ferens,
2958 838 3022 893 iis
3048 847 3304 908 perpetuo
3331 839 3555 894 fruetur.
3586 839 3717 907 Quis
3756 856 3895 911 ergo

2288 934 2367 989 sic
2391 934 2557 989 miser
2585 942 2699 998 est,
2727 934 2815 1003 qui
2859 933 2991 987 nolit
3032 947 3155 997 cum
3198 934 3440 1003 pecuniis
3467 934 3580 989 suis
3621 945 3888 989 mternum

2287 1025 2561 1081 deliciari?
2593 1023 3001 1080 Transferamus
3047 1038 3177 1093 ergo
3219 1024 3434 1079 divitias
3478 1035 3694 1080 nostras
3720 1068 3736 1091 ,
3779 1028 3894 1082 illic

2290 1120 2642 1191 deponamus.
2692 1118 2807 1174 Non
2850 1120 3005 1176 nobis
3049 1135 3183 1191 opus
3228 1122 3332 1176 erit
3382 1123 3584 1187 asinis,
3627 1124 3890 1192 camelis,

2289 1210 2566 1277 curribus,
2615 1224 2721 1265 non
2771 1211 2994 1267 navibus
3041 1212 3108 1266 ad
3157 1211 3272 1267 inec
3316 1214 3713 1269 transvehenda
3746 1233 3757 1268 :
3791 1215 3896 1270 hac

2287 1298 2602 1357 difﬁcultate
2628 1316 2725 1358 nos
2749 1302 2944 1373 eripuit
2980 1303 3153 1371 Deus;
3197 1303 3292 1359 sed
3321 1320 3457 1375 Opus
3489 1315 3692 1361 tantum
3720 1306 3896 1361 habe-

2287 1407 2407 1446 mus
2434 1393 2758 1462 pauperibus
2782 1434 2797 1459 ,
2828 1394 3033 1449 claudis
3058 1435 3074 1461 ,
3105 1396 3292 1461 caecis,
3341 1395 3591 1452 infirmis.
3647 1399 3739 1452 llis
3771 1400 3894 1453 talis

2286 1484 2641 1553 comportatio
2665 1480 2981 1540 demandata
3003 1494 3087 1540 est
3112 1503 3124 1539 :
3155 1486 3207 1541 hi
3232 1487 3488 1557 pecunias
3516 1490 3895 1546 transmittunt

2288 1575 2341 1632 in
2365 1578 2587 1643 uelum;
2618 1578 2673 1633 hi
2700 1579 2884 1634 talium
2919 1594 3262 1651 possessores
3287 1596 3449 1652 opum
3479 1583 3531 1637 in
3558 1594 3892 1639 aeternorum

2288 1668 2642 1725 hereditatem
2684 1670 2950 1726 bonorum
2994 1674 3331 1742 perducunt;
3370 1692 3531 1746 quam
3574 1694 3673 1733 nos
3699 1694 3899 1735 omnes

2286 1762 2499 1832 assequi
2531 1764 2803 1835 contingat
2834 1765 3001 1835 gratia
3030 1774 3085 1821 et
3114 1765 3442 1836 benignitate
3475 1768 3687 1824 Domini
3715 1773 3889 1825 nostri

2285 1850 2415 1908 Jesu
2454 1852 2685 1919 Christi,
2738 1870 2837 1925 per
2870 1872 3030 1944 quem
3078 1865 3134 1912 ct
3180 1873 3302 1912 cum
3328 1873 3439 1929 quo
3486 1859 3629 1915 Patri
3672 1862 3847 1931 gloria
3875 1902 3893 1928 ,

2284 1958 2391 1999 una
2431 1959 2552 2000 cum
2580 1945 2781 2015 Spiritu
2814 1958 3029 2015 sancto,
3062 1964 3204 2005 nunc
3245 1961 3300 2007 et
3336 1968 3554 2024 semper
3577 1996 3594 2022 ,
3628 1966 3681 2010 et
3710 1956 3761 2010 in
3789 1971 3901 2012 areo

2287 2033 2406 2089 cula
2437 2035 2777 2091 saeculorum.
2808 2038 3000 2094 Amen.

607 2169 3897 2199 HW

1922 2243 2269 2307 HOMILIA
2310 2244 2515 2312 XVII.

609 2398 711 2458 28'.
740 2398 863 2457 Haec
891 2403 1030 2471 facta
1064 2410 1179 2454 sunt
1205 2400 1255 2451 in
1281 2396 1529 2451 Bethania
1550 2396 1565 2426 ί
1596 2404 1735 2447 trans
1760 2390 2040 2446 Iordanem
2059 2430 2075 2457 ,
2106 2389 2192 2444 ubi

674 2504 783 2547 erat
811 2492 1039 2546 Joannes
1069 2491 1348 2561 baptizans.
1392 2487 1484 2542 29.
1516 2485 1691 2539 Altera
1734 2492 1904 2537 autem
1951 2480 2035 2535 die
2060 2481 2191 2535 videt

679 2583 857 2637 Jesutn
881 2585 1154 2637 venientem
1178 2580 1248 2634 ad
1270 2596 1343 2643 se,
1366 2587 1413 2632 et
1434 2578 1506 2632 ait
1528 2593 1549 2630 :
1577 2575 1709 2631 Ecce
1735 2590 1895 2644 agnus
1925 2571 2052 2640 Dei,
2081 2587 2193 2628 ecce

673 2677 759 2748 qui
787 2676 917 2729 tollit
949 2683 1154 2745 peccata
1179 2672 1375 2726 mundi.

684 2771 737 2823 l.
778 2768 1023 2837 Magnum
1067 2766 1266 2821 bonum
1312 2762 1502 2819 fiducia
1548 2771 1603 2816 et
1639 2758 1889 2830 loquendi
1938 2758 2190 2825 libertas,

610 2860 897 2926 omniaque
937 2854 1135 2911 Christi
1176 2850 1498 2909 confessioni
1551 2858 1911 2921 postponere;
1958 2848 2029 2902 ita
2078 2860 2193 2901 ma-

605 2964 771 3018 guum
798 2956 852 3002 et
878 2945 1142 3009 mirabile,
1172 2952 1229 2998 ut
1257 2942 1298 2997 F
1302 2943 1423 2998 ilius
1449 2942 1541 2996 Dei
1572 2941 1876 3011 unigenitus
1908 2939 2066 2993 talem
2089 2937 2189 2993 ho-

612 3040 811 3093 minem
840 3053 1019 3093 coram
1060 3036 1219 3091 Patre
1264 3034 1517 3105 prasdicet
1550 3050 1564 3087 :
1594 3033 1694 3088 etsi
1722 3046 1828 3087 non
1869 3031 2090 3101 atqualis
2114 3032 2187 3087 sit

611 3144 837 3185 merces.
869 3128 946 3183 Tu
974 3129 1117 3183 enim
1146 3125 1421 3181 confiteris
1448 3126 1500 3179 in
1537 3134 1675 3179 terra
1700 3140 1713 3189 ;
1745 3124 1835 3179 ille
1864 3137 1991 3179 vero
2019 3123 2190 3190 conti-

612 3230 749 3276 tctur
775 3221 824 3274 in
856 3220 999 3274 caalis
1027 3228 1117 3273 :tu
1144 3217 1448 3273 hominibus
1475 3214 1860 3286 prmsentibus;
1891 3214 1981 3270 ille
2010 3228 2192 3269 coram

610 3313 765 3367 Patre
803 3321 856 3366 et
900 3310 1103 3381 angelis
1144 3308 1414 3364 omnibus.
1460 3307 1605 3362 Talis
1631 3317 1748 3361 erat
1776 3305 2011 3363 Joannes
2043 3321 2057 3357 :
2086 3319 2193 3359 non

612 3404 1022 3470 multitudinem,
1055 3419 1159 3458 non
1189 3403 1442 3473 gloriam,
1473 3414 1579 3456 non
1610 3399 1752 3455 aliud
1781 3399 1993 3470 quidvis
2023 3398 2194 3469 respi-

609 3496 811 3559 ciebat;
844 3493 937 3549 sed
968 3494 1083 3548 hare
1109 3494 1287 3549 omnia
1333 3491 1609 3557 caleabat,
1640 3499 1695 3545 et
1724 3505 1847 3546 cum
1876 3504 1937 3545 ea
1967 3504 2068 3560 qna
2096 3503 2193 3559 par

608 3594 723 3639 erat
744 3583 991 3640 libertate
1017 3598 1137 3654 qua:
1154 3582 1349 3638 Christi
1380 3592 1543 3641 erant
1562 3580 1812 3636 omnibus
1842 3579 2189 3651 praedicabat.

611 3678 732 3732 Ideo
759 3677 931 3731 locum
958 3674 1152 3730 indicat
1181 3674 1531 3745 evangelista,
1566 3681 1623 3728 ut
1650 3671 1972 3728 vocalissimi
1998 3684 2194 3741 praeco-

612 3771 692 3822 nis
729 3766 973 3822 fiduciam
1003 3766 1332 3821 ostenderet.
1377 3764 1491 3819 Non
1514 3764 1692 3830 domi,
1736 3777 1841 3818 non
1873 3763 1925 3817 in
1961 3761 2191 3832 angulo,

620 3876 724 3913 non
777 3858 829 3914 in
878 3858 1096 3913 deserto
1140 3859 1182 3921 ²,
1235 3855 1327 3911 seti
1354 3854 1418 3910 ad
1445 3854 1729 3911 Jordanem
1763 3854 1814 3908 in
1845 3852 2022 3908 medio
2054 3852 2193 3906 mul-

611 3952 870 4017 titudinis,
897 3950 1359 4022 praesentibusque
1393 3948 1640 4002 omnibus
1662 3940 1750 4015 qui
1777 3945 1845 4000 ab
1873 3946 1989 4016 ipso
2018 3944 2193 4014 bapti-

610 4044 865 4096 zabantur
894 4044 909 4107 (
934 4040 1157 4096 aderant
1179 4039 1321 4095 enim
1359 4038 1593 4107 Judaei),
1622 4036 1918 4091 mirabilem
1952 4036 2093 4091 illam
2124 4035 2192 4091 de

609 4132 827 4187 Christo
849 4131 1160 4204 prmdicavit
1189 4130 1581 4187 confessionem
1612 4128 1951 4193 sublimibus,
1984 4130 2192 4197 magnis

607 4223 919 4294 arcanisque
949 4223 1158 4294 plenam
1187 4221 1525 4293 dogmatibus
1546 4264 1558 4287 ,
1588 4220 1730 4291 quod
1765 4235 1871 4275 non
1902 4229 2045 4275 esset
2079 4220 2191 4290 ipse

607 4319 799 4388 dignus
825 4317 911 4387 qui
940 4316 1224 4387 corrigiam
1246 4314 1597 4369 calceatnenti
1625 4314 1741 4381 ejus
1766 4313 2019 4367 solveret.
2050 4312 2194 4377 Quo-

610 4410 770 4465 modo
800 4418 975 4463 autem
1019 4406 1070 4462 id
1097 4407 1239 4476 agit?
1272 4406 1364 4460 llis
1392 4418 1588 4474 nempe
1616 4404 1793 4459 verbis
1820 4422 1831 4457 :
1862 4402 1987 4457 "me
2013 4404 2065 4456 in
2097 4401 2193 4456 Be-

610 4502 787 4554 thania
814 4505 947 4570 facta
977 4507 1116 4552 sunt.
1160 4498 1501 4554 Accuratiora
1534 4505 1711 4550 autem
1743 4496 2063 4565 exemplaria
2095 4496 2190 4549 ha-

609 4594 769 4657 bent,
804 4591 867 4645 ln
916 4590 1223 4645 Betltabara.
1273 4589 1403 4644 Nam
1450 4588 1705 4643 Bethania
1755 4603 1857 4641 non
1907 4598 1990 4641 est
2046 4597 2191 4642 trans

606 4685 915 4751 Jordnnem,
941 4698 1114 4753 neque
1142 4683 1193 4736 in
1222 4683 1457 4747 deserto,
1476 4681 1568 4736 sed
1593 4697 1756 4752 prope
1777 4680 2187 4751 Jerosolymam.

610 4777 745 4830 Loca
798 4782 975 4829 autem
1037 4775 1137 4828 alia
1186 4775 1347 4828 etiam
1394 4774 1463 4828 de
1525 4788 1683 4827 causa
1727 4772 2011 4841 significat.
2057 4772 2189 4825 Cum

608 4868 750 4921 enim
780 4883 866 4921 res
893 4881 995 4920 non
1023 4866 1269 4936 antiquas
1288 4907 1301 4929 ,
1344 4864 1437 4919 sed
1467 4880 1587 4935 qua:
1618 4865 1775 4934 paulo
1801 4873 1925 4917 ante
1954 4864 2191 4933 contige-

606 4968 765 5023 rant,
797 4967 1105 5011 narraturus
1134 4965 1280 5011 esset
1300 4998 1315 5023 ,
1346 4956 1464 5010 illos
1493 4955 1581 5025 qui
1611 4956 1835 5010 aderant
1865 4963 1919 5009 et
1948 4954 2193 5009 viderant

603 5050 866 5103 dictorum
917 5054 1081 5102 testes
1128 5045 1389 5113 advocat,
1419 5060 1591 5116 exque
1644 5045 1774 5100 locis
1826 5045 2191 5099 testiinonium

605 5143 815 5210 accipit.
848 5139 985 5195 Cum
1015 5136 1158 5194 enim
1207 5138 1395 5193 fideret
1440 5152 1499 5193 se
1542 5137 1670 5191 nihil
1704 5137 1911 5191 veritati
1960 5136 2190 5202 addere,

600 5236 698 5289 sed
724 5250 783 5289 ea
810 5249 927 5304 qua:
951 5241 1097 5303 gesta
1128 5232 1338 5287 fuerant
1358 5246 1481 5286 vere
1504 5240 1558 5287 et
1584 5232 1895 5300 simpliciter
1916 5244 2189 5296 enarrare,

605 5342 633 5379 a
664 5327 783 5381 loco
812 5324 1175 5385 testimonium
1220 5324 1445 5395 accipit,
1478 5339 1599 5393 quae
1624 5339 1733 5377 non
1780 5322 1933 5388 levis,
1965 5331 2023 5375 ut
2049 5320 2189 5386 dixi,

671 5498 685 5528 ⁸
724 5494 881 5559 Aliqui
926 5493 1138 5559 legunt,
1173 5492 1224 5543 in
1274 5494 1536 5559 Bethubafa
1564 5494 1693 5559 :__sic
1725 5494 1771 5542 in
1806 5492 2193 5559 accuratiorihus

608 5554 1203 5619 exentplaribus'legitur,
1227 5558 1380 5619 inquit
1413 5556 1534 5619 infra
1566 5556 1959 5619 Chrysostotnus,
1987 5558 2069 5617 qui
2106 5555 2190 5604 ad-

605 5620 672 5669 (ιη
710 5617 985 5667 Bethaniam
1021 5617 1114 5667 non
1152 5617 1570 5668 tratts‘tordanem
1605 5617 1718 5666 esSe
1742 5654 1756 5677 ,
1790 5617 1877 5665 sed
1912 5629 2065 5680 prope
2107 5625 2188 5666 .te-

605 5680 908 5743 rosolymam.
955 5681 1152 5738 Quidam
1190 5687 1357 5743 putant
1390 5680 1529 5729 aliam
1572 5680 1653 5729 hic
1686 5680 1961 5729 Bethaniam
2002 5691 2189 5729 memo-

606 5742 717 5798 rari,
734 5756 843 5849 qua:
873 5742 937 5791 sit
960 5750 1092 5791 trans
1112 5742 1383 5789 Jordatn-tn.

669 5804 690 5833 ³
729 5804 741 5849 |
768 5802 864 5849 iud.
890 5817 981 5849 non
1004 5819 1050 5849 ιη
1089 5808 1293 5849 deserto-
1323 5803 1383 5849 dt-

669 5804 690 5833 ³
729 5801 864 5863 Illud,
890 5817 981 5853 non
1004 5819 1050 5855 ill
1089 5808 1294 5861 deserto,
1323 5803 1461 5852 tit-ist
1488 5804 1532 5851 in
1558 5801 1792 5866 tlur‘tmis.

2298 2390 2472 2447 futura
2510 2401 2627 2448 erat
2667 2395 2907 2451 veritatis
2946 2392 3356 2456 demonstratio.
3394 2400 3569 2457 Altera
3606 2412 3773 2458 autem
3814 2405 3903 2459 die

2294 2484 2418 2538 vidit
2436 2484 2661 2540 Joannes
2688 2486 2865 2541 Jesum
2886 2491 3159 2544 uenientem
3179 2493 3248 2545 ad
3267 2509 3347 2561 se,
3376 2504 3424 2548 et
3446 2496 3519 2549 ait
3542 2511 3561 2550 :
3582 2496 3715 2551 Ecce
3729 2515 3902 2569 agnus

2296 2572 2427 2639 Dei,
2455 2575 2542 2643 qui
2572 2577 2705 2630 tollit
2747 2589 2949 2647 peccata
2987 2582 3183 2636 mundi.
3214 2583 3610 2642 Distribuerunt
3653 2597 3900 2660 tempora

2300 2666 2642 2738 evangelista!
2668 2685 2682 2722 :
2707 2668 2986 2726 Mattharus
3026 2682 3265 2744 tempora
3297 2691 3417 2746 quas
3455 2676 3677 2735 Joannis
3714 2680 3905 2751 Bapti-

2301 2766 2401 2815 sta:
2435 2760 2645 2815 vincula
2689 2773 3082 2830 pra-cesserunt
3131 2765 3366 2823 breviter
3393 2777 3797 2841 transcurrens,
3829 2772 3900 2829 ad

2303 2853 2583 2921 sequentia
2615 2863 2907 2923 properat;
2948 2855 3185 2913 Joannes
3215 2867 3392 2914 autem
3425 2862 3754 2933 evangelista
3782 2879 3900 2921 non

2303 2943 2465 2999 modo
2509 2943 2626 3001 hmo
2676 2960 2781 3000 non
2830 2946 3065 3003 breviter
3115 2952 3512 3020 praetercurrit,
3557 2954 3652 3011 sed
3707 2956 3760 3011 in
3812 2955 3904 3013 his

2303 3036 2534 3092 maxime
2565 3036 2900 3094 immoratur.
2930 3041 3043 3106 Ille,
3076 3052 3358 3114 postquam
3384 3047 3531 3101 venit
3554 3046 3713 3103 Jesus
3739 3061 3771 3102 c
3796 3047 3906 3104 de-

2299 3141 2463 3196 serto,
2495 3130 2827 3187 intermediis
2848 3133 3090 3200 omissis;
3118 3136 3267 3191 verbi
3298 3139 3491 3208 gratia,
3517 3155 3637 3209 qua:
3658 3139 3906 3197 Joannes

2297 3221 2546 3293 loquutus
2573 3233 2689 3289 est,
2716 3240 2836 3294 quae
2883 3226 3158 3282 mittentes
3203 3227 3375 3284 Judaei
3418 3229 3698 3296 dixerunt;
3727 3242 3901 3288 caete-

2296 3315 2480 3385 risquc
2510 3316 2689 3371 missis
2713 3316 2987 3385 omnibus,
3017 3320 3197 3374 statim
3229 3321 3443 3378 transiit
3468 3322 3535 3379 ad
3570 3338 3845 3380 carcerem
3872 3340 3890 3378 :

2296 3402 2424 3459 Cum
2492 3407 2752 3474 audisset,
2810 3407 3013 3479 inquit,
3056 3409 3240 3474 Jesus,
3289 3411 3431 3481 quod
3477 3412 3701 3468 traditus
3751 3422 3905 3471 esset

2296 3498 2550 3564 Joannes,
2579 3501 2780 3555 secessit
2809 3502 2925 3557 inde
2950 3502 2971 3574 (
2999 3502 3187 3557 Matth.
3226 3503 3312 3558 lt.
3351 3505 3473 3573 l3).
3506 3503 3743 3562 Joannes
3764 3522 3904 3563 vero

2299 3606 2406 3647 non
2436 3593 2545 3660 sic,
2574 3592 2669 3648 sed
2698 3594 3080 3662 profectionem
3112 3596 3165 3650 in
3192 3596 3466 3655 desertum
3494 3600 3677 3667 tacuit,
3708 3610 3903 3672 utpote

2297 3682 2602 3738 aMatthmo
2645 3692 2933 3751 narratam;
2962 3700 3027 3740 ea
3068 3702 3196 3742 vero
3242 3703 3362 3758 qua:
3405 3698 3527 3760 post
3572 3690 3900 3749 descensum

2300 3788 2365 3828 ex
2407 3783 2589 3829 monte
2612 3786 2762 3845 gesta
2810 3786 2936 3831 sunt
2978 3778 3245 3843 narravit,
3274 3789 3329 3834 et
3372 3780 3538 3835 multa
3572 3792 3906 3852 praetercur-

2300 3880 2425 3921 rens
2449 3866 2633 3937 adjicit
2660 3882 2672 3916 :
2706 3866 2951 3922 Nondum
2981 3872 3112 3924 enim
3146 3872 3329 3926 missus
3376 3875 3542 3943 fuerat
3586 3873 3815 3930 Joannes
3843 3876 3902 3931 in

2298 3974 2550 4014 carcerem
2578 3958 2759 4029 (Joan.
2802 3962 2855 4016 5.
2883 3961 2997 4035 Ἡ).
3031 3963 3095 4017 Ει
3123 3979 3220 4019 cur
3240 4005 3256 4029 ,
3290 3965 3498 4037 inquies
3521 4009 3536 4033 ,
3571 3983 3713 4023 nunc
3736 3968 3904 4027 Jesus

2299 4050 2445 4103 venit
2473 4050 2538 4105 ad
2561 4050 2821 4108 Joannem
2840 4068 2945 4109 non
2970 4055 3156 4122 semel,
3186 4055 3281 4110 sed
3310 4057 3427 4112 bis?
3457 4057 3589 4114 Nam
3614 4060 3903 4118 Mattltteus

2298 4143 2514 4213 quidem
2544 4146 2852 4200 necessario
2894 4147 3043 4202 illum
3082 4148 3149 4202 ad
3196 4149 3460 4219 baptisma
3493 4152 3705 4207 venisse
3733 4152 3897 4220 dicit;

2300 4236 2351 4291 id
2373 4237 2513 4307 quod
2540 4237 2829 4293 ostendens
2854 4238 3011 4293 Jesus
3036 4239 3249 4309 adjicit:
3275 4241 3365 4296 Sic
3394 4243 3534 4297 decet
3561 4260 3652 4299 nos
3677 4245 3897 4315 implere

2300 4342 2496 4383 omnem
2516 4330 2773 4398 justitiam
2805 4331 3019 4401 (Matth.
3041 4334 3182 4389 3.15
3214 4332 3255 4403 ).
3277 4334 3513 4389 Joannes
3543 4351 3671 4391 vero
3699 4338 3900 4395 iterum

2300 4420 2510 4476 venisse
2529 4422 2677 4476 illam
2699 4421 2831 4477 dicit
2854 4432 2972 4492 post
2993 4424 3253 4493 baptisma
3280 4442 3294 4490 ;
3326 4426 3376 4481 id
3401 4427 3539 4497 quod
3560 4428 3733 4498 palam
3769 4431 3903 4487 facit

2300 4513 2383 4569 his
2432 4515 2607 4570 verbis
2639 4532 2653 4568 :
2683 4515 2794 4587 Ego
2846 4517 2952 4569 vidi
3000 4502 3253 4585 Spiritum
3313 4520 3695 4575 descendente»:
3746 4525 3905 4589 quasi

2299 4606 2619 4673 columbam,
2650 4617 2697 4661 et
2726 4618 3006 4662 manentem
3035 4624 3186 4678 super
3213 4626 3323 4663 eum
3353 4609 3534 4680 (Joau.
3560 4613 3609 4666 1.
3640 4612 3753 4683 52).
3787 4612 3905 4670 Cur

2296 4712 2425 4767 ergo
2445 4697 2589 4752 venit
2616 4697 2681 4751 ad
2702 4697 2995 4753 Joannem?
3022 4698 3137 4754 Non
3161 4699 3321 4755 modo
3350 4700 3495 4755 enim
3528 4703 3700 4770 venit,
3717 4703 3813 4759 sed
3844 4715 3905 4761 et

2298 4787 2445 4841 illum
2475 4787 2625 4841 adiit.
2656 4787 2783 4841 Cum
2818 4790 3005 4843 veniret
3026 4832 3042 4856 ,
3074 4791 3281 4861 inquit,
3326 4792 3395 4845 ad
3424 4810 3560 4859 eum,
3594 4795 3714 4847 vidit
3744 4811 3891 4851 eum.

2295 4880 2405 4935 Cur
2433 4895 2562 4951 ergo
2588 4882 2769 4935 venit?
2800 4882 2934 4951 Quia
2970 4883 3061 4938 ille
3087 4883 3261 4954 ipsum
3285 4898 3408 4939 cum
3440 4887 3620 4941 multis
3648 4886 3901 4957 baptiza-

2298 4971 2392 5036 vit,
2419 4972 2489 5026 ita
2518 4982 2576 5027 ut
2608 4987 2767 5027 nemo
2796 4974 3159 5043 suspicaretur
3189 4974 3361 5045 ipsum
3383 4976 3575 5032 eadem
3603 4976 3674 5034 de
3699 4993 3894 5046 causa,

2297 5077 2397 5131 qua
2426 5062 2511 5117 alit
2538 5106 2553 5128 ,
2585 5064 2651 5117 ad
2681 5063 2941 5119 Joannem
2986 5066 3283 5121 accessisse
3303 5107 3317 5129 ,
3352 5076 3404 5121 ut
3438 5068 3643 5124 scilicet
3670 5081 3898 5139 peccata

2296 5156 2659 5220 confiteretur,
2686 5163 2740 5209 et
2762 5156 2812 5211 in
2840 5157 3207 5226 pumitenliam
3231 5158 3538 5215 ablueretur
3564 5162 3616 5216 in
3648 5161 3897 5220 flumine.

2298 5245 2420 5301 Ideo
2446 5247 2671 5311 accedit,
2705 5247 2839 5303 dans
2881 5248 3072 5303 Joanni
3114 5251 3312 5315 locum,
3342 5261 3396 5306 ut
3426 5251 3586 5307 talem
3614 5267 3894 5313 amoveret

2296 5339 2677 5407 suspicionem.
2720 5338 2852 5395 Nam
2897 5356 3021 5396 cum
3070 5341 3200 5396 dicit
3226 5385 3239 5404 ,
3277 5340 3407 5397 Ecce
3450 5360 3612 5414 agnus
3645 5343 3775 5412 Dei,
3804 5348 3899 5415 qui

2296 5431 2427 5484 tollit
2460 5442 2719 5500 peccatum
2746 5434 2926 5487 mundi
2945 5475 2958 5499 ,
2994 5442 3160 5487 totam
3203 5433 3346 5487 illam
3378 5433 3599 5504 depellit
3630 5435 3900 5505 suSpicio-

2297 5537 2441 5576 nem.
2487 5523 2586 5589 Qui
2641 5524 2783 5578 enim
2835 5526 2905 5579 ita
2956 5539 3121 5593 purus
3153 5535 3269 5587 est,
3320 5534 3375 5578 ut
3413 5526 3640 5581 altorum
3675 5537 3901 5596 peccata

2298 5614 2467 5680 possit
2494 5614 2716 5667 abluere
2736 5655 2750 5677 ,
2786 5614 2829 5667 is
2854 5656 2868 5677 ,
2898 5626 2955 5669 ut
2988 5616 3160 5684 palam
3188 5623 3291 5679 est,
3326 5630 3432 5669 non
3460 5625 3519 5671 ut
3544 5626 3761 5686 peccata
3794 5632 3899 5674 sua

2295 5704 2614 5759 confiteatur
2641 5706 2878 5773 accedit,
2925 5708 3019 5762 sed
3069 5714 3125 5761 ut
3171 5706 3487 5761 admirando
3535 5708 3608 5763 illi
3658 5711 3901 5779 priuetmi

2301 5795 2638 5851 occasionem
2681 5796 2917 5867 pra-beat
2942 5838 2957 5868 ,
2999 5807 3057 5852 ut
3108 5797 3343 5855 secunda
3376 5798 3707 5871 repetitaque
3759 5815 3896 5858 voco
