4162 6326
165 353 258 409 {00

171 484 280 540 qua:
305 466 455 538 prius
482 466 638 521 dicta
690 465 906 522 fuerant
937 467 987 520 in
1031 454 1362 520 audientium
1393 462 1588 517 animis
1619 461 1779 515 altius

174 564 646 632 imprimerentur,
679 561 895 632 aliaque
940 574 1149 614 rursum
1212 556 1598 627 adjicerentur.
1648 553 1780 610 Illuo

176 667 379 717 autem,
415 650 585 717 Ecce,
632 652 840 708 dictum
879 660 998 716 est,
1045 650 1168 721 quia
1218 648 1371 703 multi
1400 662 1545 719 saepe
1570 662 1636 702 ex
1667 647 1777 716 jam

179 747 325 803 dictis
350 753 407 803 et
442 760 475 801 ι
516 746 693 801 multo
735 754 975 814 tempore
1019 742 1336 817 quzerebant
1362 755 1508 795 eum.
1546 739 1779 809 ideoque

178 848 495 909 przesentem
535 839 686 894 illum
714 836 950 893 ostendit
992 850 1056 890 ac
1082 834 1250 900 dicit,
1284 833 1452 897 Ecce;
1481 830 1777 909 ostendens

177 907 323 987 illum
358 933 536 1003 ipsum
567 946 691 987 esse
717 930 807 1001 qui
853 929 964 998 jam
992 928 1118 983 olim
1164 926 1527 998 quaerebatur.
1574 907 1671 979 llic
1697 932 1781 978 est

176 1038 366 1094 agnus.
398 1026 613 1094 Agnum
639 1031 823 1076 autem
853 1029 1044 1087 vocat,
1088 1020 1143 1075 in
1189 1027 1428 1074 mentem
1462 1016 1771 1071 Iudaeorum

174 1129 436 1170 revocans
489 1111 822 1184 prophetiam
871 1110 1023 1166 Isaiae
1049 1152 1064 1175 ,
1102 1098 1313 1166 necnon
1342 1109 1589 1163 umbram
1622 1107 1771 1162 illam
1803 1110 1809 1117 '

174 1206 373 1279 Hoysis
420 1214 663 1274 tempore
686 1246 702 1271 ,
732 1212 790 1258 ut
825 1219 922 1273 per
948 1190 1173 1274 figuram
1230 1202 1352 1257 illos
1378 1201 1547 1270 magis
1577 1198 1644 1254 ad
1672 1214 1767 1253 ve-

175 1298 386 1353 ritatem
413 1296 732 1353 adduceret.
758 1295 854 1351 Ille
882 1295 1099 1366 quidem
1138 1310 1309 1364 agnus
1354 1293 1556 1348 nullius
1587 1305 1776 1362 pecca-

174 1398 283 1443 tum
311 1388 563 1456 accepit;
592 1386 680 1442 hic
712 1395 889 1441 autem
920 1386 1087 1447 totius
1114 1385 1261 1441 orbis
1288 1392 1561 1439 terrarum
1585 1376 1777 1451 pecca-

174 1492 241 1535 ta.
291 1479 700 1535 Perielitantem
743 1479 945 1549 quippe
994 1476 1254 1531 mundum
1300 1477 1408 1533 cito
1447 1474 1516 1529 ab
1548 1474 1627 1530 ira
1677 1472 1773 1528 Dei

172 1571 387 1640 eripuit.
421 1570 511 1627 50.
556 1568 661 1624 Hic
700 1578 772 1624 est
815 1570 879 1623 de
904 1584 1006 1638 quo
1035 1567 1144 1621 dixi
1163 1608 1179 1634 ,
1218 1565 1321 1633 Qui
1351 1574 1466 1636 post
1490 1581 1571 1619 me
1600 1564 1729 1619 venit
1753 1599 1769 1629 ,

171 1671 285 1716 ante
320 1677 405 1716 me
431 1661 600 1730 {actus
628 1656 727 1714 est.

233 1756 292 1810 2.
330 1750 527 1807 Viden‘
565 1748 732 1804 etiam
794 1745 883 1799 hic
937 1757 1050 1814 quo
1082 1748 1272 1813 pacto
1324 1756 1516 1796 vocem
1585 1739 1756 1805 illam,

176 1847 331 1909 Ante,
360 1836 800 1912 interpretatur?
845 1834 980 1891 Nam
1008 1849 1135 1889 cum
1168 1834 1402 1889 dixisset
1444 1848 1669 1903 agnum,
1702 1841 1758 1887 et

168 1930 337 1998 ipsum
362 1928 552 1984 tollere
579 1936 853 1998 pewatum
880 1928 1087 1994 mundi,
1123 1938 1250 1983 tunc
1280 1929 1353 1982 ait
1377 1968 1392 1995 ,
1423 1927 1552 1981 Ante
1575 1942 1655 1981 me
1681 1928 1763 1997 fa-

165 2031 270 2076 ctus
289 2031 369 2076 est
384 2038 405 2087 ;
432 2021 722 2076 ostendens
742 2019 896 2087 illud,
924 2020 1076 2087 Ante,
1106 2021 1182 2075 sic
1212 2019 1588 2089 explicandum
1620 2033 1763 2084 esse,

164 2111 303 2182 quod
348 2111 501 2167 tollat
548 2119 766 2181 peccata
798 2110 1005 2178 mundi,
1046 2110 1188 2181 quod
1221 2110 1453 2180 baptizet
1482 2109 1533 2163 in
1563 2109 1765 2179 Spiritu

164 2210 365 2256 sancto.
392 2200 671 2257 Adventus
696 2202 894 2272 quippe
916 2215 1067 2255 meus
1090 2201 1219 2255 nihil
1248 2201 1367 2269 plus
1394 2200 1577 2255 habuit
1603 2215 1763 2269 quam

163 2292 297 2362 quod
339 2307 683 2349 communem
724 2292 870 2348 orbis
900 2292 1297 2348 benefactorem
1323 2290 1724 2361 praedicaverim
1745 2332 1760 2354 ,

157 2395 209 2441 et
234 2386 378 2457 quod
405 2386 727 2455 baptismum
768 2402 921 2457 aqum
966 2385 1428 2449 ministraverim;
1473 2372 1632 2455 hujus
1663 2400 1761 2438 au-

159 2486 261 2533 tem
292 2476 560 2534 adventus
589 2492 726 2549 opus
750 2477 876 2533 illud
895 2486 997 2545 est,
1017 2486 1248 2549 purgare
1278 2476 1523 2533 homines
1546 2491 1758 2543 omnes,

157 2568 416 2625 Paracleti
440 2570 812 2640 operationem
844 2569 1046 2641 largiri.
1073 2569 1170 2625 Hic
1198 2570 1326 2623 Ante
1355 2586 1436 2624 me
1464 2569 1628 2639 factus
1646 2578 1761 2633 est;

157 2663 203 2717 id
230 2674 329 2729 est,
361 2678 449 2719 me
474 2663 673 2718 clarior
700 2663 964 2733 apparuit,
997 2663 1131 2729 Quia
1159 2665 1299 2734 prior
1341 2680 1419 2716 me
1464 2672 1590 2717 erat.
1625 2663 1761 2717 Eru-

155 2752 372 2808 bescant
418 2755 452 2807 ii
506 2755 596 2822 qui
629 2754 777 2808 Pauli
825 2754 1160 2809 Samosateui
1205 2754 1449 2826 insanum
1517 2768 1756 2809 errorem

152 2860 437 2915 suscepere
465 2845 564 2917 (a),
586 2846 676 2917 qui
700 2856 804 2900 tam
838 2855 1080 2918 apertam
1110 2855 1422 2917 oppugnant
1449 2847 1753 2901 veritatem.

152 2940 236 2995 51.
268 2939 335 2994 Et
353 2957 448 3012 ego
480 2942 757 2995 nesciebam
783 2958 916 2995 eum.
947 2940 1079 2997 Vide
1100 2957 1207 3011 quo
1236 2942 1399 3009 pacto;
1416 2955 1629 2995 omnem
1654 2939 1757 2995 hoc

152 3031 457 3086 teStimonio
484 3028 699 3085 auferat
741 3031 1126 3101 suspicionem,
1160 3028 1455 3086 ostendens
1484 3014 1615 3084 illud
1647 3046 1752 3085 non

150 3137 211 3177 ex
234 3123 465 3177 humana
487 3123 656 3193 gratia
686 3131 740 3178 et
785 3123 1039 3188 amicitia,
1090 3121 1183 3178 sed
1226 3138 1291 3178 ex
1322 3122 1501 3177 divina
1551 3124 1756 3177 revela-

151 3213 287 3269 tione
313 3212 607 3285 proficisci.
639 3212 754 3285 Ego
777 3215 1063 3269 nesciebam
1092 3230 1224 3281 cum,
1254 3213 1444 3284 inquit.
1470 3213 1753 3281 Quomodo

148 3322 270 3378 ergo
302 3307 410 3362 ﬁde
429 3306 626 3378 dignus
654 3306 808 3362 teSIis
836 3304 1051 3361 tueris?
1094 3305 1367 3376 quomodo
1409 3307 1541 3361 alios
1588 3306 1752 3361 doce-

150 3400 245 3464 bis,
275 3401 319 3455 si
351 3401 466 3469 ipse
491 3399 747 3469 ignores?
779 3397 894 3453 Non
945 3398 1100 3462 dixit,
1133 3397 1250 3452 Non
1276 3398 1401 3453 novi
1426 3397 1597 3464 illum,
1632 3398 1748 3463 sed,

152 3489 442 3546 Naciebam
467 3507 620 3557 eum;
655 3492 725 3545 ita
773 3499 829 3546 ut
856 3490 983 3546 hinc
1029 3490 1265 3545 maxime
1296 3489 1403 3545 fide
1429 3489 1624 3561 dignus
1652 3506 1751 3561 ap-

147 3592 341 3652 pareat.
373 3583 496 3653 Quo
542 3593 703 3653 pacto
728 3583 871 3638 enim
900 3584 953 3637 in
982 3582 1099 3653 ejus
1128 3584 1378 3653 gratiam,
1412 3598 1569 3653 quem
1600 3584 1751 3654 igno-

146 3675 288 3729 rabat
308 3716 323 3739 ,
360 3674 617 3745 loquutus
646 3673 842 3729 fuerit?
883 3672 990 3729 Sed
1015 3683 1069 3727 ut
1094 3673 1446 3743 manifestetur
1473 3676 1527 3727 in
1559 3674 1747 3741 Israel,

146 3765 248 3819 ideo
285 3766 403 3820 mi
428 3766 694 3837 baptizans
738 3766 790 3819 in
830 3781 982 3836 aqua.
1010 3764 1127 3820 Non
1156 3780 1285 3836 ergo
1310 3764 1400 3821 ille
1427 3765 1749 3835 baptismate

145 3870 273 3926 opus
297 3856 565 3924 habebat;
620 3872 799 3929 neque
851 3856 955 3911 alia
995 3857 1063 3912 de
1103 3871 1263 3913 causa
1307 3857 1578 3911 lavacrum
1618 3857 1745 3913 illud

146 3957 387 4016 paratum
412 3946 609 4012 fuerat,
643 3962 802 4017 quam
845 3956 904 4001 ut
932 3947 1183 4002 omnibus
1228 3946 1294 4001 ad
1339 3946 1537 4002 Christi
1586 3945 1744 4001 fidem

144 4040 275 4095 viam
301 4047 592 4095 sterneret.
622 4038 740 4094 Non
766 4039 909 4095 enim
940 4039 1098 4106 dixit,
1129 4038 1202 4096 Ut
1239 4038 1540 4109 baptizatos
1582 4055 1745 4109 puros

144 4130 381 4197 reddam,
407 4144 604 4201 neque,
626 4129 961 4200 Baptizatum
1005 4130 1148 4199 veni,
1179 4138 1239 4185 ut
1265 4146 1293 4184 a
1327 4131 1563 4200 peccatis
1606 4131 1743 4185 libe-

144 4234 295 4285 rem:
336 4221 458 4289 sed,
521 4219 592 4277 Ut
641 4222 988 4291 manifestetur
1034 4223 1088 4275 in
1138 4220 1324 4277 Israel.
1375 4223 1512 4290 Quid
1561 4223 1741 4289 enim,

140 4310 448 4381 amona
483 4312 602 4368 sine
639 4311 961 4382 baptismate
1003 4327 1110 4368 non
1138 4312 1335 4369 licebat
1366 4313 1661 4383 prmdicare
1689 4323 1746 4370 et

140 4404 390 4474 papulum
411 4404 717 4460 attrahere?
743 4405 939 4460 Verum
966 4420 1073 4463 non
1108 4405 1160 4461 id
1194 4407 1263 4462 ita
1298 4406 1455 4463 facile
1488 4407 1603 4463 ﬁeri
1641 4425 1737 4477 po-

141 4503 271 4549 terat
292 4496 335 4548 ¹.
370 4492 553 4565 Neque
583 4495 727 4550 enim
764 4495 835 4550 ita
859 4498 1261 4552 concurrissent
1291 4511 1502 4564 omnes,
1530 4498 1574 4552 si
1603 4515 1740 4568 prau—

140 4584 332 4643 dicatio
370 4587 489 4642 sine
538 4586 859 4657 baptismate
908 4586 1133 4653 fuisset;
1187 4604 1285 4644 nec
1339 4592 1742 4660 comparatione

139 4675 266 4733 facta
288 4679 411 4748 ejus
432 4678 893 4749 prmeminentiam
916 4678 1285 4735 edidicissent.
1310 4679 1584 4750 Siquidem
1605 4680 1741 4734 mul-

138 4772 302 4827 titado
332 4772 535 4838 exibat,
568 4787 675 4827 non
705 4781 762 4827 ut
785 4787 904 4843 qute
942 4771 1157 4829 dicebat
1187 4773 1398 4828 audiret
1432 4792 1445 4826 :
1483 4773 1577 4827 sed
1604 4768 1739 4828 cur?

137 4861 202 4919 Ut
250 4863 572 4920 conﬁtentes
624 4872 841 4935 peccata
892 4865 1317 4935 baptizarentur.
1376 4858 1738 4921 Advenientes

134 4963 304 5010 autem
328 4969 451 5024 quae
478 4954 545 5009 ad
571 4953 847 5010 Christum
870 4956 1189 5026 spectabant
1218 4956 1571 5023 docebantur,
1606 4972 1736 5013 nec-

133 5060 233 5101 non
277 5046 537 5117 baptismi
576 5044 957 5102 differentiam.
1014 5046 1114 5102 Hic
1157 5049 1299 5103 enim
1352 5058 1468 5103 erat
1511 5049 1737 5105 Judaico

133 5139 506 5206 prmstantior;
554 5138 784 5209 ideoque
826 5154 1016 5194 omnes
1056 5140 1455 5197 accurrebant:
1498 5150 1733 5197 attamen

131 5227 210 5285 hic
235 5229 536 5301 baptismus
566 5230 917 5301 imperfectus
937 5240 1073 5287 erat.
1121 5232 1405 5301 Quomodo
1442 5233 1606 5304 igitur
1644 5249 1735 5288 co-

129 5319 359 5389 gnovisti
414 5320 573 5375 eum?
628 5320 731 5376 Per
774 5319 1093 5377 descensum
1142 5323 1392 5393 Spiritus.
1420 5324 1613 5395 inquit.
1653 5318 1733 5380 Ne

129 5411 240 5481 quis
262 5421 449 5467 autem
478 5412 606 5468 hinc
635 5413 929 5481 existimet,
962 5415 1115 5472 illum
1162 5416 1364 5487 Spiritu
1412 5418 1649 5489 eguisse,
1675 5428 1733 5474 ut

129 5517 219 5557 nos
247 5518 494 5575 egemus,
523 5503 648 5559 audi
672 5504 944 5575 quomodo
974 5505 1113 5563 hanc
1132 5524 1346 5581 quoque
1369 5512 1729 5581 suspicionem

181 5615 253 5682 (α)
288 5611 493 5682 praebat
516 5609 691 5682 Paulus
711 5618 1054 5682 Samosateaus
1077 5610 1255 5662 Filium
1290 5613 1472 5665 nullam
1504 5616 1729 5681 Ιηροαε-

128 5676 199 5749 sin'
227 5676 466 5749 habuisse
496 5678 769 5749 antequam
795 5684 859 5720 ex
882 5676 1023 5749 uaria
1058 5683 1363 5749 nasceretur.

127 5743 217 5851 ﬂ;
233 5737 856 5866 ιᾶἓιῗαὺερῶῴὲαῇἓὶᾶπδ
882 5753 942 5789 an
962 5738 1066 5791 sine
1090 5741 1437 5853 baptismate...
1480 5751 1528 5795 et
1564 5756 1719 5808 porru-

458 5894 733 5960 ΡΑτειοι.
782 5901 897 5962 Gn.
932 5903 1102 5970 ΗΧ.

1329 346 1395 402 ΙΝ
1432 344 1746 403 JOANNEM
1785 343 2013 429 ιιοδιλιι.
2059 346 2219 403 XVII.
2264 351 2334 405 al.
2380 349 2519 406 XVI.

3409 355 3511 413 ΗΟ

1892 473 2159 529 amoveat,
2188 466 2483 524 ostendens
2507 466 2740 537 Spiritus
2763 468 3084 524 descensum
3112 467 3179 522 ad
3214 470 3511 538 praedican-

1889 557 2017 612 dum
2046 557 2323 613 Christum
2347 551 2692 617 solummodo
2720 556 2908 618 fuisse.
2938 558 3075 617 Cum
3096 554 3321 618 dixisset
3341 568 3508 633 enim,

1890 648 1960 703 Et
1989 668 2079 721 ego
2109 669 2212 707 non
2235 654 2601 725 cognoscebam
2621 671 2760 722 eum,
2789 646 3100 727 subjunxit:
3127 656 3236 713 Sed
3265 659 3355 731 qui
3374 662 3506 714 misit

1888 758 1968 796 me
1990 744 2253 814 baptizare
2274 746 2329 801 in
2358 763 2515 816 aqua,
2538 747 2628 802 ille
2654 734 2782 801 mihi
2809 749 2943 803 dixit
2985 765 3007 803 :
3053 750 3224 821 Super
3249 767 3397 822 quem
3437 757 3507 807 vi-

1887 828 2024 888 deris
2051 835 2309 906 Spiritum
2330 837 2732 902 descendentem,
2775 849 2823 894 et
2863 850 3153 896 manentem
3175 859 3329 911 super
3352 860 3466 898 cum
3490 878 3505 910 ς

1870 924 1975 995 ille
2002 937 2077 979 est
2099 929 2186 995 qui
2203 928 2428 999 baptizat
2475 934 2527 984 in
2584 930 2789 1001 Spiritu
2835 931 3033 986 sancto.
3063 921 3259 989 Viden'
3305 932 3371 990 ad
3406 936 3508 991 hoc

1885 1018 2100 1073 venisse
2126 1018 2385 1088 Spiritum
2412 1031 2683 1087 sanctum,
2730 1032 2788 1076 ut
2815 1021 3091 1078 Christum
3147 1023 3506 1081 ostenderet?

1887 1108 2018 1164 Erat
2051 1112 2263 1182 quippe
2310 1115 2472 1169 etiam
2525 1114 2749 1171 Joannis
2797 1115 3164 1172 testimonium
3196 1119 3504 1188 suspicione

1884 1216 2130 1257 vacuum.
2165 1204 2237 1260 Ut
2266 1215 2449 1261 autem
2492 1207 2624 1262 illud
2657 1207 2760 1263 ﬁde
2812 1200 3029 1278 dignius
3084 1208 3367 1263 exhiberet
3390 1251 3408 1277 ,
3432 1210 3502 1264 ad

1885 1293 2056 1349 Deum
2084 1295 2299 1351 reduxit
2342 1305 2397 1353 et
2442 1298 2510 1354 ad
2550 1300 2809 1371 Spiritum
2851 1310 3119 1355 sanctum.
3169 1300 3305 1368 Quia
3353 1302 3501 1357 euim

1878 1375 2114 1444 Joannes
2164 1405 2281 1445 rem
2332 1399 2556 1458 tantam,
2608 1399 2715 1447 tam
2760 1393 3132 1448 admirandam
3165 1395 3497 1464 praedicavit,

1879 1492 2000 1548 quae
2032 1489 2214 1549 posset
2238 1480 2511 1539 auditores
2536 1499 2729 1540 omnes
2787 1486 2839 1539 in
2880 1489 3155 1555 stuporem
3188 1482 3495 1557 conjicere;

1879 1586 2073 1643 nempe
2089 1574 2232 1644 quod
2261 1575 2375 1646 ipse
2403 1568 2551 1631 solus
2577 1562 2726 1633 orbis
2754 1586 2974 1647 peccata
3020 1578 3200 1633 omnia
3242 1580 3493 1643 tolleret,

1876 1671 1932 1718 et
1957 1652 2101 1735 quod
2126 1665 2254 1720 doni
2284 1667 2599 1736 magnitudo
2619 1667 2687 1723 ad
2712 1677 2913 1723 tantam
2934 1658 3364 1739 redemptionem
3384 1671 3497 1726 suf-

1878 1754 2065 1811 ticeret
2098 1772 2113 1810 :
2146 1756 2285 1813 hanc
2325 1758 2543 1813 demum
2582 1761 2906 1816 sententiam
2945 1761 3143 1816 firmat.
3186 1750 3493 1818 Conﬁrma-

1876 1853 1965 1901 tur
1990 1855 2171 1902 autem
2203 1862 2270 1903 ex
2302 1863 2369 1903 eo
2396 1849 2540 1919 quod
2564 1851 2635 1905 sit
2663 1850 2836 1906 Filius
2866 1852 2983 1912 Dei.
3024 1837 3169 1922 quod
3196 1870 3302 1909 non
3339 1865 3495 1925 egeat

1873 1934 2218 2005 baptismate,
2253 1947 2307 1993 et
2335 1939 2479 2009 quod
2510 1940 2631 1995 ideo
2659 1951 2867 1996 tantum
2896 1942 3128 2011 Spiritus
3171 1944 3490 2011 descendit,

1874 2036 1932 2083 ut
1963 2028 2108 2085 illum
2135 2031 2520 2105 manifestaret.
2551 2032 2668 2087 Non
2708 2033 2851 2088 enim
2882 2050 3048 2103 penes
3085 2035 3346 2092 Joannem
3375 2047 3492 2092 erat

1873 2120 2133 2191 Spiritum
2165 2124 2317 2189 dare,
2368 2124 2511 2194 quod
2546 2124 2823 2180 declarant
2860 2127 2892 2180 ii
2918 2128 3011 2197 qui
3050 2128 3119 2182 ab
3149 2128 3268 2197 ipso
3312 2129 3490 2198 bapti-

1870 2227 1950 2267 sm
1960 2230 2047 2268 um
2070 2227 2413 2285 acceperant,
2432 2216 2676 2273 dicentes
2703 2235 2717 2271 :
2742 2216 2850 2272 Sed
2870 2235 3031 2289 neque
3046 2219 3091 2273 si
3112 2218 3343 2290 Spiritus
3363 2237 3491 2275 san-

1870 2314 1982 2358 ctus
2010 2313 2085 2359 est
2108 2306 2396 2362 audivimus
2417 2308 2570 2379 (Act.
2603 2308 2692 2363 i9.
2723 2307 2760 2363 2
2779 2311 2823 2381 ).

1942 2396 2174 2454 Christus
2223 2400 2525 2471 baptismate
2576 2390 2801 2459 Joannis
2836 2413 2937 2459 non
2985 2394 3183 2476 egebat,
3212 2406 3302 2461 sed
3329 2405 3485 2462 Chri-

1867 2498 1945 2542 sto
1991 2487 2275 2562 Baptisma.
2346 2484 2517 2561 Quare
2567 2491 2799 2551 Joannes
2854 2496 2917 2551 Β.
2968 2499 3255 2568 frequenter
3308 2499 3483 2564 dicat,

1866 2581 2148 2635 nesciebam
2196 2600 2329 2638 eum.
2371 2615 2442 2624 —
2500 2587 2616 2641 Non
2670 2603 2800 2659 ergo
2864 2590 3186 2658 baptismate
3236 2588 3485 2646 Christus

1866 2670 2079 2740 egebat,
2109 2688 2215 2729 non
2250 2675 2360 2743 illo,
2404 2691 2510 2731 non
2541 2679 2680 2745 alio;
2736 2680 2830 2735 sed
2863 2680 3042 2751 potius
3086 2681 3350 2750 baptisma
3381 2698 3483 2751 po-

1867 2767 2032 2820 tentia
2089 2766 2309 2823 Christi.
2352 2768 2485 2824 Nam
2540 2771 2816 2827 residuum
2870 2781 3031 2844 caput
3076 2783 3195 2829 erat
3239 2777 3480 2830 omnium

1864 2857 2151 2929 bonorum,
2206 2871 2266 2916 ut
2312 2864 2522 2919 scilicet
2569 2865 2869 2936 baptizatus
2912 2868 3116 2939 Spiritu
3163 2883 3353 2926 sancto
3400 2871 3482 2925 dis

1862 2962 2135 3017 gnaretur.
2167 2953 2280 3009 [loc
2316 2950 2547 3026 Spiritus
2581 2958 2783 3013 donum
2820 2959 3027 3016 addidit
3049 2961 3137 3017 ille
3164 2977 3283 3017 eum
3311 2964 3479 3019 adve—

1863 3043 1957 3094 nit.
1983 3041 2072 3096 32.
2108 3042 2177 3097 Et
2204 3047 2547 3102 testimonium
2577 3050 2830 3117 perhibuit
2853 3052 3084 3107 Joannes
3106 3048 3279 3109 dicens
3315 3071 3334 3109 :
3363 3048 3481 3109 Vidi

1863 3130 2118 3201 Spiritum
2159 3136 2545 3217 descendentem
2575 3142 2708 3194 sicut
2746 3134 3063 3210 columbam,
3106 3154 3153 3199 et
3187 3157 3478 3202 manentem

1858 3239 2014 3293 super
2034 3242 2167 3280 eum.
2203 3229 2291 3283 '53.
2319 3229 2386 3282 Et
2428 3230 2537 3302 Ego
2570 3227 2852 3288 nesciebam
2892 3234 3004 3289 eum
3044 3252 3063 3289 :
3090 3225 3181 3292 sed
3213 3234 3304 3310 qui
3340 3240 3478 3295 misit

1859 3333 1939 3370 me
1967 3316 2228 3389 baptizare
2252 3322 2305 3375 in
2342 3325 2617 3401 aqua,ville
2648 3326 2776 3380 mihi
2805 3327 2978 3381 dixit:
3003 3324 3180 3400 Super
3223 3349 3369 3403 quem
3396 3336 3475 3387 vi-

1857 3409 1993 3464 deris
2024 3409 2278 3480 Spiritum
2301 3413 2706 3483 descendentem,
2745 3426 3097 3473 etmanentem
3141 3427 3295 3491 super
3334 3440 3470 3491 eum,

1857 3502 1938 3555 hic
1967 3511 2039 3555 est
2059 3503 2147 3573 qui
2174 3492 2397 3573 baptizat
2427 3506 2479 3559 in
2508 3505 2710 3576 Spiritu
2724 3520 2919 3563 sancto.
2954 3492 3042 3565 31.
3069 3510 3137 3593 Et
3166 3530 3255 3583 ego
3275 3510 3401 3582 vidi,
3424 3527 3475 3570 et

1857 3593 2199 3646 testimonium
2222 3595 2478 3664 perhibui,
2506 3598 2627 3662 quia
2650 3594 2735 3651 hic
2761 3609 2833 3653 est
2865 3598 3033 3653 Filius
3057 3599 3172 3656 Dei.
3200 3604 3475 3675 Frequen-

1858 3693 1939 3739 ter
1968 3686 2073 3740 hoe
2103 3687 2269 3741 utitur
2294 3688 2461 3754 dicto,
2496 3690 2800 3746 Nesciebam
2826 3710 2971 3759 eum;
3005 3682 3103 3750 nec
3132 3697 3249 3752 sine
3274 3713 3433 3754 causa
3455 3741 3470 3760 .

1854 3775 1949 3830 sed
1978 3776 2099 3845 quia
2128 3788 2388 3849 cognatus
2415 3780 2533 3850 ejus
2562 3792 2679 3837 erat
2705 3784 2720 3815 ¹
2744 3772 3040 3841 secundum
3070 3791 3307 3845 carnem.
3340 3780 3475 3846 Ecce

1854 3866 2100 3953 Elisabet,
2154 3872 2348 3953 inquit,
2397 3883 2615 3942 cognata
2656 3876 2857 3943 tumet
2892 3878 3006 3948 ipsa
3037 3881 3265 3951 concepit
3304 3874 3473 3951 ﬁlium

1855 3956 1873 4022 (
1893 3949 2020 4011 Luc.
2052 3962 2103 4013 1.
2144 3949 2275 4030 56).
2323 3961 2401 4017 Ne
2432 3965 2706 4021 videretur
2756 3982 2887 4038 ergo
2926 3949 3261 4039 cognationis
3297 3949 3471 4043 gratia

1853 4049 2018 4121 loqui,
2054 4053 2367 4122 frequenter
2392 4055 2543 4123 dicit,
2582 4056 2889 4114 Nesciebam
2916 4077 3052 4114 eum.
3104 4063 3181 4116 Ac
3227 4079 3354 4119 vere
3395 4066 3466 4119 ita

1851 4157 1939 4198 res
1994 4158 2054 4199 se
2108 4132 2341 4201 habuit:
2377 4164 2504 4202 nam
2553 4157 2668 4205 toto
2723 4151 2846 4205 vitae
2898 4146 3142 4223 tempore
3168 4154 3220 4212 in
3250 4154 3470 4212 deserto

1851 4236 2168 4291 versabatur
2191 4247 2342 4293 extra
2372 4249 2652 4309 paternam
2682 4237 2925 4299 domum.
2950 4240 3063 4301 cur
3090 4262 3240 4320 ergo,
3269 4248 3315 4305 si
3343 4260 3470 4307 ante

1850 4327 2083 4399 Spiritus
2136 4330 2459 4389 descensum
2516 4351 2623 4396 non
2676 4348 2906 4393 noverat
2956 4355 3103 4405 eum,
3144 4350 3200 4396 et
3240 4342 3284 4397 si
3314 4343 3468 4399 illum

1852 4432 1976 4477 tunc
2006 4424 2236 4493 primum
2262 4427 2430 4505 novit,
2462 4437 2588 4483 ante
2616 4416 2944 4499 baptismum
2990 4431 3311 4504 prohibebat
3338 4452 3463 4491 eum

1846 4515 2051 4580 dicens,
2079 4516 2191 4588 Ego
2213 4534 2245 4572 a
2269 4527 2317 4572 te
2346 4508 2499 4574 debeo
2538 4519 2790 4591 baptizari
2822 4507 3049 4592 (Matth.
3084 4527 3136 4580 5.
3170 4527 3237 4580 M
3264 4527 3323 4597 )‘i
3354 4527 3466 4583 Hoc

1846 4610 1989 4662 enim
2025 4610 2235 4680 signum
2267 4628 2315 4666 et
2374 4660 2379 4663 .
2410 4613 2687 4668 Christum
2720 4614 2821 4670 sibi
2850 4616 3021 4685 probe
3052 4628 3240 4673 notum
3276 4617 3462 4675 fuisse.

1847 4701 2049 4758 Verum
2078 4719 2186 4758 non
2216 4705 2307 4759 diu
2334 4714 2489 4771 ante;
2522 4716 2578 4762 et
2608 4706 2731 4777 jure’
2757 4708 2997 4778 quidem.
3026 4710 3161 4765 Nam
3202 4708 3460 4770 miracula

1846 4792 1930 4846 illa
1954 4837 1967 4859 ,
2014 4810 2136 4863 qua:
2178 4794 2304 4850 dum
2352 4813 2487 4866 puer
2526 4807 2668 4854 esset
2700 4798 2861 4855 Jesus
2892 4801 3029 4856 facta
3069 4812 3191 4857 sunt
3215 4846 3229 4870 ,
3264 4819 3462 4875 nempe

1844 4886 1985 4941 circa
2034 4903 2221 4957 magos
2268 4897 2323 4944 et
2373 4876 2599 4959 similia,
2646 4893 2818 4948 multo
2841 4904 2965 4949 ante
2991 4904 3235 4964 tempore
3281 4898 3461 4951 conti-

1843 4990 2049 5049 gerant,
2087 4981 2203 5051 ipso
2228 4997 2442 5051 quoque
2463 4982 2672 5039 Joanne
2704 4985 2882 5040 adhuc
2920 4985 3123 5042 infante
3157 5004 3172 5042 :
3203 5004 3299 5059 per
3322 4981 3461 5059 ntul:

1846 5082 1954 5126 tum
2007 5082 2184 5128 autem
2236 5074 2363 5128 illud
2414 5075 2559 5146 quod
2602 5075 2800 5133 abhinc
2844 5078 3150 5135 intercessit
3206 5090 3456 5151 tempus,

1841 5164 2091 5219 omnibus
2147 5172 2265 5224 erat
2306 5165 2542 5233 ignotus.
2574 5164 2708 5220 Nam
2764 5168 2808 5222 si
2861 5179 3023 5225 natus
3076 5167 3300 5238 fuisset,
3349 5183 3490 5228 nun'

1843 5254 2083 5310 dicturus
2122 5264 2261 5322 erat,
2316 5255 2383 5311 Ut
2428 5258 2786 5327 manifestetur
2834 5259 2888 5313 in
2936 5248 3127 5327 Israel,
3177 5262 3292 5316 ideo
3347 5267 3459 5317 veni

1838 5346 2115 5413 baptizare.

1911 5440 1965 5493 3.
2029 5439 2163 5494 llinc
2202 5440 2377 5511 palam
2420 5444 2503 5497 est
2551 5442 2704 5515 signa
2736 5439 2821 5497 illa
2868 5459 2989 5515 qua:
3050 5460 3079 5500 a
3132 5444 3351 5503 Christo
3400 5448 3452 5504 in

1840 5531 2066 5601 pueritia
2120 5532 2255 5587 facta
2309 5534 2577 5601 feruntur,
2626 5534 2758 5590 falsa
2790 5546 2845 5591 et
2874 5552 2903 5591 a
2952 5536 3271 5607 quibusdam
3325 5554 3454 5593 eou-

1900 5705 1920 5738 ¹
1954 5706 2120 5768 Savil.,
2146 5716 2197 5759 et
2230 5703 2381 5760 Codd.
2416 5710 2543 5770 703,
2578 5711 2705 5772 706,
2739 5713 2811 5761 sic
2843 5712 3157 5762 babent......
3200 5729 3222 5758 ι
3256 5713 3451 5763 Nescie-

1836 5765 1949 5883 grag:
1985 5765 2114 5820 amni
2138 5785 2161 5817 ι
2202 5779 2304 5833 oua
2338 5776 2401 5823 de
2450 5765 2628 5824 causa.
2664 5765 2710 5820 et
2754 5774 2821 5825 ad
2854 5774 2975 5836 quid
3006 5774 3032 5823 .9
3064 5781 3302 5837 cognatus
3347 5775 3456 5842 ejus
