  <div class='ocr_page' id='page_1' title='image "/cluster/home/n/w/nwhite01/storage/ocr_20150623/59/pst.000005712595/109.png"; bbox 0 0 4162 6326; ppageno 0'>
   <div class='ocr_carea' id='block_1_1' title="bbox 700 450 2263 557">
    <p class='ocr_par' dir='ltr' id='par_1_1' title="bbox 700 450 2263 557">
     <span class='ocr_line' id='line_1_1' title="bbox 700 450 2263 557; baseline -0.026 -17"><span class='ocrx_word' id='word_1_1' title='bbox 700 488 818 541; x_wconf 88' lang='lat' dir='ltr'><strong><em>licta</em></strong></span> <span class='ocrx_word' id='word_1_2' title='bbox 868 498 990 541; x_wconf 83' lang='lat' dir='ltr'><strong><em>esse</em></strong></span> <span class='ocrx_word' id='word_1_3' title='bbox 1022 482 1123 557; x_wconf 90' lang='lat' dir='ltr'><strong><em>(a).</em></strong></span> <span class='ocrx_word' id='word_1_4' title='bbox 1147 481 1280 537; x_wconf 79' lang='lat' dir='ltr'><strong><em>Nam</em></strong></span> <span class='ocrx_word' id='word_1_5' title='bbox 1307 477 1353 533; x_wconf 88' lang='lat' dir='ltr'><strong><em>si</em></strong></span> <span class='ocrx_word' id='word_1_6' title='bbox 1393 490 1421 529; x_wconf 91' lang='lat' dir='ltr'><strong><em>a</em></strong></span> <span class='ocrx_word' id='word_1_7' title='bbox 1479 483 1644 544; x_wconf 87' lang='lat' dir='ltr'><strong><em>puero</em></strong></span> <span class='ocrx_word' id='word_1_8' title='bbox 1690 458 1945 519; x_wconf 85' lang='lat' dir='ltr'><strong><em>miracula</em></strong></span> <span class='ocrx_word' id='word_1_9' title='bbox 1990 450 2263 557; x_wconf 67' lang='lat' dir='ltr'><strong><em>edidisset,</em></strong></span> 
     </span>
    </p>
   </div>
   <div class='ocr_carea' id='block_1_2' title="bbox 696 537 2270 637">
    <p class='ocr_par' dir='ltr' id='par_1_2' title="bbox 696 537 2270 637">
     <span class='ocr_line' id='line_1_2' title="bbox 696 537 2270 637; baseline -0.03 -1"><span class='ocrx_word' id='word_1_10' title='bbox 696 580 928 635; x_wconf 84' lang='lat' dir='ltr'><strong><em>Joannes</em></strong></span> <span class='ocrx_word' id='word_1_11' title='bbox 978 537 1093 630; x_wconf 49' lang='lat' dir='ltr'><strong><em>non,</em></strong></span> <span class='ocrx_word' id='word_1_12' title='bbox 1126 572 1273 627; x_wconf 85' lang='lat' dir='ltr'><strong><em>illum</em></strong></span> <span class='ocrx_word' id='word_1_13' title='bbox 1308 562 1679 637; x_wconf 81' lang='lat' dir='ltr'><strong><em>ignoravisset,</em></strong></span> <span class='ocrx_word' id='word_1_14' title='bbox 1733 566 1834 609; x_wconf 88' lang='lat' dir='ltr'><strong><em>nec</em></strong></span> <span class='ocrx_word' id='word_1_15' title='bbox 1878 548 2097 637; x_wconf 67' lang='lat' dir='ltr'><strong><em>reliqua</em></strong></span> <span class='ocrx_word' id='word_1_16' title='bbox 2134 537 2270 628; x_wconf 76' lang='lat' dir='ltr'><strong><em>mul-</em></strong></span> 
     </span>
    </p>
   </div>
   <div class='ocr_carea' id='block_1_3' title="bbox 698 633 2270 741">
    <p class='ocr_par' dir='ltr' id='par_1_3' title="bbox 698 633 2270 741">
     <span class='ocr_line' id='line_1_3' title="bbox 698 633 2270 741; baseline -0.029 -16"><span class='ocrx_word' id='word_1_17' title='bbox 698 670 867 726; x_wconf 90' lang='lat' dir='ltr'><strong><em>titudo</em></strong></span> <span class='ocrx_word' id='word_1_18' title='bbox 912 683 1048 741; x_wconf 87' lang='lat' dir='ltr'><strong><em>opus</em></strong></span> <span class='ocrx_word' id='word_1_19' title='bbox 1083 633 1352 721; x_wconf 71' lang='lat' dir='ltr'><strong><em>habuisset</em></strong></span> <span class='ocrx_word' id='word_1_20' title='bbox 1393 656 1613 712; x_wconf 90' lang='lat' dir='ltr'><strong><em>doctore</em></strong></span> <span class='ocrx_word' id='word_1_21' title='bbox 1659 646 1751 718; x_wconf 89' lang='lat' dir='ltr'><strong><em>qui</em></strong></span> <span class='ocrx_word' id='word_1_22' title='bbox 1799 642 1947 697; x_wconf 90' lang='lat' dir='ltr'><strong><em>illum</em></strong></span> <span class='ocrx_word' id='word_1_23' title='bbox 1993 633 2270 739; x_wconf 78' lang='lat' dir='ltr'><strong><em>indicaret.</em></strong></span> 
     </span>
    </p>
   </div>
   <div class='ocr_carea' id='block_1_4' title="bbox 702 728 2275 827">
    <p class='ocr_par' dir='ltr' id='par_1_4' title="bbox 702 728 2275 827">
     <span class='ocr_line' id='line_1_4' title="bbox 702 728 2275 827; baseline -0.03 -9"><span class='ocrx_word' id='word_1_24' title='bbox 702 762 851 817; x_wconf 85' lang='lat' dir='ltr'><strong><em>Nunc</em></strong></span> <span class='ocrx_word' id='word_1_25' title='bbox 878 728 1051 814; x_wconf 68' lang='lat' dir='ltr'><strong><em>auiem</em></strong></span> <span class='ocrx_word' id='word_1_26' title='bbox 1083 757 1197 827; x_wconf 90' lang='lat' dir='ltr'><strong><em>ipse</em></strong></span> <span class='ocrx_word' id='word_1_27' title='bbox 1220 752 1314 819; x_wconf 91' lang='lat' dir='ltr'><strong><em>ait,</em></strong></span> <span class='ocrx_word' id='word_1_28' title='bbox 1340 764 1402 805; x_wconf 82' lang='lat' dir='ltr'><strong><em>se</em></strong></span> <span class='ocrx_word' id='word_1_29' title='bbox 1426 747 1547 802; x_wconf 89' lang='lat' dir='ltr'><strong><em>ideo</em></strong></span> <span class='ocrx_word' id='word_1_30' title='bbox 1576 741 1806 802; x_wconf 92' lang='lat' dir='ltr'><strong><em>venisse,</em></strong></span> <span class='ocrx_word' id='word_1_31' title='bbox 1835 732 1901 789; x_wconf 89' lang='lat' dir='ltr'><strong><em>Ut</em></strong></span> <span class='ocrx_word' id='word_1_32' title='bbox 1922 728 2275 827; x_wconf 60' lang='lat' dir='ltr'><strong><em>manifestare-</em></strong></span> 
     </span>
    </p>
   </div>
   <div class='ocr_carea' id='block_1_5' title="bbox 702 813 2275 916">
    <p class='ocr_par' dir='ltr' id='par_1_5' title="bbox 702 813 2275 916">
     <span class='ocr_line' id='line_1_5' title="bbox 702 813 2275 916; baseline -0.024 -9"><span class='ocrx_word' id='word_1_33' title='bbox 702 864 782 907; x_wconf 84' lang='lat' dir='ltr'><strong><em>tur</em></strong></span> <span class='ocrx_word' id='word_1_34' title='bbox 800 855 851 906; x_wconf 83' lang='lat' dir='ltr'><strong><em>in</em></strong></span> <span class='ocrx_word' id='word_1_35' title='bbox 879 850 1080 913; x_wconf 75' lang='lat' dir='ltr'><strong><em>Israel;</em></strong></span> <span class='ocrx_word' id='word_1_36' title='bbox 1103 813 1266 916; x_wconf 68' lang='lat' dir='ltr'><strong><em>atque</em></strong></span> <span class='ocrx_word' id='word_1_37' title='bbox 1291 843 1414 899; x_wconf 89' lang='lat' dir='ltr'><strong><em>ideo</em></strong></span> <span class='ocrx_word' id='word_1_38' title='bbox 1433 850 1644 895; x_wconf 82' lang='lat' dir='ltr'><strong><em>rursum</em></strong></span> <span class='ocrx_word' id='word_1_39' title='bbox 1664 829 1898 893; x_wconf 85' lang='lat' dir='ltr'><strong><em>dicebat,</em></strong></span> <span class='ocrx_word' id='word_1_40' title='bbox 1925 822 2093 916; x_wconf 48' lang='grc' dir='ltr'><strong><em>Ερρξ</em></strong></span> <span class='ocrx_word' id='word_1_41' title='bbox 2113 827 2165 916; x_wconf 70' lang='lat' dir='ltr'><strong><em>te</em></strong></span> <span class='ocrx_word' id='word_1_42' title='bbox 2184 813 2275 916; x_wconf 57' lang='lat' dir='ltr'><strong><em>dt:-</em></strong></span> 
     </span>
    </p>
   </div>
   <div class='ocr_carea' id='block_1_6' title="bbox 704 908 2274 1014">
    <p class='ocr_par' dir='ltr' id='par_1_6' title="bbox 704 908 2274 1014">
     <span class='ocr_line' id='line_1_6' title="bbox 704 908 2274 1014; baseline -0.025 -16"><span class='ocrx_word' id='word_1_43' title='bbox 704 946 791 998; x_wconf 76' lang='lat' dir='ltr'><strong><em>bco</em></strong></span> <span class='ocrx_word' id='word_1_44' title='bbox 812 908 1077 1014; x_wconf 63' lang='lat' dir='ltr'><strong><em>baptizari.</em></strong></span> <span class='ocrx_word' id='word_1_45' title='bbox 1104 908 1327 1002; x_wconf 84' lang='lat' dir='ltr'><strong><em>Deinde,</em></strong></span> <span class='ocrx_word' id='word_1_46' title='bbox 1373 938 1555 1001; x_wconf 87' lang='lat' dir='ltr'><strong><em>utpote</em></strong></span> <span class='ocrx_word' id='word_1_47' title='bbox 1589 924 1679 996; x_wconf 88' lang='lat' dir='ltr'><strong><em>qui</em></strong></span> <span class='ocrx_word' id='word_1_48' title='bbox 1708 919 1908 977; x_wconf 86' lang='lat' dir='ltr'><strong><em>clarius</em></strong></span> <span class='ocrx_word' id='word_1_49' title='bbox 1937 908 2274 1014; x_wconf 71' lang='lat' dir='ltr'><strong><em>edidicisset,</em></strong></span> 
     </span>
    </p>
   </div>
   <div class='ocr_carea' id='block_1_7' title="bbox 704 997 2280 1103">
    <p class='ocr_par' dir='ltr' id='par_1_7' title="bbox 704 997 2280 1103">
     <span class='ocr_line' id='line_1_7' title="bbox 704 997 2280 1103; baseline -0.027 -12"><span class='ocrx_word' id='word_1_50' title='bbox 704 997 890 1091; x_wconf 47' lang='lat' dir='ltr'><strong><em>turbis.</em></strong></span> <span class='ocrx_word' id='word_1_51' title='bbox 922 1035 1092 1103; x_wconf 88' lang='lat' dir='ltr'><strong><em>ipsum</em></strong></span> <span class='ocrx_word' id='word_1_52' title='bbox 1139 997 1448 1099; x_wconf 71' lang='lat' dir='ltr'><strong><em>prmdicavit</em></strong></span> <span class='ocrx_word' id='word_1_53' title='bbox 1473 1021 1657 1076; x_wconf 88' lang='lat' dir='ltr'><strong><em>dicens</em></strong></span> <span class='ocrx_word' id='word_1_54' title='bbox 1689 1012 1828 1069; x_wconf 83' lang='lat' dir='ltr'><strong><em>:Hic</em></strong></span> <span class='ocrx_word' id='word_1_55' title='bbox 1843 1016 1947 1064; x_wconf 87' lang='lat' dir='ltr'><strong><em>erat</em></strong></span> <span class='ocrx_word' id='word_1_56' title='bbox 1962 1017 2107 1103; x_wconf 71' lang='lat' dir='ltr'><strong><em>quem</em></strong></span> <span class='ocrx_word' id='word_1_57' title='bbox 2126 997 2233 1103; x_wconf 45' lang='lat' dir='ltr'><strong><em>dislc‘i</em></strong></span> 
     </span>
    </p>
   </div>
   <div class='ocr_carea' id='block_1_8' title="bbox 705 1085 2285 1191">
    <p class='ocr_par' dir='ltr' id='par_1_8' title="bbox 705 1085 2285 1191">
     <span class='ocr_line' id='line_1_8' title="bbox 705 1085 2285 1191; baseline -0.023 -9"><span class='ocrx_word' id='word_1_58' title='bbox 705 1126 833 1181; x_wconf 77' lang='lat' dir='ltr'><strong><em>Post</em></strong></span> <span class='ocrx_word' id='word_1_59' title='bbox 862 1085 1105 1179; x_wconf 38' lang='lat' dir='ltr'><strong><em>metvem&#39;t</em></strong></span> <span class='ocrx_word' id='word_1_60' title='bbox 1131 1121 1206 1174; x_wconf 81' lang='lat' dir='ltr'><strong><em>vir</em></strong></span> <span class='ocrx_word' id='word_1_61' title='bbox 1228 1119 1315 1191; x_wconf 82' lang='lat' dir='ltr'><strong><em>qui</em></strong></span> <span class='ocrx_word' id='word_1_62' title='bbox 1342 1124 1458 1171; x_wconf 87' lang='lat' dir='ltr'><strong><em>ante</em></strong></span> <span class='ocrx_word' id='word_1_63' title='bbox 1478 1128 1554 1167; x_wconf 84' lang='lat' dir='ltr'><strong><em>me</em></strong></span> <span class='ocrx_word' id='word_1_64' title='bbox 1574 1113 1739 1184; x_wconf 74' lang='lat' dir='ltr'><strong><em>factus</em></strong></span> <span class='ocrx_word' id='word_1_65' title='bbox 1767 1112 1874 1168; x_wconf 80' lang='lat' dir='ltr'><strong><em>est;</em></strong></span> <span class='ocrx_word' id='word_1_66' title='bbox 1902 1095 2153 1191; x_wconf 69' lang='lat' dir='ltr'><strong><em>quoniam</em></strong></span> <span class='ocrx_word' id='word_1_67' title='bbox 2183 1085 2285 1154; x_wconf 72' lang='lat' dir='ltr'><strong><em>Qui</em></strong></span> 
     </span>
    </p>
   </div>
   <div class='ocr_carea' id='block_1_9' title="bbox 707 1181 2283 1283">
    <p class='ocr_par' dir='ltr' id='par_1_9' title="bbox 707 1181 2283 1283">
     <span class='ocr_line' id='line_1_9' title="bbox 707 1181 2283 1283; baseline -0.027 -10"><span class='ocrx_word' id='word_1_68' title='bbox 707 1220 843 1273; x_wconf 78' lang='lat' dir='ltr'><strong><em>misit</em></strong></span> <span class='ocrx_word' id='word_1_69' title='bbox 868 1232 945 1271; x_wconf 82' lang='lat' dir='ltr'><strong><em>me</em></strong></span> <span class='ocrx_word' id='word_1_70' title='bbox 970 1213 1224 1283; x_wconf 75' lang='lat' dir='ltr'><strong><em>baptizare</em></strong></span> <span class='ocrx_word' id='word_1_71' title='bbox 1240 1181 1314 1263; x_wconf 53' lang='grc' dir='ltr'><strong><em>’ἔτι</em></strong></span> <span class='ocrx_word' id='word_1_72' title='bbox 1338 1222 1490 1276; x_wconf 88' lang='lat' dir='ltr'><strong><em>aqua,</em></strong></span> <span class='ocrx_word' id='word_1_73' title='bbox 1517 1181 1742 1270; x_wconf 83' lang='lat' dir='ltr'><strong><em>ideoque</em></strong></span> <span class='ocrx_word' id='word_1_74' title='bbox 1765 1209 1855 1251; x_wconf 89' lang='lat' dir='ltr'><strong><em>me</em></strong></span> <span class='ocrx_word' id='word_1_75' title='bbox 1877 1188 2042 1253; x_wconf 92' lang='lat' dir='ltr'><strong><em>misit,</em></strong></span> <span class='ocrx_word' id='word_1_76' title='bbox 2074 1181 2145 1283; x_wconf 60' lang='lat' dir='ltr'><strong><em>Ut</em></strong></span> <span class='ocrx_word' id='word_1_77' title='bbox 2169 1194 2283 1283; x_wconf 73' lang='lat' dir='ltr'><strong><em>nta-</em></strong></span> 
     </span>
    </p>
   </div>
   <div class='ocr_carea' id='block_1_10' title="bbox 707 1272 2286 1377">
    <p class='ocr_par' dir='ltr' id='par_1_10' title="bbox 707 1272 2286 1377">
     <span class='ocr_line' id='line_1_10' title="bbox 707 1272 2286 1377; baseline -0.025 -12"><span class='ocrx_word' id='word_1_78' title='bbox 707 1310 1026 1377; x_wconf 72' lang='lat' dir='ltr'><strong><em>nifestaretur</em></strong></span> <span class='ocrx_word' id='word_1_79' title='bbox 1053 1307 1105 1359; x_wconf 85' lang='lat' dir='ltr'><strong><em>in</em></strong></span> <span class='ocrx_word' id='word_1_80' title='bbox 1133 1301 1316 1368; x_wconf 78' lang='lat' dir='ltr'><strong><em>Israel,</em></strong></span> <span class='ocrx_word' id='word_1_81' title='bbox 1372 1300 1485 1370; x_wconf 85' lang='lat' dir='ltr'><strong><em>ipse</em></strong></span> <span class='ocrx_word' id='word_1_82' title='bbox 1512 1295 1584 1350; x_wconf 86' lang='lat' dir='ltr'><strong><em>illi</em></strong></span> <span class='ocrx_word' id='word_1_83' title='bbox 1612 1302 1739 1347; x_wconf 90' lang='lat' dir='ltr'><strong><em>ante</em></strong></span> <span class='ocrx_word' id='word_1_84' title='bbox 1764 1288 2082 1342; x_wconf 82' lang='lat' dir='ltr'><strong><em>descensum</em></strong></span> <span class='ocrx_word' id='word_1_85' title='bbox 2115 1272 2286 1377; x_wconf 70' lang='lat' dir='ltr'><strong><em>Spiri-</em></strong></span> 
     </span>
    </p>
   </div>
   <div class='ocr_carea' id='block_1_11' title="bbox 710 1366 2289 1469">
    <p class='ocr_par' dir='ltr' id='par_1_11' title="bbox 710 1366 2289 1469">
     <span class='ocr_line' id='line_1_11' title="bbox 710 1366 2289 1469; baseline -0.025 -12"><span class='ocrx_word' id='word_1_86' title='bbox 710 1414 795 1457; x_wconf 85' lang='lat' dir='ltr'><strong><em>tus</em></strong></span> <span class='ocrx_word' id='word_1_87' title='bbox 820 1402 992 1469; x_wconf 90' lang='lat' dir='ltr'><strong><em>ipsum</em></strong></span> <span class='ocrx_word' id='word_1_88' title='bbox 1017 1366 1678 1460; x_wconf 10' lang='lat' dir='ltr'><strong><em>revelavit.ﬁQuamobrem</em></strong></span> <span class='ocrx_word' id='word_1_89' title='bbox 1702 1390 1988 1450; x_wconf 87' lang='lat' dir='ltr'><strong><em>antequam</em></strong></span> <span class='ocrx_word' id='word_1_90' title='bbox 2013 1366 2289 1469; x_wconf 49' lang='lat' dir='ltr'><strong><em>adven-iret</em></strong></span> 
     </span>
    </p>
   </div>
   <div class='ocr_carea' id='block_1_12' title="bbox 708 1456 2288 1551">
    <p class='ocr_par' dir='ltr' id='par_1_12' title="bbox 708 1456 2288 1551">
     <span class='ocr_line' id='line_1_12' title="bbox 708 1456 2288 1551; baseline -0.022 -7"><span class='ocrx_word' id='word_1_91' title='bbox 708 1456 953 1547; x_wconf 76' lang='lat' dir='ltr'><strong><em>dicebat:</em></strong></span> <span class='ocrx_word' id='word_1_92' title='bbox 988 1488 1112 1542; x_wconf 82' lang='lat' dir='ltr'><strong><em>Post</em></strong></span> <span class='ocrx_word' id='word_1_93' title='bbox 1164 1502 1244 1539; x_wconf 85' lang='lat' dir='ltr'><strong><em>me</em></strong></span> <span class='ocrx_word' id='word_1_94' title='bbox 1287 1456 1437 1546; x_wconf 72' lang='lat' dir='ltr'><strong><em>venit,</em></strong></span> <span class='ocrx_word' id='word_1_95' title='bbox 1484 1480 1569 1551; x_wconf 83' lang='lat' dir='ltr'><strong><em>qui</em></strong></span> <span class='ocrx_word' id='word_1_96' title='bbox 1598 1485 1716 1531; x_wconf 82' lang='lat' dir='ltr'><strong><em>ante</em></strong></span> <span class='ocrx_word' id='word_1_97' title='bbox 1751 1488 1830 1527; x_wconf 87' lang='lat' dir='ltr'><strong><em>me</em></strong></span> <span class='ocrx_word' id='word_1_98' title='bbox 1856 1474 2020 1542; x_wconf 71' lang='lat' dir='ltr'><strong><em>{actus</em></strong></span> <span class='ocrx_word' id='word_1_99' title='bbox 2048 1470 2139 1518; x_wconf 82' lang='lat' dir='ltr'><strong><em>est.</em></strong></span> <span class='ocrx_word' id='word_1_100' title='bbox 2171 1456 2288 1513; x_wconf 83' lang='lat' dir='ltr'><strong><em>Non</em></strong></span> 
     </span>
    </p>
   </div>
   <div class='ocr_carea' id='block_1_13' title="bbox 697 1556 2287 1653">
    <p class='ocr_par' dir='ltr' id='par_1_13' title="bbox 697 1556 2287 1653">
     <span class='ocr_line' id='line_1_13' title="bbox 697 1556 2287 1653; baseline -0.019 -20"><span class='ocrx_word' id='word_1_101' title='bbox 697 1598 839 1653; x_wconf 80' lang='lat' dir='ltr'><strong><em>.ergo</em></strong></span> <span class='ocrx_word' id='word_1_102' title='bbox 869 1590 1087 1637; x_wconf 75' lang='lat' dir='ltr'><strong><em>noverat</em></strong></span> <span class='ocrx_word' id='word_1_103' title='bbox 1125 1579 1272 1633; x_wconf 89' lang='lat' dir='ltr'><strong><em>illum</em></strong></span> <span class='ocrx_word' id='word_1_104' title='bbox 1298 1585 1580 1643; x_wconf 82' lang='lat' dir='ltr'><strong><em>antequam</em></strong></span> <span class='ocrx_word' id='word_1_105' title='bbox 1611 1567 1818 1623; x_wconf 88' lang='lat' dir='ltr'><strong><em>veniret</em></strong></span> <span class='ocrx_word' id='word_1_106' title='bbox 1858 1562 1924 1617; x_wconf 88' lang='lat' dir='ltr'><strong><em>ad</em></strong></span> <span class='ocrx_word' id='word_1_107' title='bbox 1961 1556 2246 1615; x_wconf 88' lang='lat' dir='ltr'><strong><em>Jordanem</em></strong></span> <span class='ocrx_word' id='word_1_108' title='bbox 2272 1590 2287 1615; x_wconf 93' lang='lat'><strong><em>,</em></strong></span> 
     </span>
    </p>
   </div>
   <div class='ocr_carea' id='block_1_14' title="bbox 713 1648 2288 1743">
    <p class='ocr_par' dir='ltr' id='par_1_14' title="bbox 713 1648 2288 1743">
     <span class='ocr_line' id='line_1_14' title="bbox 713 1648 2288 1743; baseline -0.022 -14"><span class='ocrx_word' id='word_1_109' title='bbox 713 1648 1007 1743; x_wconf 77' lang='lat' dir='ltr'><strong><em>omnesque</em></strong></span> <span class='ocrx_word' id='word_1_110' title='bbox 1041 1670 1372 1740; x_wconf 86' lang='lat' dir='ltr'><strong><em>haptizaret:</em></strong></span> <span class='ocrx_word' id='word_1_111' title='bbox 1405 1664 1499 1719; x_wconf 89' lang='lat' dir='ltr'><strong><em>sed</em></strong></span> <span class='ocrx_word' id='word_1_112' title='bbox 1526 1658 1742 1732; x_wconf 85' lang='lat' dir='ltr'><strong><em>quando</em></strong></span> <span class='ocrx_word' id='word_1_113' title='bbox 1781 1648 2128 1723; x_wconf 81' lang='lat' dir='ltr'><strong><em>baptizandus</em></strong></span> <span class='ocrx_word' id='word_1_114' title='bbox 2151 1648 2288 1706; x_wconf 90' lang='lat' dir='ltr'><strong><em>erat,</em></strong></span> 
     </span>
    </p>
   </div>
   <div class='ocr_carea' id='block_1_15' title="bbox 716 1740 2293 1831">
    <p class='ocr_par' dir='ltr' id='par_1_15' title="bbox 716 1740 2293 1831">
     <span class='ocr_line' id='line_1_15' title="bbox 716 1740 2293 1831; baseline -0.021 -12"><span class='ocrx_word' id='word_1_115' title='bbox 716 1777 843 1820; x_wconf 89' lang='lat' dir='ltr'><strong><em>tunc</em></strong></span> <span class='ocrx_word' id='word_1_116' title='bbox 865 1740 1011 1818; x_wconf 84' lang='lat' dir='ltr'><strong><em>illum</em></strong></span> <span class='ocrx_word' id='word_1_117' title='bbox 1037 1760 1283 1831; x_wconf 77' lang='lat' dir='ltr'><strong><em>cognovit</em></strong></span> <span class='ocrx_word' id='word_1_118' title='bbox 1313 1776 1327 1812; x_wconf 89' lang='lat'><strong>:</strong></span> <span class='ocrx_word' id='word_1_119' title='bbox 1358 1758 1473 1825; x_wconf 89' lang='lat' dir='ltr'><strong><em>ipso</em></strong></span> <span class='ocrx_word' id='word_1_120' title='bbox 1518 1754 1675 1809; x_wconf 88' lang='lat' dir='ltr'><strong><em>Patre</em></strong></span> <span class='ocrx_word' id='word_1_121' title='bbox 1715 1749 1861 1804; x_wconf 90' lang='lat' dir='ltr'><strong><em>illum</em></strong></span> <span class='ocrx_word' id='word_1_122' title='bbox 1907 1740 2178 1831; x_wconf 70' lang='lat' dir='ltr'><strong><em>propheta:</em></strong></span> <span class='ocrx_word' id='word_1_123' title='bbox 2206 1747 2293 1787; x_wconf 84' lang='lat' dir='ltr'><strong><em>re-</em></strong></span> 
     </span>
    </p>
   </div>
   <div class='ocr_carea' id='block_1_16' title="bbox 716 1825 2297 1920">
    <p class='ocr_par' dir='ltr' id='par_1_16' title="bbox 716 1825 2297 1920">
     <span class='ocr_line' id='line_1_16' title="bbox 716 1825 2297 1920; baseline -0.019 -13"><span class='ocrx_word' id='word_1_124' title='bbox 716 1855 944 1919; x_wconf 87' lang='lat' dir='ltr'><strong><em>velante,</em></strong></span> <span class='ocrx_word' id='word_1_125' title='bbox 967 1861 1021 1907; x_wconf 92' lang='lat' dir='ltr'><strong><em>et</em></strong></span> <span class='ocrx_word' id='word_1_126' title='bbox 1038 1825 1235 1920; x_wconf 78' lang='lat' dir='ltr'><strong><em>Spiritu</em></strong></span> <span class='ocrx_word' id='word_1_127' title='bbox 1258 1850 1428 1919; x_wconf 81' lang='lat' dir='ltr'><strong><em>ipSum</em></strong></span> <span class='ocrx_word' id='word_1_128' title='bbox 1450 1845 1573 1899; x_wconf 91' lang='lat' dir='ltr'><strong><em>dum</em></strong></span> <span class='ocrx_word' id='word_1_129' title='bbox 1597 1840 1952 1911; x_wconf 88' lang='lat' dir='ltr'><strong><em>baptizaretur</em></strong></span> <span class='ocrx_word' id='word_1_130' title='bbox 1979 1825 2297 1887; x_wconf 86' lang='lat' dir='ltr'><strong><em>ostendente</em></strong></span> 
     </span>
    </p>
   </div>
   <div class='ocr_carea' id='block_1_17' title="bbox 718 1919 2298 2012">
    <p class='ocr_par' dir='ltr' id='par_1_17' title="bbox 718 1919 2298 2012">
     <span class='ocr_line' id='line_1_17' title="bbox 718 1919 2298 2012; baseline -0.021 -12"><span class='ocrx_word' id='word_1_131' title='bbox 718 1944 937 2010; x_wconf 69' lang='lat' dir='ltr'><strong><em>Judaeis,</em></strong></span> <span class='ocrx_word' id='word_1_132' title='bbox 968 1919 1195 2012; x_wconf 81' lang='lat' dir='ltr'><strong><em>quorum</em></strong></span> <span class='ocrx_word' id='word_1_133' title='bbox 1220 1953 1380 1995; x_wconf 88' lang='lat' dir='ltr'><strong><em>causa</em></strong></span> <span class='ocrx_word' id='word_1_134' title='bbox 1409 1936 1638 2005; x_wconf 85' lang='lat' dir='ltr'><strong><em>Spiritus</em></strong></span> <span class='ocrx_word' id='word_1_135' title='bbox 1666 1926 1961 1985; x_wconf 89' lang='lat' dir='ltr'><strong><em>descendit.</em></strong></span> <span class='ocrx_word' id='word_1_136' title='bbox 1987 1919 2200 2012; x_wconf 70' lang='lat' dir='ltr'><strong><em>Etenim</em></strong></span> <span class='ocrx_word' id='word_1_137' title='bbox 2231 1928 2298 1968; x_wconf 92' lang='lat' dir='ltr'><strong><em>ne</em></strong></span> 
     </span>
    </p>
   </div>
   <div class='ocr_carea' id='block_1_18' title="bbox 717 2006 2299 2090">
    <p class='ocr_par' dir='ltr' id='par_1_18' title="bbox 717 2006 2299 2090">
     <span class='ocr_line' id='line_1_18' title="bbox 717 2006 2299 2090; baseline -0.021 0"><span class='ocrx_word' id='word_1_138' title='bbox 717 2034 940 2090; x_wconf 83' lang='lat' dir='ltr'><strong><em>Joannis</em></strong></span> <span class='ocrx_word' id='word_1_139' title='bbox 966 2030 1325 2089; x_wconf 84' lang='lat' dir='ltr'><strong><em>testimonium</em></strong></span> <span class='ocrx_word' id='word_1_140' title='bbox 1374 2029 1804 2084; x_wconf 85' lang='lat' dir='ltr'><strong><em>contemneretur</em></strong></span> <span class='ocrx_word' id='word_1_141' title='bbox 1848 2012 2094 2077; x_wconf 82' lang='lat' dir='ltr'><strong><em>dicentis,</em></strong></span> <span class='ocrx_word' id='word_1_142' title='bbox 2145 2006 2299 2061; x_wconf 82' lang='lat' dir='ltr'><strong><em>Prior</em></strong></span> 
     </span>
    </p>
   </div>
   <div class='ocr_carea' id='block_1_19' title="bbox 725 2098 2299 2192">
    <p class='ocr_par' dir='ltr' id='par_1_19' title="bbox 725 2098 2299 2192">
     <span class='ocr_line' id='line_1_19' title="bbox 725 2098 2299 2192; baseline -0.02 -11"><span class='ocrx_word' id='word_1_143' title='bbox 725 2144 803 2179; x_wconf 79' lang='lat' dir='ltr'><strong><em>me</em></strong></span> <span class='ocrx_word' id='word_1_144' title='bbox 831 2136 957 2192; x_wconf 79' lang='lat' dir='ltr'><strong><em>erat,</em></strong></span> <span class='ocrx_word' id='word_1_145' title='bbox 988 2135 1061 2190; x_wconf 90' lang='lat' dir='ltr'><strong><em>et,</em></strong></span> <span class='ocrx_word' id='word_1_146' title='bbox 1090 2124 1144 2178; x_wconf 91' lang='lat' dir='ltr'><strong><em>ln</em></strong></span> <span class='ocrx_word' id='word_1_147' title='bbox 1176 2122 1373 2190; x_wconf 80' lang='lat' dir='ltr'><strong><em>Spiritu</em></strong></span> <span class='ocrx_word' id='word_1_148' title='bbox 1416 2117 1680 2188; x_wconf 89' lang='lat' dir='ltr'><strong><em>baptizat,</em></strong></span> <span class='ocrx_word' id='word_1_149' title='bbox 1726 2122 1798 2176; x_wconf 88' lang='lat' dir='ltr'><strong><em>et,</em></strong></span> <span class='ocrx_word' id='word_1_150' title='bbox 1829 2102 2093 2164; x_wconf 86' lang='lat' dir='ltr'><strong><em>Judieabit</em></strong></span> <span class='ocrx_word' id='word_1_151' title='bbox 2111 2098 2299 2192; x_wconf 77' lang='lat' dir='ltr'><strong><em>orbem</em></strong></span> 
     </span>
    </p>
   </div>
   <div class='ocr_carea' id='block_1_20' title="bbox 725 2189 2295 2286">
    <p class='ocr_par' dir='ltr' id='par_1_20' title="bbox 725 2189 2295 2286">
     <span class='ocr_line' id='line_1_20' title="bbox 725 2189 2295 2286; baseline -0.022 -15"><span class='ocrx_word' id='word_1_152' title='bbox 725 2217 916 2286; x_wconf 89' lang='lat' dir='ltr'><strong><em>(Joan.</em></strong></span> <span class='ocrx_word' id='word_1_153' title='bbox 944 2189 998 2270; x_wconf 58' lang='grc' dir='ltr'><strong><em>ι.</em></strong></span> <span class='ocrx_word' id='word_1_154' title='bbox 1029 2215 1118 2269; x_wconf 74' lang='lat' dir='ltr'><strong><em>ao.</em></strong></span> <span class='ocrx_word' id='word_1_155' title='bbox 1148 2189 1237 2268; x_wconf 76' lang='lat'><strong><em>55.</em></strong></span> <span class='ocrx_word' id='word_1_156' title='bbox 1277 2221 1323 2264; x_wconf 83' lang='lat' dir='ltr'><strong><em>et</em></strong></span> <span class='ocrx_word' id='word_1_157' title='bbox 1350 2211 1403 2265; x_wconf 83' lang='lat'><strong><em>5.</em></strong></span> <span class='ocrx_word' id='word_1_158' title='bbox 1428 2205 1554 2278; x_wconf 82' lang='lat' dir='ltr'><strong><em>i7);</em></strong></span> <span class='ocrx_word' id='word_1_159' title='bbox 1580 2204 1735 2259; x_wconf 88' lang='lat' dir='ltr'><strong><em>Pater</em></strong></span> <span class='ocrx_word' id='word_1_160' title='bbox 1762 2199 1955 2256; x_wconf 86' lang='lat' dir='ltr'><strong><em>Filium</em></strong></span> <span class='ocrx_word' id='word_1_161' title='bbox 1978 2189 2295 2286; x_wconf 57' lang='lat' dir='ltr'><strong><em>pumicatis,</em></strong></span> 
     </span>
    </p>
   </div>
   <div class='ocr_carea' id='block_1_21' title="bbox 728 2277 2302 2372">
    <p class='ocr_par' dir='ltr' id='par_1_21' title="bbox 728 2277 2302 2372">
     <span class='ocr_line' id='line_1_21' title="bbox 728 2277 2302 2372; baseline -0.02 -11"><span class='ocrx_word' id='word_1_162' title='bbox 728 2323 911 2361; x_wconf 85' lang='lat' dir='ltr'><strong><em>vocem</em></strong></span> <span class='ocrx_word' id='word_1_163' title='bbox 963 2306 1195 2361; x_wconf 88' lang='lat' dir='ltr'><strong><em>emittit:</em></strong></span> <span class='ocrx_word' id='word_1_164' title='bbox 1224 2289 1453 2372; x_wconf 85' lang='lat' dir='ltr'><strong><em>Spiritus</em></strong></span> <span class='ocrx_word' id='word_1_165' title='bbox 1493 2295 1730 2357; x_wconf 77' lang='lat' dir='ltr'><strong><em>advenit,</em></strong></span> <span class='ocrx_word' id='word_1_166' title='bbox 1774 2303 1961 2345; x_wconf 89' lang='lat' dir='ltr'><strong><em>vocem</em></strong></span> <span class='ocrx_word' id='word_1_167' title='bbox 2007 2286 2059 2339; x_wconf 93' lang='lat' dir='ltr'><strong><em>in</em></strong></span> <span class='ocrx_word' id='word_1_168' title='bbox 2103 2277 2302 2336; x_wconf 89' lang='lat' dir='ltr'><strong><em>Christi</em></strong></span> 
     </span>
    </p>
   </div>
   <div class='ocr_carea' id='block_1_22' title="bbox 723 2371 2305 2467">
    <p class='ocr_par' dir='ltr' id='par_1_22' title="bbox 723 2371 2305 2467">
     <span class='ocr_line' id='line_1_22' title="bbox 723 2371 2305 2467; baseline -0.014 -15"><span class='ocrx_word' id='word_1_169' title='bbox 723 2407 886 2467; x_wconf 86' lang='lat' dir='ltr'><strong><em>caput.</em></strong></span> <span class='ocrx_word' id='word_1_170' title='bbox 906 2396 1239 2467; x_wconf 79' lang='lat' dir='ltr'><strong><em>perlraltcns.</em></strong></span> <span class='ocrx_word' id='word_1_171' title='bbox 1270 2393 1402 2461; x_wconf 88' lang='lat' dir='ltr'><strong><em>Quia</em></strong></span> <span class='ocrx_word' id='word_1_172' title='bbox 1431 2386 1685 2445; x_wconf 84' lang='lat' dir='ltr'><strong><em>enimille</em></strong></span> <span class='ocrx_word' id='word_1_173' title='bbox 1713 2379 2047 2467; x_wconf 84' lang='lat' dir='ltr'><strong><em>baptizabat,</em></strong></span> <span class='ocrx_word' id='word_1_174' title='bbox 2085 2373 2175 2467; x_wconf 76' lang='lat' dir='ltr'><strong><em>hic</em></strong></span> <span class='ocrx_word' id='word_1_175' title='bbox 2204 2371 2305 2431; x_wconf 82' lang='lat' dir='ltr'><strong><em>ba-</em></strong></span> 
     </span>
    </p>
   </div>
   <div class='ocr_carea' id='block_1_23' title="bbox 726 2464 2310 2557">
    <p class='ocr_par' dir='ltr' id='par_1_23' title="bbox 726 2464 2310 2557">
     <span class='ocr_line' id='line_1_23' title="bbox 726 2464 2310 2557; baseline -0.017 -15"><span class='ocrx_word' id='word_1_176' title='bbox 726 2464 1038 2557; x_wconf 76' lang='lat' dir='ltr'><strong><em>ptizabatur,</em></strong></span> <span class='ocrx_word' id='word_1_177' title='bbox 1070 2499 1136 2539; x_wconf 91' lang='lat' dir='ltr'><strong><em>ne</em></strong></span> <span class='ocrx_word' id='word_1_178' title='bbox 1175 2484 1293 2553; x_wconf 85' lang='lat' dir='ltr'><strong><em>quis</em></strong></span> <span class='ocrx_word' id='word_1_179' title='bbox 1320 2497 1384 2537; x_wconf 77' lang='lat' dir='ltr'><strong><em>ex</em></strong></span> <span class='ocrx_word' id='word_1_180' title='bbox 1434 2477 1790 2551; x_wconf 60' lang='lat' dir='ltr'><strong><em>praesentibus</em></strong></span> <span class='ocrx_word' id='word_1_181' title='bbox 1836 2468 1963 2527; x_wconf 89' lang='lat' dir='ltr'><strong><em>illud</em></strong></span> <span class='ocrx_word' id='word_1_182' title='bbox 1995 2466 2064 2522; x_wconf 91' lang='lat' dir='ltr'><strong><em>de</em></strong></span> <span class='ocrx_word' id='word_1_183' title='bbox 2102 2464 2310 2519; x_wconf 82' lang='lat' dir='ltr'><strong><em>Joanne</em></strong></span> 
     </span>
    </p>
   </div>
   <div class='ocr_carea' id='block_1_24' title="bbox 726 2553 2312 2641">
    <p class='ocr_par' dir='ltr' id='par_1_24' title="bbox 726 2553 2312 2641">
     <span class='ocr_line' id='line_1_24' title="bbox 726 2553 2312 2641; baseline -0.016 -10"><span class='ocrx_word' id='word_1_184' title='bbox 726 2553 927 2631; x_wconf 75' lang='lat' dir='ltr'><strong><em>dictum</em></strong></span> <span class='ocrx_word' id='word_1_185' title='bbox 964 2588 1083 2629; x_wconf 86' lang='lat' dir='ltr'><strong><em>esse</em></strong></span> <span class='ocrx_word' id='word_1_186' title='bbox 1130 2580 1356 2641; x_wconf 87' lang='lat' dir='ltr'><strong><em>putaret,</em></strong></span> <span class='ocrx_word' id='word_1_187' title='bbox 1415 2570 1559 2624; x_wconf 80' lang='lat' dir='ltr'><strong><em>venit</em></strong></span> <span class='ocrx_word' id='word_1_188' title='bbox 1586 2566 1817 2635; x_wconf 89' lang='lat' dir='ltr'><strong><em>Spiritus</em></strong></span> <span class='ocrx_word' id='word_1_189' title='bbox 1855 2560 1944 2630; x_wconf 89' lang='lat' dir='ltr'><strong><em>qui</em></strong></span> <span class='ocrx_word' id='word_1_190' title='bbox 1972 2558 2109 2611; x_wconf 93' lang='lat' dir='ltr'><strong><em>hanc</em></strong></span> <span class='ocrx_word' id='word_1_191' title='bbox 2138 2553 2312 2624; x_wconf 81' lang='lat' dir='ltr'><strong><em>suspi-</em></strong></span> 
     </span>
    </p>
   </div>
   <div class='ocr_carea' id='block_1_25' title="bbox 726 2650 2309 2732">
    <p class='ocr_par' dir='ltr' id='par_1_25' title="bbox 726 2650 2309 2732">
     <span class='ocr_line' id='line_1_25' title="bbox 726 2650 2309 2732; baseline -0.016 -10"><span class='ocrx_word' id='word_1_192' title='bbox 726 2669 935 2723; x_wconf 89' lang='lat' dir='ltr'><strong><em>cionem</em></strong></span> <span class='ocrx_word' id='word_1_193' title='bbox 960 2674 1254 2721; x_wconf 83' lang='lat' dir='ltr'><strong><em>amoveret.</em></strong></span> <span class='ocrx_word' id='word_1_194' title='bbox 1286 2662 1467 2732; x_wconf 86' lang='lat' dir='ltr'><strong><em>itaque</em></strong></span> <span class='ocrx_word' id='word_1_195' title='bbox 1493 2674 1613 2715; x_wconf 92' lang='lat' dir='ltr'><strong><em>cum</em></strong></span> <span class='ocrx_word' id='word_1_196' title='bbox 1638 2657 1787 2721; x_wconf 90' lang='lat' dir='ltr'><strong><em>dicit,</em></strong></span> <span class='ocrx_word' id='word_1_197' title='bbox 1832 2650 2135 2707; x_wconf 81' lang='lat' dir='ltr'><strong><em>Nesciebam</em></strong></span> <span class='ocrx_word' id='word_1_198' title='bbox 2172 2662 2309 2712; x_wconf 83' lang='lat' dir='ltr'><strong><em>eum,</em></strong></span> 
     </span>
    </p>
   </div>
   <div class='ocr_carea' id='block_1_26' title="bbox 729 2748 2312 2827">
    <p class='ocr_par' dir='ltr' id='par_1_26' title="bbox 729 2748 2312 2827">
     <span class='ocr_line' id='line_1_26' title="bbox 729 2748 2312 2827; baseline -0.015 -14"><span class='ocrx_word' id='word_1_199' title='bbox 729 2759 797 2813; x_wconf 89' lang='lat' dir='ltr'><strong><em>de</em></strong></span> <span class='ocrx_word' id='word_1_200' title='bbox 817 2758 1086 2827; x_wconf 69' lang='lat' dir='ltr'><strong><em>praeterito</em></strong></span> <span class='ocrx_word' id='word_1_201' title='bbox 1110 2756 1161 2809; x_wconf 90' lang='lat' dir='ltr'><strong><em>id</em></strong></span> <span class='ocrx_word' id='word_1_202' title='bbox 1188 2751 1584 2823; x_wconf 82' lang='lat' dir='ltr'><strong><em>intelligendum</em></strong></span> <span class='ocrx_word' id='word_1_203' title='bbox 1609 2757 1692 2805; x_wconf 90' lang='lat' dir='ltr'><strong><em>est</em></strong></span> <span class='ocrx_word' id='word_1_204' title='bbox 1724 2757 1985 2816; x_wconf 90' lang='lat' dir='ltr'><strong><em>tempore,</em></strong></span> <span class='ocrx_word' id='word_1_205' title='bbox 2006 2756 2114 2797; x_wconf 90' lang='lat' dir='ltr'><strong><em>non</em></strong></span> <span class='ocrx_word' id='word_1_206' title='bbox 2135 2748 2312 2792; x_wconf 90' lang='lat' dir='ltr'><strong><em>autem</em></strong></span> 
     </span>
    </p>
   </div>
   <div class='ocr_carea' id='block_1_27' title="bbox 732 2835 2318 2920">
    <p class='ocr_par' dir='ltr' id='par_1_27' title="bbox 732 2835 2318 2920">
     <span class='ocr_line' id='line_1_27' title="bbox 732 2835 2318 2920; baseline -0.014 -17"><span class='ocrx_word' id='word_1_207' title='bbox 732 2850 798 2904; x_wconf 90' lang='lat' dir='ltr'><strong><em>de</em></strong></span> <span class='ocrx_word' id='word_1_208' title='bbox 828 2865 892 2905; x_wconf 88' lang='lat' dir='ltr'><strong><em>eo</em></strong></span> <span class='ocrx_word' id='word_1_209' title='bbox 920 2849 1060 2920; x_wconf 91' lang='lat' dir='ltr'><strong><em>quod</em></strong></span> <span class='ocrx_word' id='word_1_210' title='bbox 1088 2848 1353 2917; x_wconf 87' lang='lat' dir='ltr'><strong><em>baptismo</em></strong></span> <span class='ocrx_word' id='word_1_211' title='bbox 1397 2844 1694 2915; x_wconf 80' lang='lat' dir='ltr'><strong><em>proximum</em></strong></span> <span class='ocrx_word' id='word_1_212' title='bbox 1734 2847 1870 2894; x_wconf 90' lang='lat' dir='ltr'><strong><em>erat.</em></strong></span> <span class='ocrx_word' id='word_1_213' title='bbox 1913 2835 2046 2891; x_wconf 83' lang='lat' dir='ltr'><strong><em>Nam</em></strong></span> <span class='ocrx_word' id='word_1_214' title='bbox 2086 2846 2193 2902; x_wconf 92' lang='lat' dir='ltr'><strong><em>quo</em></strong></span> <span class='ocrx_word' id='word_1_215' title='bbox 2224 2844 2318 2899; x_wconf 87' lang='lat' dir='ltr'><strong><em>pa-</em></strong></span> 
     </span>
    </p>
   </div>
   <div class='ocr_carea' id='block_1_28' title="bbox 732 2917 2316 3010">
    <p class='ocr_par' dir='ltr' id='par_1_28' title="bbox 732 2917 2316 3010">
     <span class='ocr_line' id='line_1_28' title="bbox 732 2917 2316 3010; baseline -0.016 -15"><span class='ocrx_word' id='word_1_216' title='bbox 732 2951 820 2995; x_wconf 89' lang='lat' dir='ltr'><strong><em>cto</em></strong></span> <span class='ocrx_word' id='word_1_217' title='bbox 840 2917 1200 3010; x_wconf 81' lang='lat' dir='ltr'><strong><em>prohibuisset</em></strong></span> <span class='ocrx_word' id='word_1_218' title='bbox 1226 2952 1347 2991; x_wconf 90' lang='lat' dir='ltr'><strong><em>eum</em></strong></span> <span class='ocrx_word' id='word_1_219' title='bbox 1374 2935 1579 2999; x_wconf 89' lang='lat' dir='ltr'><strong><em>dicens,</em></strong></span> <span class='ocrx_word' id='word_1_220' title='bbox 1606 2931 1714 3001; x_wconf 85' lang='lat' dir='ltr'><strong><em>Ego</em></strong></span> <span class='ocrx_word' id='word_1_221' title='bbox 1729 2946 1761 2982; x_wconf 93' lang='lat' dir='ltr'><strong><em>a</em></strong></span> <span class='ocrx_word' id='word_1_222' title='bbox 1784 2938 1831 2981; x_wconf 86' lang='lat' dir='ltr'><strong><em>te</em></strong></span> <span class='ocrx_word' id='word_1_223' title='bbox 1855 2926 2007 2980; x_wconf 86' lang='lat' dir='ltr'><strong><em>debeo</em></strong></span> <span class='ocrx_word' id='word_1_224' title='bbox 2030 2917 2316 2993; x_wconf 80' lang='lat' dir='ltr'><strong><em>baptizari?</em></strong></span> 
     </span>
    </p>
   </div>
   <div class='ocr_carea' id='block_1_29' title="bbox 733 3010 2311 3101">
    <p class='ocr_par' dir='ltr' id='par_1_29' title="bbox 733 3010 2311 3101">
     <span class='ocr_line' id='line_1_29' title="bbox 733 3010 2311 3101; baseline -0.015 -18"><span class='ocrx_word' id='word_1_225' title='bbox 733 3029 998 3101; x_wconf 85' lang='lat' dir='ltr'><strong><em>quomodo</em></strong></span> <span class='ocrx_word' id='word_1_226' title='bbox 1041 3035 1183 3082; x_wconf 88' lang='lat' dir='ltr'><strong><em>tanta</em></strong></span> <span class='ocrx_word' id='word_1_227' title='bbox 1230 3026 1478 3094; x_wconf 90' lang='lat' dir='ltr'><strong><em>loquutus</em></strong></span> <span class='ocrx_word' id='word_1_228' title='bbox 1513 3020 1733 3076; x_wconf 79' lang='lat' dir='ltr'><strong><em>luisset?</em></strong></span> <span class='ocrx_word' id='word_1_229' title='bbox 1757 3017 1865 3072; x_wconf 89' lang='lat' dir='ltr'><strong><em>Cur</em></strong></span> <span class='ocrx_word' id='word_1_230' title='bbox 1898 3029 2048 3085; x_wconf 90' lang='lat' dir='ltr'><strong><em>ergo,</em></strong></span> <span class='ocrx_word' id='word_1_231' title='bbox 2079 3010 2311 3080; x_wconf 88' lang='lat' dir='ltr'><strong><em>inquies,</em></strong></span> 
     </span>
    </p>
   </div>
   <div class='ocr_carea' id='block_1_30' title="bbox 736 3102 2318 3181">
    <p class='ocr_par' dir='ltr' id='par_1_30' title="bbox 736 3102 2318 3181">
     <span class='ocr_line' id='line_1_30' title="bbox 736 3102 2318 3181; baseline -0.014 -8"><span class='ocrx_word' id='word_1_232' title='bbox 736 3137 841 3176; x_wconf 90' lang='lat' dir='ltr'><strong><em>non</em></strong></span> <span class='ocrx_word' id='word_1_233' title='bbox 871 3119 1213 3175; x_wconf 87' lang='lat' dir='ltr'><strong><em>crediderunt</em></strong></span> <span class='ocrx_word' id='word_1_234' title='bbox 1241 3115 1449 3171; x_wconf 80' lang='lat' dir='ltr'><strong><em>Judaei?</em></strong></span> <span class='ocrx_word' id='word_1_235' title='bbox 1494 3126 1665 3181; x_wconf 90' lang='lat' dir='ltr'><strong><em>neque</em></strong></span> <span class='ocrx_word' id='word_1_236' title='bbox 1713 3109 1857 3165; x_wconf 90' lang='lat' dir='ltr'><strong><em>enim</em></strong></span> <span class='ocrx_word' id='word_1_237' title='bbox 1895 3105 2041 3161; x_wconf 91' lang='lat' dir='ltr'><strong><em>solus</em></strong></span> <span class='ocrx_word' id='word_1_238' title='bbox 2082 3102 2318 3157; x_wconf 89' lang='lat' dir='ltr'><strong><em>Joannes</em></strong></span> 
     </span>
    </p>
   </div>
   <div class='ocr_carea' id='block_1_31' title="bbox 733 3188 2318 3271">
    <p class='ocr_par' dir='ltr' id='par_1_31' title="bbox 733 3188 2318 3271">
     <span class='ocr_line' id='line_1_31' title="bbox 733 3188 2318 3271; baseline -0.015 -6"><span class='ocrx_word' id='word_1_239' title='bbox 733 3209 1006 3265; x_wconf 87' lang='lat' dir='ltr'><strong><em>Christum</em></strong></span> <span class='ocrx_word' id='word_1_240' title='bbox 1036 3208 1243 3262; x_wconf 83' lang='lat' dir='ltr'><strong><em>viderat</em></strong></span> <span class='ocrx_word' id='word_1_241' title='bbox 1272 3206 1323 3260; x_wconf 92' lang='lat' dir='ltr'><strong><em>in</em></strong></span> <span class='ocrx_word' id='word_1_242' title='bbox 1351 3203 1612 3259; x_wconf 74' lang='lat' dir='ltr'><strong><em>columba:</em></strong></span> <span class='ocrx_word' id='word_1_243' title='bbox 1635 3199 1835 3271; x_wconf 85' lang='lat' dir='ltr'><strong><em>specie.</em></strong></span> <span class='ocrx_word' id='word_1_244' title='bbox 1857 3196 1988 3264; x_wconf 86' lang='lat' dir='ltr'><strong><em>Quia</em></strong></span> <span class='ocrx_word' id='word_1_245' title='bbox 2010 3190 2220 3247; x_wconf 90' lang='lat' dir='ltr'><strong><em>etiamsi</em></strong></span> <span class='ocrx_word' id='word_1_246' title='bbox 2243 3188 2318 3243; x_wconf 91' lang='lat' dir='ltr'><strong><em>illi</em></strong></span> 
     </span>
    </p>
   </div>
   <div class='ocr_carea' id='block_1_32' title="bbox 737 3284 2318 3365">
    <p class='ocr_par' dir='ltr' id='par_1_32' title="bbox 737 3284 2318 3365">
     <span class='ocr_line' id='line_1_32' title="bbox 737 3284 2318 3365; baseline -0.013 -11"><span class='ocrx_word' id='word_1_247' title='bbox 737 3300 1013 3363; x_wconf 86' lang='lat' dir='ltr'><strong><em>viderant,</em></strong></span> <span class='ocrx_word' id='word_1_248' title='bbox 1064 3307 1121 3351; x_wconf 91' lang='lat' dir='ltr'><strong><em>at</em></strong></span> <span class='ocrx_word' id='word_1_249' title='bbox 1166 3312 1254 3351; x_wconf 91' lang='lat' dir='ltr'><strong><em>res</em></strong></span> <span class='ocrx_word' id='word_1_250' title='bbox 1302 3292 1603 3365; x_wconf 88' lang='lat' dir='ltr'><strong><em>hujusmodi</em></strong></span> <span class='ocrx_word' id='word_1_251' title='bbox 1655 3306 1761 3345; x_wconf 91' lang='lat' dir='ltr'><strong><em>non</em></strong></span> <span class='ocrx_word' id='word_1_252' title='bbox 1801 3284 2074 3356; x_wconf 89' lang='lat' dir='ltr'><strong><em>corporeis</em></strong></span> <span class='ocrx_word' id='word_1_253' title='bbox 2116 3288 2318 3336; x_wconf 82' lang='lat' dir='ltr'><strong><em>tantum</em></strong></span> 
     </span>
    </p>
   </div>
   <div class='ocr_carea' id='block_1_33' title="bbox 737 3372 2321 3459">
    <p class='ocr_par' dir='ltr' id='par_1_33' title="bbox 737 3372 2321 3459">
     <span class='ocr_line' id='line_1_33' title="bbox 737 3372 2321 3459; baseline -0.012 -13"><span class='ocrx_word' id='word_1_254' title='bbox 737 3393 904 3447; x_wconf 85' lang='lat' dir='ltr'><strong><em>oculis</em></strong></span> <span class='ocrx_word' id='word_1_255' title='bbox 949 3404 1085 3459; x_wconf 91' lang='lat' dir='ltr'><strong><em>opus</em></strong></span> <span class='ocrx_word' id='word_1_256' title='bbox 1136 3388 1355 3455; x_wconf 86' lang='lat' dir='ltr'><strong><em>habent,</em></strong></span> <span class='ocrx_word' id='word_1_257' title='bbox 1410 3385 1504 3441; x_wconf 91' lang='lat' dir='ltr'><strong><em>sed</em></strong></span> <span class='ocrx_word' id='word_1_258' title='bbox 1558 3383 1732 3454; x_wconf 87' lang='lat' dir='ltr'><strong><em>potius</em></strong></span> <span class='ocrx_word' id='word_1_259' title='bbox 1777 3378 1994 3442; x_wconf 90' lang='lat' dir='ltr'><strong><em>mentis,</em></strong></span> <span class='ocrx_word' id='word_1_260' title='bbox 2042 3390 2111 3430; x_wconf 89' lang='lat' dir='ltr'><strong><em>ne</em></strong></span> <span class='ocrx_word' id='word_1_261' title='bbox 2146 3372 2321 3427; x_wconf 84' lang='lat' dir='ltr'><strong><em>inanis</em></strong></span> 
     </span>
    </p>
   </div>
   <div class='ocr_carea' id='block_1_34' title="bbox 743 3465 2321 3553">
    <p class='ocr_par' dir='ltr' id='par_1_34' title="bbox 743 3465 2321 3553">
     <span class='ocr_line' id='line_1_34' title="bbox 743 3465 2321 3553; baseline -0.013 -16"><span class='ocrx_word' id='word_1_262' title='bbox 743 3483 1020 3553; x_wconf 90' lang='lat' dir='ltr'><strong><em>phantasia</em></strong></span> <span class='ocrx_word' id='word_1_263' title='bbox 1046 3496 1165 3536; x_wconf 89' lang='lat' dir='ltr'><strong><em>esse</em></strong></span> <span class='ocrx_word' id='word_1_264' title='bbox 1193 3486 1489 3550; x_wconf 86' lang='lat' dir='ltr'><strong><em>putaretur.</em></strong></span> <span class='ocrx_word' id='word_1_265' title='bbox 1516 3475 1647 3529; x_wconf 83' lang='lat' dir='ltr'><strong><em>Nam</em></strong></span> <span class='ocrx_word' id='word_1_266' title='bbox 1682 3472 1726 3528; x_wconf 91' lang='lat' dir='ltr'><strong><em>si</em></strong></span> <span class='ocrx_word' id='word_1_267' title='bbox 1770 3468 2021 3525; x_wconf 88' lang='lat' dir='ltr'><strong><em>miracula</em></strong></span> <span class='ocrx_word' id='word_1_268' title='bbox 2071 3465 2321 3521; x_wconf 87' lang='lat' dir='ltr'><strong><em>edentem</em></strong></span> 
     </span>
    </p>
   </div>
   <div class='ocr_carea' id='block_1_35' title="bbox 741 3562 2323 3640">
    <p class='ocr_par' dir='ltr' id='par_1_35' title="bbox 741 3562 2323 3640">
     <span class='ocr_line' id='line_1_35' title="bbox 741 3562 2323 3640; baseline -0.011 -13"><span class='ocrx_word' id='word_1_269' title='bbox 741 3576 1003 3635; x_wconf 74' lang='lat' dir='ltr'><strong><em>videntes,</em></strong></span> <span class='ocrx_word' id='word_1_270' title='bbox 1033 3573 1076 3627; x_wconf 85' lang='lat' dir='ltr'><strong><em>si</em></strong></span> <span class='ocrx_word' id='word_1_271' title='bbox 1111 3572 1356 3627; x_wconf 90' lang='lat' dir='ltr'><strong><em>manibus</em></strong></span> <span class='ocrx_word' id='word_1_272' title='bbox 1379 3576 1678 3640; x_wconf 76' lang='lat' dir='ltr'><strong><em>tangentem</em></strong></span> <span class='ocrx_word' id='word_1_273' title='bbox 1708 3576 1932 3633; x_wconf 84' lang='lat' dir='ltr'><strong><em>corpora</em></strong></span> <span class='ocrx_word' id='word_1_274' title='bbox 1975 3571 2239 3628; x_wconf 83' lang='lat' dir='ltr'><strong><em>:cgrorum</em></strong></span> <span class='ocrx_word' id='word_1_275' title='bbox 2267 3562 2323 3610; x_wconf 91' lang='lat' dir='ltr'><strong><em>et</em></strong></span> 
     </span>
    </p>
   </div>
   <div class='ocr_carea' id='block_1_36' title="bbox 743 3649 2321 3727">
    <p class='ocr_par' dir='ltr' id='par_1_36' title="bbox 743 3649 2321 3727">
     <span class='ocr_line' id='line_1_36' title="bbox 743 3649 2321 3727; baseline -0.012 -8"><span class='ocrx_word' id='word_1_276' title='bbox 743 3676 1096 3727; x_wconf 76' lang='lat' dir='ltr'><strong><em>inortuorum,</em></strong></span> <span class='ocrx_word' id='word_1_277' title='bbox 1128 3671 1181 3717; x_wconf 90' lang='lat' dir='ltr'><strong><em>et</em></strong></span> <span class='ocrx_word' id='word_1_278' title='bbox 1209 3664 1285 3714; x_wconf 85' lang='lat' dir='ltr'><strong><em>sic</em></strong></span> <span class='ocrx_word' id='word_1_279' title='bbox 1304 3660 1369 3714; x_wconf 89' lang='lat' dir='ltr'><strong><em>ad</em></strong></span> <span class='ocrx_word' id='word_1_280' title='bbox 1396 3661 1556 3713; x_wconf 91' lang='lat' dir='ltr'><strong><em>vitam</em></strong></span> <span class='ocrx_word' id='word_1_281' title='bbox 1579 3667 1631 3711; x_wconf 90' lang='lat' dir='ltr'><strong><em>et</em></strong></span> <span class='ocrx_word' id='word_1_282' title='bbox 1653 3655 1931 3708; x_wconf 85' lang='lat' dir='ltr'><strong><em>sanitatem</em></strong></span> <span class='ocrx_word' id='word_1_283' title='bbox 1954 3649 2321 3712; x_wconf 91' lang='lat' dir='ltr'><strong><em>reducentem,</em></strong></span> 
     </span>
    </p>
   </div>
   <div class='ocr_carea' id='block_1_37' title="bbox 743 3738 2325 3817">
    <p class='ocr_par' dir='ltr' id='par_1_37' title="bbox 743 3738 2325 3817">
     <span class='ocr_line' id='line_1_37' title="bbox 743 3738 2325 3817; baseline -0.012 -5"><span class='ocrx_word' id='word_1_284' title='bbox 743 3767 886 3812; x_wconf 87' lang='lat' dir='ltr'><strong><em>tanta</em></strong></span> <span class='ocrx_word' id='word_1_285' title='bbox 930 3756 1112 3808; x_wconf 84' lang='lat' dir='ltr'><strong><em>livoris</em></strong></span> <span class='ocrx_word' id='word_1_286' title='bbox 1138 3753 1393 3807; x_wconf 89' lang='lat' dir='ltr'><strong><em>ebrietate</em></strong></span> <span class='ocrx_word' id='word_1_287' title='bbox 1422 3751 1559 3817; x_wconf 84' lang='lat' dir='ltr'><strong><em>capti</em></strong></span> <span class='ocrx_word' id='word_1_288' title='bbox 1591 3754 1781 3808; x_wconf 89' lang='lat' dir='ltr'><strong><em>erant,</em></strong></span> <span class='ocrx_word' id='word_1_289' title='bbox 1833 3752 1891 3798; x_wconf 93' lang='lat' dir='ltr'><strong><em>ut</em></strong></span> <span class='ocrx_word' id='word_1_290' title='bbox 1940 3740 2205 3797; x_wconf 89' lang='lat' dir='ltr'><strong><em>contraria</em></strong></span> <span class='ocrx_word' id='word_1_291' title='bbox 2260 3738 2325 3793; x_wconf 85' lang='lat' dir='ltr'><strong><em>iis</em></strong></span> 
     </span>
    </p>
   </div>
   <div class='ocr_carea' id='block_1_38' title="bbox 744 3830 2325 3918">
    <p class='ocr_par' dir='ltr' id='par_1_38' title="bbox 744 3830 2325 3918">
     <span class='ocr_line' id='line_1_38' title="bbox 744 3830 2325 3918; baseline -0.01 -18"><span class='ocrx_word' id='word_1_292' title='bbox 744 3865 862 3918; x_wconf 67' lang='lat' dir='ltr'><strong><em>quae</em></strong></span> <span class='ocrx_word' id='word_1_293' title='bbox 898 3847 1213 3902; x_wconf 87' lang='lat' dir='ltr'><strong><em>videbantur</em></strong></span> <span class='ocrx_word' id='word_1_294' title='bbox 1242 3844 1541 3913; x_wconf 81' lang='lat' dir='ltr'><strong><em>proferrent</em></strong></span> <span class='ocrx_word' id='word_1_295' title='bbox 1572 3858 1585 3894; x_wconf 89' lang='lat'><strong>:</strong></span> <span class='ocrx_word' id='word_1_296' title='bbox 1618 3836 1883 3910; x_wconf 86' lang='lat' dir='ltr'><strong><em>quomodo</em></strong></span> <span class='ocrx_word' id='word_1_297' title='bbox 1913 3851 1977 3890; x_wconf 81' lang='lat' dir='ltr'><strong><em>ex</em></strong></span> <span class='ocrx_word' id='word_1_298' title='bbox 2009 3833 2124 3887; x_wconf 90' lang='lat' dir='ltr'><strong><em>solo</em></strong></span> <span class='ocrx_word' id='word_1_299' title='bbox 2152 3830 2325 3901; x_wconf 90' lang='lat' dir='ltr'><strong><em>Spiri-</em></strong></span> 
     </span>
    </p>
   </div>
   <div class='ocr_carea' id='block_1_39' title="bbox 746 3925 2327 4001">
    <p class='ocr_par' dir='ltr' id='par_1_39' title="bbox 746 3925 2327 4001">
     <span class='ocr_line' id='line_1_39' title="bbox 746 3925 2327 4001; baseline -0.011 -7"><span class='ocrx_word' id='word_1_300' title='bbox 746 3956 827 3995; x_wconf 90' lang='lat' dir='ltr'><strong><em>tus</em></strong></span> <span class='ocrx_word' id='word_1_301' title='bbox 854 3940 1081 3995; x_wconf 87' lang='lat' dir='ltr'><strong><em>adventu</em></strong></span> <span class='ocrx_word' id='word_1_302' title='bbox 1111 3936 1534 3991; x_wconf 86' lang='lat' dir='ltr'><strong><em>incredulitatem</em></strong></span> <span class='ocrx_word' id='word_1_303' title='bbox 1556 3928 1918 4001; x_wconf 82' lang='lat' dir='ltr'><strong><em>abjecissent?</em></strong></span> <span class='ocrx_word' id='word_1_304' title='bbox 1945 3925 2168 3995; x_wconf 85' lang='lat' dir='ltr'><strong><em>Quidam</em></strong></span> <span class='ocrx_word' id='word_1_305' title='bbox 2200 3937 2327 3979; x_wconf 89' lang='lat' dir='ltr'><strong><em>vero</em></strong></span> 
     </span>
    </p>
   </div>
   <div class='ocr_carea' id='block_1_40' title="bbox 744 4020 2329 4093">
    <p class='ocr_par' dir='ltr' id='par_1_40' title="bbox 744 4020 2329 4093">
     <span class='ocr_line' id='line_1_40' title="bbox 744 4020 2329 4093; baseline -0.011 -8"><span class='ocrx_word' id='word_1_306' title='bbox 744 4033 946 4093; x_wconf 88' lang='lat' dir='ltr'><strong><em>dicunt,</em></strong></span> <span class='ocrx_word' id='word_1_307' title='bbox 975 4044 1080 4083; x_wconf 91' lang='lat' dir='ltr'><strong><em>non</em></strong></span> <span class='ocrx_word' id='word_1_308' title='bbox 1112 4042 1300 4082; x_wconf 90' lang='lat' dir='ltr'><strong><em>omnes</em></strong></span> <span class='ocrx_word' id='word_1_309' title='bbox 1334 4026 1549 4088; x_wconf 87' lang='lat' dir='ltr'><strong><em>vidisse,</em></strong></span> <span class='ocrx_word' id='word_1_310' title='bbox 1600 4023 1693 4077; x_wconf 90' lang='lat' dir='ltr'><strong><em>sed</em></strong></span> <span class='ocrx_word' id='word_1_311' title='bbox 1723 4020 1984 4076; x_wconf 83' lang='lat' dir='ltr'><strong><em>Joannem</em></strong></span> <span class='ocrx_word' id='word_1_312' title='bbox 2019 4025 2221 4071; x_wconf 90' lang='lat' dir='ltr'><strong><em>tantum</em></strong></span> <span class='ocrx_word' id='word_1_313' title='bbox 2275 4023 2329 4070; x_wconf 90' lang='lat' dir='ltr'><strong><em>ct</em></strong></span> 
     </span>
    </p>
   </div>
   <div class='ocr_carea' id='block_1_41' title="bbox 746 4106 2327 4193">
    <p class='ocr_par' dir='ltr' id='par_1_41' title="bbox 746 4106 2327 4193">
     <span class='ocr_line' id='line_1_41' title="bbox 746 4106 2327 4193; baseline -0.011 -15"><span class='ocrx_word' id='word_1_314' title='bbox 746 4114 837 4177; x_wconf 86' lang='lat' dir='ltr'><strong><em>eos</em></strong></span> <span class='ocrx_word' id='word_1_315' title='bbox 859 4122 946 4193; x_wconf 91' lang='lat' dir='ltr'><strong><em>qui</em></strong></span> <span class='ocrx_word' id='word_1_316' title='bbox 973 4121 1166 4176; x_wconf 86' lang='lat' dir='ltr'><strong><em>melius</em></strong></span> <span class='ocrx_word' id='word_1_317' title='bbox 1192 4117 1365 4175; x_wconf 77' lang='lat' dir='ltr'><strong><em>allecti</em></strong></span> <span class='ocrx_word' id='word_1_318' title='bbox 1383 4126 1552 4173; x_wconf 89' lang='lat' dir='ltr'><strong><em>erant.</em></strong></span> <span class='ocrx_word' id='word_1_319' title='bbox 1585 4116 1732 4170; x_wconf 87' lang='lat' dir='ltr'><strong><em>Licet</em></strong></span> <span class='ocrx_word' id='word_1_320' title='bbox 1763 4112 1903 4167; x_wconf 92' lang='lat' dir='ltr'><strong><em>enim</em></strong></span> <span class='ocrx_word' id='word_1_321' title='bbox 1940 4124 2099 4165; x_wconf 89' lang='lat' dir='ltr'><strong><em>sensu</em></strong></span> <span class='ocrx_word' id='word_1_322' title='bbox 2130 4106 2327 4178; x_wconf 63' lang='lat' dir='ltr'><strong><em>praedi-</em></strong></span> 
     </span>
    </p>
   </div>
   <div class='ocr_carea' id='block_1_42' title="bbox 670 4196 2327 4293">
    <p class='ocr_par' dir='ltr' id='par_1_42' title="bbox 670 4196 2327 4293">
     <span class='ocr_line' id='line_1_42' title="bbox 670 4196 2327 4293; baseline -0.012 -24"><span class='ocrx_word' id='word_1_323' title='bbox 670 4282 689 4293; x_wconf 17' lang='grc' dir='ltr'><strong><em>,ν</em></strong></span> <span class='ocrx_word' id='word_1_324' title='bbox 748 4215 812 4268; x_wconf 91' lang='lat' dir='ltr'><strong><em>tis</em></strong></span> <span class='ocrx_word' id='word_1_325' title='bbox 840 4213 1008 4268; x_wconf 85' lang='lat' dir='ltr'><strong><em>oculis</em></strong></span> <span class='ocrx_word' id='word_1_326' title='bbox 1034 4211 1265 4282; x_wconf 85' lang='lat' dir='ltr'><strong><em>Spiritus</em></strong></span> <span class='ocrx_word' id='word_1_327' title='bbox 1290 4208 1468 4279; x_wconf 87' lang='lat' dir='ltr'><strong><em>specie</em></strong></span> <span class='ocrx_word' id='word_1_328' title='bbox 1494 4205 1755 4261; x_wconf 66' lang='lat' dir='ltr'><strong><em>columba:</em></strong></span> <span class='ocrx_word' id='word_1_329' title='bbox 1782 4199 2116 4257; x_wconf 88' lang='lat' dir='ltr'><strong><em>descendens</em></strong></span> <span class='ocrx_word' id='word_1_330' title='bbox 2154 4196 2327 4251; x_wconf 89' lang='lat' dir='ltr'><strong><em>videri</em></strong></span> 
     </span>
    </p>
   </div>
   <div class='ocr_carea' id='block_1_43' title="bbox 665 4287 2332 4374">
    <p class='ocr_par' dir='ltr' id='par_1_43' title="bbox 665 4287 2332 4374">
     <span class='ocr_line' id='line_1_43' title="bbox 665 4287 2332 4374; baseline -0.013 -13"><span class='ocrx_word' id='word_1_331' title='bbox 665 4287 679 4297; x_wconf 35' lang='grc'><strong><em>³</em></strong></span> <span class='ocrx_word' id='word_1_332' title='bbox 748 4312 961 4374; x_wconf 88' lang='lat' dir='ltr'><strong><em>posset;</em></strong></span> <span class='ocrx_word' id='word_1_333' title='bbox 1004 4317 1109 4357; x_wconf 92' lang='lat' dir='ltr'><strong><em>non</em></strong></span> <span class='ocrx_word' id='word_1_334' title='bbox 1156 4314 1373 4355; x_wconf 89' lang='lat' dir='ltr'><strong><em>necesse</em></strong></span> <span class='ocrx_word' id='word_1_335' title='bbox 1415 4308 1592 4351; x_wconf 92' lang='lat' dir='ltr'><strong><em>tamen</em></strong></span> <span class='ocrx_word' id='word_1_336' title='bbox 1640 4305 1756 4349; x_wconf 90' lang='lat' dir='ltr'><strong><em>erat</em></strong></span> <span class='ocrx_word' id='word_1_337' title='bbox 1782 4306 1895 4346; x_wconf 88' lang='lat' dir='ltr'><strong><em>rem</em></strong></span> <span class='ocrx_word' id='word_1_338' title='bbox 1926 4304 2046 4345; x_wconf 86' lang='lat' dir='ltr'><strong><em>esse</em></strong></span> <span class='ocrx_word' id='word_1_339' title='bbox 2084 4287 2332 4341; x_wconf 87' lang='lat' dir='ltr'><strong><em>omnibus</em></strong></span> 
     </span>
    </p>
   </div>
   <div class='ocr_carea' id='block_1_44' title="bbox 748 4377 2333 4451">
    <p class='ocr_par' dir='ltr' id='par_1_44' title="bbox 748 4377 2333 4451">
     <span class='ocr_line' id='line_1_44' title="bbox 748 4377 2333 4451; baseline -0.013 0"><span class='ocrx_word' id='word_1_340' title='bbox 748 4396 1100 4451; x_wconf 83' lang='lat' dir='ltr'><strong><em>manifestam.</em></strong></span> <span class='ocrx_word' id='word_1_341' title='bbox 1135 4392 1262 4445; x_wconf 85' lang='lat' dir='ltr'><strong><em>Nam</em></strong></span> <span class='ocrx_word' id='word_1_342' title='bbox 1290 4399 1344 4444; x_wconf 89' lang='lat' dir='ltr'><strong><em>et</em></strong></span> <span class='ocrx_word' id='word_1_343' title='bbox 1384 4386 1668 4441; x_wconf 73' lang='lat' dir='ltr'><strong><em>Zacharias</em></strong></span> <span class='ocrx_word' id='word_1_344' title='bbox 1697 4383 1861 4438; x_wconf 90' lang='lat' dir='ltr'><strong><em>multa</em></strong></span> <span class='ocrx_word' id='word_1_345' title='bbox 1889 4378 2129 4435; x_wconf 89' lang='lat' dir='ltr'><strong><em>sensibili</em></strong></span> <span class='ocrx_word' id='word_1_346' title='bbox 2153 4377 2333 4446; x_wconf 88' lang='lat' dir='ltr'><strong><em>specie</em></strong></span> 
     </span>
    </p>
   </div>
   <div class='ocr_carea' id='block_1_45' title="bbox 750 4467 2332 4552">
    <p class='ocr_par' dir='ltr' id='par_1_45' title="bbox 750 4467 2332 4552">
     <span class='ocr_line' id='line_1_45' title="bbox 750 4467 2332 4552; baseline -0.013 -13"><span class='ocrx_word' id='word_1_347' title='bbox 750 4488 899 4552; x_wconf 81' lang='lat' dir='ltr'><strong><em>vidit,</em></strong></span> <span class='ocrx_word' id='word_1_348' title='bbox 934 4499 1139 4540; x_wconf 90' lang='lat' dir='ltr'><strong><em>necnon</em></strong></span> <span class='ocrx_word' id='word_1_349' title='bbox 1178 4481 1363 4536; x_wconf 86' lang='lat' dir='ltr'><strong><em>Daniel</em></strong></span> <span class='ocrx_word' id='word_1_350' title='bbox 1393 4488 1446 4534; x_wconf 93' lang='lat' dir='ltr'><strong><em>et</em></strong></span> <span class='ocrx_word' id='word_1_351' title='bbox 1475 4475 1745 4542; x_wconf 87' lang='lat' dir='ltr'><strong><em>Ezechiel,</em></strong></span> <span class='ocrx_word' id='word_1_352' title='bbox 1781 4489 1843 4527; x_wconf 85' lang='lat' dir='ltr'><strong><em>ac</em></strong></span> <span class='ocrx_word' id='word_1_353' title='bbox 1872 4473 2009 4527; x_wconf 85' lang='lat' dir='ltr'><strong><em>sine</em></strong></span> <span class='ocrx_word' id='word_1_354' title='bbox 2032 4468 2139 4523; x_wconf 91' lang='lat' dir='ltr'><strong><em>ullo</em></strong></span> <span class='ocrx_word' id='word_1_355' title='bbox 2167 4467 2332 4521; x_wconf 85' lang='lat' dir='ltr'><strong><em>visio-</em></strong></span> 
     </span>
    </p>
   </div>
   <div class='ocr_carea' id='block_1_46' title="bbox 750 4558 2332 4644">
    <p class='ocr_par' dir='ltr' id='par_1_46' title="bbox 750 4558 2332 4644">
     <span class='ocr_line' id='line_1_46' title="bbox 750 4558 2332 4644; baseline -0.015 -11"><span class='ocrx_word' id='word_1_356' title='bbox 750 4580 830 4633; x_wconf 87' lang='lat' dir='ltr'><strong><em>nis</em></strong></span> <span class='ocrx_word' id='word_1_357' title='bbox 857 4584 1104 4633; x_wconf 85' lang='lat' dir='ltr'><strong><em>eonsorte</em></strong></span> <span class='ocrx_word' id='word_1_358' title='bbox 1131 4591 1144 4629; x_wconf 90' lang='lat'><strong>:</strong></span> <span class='ocrx_word' id='word_1_359' title='bbox 1188 4573 1396 4644; x_wconf 79' lang='lat' dir='ltr'><strong><em>Moyses</em></strong></span> <span class='ocrx_word' id='word_1_360' title='bbox 1423 4583 1636 4640; x_wconf 91' lang='lat' dir='ltr'><strong><em>quoque</em></strong></span> <span class='ocrx_word' id='word_1_361' title='bbox 1663 4565 1827 4620; x_wconf 91' lang='lat' dir='ltr'><strong><em>multa</em></strong></span> <span class='ocrx_word' id='word_1_362' title='bbox 1858 4563 2009 4629; x_wconf 84' lang='lat' dir='ltr'><strong><em>vidit,</em></strong></span> <span class='ocrx_word' id='word_1_363' title='bbox 2061 4569 2116 4615; x_wconf 90' lang='lat' dir='ltr'><strong><em>et</em></strong></span> <span class='ocrx_word' id='word_1_364' title='bbox 2157 4558 2332 4629; x_wconf 88' lang='lat' dir='ltr'><strong><em>qualia</em></strong></span> 
     </span>
    </p>
   </div>
   <div class='ocr_carea' id='block_1_47' title="bbox 748 4653 2334 4729">
    <p class='ocr_par' dir='ltr' id='par_1_47' title="bbox 748 4653 2334 4729">
     <span class='ocr_line' id='line_1_47' title="bbox 748 4653 2334 4729; baseline -0.013 -4"><span class='ocrx_word' id='word_1_365' title='bbox 748 4673 924 4725; x_wconf 86' lang='lat' dir='ltr'><strong><em>nullus</em></strong></span> <span class='ocrx_word' id='word_1_366' title='bbox 941 4670 1072 4724; x_wconf 87' lang='lat' dir='ltr'><strong><em>alius</em></strong></span> <span class='ocrx_word' id='word_1_367' title='bbox 1090 4667 1309 4722; x_wconf 81' lang='lat' dir='ltr'><strong><em>viderat.</em></strong></span> <span class='ocrx_word' id='word_1_368' title='bbox 1332 4659 1830 4729; x_wconf 83' lang='lat' dir='ltr'><strong><em>Transiigurationis</em></strong></span> <span class='ocrx_word' id='word_1_369' title='bbox 1851 4668 2062 4726; x_wconf 91' lang='lat' dir='ltr'><strong><em>quoque</em></strong></span> <span class='ocrx_word' id='word_1_370' title='bbox 2082 4653 2135 4708; x_wconf 89' lang='lat' dir='ltr'><strong><em>in</em></strong></span> <span class='ocrx_word' id='word_1_371' title='bbox 2154 4661 2334 4707; x_wconf 88' lang='lat' dir='ltr'><strong><em>monte</em></strong></span> 
     </span>
    </p>
   </div>
   <div class='ocr_carea' id='block_1_48' title="bbox 753 4750 2337 4821">
    <p class='ocr_par' dir='ltr' id='par_1_48' title="bbox 753 4750 2337 4821">
     <span class='ocr_line' id='line_1_48' title="bbox 753 4750 2337 4821; baseline -0.008 -11"><span class='ocrx_word' id='word_1_372' title='bbox 753 4764 956 4816; x_wconf 72' lang='lat' dir='ltr'><strong><em>visione</em></strong></span> <span class='ocrx_word' id='word_1_373' title='bbox 988 4775 1091 4813; x_wconf 90' lang='lat' dir='ltr'><strong><em>non</em></strong></span> <span class='ocrx_word' id='word_1_374' title='bbox 1118 4771 1305 4812; x_wconf 82' lang='lat' dir='ltr'><strong><em>omnes</em></strong></span> <span class='ocrx_word' id='word_1_375' title='bbox 1331 4753 1576 4821; x_wconf 85' lang='lat' dir='ltr'><strong><em>discipuli</em></strong></span> <span class='ocrx_word' id='word_1_376' title='bbox 1606 4750 1806 4819; x_wconf 83' lang='lat' dir='ltr'><strong><em>dignati</em></strong></span> <span class='ocrx_word' id='word_1_377' title='bbox 1838 4759 1991 4812; x_wconf 87' lang='lat' dir='ltr'><strong><em>sunt;</em></strong></span> <span class='ocrx_word' id='word_1_378' title='bbox 2018 4750 2125 4801; x_wconf 92' lang='lat' dir='ltr'><strong><em>imo</em></strong></span> <span class='ocrx_word' id='word_1_379' title='bbox 2158 4760 2223 4800; x_wconf 92' lang='lat' dir='ltr'><strong><em>ne</em></strong></span> <span class='ocrx_word' id='word_1_380' title='bbox 2252 4760 2337 4799; x_wconf 91' lang='lat' dir='ltr'><strong><em>re-</em></strong></span> 
     </span>
    </p>
   </div>
   <div class='ocr_carea' id='block_1_49' title="bbox 753 4836 2338 4916">
    <p class='ocr_par' dir='ltr' id='par_1_49' title="bbox 753 4836 2338 4916">
     <span class='ocr_line' id='line_1_49' title="bbox 753 4836 2338 4916; baseline -0.01 -11"><span class='ocrx_word' id='word_1_381' title='bbox 753 4851 1134 4905; x_wconf 88' lang='lat' dir='ltr'><strong><em>surrectionem</em></strong></span> <span class='ocrx_word' id='word_1_382' title='bbox 1161 4844 1371 4916; x_wconf 82' lang='lat' dir='ltr'><strong><em>quidem</em></strong></span> <span class='ocrx_word' id='word_1_383' title='bbox 1403 4858 1591 4897; x_wconf 89' lang='lat' dir='ltr'><strong><em>omnes</em></strong></span> <span class='ocrx_word' id='word_1_384' title='bbox 1615 4841 1889 4895; x_wconf 86' lang='lat' dir='ltr'><strong><em>viderunt:</em></strong></span> <span class='ocrx_word' id='word_1_385' title='bbox 1918 4838 1970 4892; x_wconf 91' lang='lat' dir='ltr'><strong><em>id</em></strong></span> <span class='ocrx_word' id='word_1_386' title='bbox 1991 4836 2131 4908; x_wconf 91' lang='lat' dir='ltr'><strong><em>quod</em></strong></span> <span class='ocrx_word' id='word_1_387' title='bbox 2154 4845 2338 4906; x_wconf 85' lang='lat' dir='ltr'><strong><em>aperte</em></strong></span> 
     </span>
    </p>
   </div>
   <div class='ocr_carea' id='block_1_50' title="bbox 755 4928 2339 5001">
    <p class='ocr_par' dir='ltr' id='par_1_50' title="bbox 755 4928 2339 5001">
     <span class='ocr_line' id='line_1_50' title="bbox 755 4928 2339 5001; baseline -0.009 -8"><span class='ocrx_word' id='word_1_388' title='bbox 755 4941 984 4996; x_wconf 80' lang='lat' dir='ltr'><strong><em>declarat</em></strong></span> <span class='ocrx_word' id='word_1_389' title='bbox 1027 4934 1436 4998; x_wconf 51' lang='lat' dir='ltr'><strong><em>Lucas&#39;dicens,</em></strong></span> <span class='ocrx_word' id='word_1_390' title='bbox 1469 4934 1717 4989; x_wconf 65' lang='lat' dir='ltr'><strong><em>Ostendit</em></strong></span> <span class='ocrx_word' id='word_1_391' title='bbox 1761 4933 1995 5001; x_wconf 87' lang='lat' dir='ltr'><strong><em>seipsum</em></strong></span> <span class='ocrx_word' id='word_1_392' title='bbox 2058 4928 2339 4984; x_wconf 79' lang='lat' dir='ltr'><strong><em>Testibnsn</em></strong></span> 
     </span>
    </p>
   </div>
   <div class='ocr_carea' id='block_1_51' title="bbox 754 5015 2335 5100">
    <p class='ocr_par' dir='ltr' id='par_1_51' title="bbox 754 5015 2335 5100">
     <span class='ocr_line' id='line_1_51' title="bbox 754 5015 2335 5100; baseline -0.011 -13"><span class='ocrx_word' id='word_1_393' title='bbox 754 5033 862 5087; x_wconf 78' lang='grc' dir='ltr'><strong><em>Ι)σο</em></strong></span> <span class='ocrx_word' id='word_1_394' title='bbox 886 5030 1255 5100; x_wconf 71' lang='grc' dir='ltr'><strong><em>ργωονάὶηαιὶδ.</em></strong></span> <span class='ocrx_word' id='word_1_395' title='bbox 1290 5028 1353 5081; x_wconf 81' lang='lat' dir='ltr'><strong><em>Et</em></strong></span> <span class='ocrx_word' id='word_1_396' title='bbox 1372 5044 1462 5098; x_wconf 81' lang='lat' dir='ltr'><strong><em>ego</em></strong></span> <span class='ocrx_word' id='word_1_397' title='bbox 1490 5027 1591 5080; x_wconf 78' lang='lat' dir='ltr'><strong><em>uidi</em></strong></span> <span class='ocrx_word' id='word_1_398' title='bbox 1613 5037 1661 5079; x_wconf 84' lang='lat' dir='ltr'><strong><em>et</em></strong></span> <span class='ocrx_word' id='word_1_399' title='bbox 1707 5024 2041 5078; x_wconf 81' lang='lat' dir='ltr'><strong><em>testimonium</em></strong></span> <span class='ocrx_word' id='word_1_400' title='bbox 2084 5015 2335 5092; x_wconf 67' lang='lat' dir='ltr'><strong><em>perhibui,</em></strong></span> 
     </span>
    </p>
   </div>
   <div class='ocr_carea' id='block_1_52' title="bbox 752 5110 2337 5191">
    <p class='ocr_par' dir='ltr' id='par_1_52' title="bbox 752 5110 2337 5191">
     <span class='ocr_line' id='line_1_52' title="bbox 752 5110 2337 5191; baseline -0.009 -17"><span class='ocrx_word' id='word_1_401' title='bbox 752 5125 869 5191; x_wconf 75' lang='lat' dir='ltr'><strong><em>quia</em></strong></span> <span class='ocrx_word' id='word_1_402' title='bbox 897 5123 977 5175; x_wconf 83' lang='lat' dir='ltr'><strong><em>hic</em></strong></span> <span class='ocrx_word' id='word_1_403' title='bbox 1005 5132 1077 5175; x_wconf 75' lang='lat' dir='ltr'><strong><em>est</em></strong></span> <span class='ocrx_word' id='word_1_404' title='bbox 1107 5120 1270 5174; x_wconf 80' lang='lat' dir='ltr'><strong><em>Filius</em></strong></span> <span class='ocrx_word' id='word_1_405' title='bbox 1296 5119 1390 5173; x_wconf 72' lang='lat' dir='ltr'><strong><em>Dei</em></strong></span> <span class='ocrx_word' id='word_1_406' title='bbox 1413 5118 1554 5190; x_wconf 80' lang='lat' dir='ltr'><strong><em>(Act.</em></strong></span> <span class='ocrx_word' id='word_1_407' title='bbox 1587 5116 1674 5173; x_wconf 77' lang='grc'><strong><em>10.</em></strong></span> <span class='ocrx_word' id='word_1_408' title='bbox 1707 5117 1769 5171; x_wconf 72' lang='grc'><strong>41</strong></span> <span class='ocrx_word' id='word_1_409' title='bbox 1792 5116 1830 5185; x_wconf 95' lang='grc'><strong><em>).</em></strong></span> <span class='ocrx_word' id='word_1_410' title='bbox 1853 5114 1949 5170; x_wconf 87' lang='lat' dir='ltr'><strong><em>Ubi</em></strong></span> <span class='ocrx_word' id='word_1_411' title='bbox 1978 5110 2337 5166; x_wconf 84' lang='lat' dir='ltr'><strong><em>testimonium</em></strong></span> 
     </span>
    </p>
   </div>
   <div class='ocr_carea' id='block_1_53' title="bbox 758 5202 2338 5283">
    <p class='ocr_par' dir='ltr' id='par_1_53' title="bbox 758 5202 2338 5283">
     <span class='ocr_line' id='line_1_53' title="bbox 758 5202 2338 5283; baseline -0.009 -15"><span class='ocrx_word' id='word_1_412' title='bbox 758 5212 1040 5283; x_wconf 80' lang='lat' dir='ltr'><strong><em>perhibuit,</em></strong></span> <span class='ocrx_word' id='word_1_413' title='bbox 1066 5225 1187 5265; x_wconf 89' lang='lat' dir='ltr'><strong><em>esse</em></strong></span> <span class='ocrx_word' id='word_1_414' title='bbox 1212 5209 1404 5263; x_wconf 84' lang='lat' dir='ltr'><strong><em>Filium</em></strong></span> <span class='ocrx_word' id='word_1_415' title='bbox 1457 5208 1587 5263; x_wconf 86' lang='lat' dir='ltr'><strong><em>Dei?</em></strong></span> <span class='ocrx_word' id='word_1_416' title='bbox 1638 5208 1844 5276; x_wconf 86' lang='lat' dir='ltr'><strong><em>Agnum</em></strong></span> <span class='ocrx_word' id='word_1_417' title='bbox 1895 5202 2111 5273; x_wconf 89' lang='lat' dir='ltr'><strong><em>quidem</em></strong></span> <span class='ocrx_word' id='word_1_418' title='bbox 2163 5202 2338 5269; x_wconf 75' lang='lat' dir='ltr'><strong><em>ipsum</em></strong></span> 
     </span>
    </p>
   </div>
   <div class='ocr_carea' id='block_1_54' title="bbox 756 5289 2335 5374">
    <p class='ocr_par' dir='ltr' id='par_1_54' title="bbox 756 5289 2335 5374">
     <span class='ocr_line' id='line_1_54' title="bbox 756 5289 2335 5374; baseline -0.011 -16"><span class='ocrx_word' id='word_1_419' title='bbox 756 5301 1061 5374; x_wconf 86' lang='lat' dir='ltr'><strong><em>appellavit,</em></strong></span> <span class='ocrx_word' id='word_1_420' title='bbox 1086 5310 1139 5355; x_wconf 90' lang='lat' dir='ltr'><strong><em>et</em></strong></span> <span class='ocrx_word' id='word_1_421' title='bbox 1178 5304 1319 5370; x_wconf 87' lang='lat' dir='ltr'><strong><em>quod</em></strong></span> <span class='ocrx_word' id='word_1_422' title='bbox 1351 5299 1552 5370; x_wconf 89' lang='lat' dir='ltr'><strong><em>Spiritu</em></strong></span> <span class='ocrx_word' id='word_1_423' title='bbox 1596 5296 1959 5368; x_wconf 87' lang='lat' dir='ltr'><strong><em>baptizaturus</em></strong></span> <span class='ocrx_word' id='word_1_424' title='bbox 1994 5300 2137 5347; x_wconf 88' lang='lat' dir='ltr'><strong><em>esset</em></strong></span> <span class='ocrx_word' id='word_1_425' title='bbox 2171 5289 2335 5355; x_wconf 79' lang='lat' dir='ltr'><strong><em>dixit;</em></strong></span> 
     </span>
    </p>
   </div>
   <div class='ocr_carea' id='block_1_55' title="bbox 758 5380 2340 5462">
    <p class='ocr_par' dir='ltr' id='par_1_55' title="bbox 758 5380 2340 5462">
     <span class='ocr_line' id='line_1_55' title="bbox 758 5380 2340 5462; baseline -0.01 -11"><span class='ocrx_word' id='word_1_426' title='bbox 758 5397 951 5454; x_wconf 84' lang='lat' dir='ltr'><strong><em>Filium</em></strong></span> <span class='ocrx_word' id='word_1_427' title='bbox 972 5403 1147 5449; x_wconf 88' lang='lat' dir='ltr'><strong><em>autem</em></strong></span> <span class='ocrx_word' id='word_1_428' title='bbox 1179 5392 1269 5447; x_wconf 89' lang='lat' dir='ltr'><strong><em>Dei</em></strong></span> <span class='ocrx_word' id='word_1_429' title='bbox 1292 5406 1571 5462; x_wconf 89' lang='lat' dir='ltr'><strong><em>nusquam.</em></strong></span> <span class='ocrx_word' id='word_1_430' title='bbox 1597 5389 1753 5458; x_wconf 85' lang='lat' dir='ltr'><strong><em>Atqui</em></strong></span> <span class='ocrx_word' id='word_1_431' title='bbox 1779 5397 1895 5455; x_wconf 87' lang='lat' dir='ltr'><strong><em>post</em></strong></span> <span class='ocrx_word' id='word_1_432' title='bbox 1921 5385 2178 5454; x_wconf 87' lang='lat' dir='ltr'><strong><em>baptisma</em></strong></span> <span class='ocrx_word' id='word_1_433' title='bbox 2210 5380 2340 5435; x_wconf 82' lang='lat' dir='ltr'><strong><em>nihil</em></strong></span> 
     </span>
    </p>
   </div>
   <div class='ocr_carea' id='block_1_56' title="bbox 759 5477 2340 5556">
    <p class='ocr_par' dir='ltr' id='par_1_56' title="bbox 759 5477 2340 5556">
     <span class='ocr_line' id='line_1_56' title="bbox 759 5477 2340 5556; baseline -0.011 -15"><span class='ocrx_word' id='word_1_434' title='bbox 759 5490 928 5556; x_wconf 87' lang='lat' dir='ltr'><strong><em>ipsum</em></strong></span> <span class='ocrx_word' id='word_1_435' title='bbox 971 5484 1170 5540; x_wconf 74' lang='lat' dir='ltr'><strong><em>dixisse</em></strong></span> <span class='ocrx_word' id='word_1_436' title='bbox 1226 5482 1459 5538; x_wconf 80' lang='lat' dir='ltr'><strong><em>scribunt</em></strong></span> <span class='ocrx_word' id='word_1_437' title='bbox 1503 5480 1681 5536; x_wconf 72' lang='lat' dir='ltr'><strong><em>caeteri</em></strong></span> <span class='ocrx_word' id='word_1_438' title='bbox 1727 5477 2111 5546; x_wconf 73' lang='lat' dir='ltr'><strong><em>evangelistre:</em></strong></span> <span class='ocrx_word' id='word_1_439' title='bbox 2155 5487 2340 5526; x_wconf 85' lang='lat' dir='ltr'><strong><em>verum</em></strong></span> 
     </span>
    </p>
   </div>
   <div class='ocr_carea' id='block_1_57' title="bbox 757 5564 2342 5646">
    <p class='ocr_par' dir='ltr' id='par_1_57' title="bbox 757 5564 2342 5646">
     <span class='ocr_line' id='line_1_57' title="bbox 757 5564 2342 5646; baseline -0.011 -12"><span class='ocrx_word' id='word_1_440' title='bbox 757 5579 935 5634; x_wconf 83' lang='lat' dir='ltr'><strong><em>missis</em></strong></span> <span class='ocrx_word' id='word_1_441' title='bbox 976 5579 1040 5631; x_wconf 84' lang='lat' dir='ltr'><strong><em>iis</em></strong></span> <span class='ocrx_word' id='word_1_442' title='bbox 1074 5592 1190 5646; x_wconf 73' lang='lat' dir='ltr'><strong><em>qua:</em></strong></span> <span class='ocrx_word' id='word_1_443' title='bbox 1235 5576 1434 5629; x_wconf 85' lang='lat' dir='ltr'><strong><em>interea</em></strong></span> <span class='ocrx_word' id='word_1_444' title='bbox 1490 5574 1621 5627; x_wconf 81' lang='lat' dir='ltr'><strong><em>facta</em></strong></span> <span class='ocrx_word' id='word_1_445' title='bbox 1678 5570 1905 5633; x_wconf 81' lang='lat' dir='ltr'><strong><em>fuerant,</em></strong></span> <span class='ocrx_word' id='word_1_446' title='bbox 1938 5564 2191 5620; x_wconf 87' lang='lat' dir='ltr'><strong><em>miracula</em></strong></span> <span class='ocrx_word' id='word_1_447' title='bbox 2224 5572 2342 5631; x_wconf 82' lang='lat' dir='ltr'><strong><em>post</em></strong></span> 
     </span>
    </p>
   </div>
   <div class='ocr_carea' id='block_1_58' title="bbox 758 5654 2343 5738">
    <p class='ocr_par' dir='ltr' id='par_1_58' title="bbox 758 5654 2343 5738">
     <span class='ocr_line' id='line_1_58' title="bbox 758 5654 2343 5738; baseline -0.012 -14"><span class='ocrx_word' id='word_1_448' title='bbox 758 5679 970 5738; x_wconf 77' lang='lat' dir='ltr'><strong><em>Captum</em></strong></span> <span class='ocrx_word' id='word_1_449' title='bbox 996 5667 1252 5722; x_wconf 76' lang='lat' dir='ltr'><strong><em>Joannem</em></strong></span> <span class='ocrx_word' id='word_1_450' title='bbox 1286 5681 1312 5717; x_wconf 85' lang='lat' dir='ltr'><strong><em>a</em></strong></span> <span class='ocrx_word' id='word_1_451' title='bbox 1341 5662 1550 5719; x_wconf 90' lang='lat' dir='ltr'><strong><em>Christo</em></strong></span> <span class='ocrx_word' id='word_1_452' title='bbox 1579 5661 1718 5717; x_wconf 87' lang='lat' dir='ltr'><strong><em>edita</em></strong></span> <span class='ocrx_word' id='word_1_453' title='bbox 1749 5666 1985 5714; x_wconf 83' lang='lat' dir='ltr'><strong><em>narrant.</em></strong></span> <span class='ocrx_word' id='word_1_454' title='bbox 2033 5654 2187 5711; x_wconf 83' lang='lat' dir='ltr'><strong><em>Unde</em></strong></span> <span class='ocrx_word' id='word_1_455' title='bbox 2218 5668 2343 5707; x_wconf 84' lang='lat' dir='ltr'><strong><em>con-</em></strong></span> 
     </span>
    </p>
   </div>
   <div class='ocr_carea' id='block_1_59' title="bbox 822 5743 2343 5819">
    <p class='ocr_par' dir='ltr' id='par_1_59' title="bbox 822 5743 2343 5819">
     <span class='ocr_line' id='line_1_59' title="bbox 822 5743 2343 5819; baseline -0.011 -10"><span class='ocrx_word' id='word_1_456' title='bbox 822 5760 895 5819; x_wconf 73' lang='lat' dir='ltr'><strong><em>tu)</em></strong></span> <span class='ocrx_word' id='word_1_457' title='bbox 929 5758 1121 5815; x_wconf 72' lang='lat' dir='ltr'><strong><em>Quidam</em></strong></span> <span class='ocrx_word' id='word_1_458' title='bbox 1155 5754 1643 5806; x_wconf 82' lang='lat' dir='ltr'><strong><em>connniniscehantur</em></strong></span> <span class='ocrx_word' id='word_1_459' title='bbox 1680 5752 1923 5804; x_wconf 73' lang='lat' dir='ltr'><strong><em>Christum</em></strong></span> <span class='ocrx_word' id='word_1_460' title='bbox 1959 5759 2164 5811; x_wconf 70' lang='lat' dir='ltr'><strong><em>puerum</em></strong></span> <span class='ocrx_word' id='word_1_461' title='bbox 2200 5743 2343 5793; x_wconf 77' lang='lat' dir='ltr'><strong><em>mira-</em></strong></span> 
     </span>
    </p>
   </div>
   <div class='ocr_carea' id='block_1_60' title="bbox 760 5820 1178 5881">
    <p class='ocr_par' dir='ltr' id='par_1_60' title="bbox 760 5820 1178 5881">
     <span class='ocr_line' id='line_1_60' title="bbox 760 5820 1178 5881; baseline -0.01 -10"><span class='ocrx_word' id='word_1_462' title='bbox 760 5820 865 5871; x_wconf 77' lang='lat' dir='ltr'><strong><em>cula</em></strong></span> <span class='ocrx_word' id='word_1_463' title='bbox 902 5821 1178 5881; x_wconf 71' lang='lat' dir='ltr'><strong><em>patravisse.</em></strong></span> 
     </span>
    </p>
   </div>
   <div class='ocr_carea' id='block_1_61' title="bbox 1439 319 3407 418">
    <p class='ocr_par' dir='ltr' id='par_1_61' title="bbox 1439 319 3407 418">
     <span class='ocr_line' id='line_1_61' title="bbox 1439 319 3407 418; baseline -0.026 2"><span class='ocrx_word' id='word_1_464' title='bbox 1439 362 1496 418; x_wconf 84' lang='lat' dir='ltr'><strong><em>S.</em></strong></span> <span class='ocrx_word' id='word_1_465' title='bbox 1537 353 1813 416; x_wconf 76' lang='lat' dir='ltr'><strong><em>JOANNIS</em></strong></span> <span class='ocrx_word' id='word_1_466' title='bbox 1849 333 2316 406; x_wconf 72' lang='lat' dir='ltr'><strong><em>CllltYSOSTOMI</em></strong></span> <span class='ocrx_word' id='word_1_467' title='bbox 2359 328 2676 386; x_wconf 75' lang='lat' dir='ltr'><strong><em>ARCHIEP.</em></strong></span> <span class='ocrx_word' id='word_1_468' title='bbox 2718 319 3249 381; x_wconf 73' lang='lat' dir='ltr'><strong><em>CONSTANTINOP.</em></strong></span> <span class='ocrx_word' id='word_1_469' title='bbox 3332 360 3407 412; x_wconf 60' lang='lat'><strong><em>.\</em></strong></span> 
     </span>
    </p>
   </div>
   <div class='ocr_carea' id='block_1_62' title="bbox 3860 308 3973 366">
    <p class='ocr_par' dir='ltr' id='par_1_62' title="bbox 3860 308 3973 366">
     <span class='ocr_line' id='line_1_62' title="bbox 3860 308 3973 366; baseline -0.027 0"><span class='ocrx_word' id='word_1_470' title='bbox 3860 308 3973 366; x_wconf 73' lang='lat' dir='ltr'><strong><em>ll!</em></strong></span> 
     </span>
    </p>
   </div>
   <div class='ocr_carea' id='block_1_63' title="bbox 2375 424 3975 514">
    <p class='ocr_par' dir='ltr' id='par_1_63' title="bbox 2375 424 3975 514">
     <span class='ocr_line' id='line_1_63' title="bbox 2375 424 3975 514; baseline -0.013 -19"><span class='ocrx_word' id='word_1_471' title='bbox 2375 442 2579 514; x_wconf 82' lang='lat' dir='ltr'><strong><em>jectare</em></strong></span> <span class='ocrx_word' id='word_1_472' title='bbox 2626 428 2908 510; x_wconf 85' lang='lat' dir='ltr'><strong><em>possumus</em></strong></span> <span class='ocrx_word' id='word_1_473' title='bbox 2948 445 3002 491; x_wconf 90' lang='lat' dir='ltr'><strong><em>et</em></strong></span> <span class='ocrx_word' id='word_1_474' title='bbox 3044 433 3159 487; x_wconf 64' lang='lat' dir='ltr'><strong><em>hare</em></strong></span> <span class='ocrx_word' id='word_1_475' title='bbox 3182 441 3240 489; x_wconf 91' lang='lat' dir='ltr'><strong><em>et</em></strong></span> <span class='ocrx_word' id='word_1_476' title='bbox 3260 430 3361 485; x_wconf 86' lang='lat' dir='ltr'><strong><em>alia</em></strong></span> <span class='ocrx_word' id='word_1_477' title='bbox 3392 427 3547 497; x_wconf 85' lang='lat' dir='ltr'><strong><em>longe</em></strong></span> <span class='ocrx_word' id='word_1_478' title='bbox 3574 426 3728 498; x_wconf 87' lang='lat' dir='ltr'><strong><em>plura</em></strong></span> <span class='ocrx_word' id='word_1_479' title='bbox 3759 424 3975 481; x_wconf 84' lang='lat' dir='ltr'><strong><em>silentio</em></strong></span> 
     </span>
    </p>
   </div>
   <div class='ocr_carea' id='block_1_64' title="bbox 2376 516 3976 599">
    <p class='ocr_par' dir='ltr' id='par_1_64' title="bbox 2376 516 3976 599">
     <span class='ocr_line' id='line_1_64' title="bbox 2376 516 3976 599; baseline -0.011 -10"><span class='ocrx_word' id='word_1_480' title='bbox 2376 535 2539 589; x_wconf 89' lang='lat' dir='ltr'><strong><em>missa</em></strong></span> <span class='ocrx_word' id='word_1_481' title='bbox 2563 532 2754 594; x_wconf 76' lang='lat' dir='ltr'><strong><em>fuisse;</em></strong></span> <span class='ocrx_word' id='word_1_482' title='bbox 2799 526 2940 599; x_wconf 86' lang='lat' dir='ltr'><strong><em>quod</em></strong></span> <span class='ocrx_word' id='word_1_483' title='bbox 2969 526 3057 581; x_wconf 91' lang='lat' dir='ltr'><strong><em>hic</em></strong></span> <span class='ocrx_word' id='word_1_484' title='bbox 3101 525 3217 594; x_wconf 90' lang='lat' dir='ltr'><strong><em>ipse</em></strong></span> <span class='ocrx_word' id='word_1_485' title='bbox 3245 520 3570 591; x_wconf 76' lang='lat' dir='ltr'><strong><em>evangelista</em></strong></span> <span class='ocrx_word' id='word_1_486' title='bbox 3621 520 3675 574; x_wconf 90' lang='lat' dir='ltr'><strong><em>in</em></strong></span> <span class='ocrx_word' id='word_1_487' title='bbox 3721 520 3825 573; x_wconf 85' lang='lat' dir='ltr'><strong><em>line</em></strong></span> <span class='ocrx_word' id='word_1_488' title='bbox 3852 516 3976 572; x_wconf 88' lang='lat' dir='ltr'><strong><em>libri</em></strong></span> 
     </span>
    </p>
   </div>
   <div class='ocr_carea' id='block_1_65' title="bbox 2379 607 3979 695">
    <p class='ocr_par' dir='ltr' id='par_1_65' title="bbox 2379 607 3979 695">
     <span class='ocr_line' id='line_1_65' title="bbox 2379 607 3979 695; baseline -0.011 -15"><span class='ocrx_word' id='word_1_489' title='bbox 2379 623 2719 695; x_wconf 78' lang='lat' dir='ltr'><strong><em>significavit.</em></strong></span> <span class='ocrx_word' id='word_1_490' title='bbox 2764 620 2995 674; x_wconf 87' lang='lat' dir='ltr'><strong><em>Tantum</em></strong></span> <span class='ocrx_word' id='word_1_491' title='bbox 3028 618 3170 672; x_wconf 91' lang='lat' dir='ltr'><strong><em>enim</em></strong></span> <span class='ocrx_word' id='word_1_492' title='bbox 3201 612 3371 669; x_wconf 81' lang='lat' dir='ltr'><strong><em>abluit</em></strong></span> <span class='ocrx_word' id='word_1_493' title='bbox 3408 618 3468 665; x_wconf 91' lang='lat' dir='ltr'><strong><em>ut</em></strong></span> <span class='ocrx_word' id='word_1_494' title='bbox 3492 624 3745 680; x_wconf 86' lang='lat' dir='ltr'><strong><em>magnum</em></strong></span> <span class='ocrx_word' id='word_1_495' title='bbox 3773 607 3979 678; x_wconf 89' lang='lat' dir='ltr'><strong><em>aliquid</em></strong></span> 
     </span>
    </p>
   </div>
   <div class='ocr_carea' id='block_1_66' title="bbox 2380 699 3984 780">
    <p class='ocr_par' dir='ltr' id='par_1_66' title="bbox 2380 699 3984 780">
     <span class='ocr_line' id='line_1_66' title="bbox 2380 699 3984 780; baseline -0.012 -9"><span class='ocrx_word' id='word_1_496' title='bbox 2380 714 2449 771; x_wconf 90' lang='lat' dir='ltr'><strong><em>de</em></strong></span> <span class='ocrx_word' id='word_1_497' title='bbox 2489 716 2578 769; x_wconf 90' lang='lat' dir='ltr'><strong><em>illo</em></strong></span> <span class='ocrx_word' id='word_1_498' title='bbox 2606 712 2990 780; x_wconf 83' lang='lat' dir='ltr'><strong><em>contingerent,</em></strong></span> <span class='ocrx_word' id='word_1_499' title='bbox 3037 716 3096 763; x_wconf 94' lang='lat' dir='ltr'><strong><em>ut</em></strong></span> <span class='ocrx_word' id='word_1_500' title='bbox 3122 707 3285 762; x_wconf 89' lang='lat' dir='ltr'><strong><em>etiam</em></strong></span> <span class='ocrx_word' id='word_1_501' title='bbox 3315 718 3434 774; x_wconf 61' lang='lat' dir='ltr'><strong><em>quae</em></strong></span> <span class='ocrx_word' id='word_1_502' title='bbox 3466 700 3724 771; x_wconf 87' lang='lat' dir='ltr'><strong><em>probrosa</em></strong></span> <span class='ocrx_word' id='word_1_503' title='bbox 3746 713 3870 754; x_wconf 87' lang='lat' dir='ltr'><strong><em>esse</em></strong></span> <span class='ocrx_word' id='word_1_504' title='bbox 3904 699 3984 752; x_wconf 52' lang='lat' dir='ltr'><strong><em>vi.</em></strong></span> 
     </span>
    </p>
   </div>
   <div class='ocr_carea' id='block_1_67' title="bbox 2383 797 3984 869">
    <p class='ocr_par' dir='ltr' id='par_1_67' title="bbox 2383 797 3984 869">
     <span class='ocr_line' id='line_1_67' title="bbox 2383 797 3984 869; baseline -0.012 -8"><span class='ocrx_word' id='word_1_505' title='bbox 2383 805 2664 869; x_wconf 90' lang='lat' dir='ltr'><strong><em>debantur,</em></strong></span> <span class='ocrx_word' id='word_1_506' title='bbox 2695 815 2881 857; x_wconf 90' lang='lat' dir='ltr'><strong><em>omnes</em></strong></span> <span class='ocrx_word' id='word_1_507' title='bbox 2904 814 3008 853; x_wconf 90' lang='lat' dir='ltr'><strong><em>uno</em></strong></span> <span class='ocrx_word' id='word_1_508' title='bbox 3035 811 3302 853; x_wconf 90' lang='lat' dir='ltr'><strong><em>consensu</em></strong></span> <span class='ocrx_word' id='word_1_509' title='bbox 3338 800 3586 848; x_wconf 86' lang='lat' dir='ltr'><strong><em>accurate</em></strong></span> <span class='ocrx_word' id='word_1_510' title='bbox 3610 797 3984 856; x_wconf 88' lang='lat' dir='ltr'><strong><em>recenserent,</em></strong></span> 
     </span>
    </p>
   </div>
   <div class='ocr_carea' id='block_1_68' title="bbox 2385 880 3978 964">
    <p class='ocr_par' dir='ltr' id='par_1_68' title="bbox 2385 880 3978 964">
     <span class='ocr_line' id='line_1_68' title="bbox 2385 880 3978 964; baseline -0.011 -15"><span class='ocrx_word' id='word_1_511' title='bbox 2385 909 2487 949; x_wconf 91' lang='lat' dir='ltr'><strong><em>nec</em></strong></span> <span class='ocrx_word' id='word_1_512' title='bbox 2505 892 2803 964; x_wconf 86' lang='lat' dir='ltr'><strong><em>quempiam</em></strong></span> <span class='ocrx_word' id='word_1_513' title='bbox 2832 888 3046 944; x_wconf 90' lang='lat' dir='ltr'><strong><em>illorum</em></strong></span> <span class='ocrx_word' id='word_1_514' title='bbox 3084 885 3208 957; x_wconf 92' lang='lat' dir='ltr'><strong><em>quid</em></strong></span> <span class='ocrx_word' id='word_1_515' title='bbox 3246 884 3422 939; x_wconf 89' lang='lat' dir='ltr'><strong><em>simile</em></strong></span> <span class='ocrx_word' id='word_1_516' title='bbox 3454 881 3684 937; x_wconf 84' lang='lat' dir='ltr'><strong><em>tacuisse</em></strong></span> <span class='ocrx_word' id='word_1_517' title='bbox 3713 880 3978 949; x_wconf 85' lang='lat' dir='ltr'><strong><em>reperias.</em></strong></span> 
     </span>
    </p>
   </div>
   <div class='ocr_carea' id='block_1_69' title="bbox 2386 969 3988 1039">
    <p class='ocr_par' dir='ltr' id='par_1_69' title="bbox 2386 969 3988 1039">
     <span class='ocr_line' id='line_1_69' title="bbox 2386 969 3988 1039; baseline -0.011 0"><span class='ocrx_word' id='word_1_518' title='bbox 2386 984 2636 1039; x_wconf 85' lang='lat' dir='ltr'><strong><em>Miracula</em></strong></span> <span class='ocrx_word' id='word_1_519' title='bbox 2666 994 2795 1036; x_wconf 89' lang='lat' dir='ltr'><strong><em>vero</em></strong></span> <span class='ocrx_word' id='word_1_520' title='bbox 2824 979 2927 1032; x_wconf 88' lang='lat' dir='ltr'><strong><em>alia</em></strong></span> <span class='ocrx_word' id='word_1_521' title='bbox 2956 978 3075 1032; x_wconf 78' lang='lat' dir='ltr'><strong><em>aliis</em></strong></span> <span class='ocrx_word' id='word_1_522' title='bbox 3113 974 3456 1031; x_wconf 89' lang='lat' dir='ltr'><strong><em>narrantibus</em></strong></span> <span class='ocrx_word' id='word_1_523' title='bbox 3504 971 3822 1033; x_wconf 84' lang='lat' dir='ltr'><strong><em>omiserunt,</em></strong></span> <span class='ocrx_word' id='word_1_524' title='bbox 3878 969 3988 1021; x_wconf 87' lang='lat' dir='ltr'><strong><em>alia</em></strong></span> 
     </span>
    </p>
   </div>
   <div class='ocr_carea' id='block_1_70' title="bbox 2387 1060 3990 1131">
    <p class='ocr_par' dir='ltr' id='par_1_70' title="bbox 2387 1060 3990 1131">
     <span class='ocr_line' id='line_1_70' title="bbox 2387 1060 3990 1131; baseline -0.01 -1"><span class='ocrx_word' id='word_1_525' title='bbox 2387 1075 2546 1131; x_wconf 88' lang='lat' dir='ltr'><strong><em>simul</em></strong></span> <span class='ocrx_word' id='word_1_526' title='bbox 2572 1089 2758 1129; x_wconf 89' lang='lat' dir='ltr'><strong><em>omnes</em></strong></span> <span class='ocrx_word' id='word_1_527' title='bbox 2785 1080 3083 1126; x_wconf 88' lang='lat' dir='ltr'><strong><em>tacuerunt.</em></strong></span> <span class='ocrx_word' id='word_1_528' title='bbox 3133 1067 3258 1122; x_wconf 81' lang='lat' dir='ltr'><strong><em>llaec</em></strong></span> <span class='ocrx_word' id='word_1_529' title='bbox 3297 1073 3474 1119; x_wconf 88' lang='lat' dir='ltr'><strong><em>autem</em></strong></span> <span class='ocrx_word' id='word_1_530' title='bbox 3504 1078 3609 1117; x_wconf 90' lang='lat' dir='ltr'><strong><em>non</em></strong></span> <span class='ocrx_word' id='word_1_531' title='bbox 3658 1060 3775 1115; x_wconf 87' lang='lat' dir='ltr'><strong><em>sine</em></strong></span> <span class='ocrx_word' id='word_1_532' title='bbox 3824 1072 3990 1114; x_wconf 75' lang='lat' dir='ltr'><strong><em>causa</em></strong></span> 
     </span>
    </p>
   </div>
   <div class='ocr_carea' id='block_1_71' title="bbox 2388 1149 3991 1237">
    <p class='ocr_par' dir='ltr' id='par_1_71' title="bbox 2388 1149 3991 1237">
     <span class='ocr_line' id='line_1_71' title="bbox 2388 1149 3991 1237; baseline -0.012 -16"><span class='ocrx_word' id='word_1_533' title='bbox 2388 1168 2581 1237; x_wconf 90' lang='lat' dir='ltr'><strong><em>loquor</em></strong></span> <span class='ocrx_word' id='word_1_534' title='bbox 2604 1207 2618 1231; x_wconf 91' lang='lat'><strong><em>,</em></strong></span> <span class='ocrx_word' id='word_1_535' title='bbox 2654 1164 2749 1221; x_wconf 89' lang='lat' dir='ltr'><strong><em>sed</em></strong></span> <span class='ocrx_word' id='word_1_536' title='bbox 2791 1161 2856 1218; x_wconf 89' lang='lat' dir='ltr'><strong><em>ad</em></strong></span> <span class='ocrx_word' id='word_1_537' title='bbox 2892 1158 3325 1217; x_wconf 90' lang='lat' dir='ltr'><strong><em>contundendam</em></strong></span> <span class='ocrx_word' id='word_1_538' title='bbox 3378 1154 3656 1226; x_wconf 80' lang='lat' dir='ltr'><strong><em>gentilium</em></strong></span> <span class='ocrx_word' id='word_1_539' title='bbox 3700 1149 3991 1221; x_wconf 85' lang='lat' dir='ltr'><strong><em>impuden-</em></strong></span> 
     </span>
    </p>
   </div>
   <div class='ocr_carea' id='block_1_72' title="bbox 2394 1243 3991 1329">
    <p class='ocr_par' dir='ltr' id='par_1_72' title="bbox 2394 1243 3991 1329">
     <span class='ocr_line' id='line_1_72' title="bbox 2394 1243 3991 1329; baseline -0.012 -17"><span class='ocrx_word' id='word_1_540' title='bbox 2394 1261 2540 1313; x_wconf 87' lang='lat' dir='ltr'><strong><em>tiam.</em></strong></span> <span class='ocrx_word' id='word_1_541' title='bbox 2572 1259 2682 1313; x_wconf 88' lang='lat' dir='ltr'><strong><em>lloc</em></strong></span> <span class='ocrx_word' id='word_1_542' title='bbox 2698 1257 2892 1329; x_wconf 83' lang='lat' dir='ltr'><strong><em>quippe</em></strong></span> <span class='ocrx_word' id='word_1_543' title='bbox 2912 1255 3044 1310; x_wconf 89' lang='lat' dir='ltr'><strong><em>satis</em></strong></span> <span class='ocrx_word' id='word_1_544' title='bbox 3064 1262 3146 1308; x_wconf 90' lang='lat' dir='ltr'><strong><em>est</em></strong></span> <span class='ocrx_word' id='word_1_545' title='bbox 3174 1251 3239 1305; x_wconf 89' lang='lat' dir='ltr'><strong><em>ad</em></strong></span> <span class='ocrx_word' id='word_1_546' title='bbox 3265 1246 3742 1305; x_wconf 89' lang='lat' dir='ltr'><strong><em>demonstrandum</em></strong></span> <span class='ocrx_word' id='word_1_547' title='bbox 3772 1243 3991 1298; x_wconf 89' lang='lat' dir='ltr'><strong><em>illorum</em></strong></span> 
     </span>
    </p>
   </div>
   <div class='ocr_carea' id='block_1_73' title="bbox 2392 1334 3995 1417">
    <p class='ocr_par' dir='ltr' id='par_1_73' title="bbox 2392 1334 3995 1417">
     <span class='ocr_line' id='line_1_73' title="bbox 2392 1334 3995 1417; baseline -0.01 -14"><span class='ocrx_word' id='word_1_548' title='bbox 2392 1352 2501 1405; x_wconf 91' lang='lat' dir='ltr'><strong><em>veri</em></strong></span> <span class='ocrx_word' id='word_1_549' title='bbox 2532 1352 2786 1417; x_wconf 91' lang='lat' dir='ltr'><strong><em>studium,</em></strong></span> <span class='ocrx_word' id='word_1_550' title='bbox 2832 1358 2887 1403; x_wconf 89' lang='lat' dir='ltr'><strong><em>et</em></strong></span> <span class='ocrx_word' id='word_1_551' title='bbox 2918 1344 3251 1417; x_wconf 86' lang='lat' dir='ltr'><strong><em>probandum</em></strong></span> <span class='ocrx_word' id='word_1_552' title='bbox 3286 1344 3431 1413; x_wconf 90' lang='lat' dir='ltr'><strong><em>ipsos</em></strong></span> <span class='ocrx_word' id='word_1_553' title='bbox 3471 1339 3602 1395; x_wconf 90' lang='lat' dir='ltr'><strong><em>nihil</em></strong></span> <span class='ocrx_word' id='word_1_554' title='bbox 3645 1337 3711 1392; x_wconf 89' lang='lat' dir='ltr'><strong><em>ad</em></strong></span> <span class='ocrx_word' id='word_1_555' title='bbox 3760 1334 3995 1406; x_wconf 82' lang='lat' dir='ltr'><strong><em>gratiam</em></strong></span> 
     </span>
    </p>
   </div>
   <div class='ocr_carea' id='block_1_74' title="bbox 2392 1427 3994 1511">
    <p class='ocr_par' dir='ltr' id='par_1_74' title="bbox 2392 1427 3994 1511">
     <span class='ocr_line' id='line_1_74' title="bbox 2392 1427 3994 1511; baseline -0.013 -14"><span class='ocrx_word' id='word_1_556' title='bbox 2392 1443 2612 1497; x_wconf 79' lang='lat' dir='ltr'><strong><em>dixisse.</em></strong></span> <span class='ocrx_word' id='word_1_557' title='bbox 2638 1442 2749 1496; x_wconf 88' lang='lat' dir='ltr'><strong><em>Hoc</em></strong></span> <span class='ocrx_word' id='word_1_558' title='bbox 2782 1448 3100 1511; x_wconf 89' lang='lat' dir='ltr'><strong><em>argumento</em></strong></span> <span class='ocrx_word' id='word_1_559' title='bbox 3128 1444 3184 1491; x_wconf 94' lang='lat' dir='ltr'><strong><em>et</em></strong></span> <span class='ocrx_word' id='word_1_560' title='bbox 3205 1435 3324 1489; x_wconf 86' lang='lat' dir='ltr'><strong><em>aliis</em></strong></span> <span class='ocrx_word' id='word_1_561' title='bbox 3355 1431 3567 1494; x_wconf 91' lang='lat' dir='ltr'><strong><em>muniti,</em></strong></span> <span class='ocrx_word' id='word_1_562' title='bbox 3594 1427 3840 1497; x_wconf 89' lang='lat' dir='ltr'><strong><em>poteritis</em></strong></span> <span class='ocrx_word' id='word_1_563' title='bbox 3869 1439 3994 1479; x_wconf 90' lang='lat' dir='ltr'><strong><em>cum</em></strong></span> 
     </span>
    </p>
   </div>
   <div class='ocr_carea' id='block_1_75' title="bbox 2397 1519 3998 1605">
    <p class='ocr_par' dir='ltr' id='par_1_75' title="bbox 2397 1519 3998 1605">
     <span class='ocr_line' id='line_1_75' title="bbox 2397 1519 3998 1605; baseline -0.012 -16"><span class='ocrx_word' id='word_1_564' title='bbox 2397 1537 2500 1591; x_wconf 89' lang='lat' dir='ltr'><strong><em>illis</em></strong></span> <span class='ocrx_word' id='word_1_565' title='bbox 2526 1534 2798 1605; x_wconf 75' lang='lat' dir='ltr'><strong><em>congredi.</em></strong></span> <span class='ocrx_word' id='word_1_566' title='bbox 2822 1532 3021 1588; x_wconf 74' lang='lat' dir='ltr'><strong><em>Verum</em></strong></span> <span class='ocrx_word' id='word_1_567' title='bbox 3047 1528 3309 1586; x_wconf 88' lang='lat' dir='ltr'><strong><em>attendite</em></strong></span> <span class='ocrx_word' id='word_1_568' title='bbox 3335 1542 3351 1582; x_wconf 88' lang='lat'><strong>:</strong></span> <span class='ocrx_word' id='word_1_569' title='bbox 3382 1539 3507 1580; x_wconf 90' lang='lat' dir='ltr'><strong><em>nam</em></strong></span> <span class='ocrx_word' id='word_1_570' title='bbox 3529 1519 3821 1577; x_wconf 82' lang='lat' dir='ltr'><strong><em>absurdum</em></strong></span> <span class='ocrx_word' id='word_1_571' title='bbox 3850 1522 3998 1571; x_wconf 83' lang='lat' dir='ltr'><strong><em>esset</em></strong></span> 
     </span>
    </p>
   </div>
   <div class='ocr_carea' id='block_1_76' title="bbox 2397 1609 3997 1692">
    <p class='ocr_par' dir='ltr' id='par_1_76' title="bbox 2397 1609 3997 1692">
     <span class='ocr_line' id='line_1_76' title="bbox 2397 1609 3997 1692; baseline -0.015 -10"><span class='ocrx_word' id='word_1_572' title='bbox 2397 1627 2662 1682; x_wconf 85' lang='lat' dir='ltr'><strong><em>medicum</em></strong></span> <span class='ocrx_word' id='word_1_573' title='bbox 2692 1636 2798 1680; x_wconf 89' lang='lat' dir='ltr'><strong><em>tam</em></strong></span> <span class='ocrx_word' id='word_1_574' title='bbox 2823 1634 3041 1679; x_wconf 88' lang='lat' dir='ltr'><strong><em>strenue</em></strong></span> <span class='ocrx_word' id='word_1_575' title='bbox 3062 1635 3160 1692; x_wconf 88' lang='lat' dir='ltr'><strong><em>pro</em></strong></span> <span class='ocrx_word' id='word_1_576' title='bbox 3178 1630 3293 1673; x_wconf 86' lang='lat' dir='ltr'><strong><em>arte</em></strong></span> <span class='ocrx_word' id='word_1_577' title='bbox 3312 1631 3408 1673; x_wconf 86' lang='lat' dir='ltr'><strong><em>sua</em></strong></span> <span class='ocrx_word' id='word_1_578' title='bbox 3431 1628 3689 1686; x_wconf 87' lang='lat' dir='ltr'><strong><em>pugnare,</em></strong></span> <span class='ocrx_word' id='word_1_579' title='bbox 3706 1609 3997 1665; x_wconf 77' lang='lat' dir='ltr'><strong><em>ceriarium</em></strong></span> 
     </span>
    </p>
   </div>
   <div class='ocr_carea' id='block_1_77' title="bbox 2399 1697 4004 1783">
    <p class='ocr_par' dir='ltr' id='par_1_77' title="bbox 2399 1697 4004 1783">
     <span class='ocr_line' id='line_1_77' title="bbox 2399 1697 4004 1783; baseline -0.014 -10"><span class='ocrx_word' id='word_1_580' title='bbox 2399 1720 2547 1783; x_wconf 89' lang='lat' dir='ltr'><strong><em>item,</em></strong></span> <span class='ocrx_word' id='word_1_581' title='bbox 2600 1726 2882 1780; x_wconf 82' lang='lat' dir='ltr'><strong><em>textorem,</em></strong></span> <span class='ocrx_word' id='word_1_582' title='bbox 2923 1724 3259 1781; x_wconf 70' lang='lat' dir='ltr'><strong><em>czcterosque</em></strong></span> <span class='ocrx_word' id='word_1_583' title='bbox 3304 1721 3494 1763; x_wconf 89' lang='lat' dir='ltr'><strong><em>omnes</em></strong></span> <span class='ocrx_word' id='word_1_584' title='bbox 3540 1702 3809 1766; x_wconf 78' lang='lat' dir='ltr'><strong><em>artiﬁces;</em></strong></span> <span class='ocrx_word' id='word_1_585' title='bbox 3843 1697 4004 1754; x_wconf 83' lang='lat' dir='ltr'><strong><em>Chri-</em></strong></span> 
     </span>
    </p>
   </div>
   <div class='ocr_carea' id='block_1_78' title="bbox 2400 1792 3999 1875">
    <p class='ocr_par' dir='ltr' id='par_1_78' title="bbox 2400 1792 3999 1875">
     <span class='ocr_line' id='line_1_78' title="bbox 2400 1792 3999 1875; baseline -0.013 -11"><span class='ocrx_word' id='word_1_586' title='bbox 2400 1808 2633 1864; x_wconf 90' lang='lat' dir='ltr'><strong><em>stianum</em></strong></span> <span class='ocrx_word' id='word_1_587' title='bbox 2659 1822 2805 1870; x_wconf 89' lang='lat' dir='ltr'><strong><em>vero,</em></strong></span> <span class='ocrx_word' id='word_1_588' title='bbox 2838 1819 3002 1875; x_wconf 87' lang='lat' dir='ltr'><strong><em>seque</em></strong></span> <span class='ocrx_word' id='word_1_589' title='bbox 3039 1804 3199 1857; x_wconf 86' lang='lat' dir='ltr'><strong><em>talem</em></strong></span> <span class='ocrx_word' id='word_1_590' title='bbox 3240 1799 3579 1870; x_wconf 78' lang='lat' dir='ltr'><strong><em>proﬁtentem</em></strong></span> <span class='ocrx_word' id='word_1_591' title='bbox 3601 1835 3614 1858; x_wconf 87' lang='lat'><strong><em>,</em></strong></span> <span class='ocrx_word' id='word_1_592' title='bbox 3652 1808 3723 1848; x_wconf 89' lang='lat' dir='ltr'><strong><em>ne</em></strong></span> <span class='ocrx_word' id='word_1_593' title='bbox 3770 1792 3999 1846; x_wconf 87' lang='lat' dir='ltr'><strong><em>verbum</em></strong></span> 
     </span>
    </p>
   </div>
   <div class='ocr_carea' id='block_1_79' title="bbox 2401 1876 4005 1970">
    <p class='ocr_par' dir='ltr' id='par_1_79' title="bbox 2401 1876 4005 1970">
     <span class='ocr_line' id='line_1_79' title="bbox 2401 1876 4005 1970; baseline -0.011 -19"><span class='ocrx_word' id='word_1_594' title='bbox 2401 1899 2614 1970; x_wconf 90' lang='lat' dir='ltr'><strong><em>quidem</em></strong></span> <span class='ocrx_word' id='word_1_595' title='bbox 2638 1912 2795 1967; x_wconf 88' lang='lat' dir='ltr'><strong><em>posse</em></strong></span> <span class='ocrx_word' id='word_1_596' title='bbox 2823 1896 2890 1950; x_wconf 91' lang='lat' dir='ltr'><strong><em>ad</em></strong></span> <span class='ocrx_word' id='word_1_597' title='bbox 2914 1910 3064 1951; x_wconf 89' lang='lat' dir='ltr'><strong><em>snam</em></strong></span> <span class='ocrx_word' id='word_1_598' title='bbox 3091 1890 3343 1948; x_wconf 86' lang='lat' dir='ltr'><strong><em>tuendam</em></strong></span> <span class='ocrx_word' id='word_1_599' title='bbox 3366 1889 3524 1943; x_wconf 85' lang='lat' dir='ltr'><strong><em>ﬁdem</em></strong></span> <span class='ocrx_word' id='word_1_600' title='bbox 3547 1882 3811 1956; x_wconf 79' lang='lat' dir='ltr'><strong><em>proferre.</em></strong></span> <span class='ocrx_word' id='word_1_601' title='bbox 3828 1876 4005 1952; x_wconf 62' lang='lat' dir='ltr'><strong><em>Atqui</em></strong></span> 
     </span>
    </p>
   </div>
   <div class='ocr_carea' id='block_1_80' title="bbox 2404 1973 4005 2059">
    <p class='ocr_par' dir='ltr' id='par_1_80' title="bbox 2404 1973 4005 2059">
     <span class='ocr_line' id='line_1_80' title="bbox 2404 1973 4005 2059; baseline -0.014 -12"><span class='ocrx_word' id='word_1_602' title='bbox 2404 1992 2495 2047; x_wconf 89' lang='lat' dir='ltr'><strong><em>illa</em></strong></span> <span class='ocrx_word' id='word_1_603' title='bbox 2527 1989 2782 2059; x_wconf 77' lang='lat' dir='ltr'><strong><em>neglecm.</em></strong></span> <span class='ocrx_word' id='word_1_604' title='bbox 2814 1987 3051 2058; x_wconf 74' lang='lat' dir='ltr'><strong><em>pecunia:</em></strong></span> <span class='ocrx_word' id='word_1_605' title='bbox 3073 1980 3414 2039; x_wconf 88' lang='lat' dir='ltr'><strong><em>solummodo</em></strong></span> <span class='ocrx_word' id='word_1_606' title='bbox 3446 1979 3699 2034; x_wconf 88' lang='lat' dir='ltr'><strong><em>damnum</em></strong></span> <span class='ocrx_word' id='word_1_607' title='bbox 3728 1973 4005 2037; x_wconf 80' lang='lat' dir='ltr'><strong><em>referunt;</em></strong></span> 
     </span>
    </p>
   </div>
   <div class='ocr_carea' id='block_1_81' title="bbox 2407 2066 4009 2148">
    <p class='ocr_par' dir='ltr' id='par_1_81' title="bbox 2407 2066 4009 2148">
     <span class='ocr_line' id='line_1_81' title="bbox 2407 2066 4009 2148; baseline -0.012 -13"><span class='ocrx_word' id='word_1_608' title='bbox 2407 2082 2523 2145; x_wconf 62' lang='lat' dir='ltr'><strong><em>haec</em></strong></span> <span class='ocrx_word' id='word_1_609' title='bbox 2554 2094 2681 2135; x_wconf 89' lang='lat' dir='ltr'><strong><em>vero</em></strong></span> <span class='ocrx_word' id='word_1_610' title='bbox 2706 2079 2751 2133; x_wconf 90' lang='lat' dir='ltr'><strong><em>si</em></strong></span> <span class='ocrx_word' id='word_1_611' title='bbox 2789 2078 3144 2148; x_wconf 82' lang='lat' dir='ltr'><strong><em>negligantur,</em></strong></span> <span class='ocrx_word' id='word_1_612' title='bbox 3195 2074 3365 2143; x_wconf 91' lang='lat' dir='ltr'><strong><em>ipsam</em></strong></span> <span class='ocrx_word' id='word_1_613' title='bbox 3396 2068 3552 2125; x_wconf 80' lang='lat' dir='ltr'><strong><em>nobis</em></strong></span> <span class='ocrx_word' id='word_1_614' title='bbox 3582 2068 3601 2101; x_wconf 87' lang='grc'>¹</span> <span class='ocrx_word' id='word_1_615' title='bbox 3632 2066 3870 2121; x_wconf 90' lang='lat' dir='ltr'><strong><em>animam</em></strong></span> <span class='ocrx_word' id='word_1_616' title='bbox 3912 2077 4009 2132; x_wconf 87' lang='lat' dir='ltr'><strong><em>pe-</em></strong></span> 
     </span>
    </p>
   </div>
   <div class='ocr_carea' id='block_1_82' title="bbox 2402 2154 4011 2226">
    <p class='ocr_par' dir='ltr' id='par_1_82' title="bbox 2402 2154 4011 2226">
     <span class='ocr_line' id='line_1_82' title="bbox 2402 2154 4011 2226; baseline -0.012 0"><span class='ocrx_word' id='word_1_617' title='bbox 2402 2173 2627 2226; x_wconf 80' lang='lat' dir='ltr'><strong><em>rimunt.</em></strong></span> <span class='ocrx_word' id='word_1_618' title='bbox 2675 2171 2926 2225; x_wconf 84' lang='lat' dir='ltr'><strong><em>Attamen</em></strong></span> <span class='ocrx_word' id='word_1_619' title='bbox 2983 2168 3055 2223; x_wconf 90' lang='lat' dir='ltr'><strong><em>ita</em></strong></span> <span class='ocrx_word' id='word_1_620' title='bbox 3102 2167 3302 2221; x_wconf 88' lang='lat' dir='ltr'><strong><em>misere</em></strong></span> <span class='ocrx_word' id='word_1_621' title='bbox 3353 2160 3529 2217; x_wconf 70' lang='lat' dir='ltr'><strong><em>allecti</em></strong></span> <span class='ocrx_word' id='word_1_622' title='bbox 3562 2171 3786 2222; x_wconf 89' lang='lat' dir='ltr'><strong><em>sumus,</em></strong></span> <span class='ocrx_word' id='word_1_623' title='bbox 3817 2165 3874 2210; x_wconf 93' lang='lat' dir='ltr'><strong><em>ut</em></strong></span> <span class='ocrx_word' id='word_1_624' title='bbox 3902 2154 4011 2208; x_wconf 89' lang='lat' dir='ltr'><strong><em>illis</em></strong></span> 
     </span>
    </p>
   </div>
   <div class='ocr_carea' id='block_1_83' title="bbox 2409 2252 4013 2330">
    <p class='ocr_par' dir='ltr' id='par_1_83' title="bbox 2409 2252 4013 2330">
     <span class='ocr_line' id='line_1_83' title="bbox 2409 2252 4013 2330; baseline -0.012 -11"><span class='ocrx_word' id='word_1_625' title='bbox 2409 2273 2573 2319; x_wconf 87' lang='lat' dir='ltr'><strong><em>totam</em></strong></span> <span class='ocrx_word' id='word_1_626' title='bbox 2626 2279 2809 2319; x_wconf 90' lang='lat' dir='ltr'><strong><em>curam</em></strong></span> <span class='ocrx_word' id='word_1_627' title='bbox 2856 2258 3267 2330; x_wconf 83' lang='lat' dir='ltr'><strong><em>impendamus;</em></strong></span> <span class='ocrx_word' id='word_1_628' title='bbox 3321 2252 3625 2310; x_wconf 88' lang='lat' dir='ltr'><strong><em>necessaria</em></strong></span> <span class='ocrx_word' id='word_1_629' title='bbox 3674 2264 3840 2313; x_wconf 88' lang='lat' dir='ltr'><strong><em>vero,</em></strong></span> <span class='ocrx_word' id='word_1_630' title='bbox 3886 2262 4013 2317; x_wconf 82' lang='lat' dir='ltr'><strong><em>qua:</em></strong></span> 
     </span>
    </p>
   </div>
   <div class='ocr_carea' id='block_1_84' title="bbox 2410 2342 4017 2431">
    <p class='ocr_par' dir='ltr' id='par_1_84' title="bbox 2410 2342 4017 2431">
     <span class='ocr_line' id='line_1_84' title="bbox 2410 2342 4017 2431; baseline -0.012 -22"><span class='ocrx_word' id='word_1_631' title='bbox 2410 2354 2566 2409; x_wconf 87' lang='lat' dir='ltr'><strong><em>nobis</em></strong></span> <span class='ocrx_word' id='word_1_632' title='bbox 2590 2354 2775 2409; x_wconf 86' lang='lat' dir='ltr'><strong><em>salutis</em></strong></span> <span class='ocrx_word' id='word_1_633' title='bbox 2796 2366 2957 2431; x_wconf 71' lang='lat' dir='ltr'><strong><em>causa</em></strong></span> <span class='ocrx_word' id='word_1_634' title='bbox 2980 2358 3125 2416; x_wconf 89' lang='lat' dir='ltr'><strong><em>sunt,</em></strong></span> <span class='ocrx_word' id='word_1_635' title='bbox 3172 2357 3233 2403; x_wconf 90' lang='lat' dir='ltr'><strong><em>nt</em></strong></span> <span class='ocrx_word' id='word_1_636' title='bbox 3267 2345 3468 2401; x_wconf 91' lang='lat' dir='ltr'><strong><em>nullius</em></strong></span> <span class='ocrx_word' id='word_1_637' title='bbox 3512 2342 3668 2413; x_wconf 74' lang='lat' dir='ltr'><strong><em>pretii</em></strong></span> <span class='ocrx_word' id='word_1_638' title='bbox 3694 2348 4017 2396; x_wconf 85' lang='lat' dir='ltr'><strong><em>contemna-</em></strong></span> 
     </span>
    </p>
   </div>
   <div class='ocr_carea' id='block_1_85' title="bbox 2415 2459 2553 2499">
    <p class='ocr_par' dir='ltr' id='par_1_85' title="bbox 2415 2459 2553 2499">
     <span class='ocr_line' id='line_1_85' title="bbox 2415 2459 2553 2499; baseline -0.014 0"><span class='ocrx_word' id='word_1_639' title='bbox 2415 2459 2553 2499; x_wconf 90' lang='lat' dir='ltr'><strong><em>mus.</em></strong></span> 
     </span>
    </p>
   </div>
   <div class='ocr_carea' id='block_1_86' title="bbox 2487 2518 4018 2602">
    <p class='ocr_par' dir='ltr' id='par_1_86' title="bbox 2487 2518 4018 2602">
     <span class='ocr_line' id='line_1_86' title="bbox 2487 2518 4018 2602; baseline -0.011 -12"><span class='ocrx_word' id='word_1_640' title='bbox 2487 2537 2539 2590; x_wconf 69' lang='grc'><strong><em>4.</em></strong></span> <span class='ocrx_word' id='word_1_641' title='bbox 2573 2534 2625 2590; x_wconf 89' lang='lat' dir='ltr'><strong><em>id</em></strong></span> <span class='ocrx_word' id='word_1_642' title='bbox 2659 2549 2784 2588; x_wconf 88' lang='lat' dir='ltr'><strong><em>vero</em></strong></span> <span class='ocrx_word' id='word_1_643' title='bbox 2816 2548 2921 2589; x_wconf 90' lang='lat' dir='ltr'><strong><em>non</em></strong></span> <span class='ocrx_word' id='word_1_644' title='bbox 2948 2532 3073 2586; x_wconf 83' lang='lat' dir='ltr'><strong><em>sinit</em></strong></span> <span class='ocrx_word' id='word_1_645' title='bbox 3100 2529 3325 2602; x_wconf 86' lang='lat' dir='ltr'><strong><em>gentiles</em></strong></span> <span class='ocrx_word' id='word_1_646' title='bbox 3361 2541 3600 2584; x_wconf 86' lang='lat' dir='ltr'><strong><em>errorem</em></strong></span> <span class='ocrx_word' id='word_1_647' title='bbox 3637 2537 3792 2580; x_wconf 89' lang='lat' dir='ltr'><strong><em>suum</em></strong></span> <span class='ocrx_word' id='word_1_648' title='bbox 3825 2522 3898 2576; x_wconf 89' lang='lat' dir='ltr'><strong><em>ita</em></strong></span> <span class='ocrx_word' id='word_1_649' title='bbox 3931 2518 4018 2574; x_wconf 80' lang='lat' dir='ltr'><strong><em>fa-</em></strong></span> 
     </span>
    </p>
   </div>
   <div class='ocr_carea' id='block_1_87' title="bbox 2418 2616 4020 2693">
    <p class='ocr_par' dir='ltr' id='par_1_87' title="bbox 2418 2616 4020 2693">
     <span class='ocr_line' id='line_1_87' title="bbox 2418 2616 4020 2693; baseline -0.008 -11"><span class='ocrx_word' id='word_1_650' title='bbox 2418 2627 2521 2683; x_wconf 89' lang='lat' dir='ltr'><strong><em>cile</em></strong></span> <span class='ocrx_word' id='word_1_651' title='bbox 2551 2627 2794 2682; x_wconf 89' lang='lat' dir='ltr'><strong><em>irridere.</em></strong></span> <span class='ocrx_word' id='word_1_652' title='bbox 2828 2626 2960 2681; x_wconf 89' lang='lat' dir='ltr'><strong><em>Cum</em></strong></span> <span class='ocrx_word' id='word_1_653' title='bbox 2984 2624 3127 2679; x_wconf 87' lang='lat' dir='ltr'><strong><em>enim</em></strong></span> <span class='ocrx_word' id='word_1_654' title='bbox 3160 2622 3258 2693; x_wconf 89' lang='lat' dir='ltr'><strong><em>ipsi</em></strong></span> <span class='ocrx_word' id='word_1_655' title='bbox 3286 2621 3565 2676; x_wconf 83' lang='lat' dir='ltr'><strong><em>mendacio</em></strong></span> <span class='ocrx_word' id='word_1_656' title='bbox 3590 2618 3699 2673; x_wconf 78' lang='lat' dir='ltr'><strong><em>nixi</em></strong></span> <span class='ocrx_word' id='word_1_657' title='bbox 3731 2616 3867 2671; x_wconf 90' lang='lat' dir='ltr'><strong><em>nihil</em></strong></span> <span class='ocrx_word' id='word_1_658' title='bbox 3908 2630 4020 2669; x_wconf 88' lang='lat' dir='ltr'><strong><em>non</em></strong></span> 
     </span>
    </p>
   </div>
   <div class='ocr_carea' id='block_1_88' title="bbox 2419 2707 4021 2788">
    <p class='ocr_par' dir='ltr' id='par_1_88' title="bbox 2419 2707 4021 2788">
     <span class='ocr_line' id='line_1_88' title="bbox 2419 2707 4021 2788; baseline -0.009 -15"><span class='ocrx_word' id='word_1_659' title='bbox 2419 2727 2611 2788; x_wconf 86' lang='lat' dir='ltr'><strong><em>agant,</em></strong></span> <span class='ocrx_word' id='word_1_660' title='bbox 2643 2727 2699 2771; x_wconf 91' lang='lat' dir='ltr'><strong><em>ut</em></strong></span> <span class='ocrx_word' id='word_1_661' title='bbox 2726 2717 3031 2787; x_wconf 85' lang='lat' dir='ltr'><strong><em>dogmatum</em></strong></span> <span class='ocrx_word' id='word_1_662' title='bbox 3064 2728 3282 2769; x_wconf 91' lang='lat' dir='ltr'><strong><em>suorum</em></strong></span> <span class='ocrx_word' id='word_1_663' title='bbox 3312 2710 3693 2781; x_wconf 87' lang='lat' dir='ltr'><strong><em>turpitudinem</em></strong></span> <span class='ocrx_word' id='word_1_664' title='bbox 3724 2707 3982 2776; x_wconf 88' lang='lat' dir='ltr'><strong><em>obtegant</em></strong></span> <span class='ocrx_word' id='word_1_665' title='bbox 4002 2746 4021 2773; x_wconf 94' lang='lat'><strong><em>,</em></strong></span> 
     </span>
    </p>
   </div>
   <div class='ocr_carea' id='block_1_89' title="bbox 2420 2798 4023 2871">
    <p class='ocr_par' dir='ltr' id='par_1_89' title="bbox 2420 2798 4023 2871">
     <span class='ocr_line' id='line_1_89' title="bbox 2420 2798 4023 2871; baseline -0.009 -9"><span class='ocrx_word' id='word_1_666' title='bbox 2420 2823 2518 2863; x_wconf 92' lang='lat' dir='ltr'><strong><em>nos</em></strong></span> <span class='ocrx_word' id='word_1_667' title='bbox 2539 2819 2714 2862; x_wconf 88' lang='lat' dir='ltr'><strong><em>autem</em></strong></span> <span class='ocrx_word' id='word_1_668' title='bbox 2738 2807 2977 2862; x_wconf 88' lang='lat' dir='ltr'><strong><em>veritatis</em></strong></span> <span class='ocrx_word' id='word_1_669' title='bbox 3001 2805 3233 2861; x_wconf 90' lang='lat' dir='ltr'><strong><em>cultores</em></strong></span> <span class='ocrx_word' id='word_1_670' title='bbox 3260 2818 3327 2857; x_wconf 90' lang='lat' dir='ltr'><strong><em>ne</em></strong></span> <span class='ocrx_word' id='word_1_671' title='bbox 3352 2816 3414 2856; x_wconf 91' lang='lat' dir='ltr'><strong><em>os</em></strong></span> <span class='ocrx_word' id='word_1_672' title='bbox 3441 2799 3655 2871; x_wconf 85' lang='lat' dir='ltr'><strong><em>quidem</em></strong></span> <span class='ocrx_word' id='word_1_673' title='bbox 3684 2798 3898 2869; x_wconf 84' lang='lat' dir='ltr'><strong><em>aperire</em></strong></span> <span class='ocrx_word' id='word_1_674' title='bbox 3923 2814 4023 2849; x_wconf 85' lang='lat' dir='ltr'><strong><em>va-</em></strong></span> 
     </span>
    </p>
   </div>
   <div class='ocr_carea' id='block_1_90' title="bbox 2419 2889 4022 2968">
    <p class='ocr_par' dir='ltr' id='par_1_90' title="bbox 2419 2889 4022 2968">
     <span class='ocr_line' id='line_1_90' title="bbox 2419 2889 4022 2968; baseline -0.008 -12"><span class='ocrx_word' id='word_1_675' title='bbox 2419 2899 2658 2965; x_wconf 86' lang='lat' dir='ltr'><strong><em>leamus,</em></strong></span> <span class='ocrx_word' id='word_1_676' title='bbox 2688 2898 2957 2968; x_wconf 90' lang='lat' dir='ltr'><strong><em>quomodo</em></strong></span> <span class='ocrx_word' id='word_1_677' title='bbox 2988 2912 3093 2951; x_wconf 89' lang='lat' dir='ltr'><strong><em>non</em></strong></span> <span class='ocrx_word' id='word_1_678' title='bbox 3140 2896 3264 2950; x_wconf 88' lang='lat' dir='ltr'><strong><em>inde</em></strong></span> <span class='ocrx_word' id='word_1_679' title='bbox 3301 2893 3568 2964; x_wconf 86' lang='lat' dir='ltr'><strong><em>dogmatis</em></strong></span> <span class='ocrx_word' id='word_1_680' title='bbox 3592 2889 4022 2945; x_wconf 75' lang='lat' dir='ltr'><strong><em>imbecillitatem</em></strong></span> 
     </span>
    </p>
   </div>
   <div class='ocr_carea' id='block_1_91' title="bbox 2420 2978 4027 3059">
    <p class='ocr_par' dir='ltr' id='par_1_91' title="bbox 2420 2978 4027 3059">
     <span class='ocr_line' id='line_1_91' title="bbox 2420 2978 4027 3059; baseline -0.006 -16"><span class='ocrx_word' id='word_1_681' title='bbox 2420 3000 2645 3059; x_wconf 88' lang='lat' dir='ltr'><strong><em>arguant</em></strong></span> <span class='ocrx_word' id='word_1_682' title='bbox 2673 2998 2727 3043; x_wconf 90' lang='lat' dir='ltr'><strong><em>et</em></strong></span> <span class='ocrx_word' id='word_1_683' title='bbox 2765 2988 3053 3043; x_wconf 85' lang='lat' dir='ltr'><strong><em>damnent?</em></strong></span> <span class='ocrx_word' id='word_1_684' title='bbox 3092 2983 3361 3057; x_wconf 90' lang='lat' dir='ltr'><strong><em>quomodo</em></strong></span> <span class='ocrx_word' id='word_1_685' title='bbox 3392 2998 3497 3037; x_wconf 91' lang='lat' dir='ltr'><strong><em>non</em></strong></span> <span class='ocrx_word' id='word_1_686' title='bbox 3536 2980 3801 3038; x_wconf 82' lang='lat' dir='ltr'><strong><em>fallaciam</em></strong></span> <span class='ocrx_word' id='word_1_687' title='bbox 3846 2978 4027 3034; x_wconf 88' lang='lat' dir='ltr'><strong><em>stulti-</em></strong></span> 
     </span>
    </p>
   </div>
   <div class='ocr_carea' id='block_1_92' title="bbox 2424 3071 4027 3150">
    <p class='ocr_par' dir='ltr' id='par_1_92' title="bbox 2424 3071 4027 3150">
     <span class='ocr_line' id='line_1_92' title="bbox 2424 3071 4027 3150; baseline -0.007 -16"><span class='ocrx_word' id='word_1_688' title='bbox 2424 3080 2655 3150; x_wconf 89' lang='lat' dir='ltr'><strong><em>tiamque</em></strong></span> <span class='ocrx_word' id='word_1_689' title='bbox 2687 3092 2865 3135; x_wconf 87' lang='lat' dir='ltr'><strong><em>nostra</em></strong></span> <span class='ocrx_word' id='word_1_690' title='bbox 2893 3094 3013 3135; x_wconf 89' lang='lat' dir='ltr'><strong><em>esse</em></strong></span> <span class='ocrx_word' id='word_1_691' title='bbox 3041 3077 3419 3149; x_wconf 86' lang='lat' dir='ltr'><strong><em>suspicentur?</em></strong></span> <span class='ocrx_word' id='word_1_692' title='bbox 3448 3073 3719 3145; x_wconf 90' lang='lat' dir='ltr'><strong><em>quomodo</em></strong></span> <span class='ocrx_word' id='word_1_693' title='bbox 3763 3088 3871 3126; x_wconf 88' lang='lat' dir='ltr'><strong><em>non</em></strong></span> <span class='ocrx_word' id='word_1_694' title='bbox 3904 3071 4027 3125; x_wconf 81' lang='lat' dir='ltr'><strong><em>bla-</em></strong></span> 
     </span>
    </p>
   </div>
   <div class='ocr_carea' id='block_1_93' title="bbox 2424 3161 4029 3239">
    <p class='ocr_par' dir='ltr' id='par_1_93' title="bbox 2424 3161 4029 3239">
     <span class='ocr_line' id='line_1_93' title="bbox 2424 3161 4029 3239; baseline -0.005 -16"><span class='ocrx_word' id='word_1_695' title='bbox 2424 3170 2784 3239; x_wconf 89' lang='lat' dir='ltr'><strong><em>sphemabunt</em></strong></span> <span class='ocrx_word' id='word_1_696' title='bbox 2812 3170 3084 3225; x_wconf 89' lang='lat' dir='ltr'><strong><em>Christum</em></strong></span> <span class='ocrx_word' id='word_1_697' title='bbox 3117 3178 3173 3223; x_wconf 93' lang='lat' dir='ltr'><strong><em>ut</em></strong></span> <span class='ocrx_word' id='word_1_698' title='bbox 3201 3167 3418 3237; x_wconf 88' lang='lat' dir='ltr'><strong><em>planum</em></strong></span> <span class='ocrx_word' id='word_1_699' title='bbox 3449 3175 3503 3220; x_wconf 90' lang='lat' dir='ltr'><strong><em>et</em></strong></span> <span class='ocrx_word' id='word_1_700' title='bbox 3531 3164 3900 3233; x_wconf 76' lang='lat' dir='ltr'><strong><em>deceptorem,</em></strong></span> <span class='ocrx_word' id='word_1_701' title='bbox 3933 3161 4029 3232; x_wconf 84' lang='lat' dir='ltr'><strong><em>qui</em></strong></span> 
     </span>
    </p>
   </div>
   <div class='ocr_carea' id='block_1_94' title="bbox 2426 3250 4031 3323">
    <p class='ocr_par' dir='ltr' id='par_1_94' title="bbox 2426 3250 4031 3323">
     <span class='ocr_line' id='line_1_94' title="bbox 2426 3250 4031 3323; baseline -0.006 -8"><span class='ocrx_word' id='word_1_702' title='bbox 2426 3260 2714 3315; x_wconf 90' lang='lat' dir='ltr'><strong><em>multorum</em></strong></span> <span class='ocrx_word' id='word_1_703' title='bbox 2756 3260 2979 3314; x_wconf 88' lang='lat' dir='ltr'><strong><em>stultitia</em></strong></span> <span class='ocrx_word' id='word_1_704' title='bbox 3017 3258 3083 3313; x_wconf 87' lang='lat' dir='ltr'><strong><em>ad</em></strong></span> <span class='ocrx_word' id='word_1_705' title='bbox 3123 3256 3363 3313; x_wconf 79' lang='lat' dir='ltr'><strong><em>fraudem</em></strong></span> <span class='ocrx_word' id='word_1_706' title='bbox 3405 3269 3532 3309; x_wconf 88' lang='lat' dir='ltr'><strong><em>usus</em></strong></span> <span class='ocrx_word' id='word_1_707' title='bbox 3559 3255 3665 3308; x_wconf 87' lang='lat' dir='ltr'><strong><em>sit?</em></strong></span> <span class='ocrx_word' id='word_1_708' title='bbox 3706 3250 4031 3323; x_wconf 73' lang='lat' dir='ltr'><strong><em>Huiusmodi</em></strong></span> 
     </span>
    </p>
   </div>
   <div class='ocr_carea' id='block_1_95' title="bbox 2426 3344 4034 3420">
    <p class='ocr_par' dir='ltr' id='par_1_95' title="bbox 2426 3344 4034 3420">
     <span class='ocr_line' id='line_1_95' title="bbox 2426 3344 4034 3420; baseline -0.006 -15"><span class='ocrx_word' id='word_1_709' title='bbox 2426 3366 2555 3406; x_wconf 88' lang='lat' dir='ltr'><strong><em>vero</em></strong></span> <span class='ocrx_word' id='word_1_710' title='bbox 2585 3350 2933 3420; x_wconf 78' lang='lat' dir='ltr'><strong><em>blasphemia:</em></strong></span> <span class='ocrx_word' id='word_1_711' title='bbox 2960 3364 3057 3404; x_wconf 91' lang='lat' dir='ltr'><strong><em>nos</em></strong></span> <span class='ocrx_word' id='word_1_712' title='bbox 3083 3350 3133 3402; x_wconf 92' lang='lat' dir='ltr'><strong><em>in</em></strong></span> <span class='ocrx_word' id='word_1_713' title='bbox 3160 3362 3321 3403; x_wconf 86' lang='lat' dir='ltr'><strong><em>causa</em></strong></span> <span class='ocrx_word' id='word_1_714' title='bbox 3346 3361 3548 3411; x_wconf 90' lang='lat' dir='ltr'><strong><em>sumus,</em></strong></span> <span class='ocrx_word' id='word_1_715' title='bbox 3574 3344 3663 3416; x_wconf 89' lang='lat' dir='ltr'><strong><em>qui</em></strong></span> <span class='ocrx_word' id='word_1_716' title='bbox 3690 3344 4034 3399; x_wconf 89' lang='lat' dir='ltr'><strong><em>uoluerimus</em></strong></span> 
     </span>
    </p>
   </div>
   <div class='ocr_carea' id='block_1_96' title="bbox 2426 3434 4033 3513">
    <p class='ocr_par' dir='ltr' id='par_1_96' title="bbox 2426 3434 4033 3513">
     <span class='ocr_line' id='line_1_96' title="bbox 2426 3434 4033 3513; baseline -0.006 -16"><span class='ocrx_word' id='word_1_717' title='bbox 2426 3442 2726 3513; x_wconf 83' lang='lat' dir='ltr'><strong><em>ediscendis</em></strong></span> <span class='ocrx_word' id='word_1_718' title='bbox 2749 3457 2842 3511; x_wconf 88' lang='lat' dir='ltr'><strong><em>pro</em></strong></span> <span class='ocrx_word' id='word_1_719' title='bbox 2866 3441 3061 3495; x_wconf 88' lang='lat' dir='ltr'><strong><em>tuenda</em></strong></span> <span class='ocrx_word' id='word_1_720' title='bbox 3079 3439 3337 3510; x_wconf 89' lang='lat' dir='ltr'><strong><em>religione</em></strong></span> <span class='ocrx_word' id='word_1_721' title='bbox 3360 3436 3687 3508; x_wconf 87' lang='lat' dir='ltr'><strong><em>argumentis</em></strong></span> <span class='ocrx_word' id='word_1_722' title='bbox 3706 3434 4033 3503; x_wconf 78' lang='lat' dir='ltr'><strong><em>advigilare;</em></strong></span> 
     </span>
    </p>
   </div>
   <div class='ocr_carea' id='block_1_97' title="bbox 2427 3522 4035 3603">
    <p class='ocr_par' dir='ltr' id='par_1_97' title="bbox 2427 3522 4035 3603">
     <span class='ocr_line' id='line_1_97' title="bbox 2427 3522 4035 3603; baseline -0.009 -13"><span class='ocrx_word' id='word_1_723' title='bbox 2427 3534 2527 3590; x_wconf 87' lang='lat' dir='ltr'><strong><em>sed</em></strong></span> <span class='ocrx_word' id='word_1_724' title='bbox 2566 3534 2651 3589; x_wconf 89' lang='lat' dir='ltr'><strong><em>his</em></strong></span> <span class='ocrx_word' id='word_1_725' title='bbox 2682 3532 3005 3603; x_wconf 88' lang='lat' dir='ltr'><strong><em>contemptis</em></strong></span> <span class='ocrx_word' id='word_1_726' title='bbox 3033 3531 3180 3585; x_wconf 91' lang='lat' dir='ltr'><strong><em>velut</em></strong></span> <span class='ocrx_word' id='word_1_727' title='bbox 3221 3528 3505 3600; x_wconf 82' lang='lat' dir='ltr'><strong><em>superﬂuis</em></strong></span> <span class='ocrx_word' id='word_1_728' title='bbox 3531 3568 3545 3593; x_wconf 94' lang='lat'><strong><em>,</em></strong></span> <span class='ocrx_word' id='word_1_729' title='bbox 3596 3536 3806 3581; x_wconf 90' lang='lat' dir='ltr'><strong><em>terrena</em></strong></span> <span class='ocrx_word' id='word_1_730' title='bbox 3848 3522 4035 3578; x_wconf 85' lang='lat' dir='ltr'><strong><em>solum</em></strong></span> 
     </span>
    </p>
   </div>
   <div class='ocr_carea' id='block_1_98' title="bbox 2429 3619 4037 3698">
    <p class='ocr_par' dir='ltr' id='par_1_98' title="bbox 2429 3619 4037 3698">
     <span class='ocr_line' id='line_1_98' title="bbox 2429 3619 4037 3698; baseline -0.008 -16"><span class='ocrx_word' id='word_1_731' title='bbox 2429 3641 2699 3683; x_wconf 85' lang='lat' dir='ltr'><strong><em>curemus.</em></strong></span> <span class='ocrx_word' id='word_1_732' title='bbox 2730 3627 2796 3681; x_wconf 89' lang='lat' dir='ltr'><strong><em>Et</em></strong></span> <span class='ocrx_word' id='word_1_733' title='bbox 2820 3624 3034 3698; x_wconf 90' lang='lat' dir='ltr'><strong><em>quidem</em></strong></span> <span class='ocrx_word' id='word_1_734' title='bbox 3074 3624 3363 3686; x_wconf 85' lang='lat' dir='ltr'><strong><em>saltatoris,</em></strong></span> <span class='ocrx_word' id='word_1_735' title='bbox 3396 3629 3487 3675; x_wconf 89' lang='lat' dir='ltr'><strong><em>aut</em></strong></span> <span class='ocrx_word' id='word_1_736' title='bbox 3520 3619 3750 3688; x_wconf 62' lang='lat' dir='ltr'><strong><em>aurigae,</em></strong></span> <span class='ocrx_word' id='word_1_737' title='bbox 3781 3624 3876 3671; x_wconf 91' lang='lat' dir='ltr'><strong><em>aut</em></strong></span> <span class='ocrx_word' id='word_1_738' title='bbox 3907 3631 4037 3670; x_wconf 89' lang='lat' dir='ltr'><strong><em>eum</em></strong></span> 
     </span>
    </p>
   </div>
   <div class='ocr_carea' id='block_1_99' title="bbox 2431 3710 4041 3791">
    <p class='ocr_par' dir='ltr' id='par_1_99' title="bbox 2431 3710 4041 3791">
     <span class='ocr_line' id='line_1_99' title="bbox 2431 3710 4041 3791; baseline -0.007 -18"><span class='ocrx_word' id='word_1_739' title='bbox 2431 3719 2560 3775; x_wconf 81' lang='lat' dir='ltr'><strong><em>feris</em></strong></span> <span class='ocrx_word' id='word_1_740' title='bbox 2586 3721 2866 3791; x_wconf 82' lang='lat' dir='ltr'><strong><em>pugnantis</em></strong></span> <span class='ocrx_word' id='word_1_741' title='bbox 2893 3732 3076 3772; x_wconf 83' lang='lat' dir='ltr'><strong><em>amore</em></strong></span> <span class='ocrx_word' id='word_1_742' title='bbox 3102 3724 3289 3785; x_wconf 90' lang='lat' dir='ltr'><strong><em>captus</em></strong></span> <span class='ocrx_word' id='word_1_743' title='bbox 3309 3713 3594 3783; x_wconf 89' lang='lat' dir='ltr'><strong><em>quispiam,</em></strong></span> <span class='ocrx_word' id='word_1_744' title='bbox 3624 3710 3754 3764; x_wconf 89' lang='lat' dir='ltr'><strong><em>nihil</em></strong></span> <span class='ocrx_word' id='word_1_745' title='bbox 3782 3725 3890 3762; x_wconf 91' lang='lat' dir='ltr'><strong><em>non</em></strong></span> <span class='ocrx_word' id='word_1_746' title='bbox 3919 3723 4041 3761; x_wconf 86' lang='lat' dir='ltr'><strong><em>mo-</em></strong></span> 
     </span>
    </p>
   </div>
   <div class='ocr_carea' id='block_1_100' title="bbox 2432 3799 4041 3884">
    <p class='ocr_par' dir='ltr' id='par_1_100' title="bbox 2432 3799 4041 3884">
     <span class='ocr_line' id='line_1_100' title="bbox 2432 3799 4041 3884; baseline -0.007 -18"><span class='ocrx_word' id='word_1_747' title='bbox 2432 3822 2541 3878; x_wconf 89' lang='lat' dir='ltr'><strong><em>vet,</em></strong></span> <span class='ocrx_word' id='word_1_748' title='bbox 2573 3812 2704 3867; x_wconf 89' lang='lat' dir='ltr'><strong><em>nihil</em></strong></span> <span class='ocrx_word' id='word_1_749' title='bbox 2736 3827 2838 3865; x_wconf 91' lang='lat' dir='ltr'><strong><em>non</em></strong></span> <span class='ocrx_word' id='word_1_750' title='bbox 2869 3811 2996 3881; x_wconf 87' lang='lat' dir='ltr'><strong><em>agit,</em></strong></span> <span class='ocrx_word' id='word_1_751' title='bbox 3025 3820 3082 3863; x_wconf 93' lang='lat' dir='ltr'><strong><em>ut</em></strong></span> <span class='ocrx_word' id='word_1_752' title='bbox 3114 3808 3166 3863; x_wconf 92' lang='lat' dir='ltr'><strong><em>in</em></strong></span> <span class='ocrx_word' id='word_1_753' title='bbox 3197 3805 3578 3884; x_wconf 72' lang='lat' dir='ltr'><strong><em>certaminibus</em></strong></span> <span class='ocrx_word' id='word_1_754' title='bbox 3606 3818 3713 3857; x_wconf 89' lang='lat' dir='ltr'><strong><em>non</em></strong></span> <span class='ocrx_word' id='word_1_755' title='bbox 3743 3799 4041 3855; x_wconf 81' lang='lat' dir='ltr'><strong><em>inferiores</em></strong></span> 
     </span>
    </p>
   </div>
   <div class='ocr_carea' id='block_1_101' title="bbox 2435 3894 4039 3969">
    <p class='ocr_par' dir='ltr' id='par_1_101' title="bbox 2435 3894 4039 3969">
     <span class='ocr_line' id='line_1_101' title="bbox 2435 3894 4039 3969; baseline -0.01 -8"><span class='ocrx_word' id='word_1_756' title='bbox 2435 3905 2697 3969; x_wconf 81' lang='lat' dir='ltr'><strong><em>evadant;</em></strong></span> <span class='ocrx_word' id='word_1_757' title='bbox 2732 3904 2852 3958; x_wconf 91' lang='lat' dir='ltr'><strong><em>illos</em></strong></span> <span class='ocrx_word' id='word_1_758' title='bbox 2876 3901 3163 3956; x_wconf 88' lang='lat' dir='ltr'><strong><em>admodum</em></strong></span> <span class='ocrx_word' id='word_1_759' title='bbox 3195 3898 3432 3963; x_wconf 88' lang='lat' dir='ltr'><strong><em>laudant,</em></strong></span> <span class='ocrx_word' id='word_1_760' title='bbox 3459 3907 3513 3951; x_wconf 92' lang='lat' dir='ltr'><strong><em>et</em></strong></span> <span class='ocrx_word' id='word_1_761' title='bbox 3534 3896 3790 3951; x_wconf 89' lang='lat' dir='ltr'><strong><em>adversus</em></strong></span> <span class='ocrx_word' id='word_1_762' title='bbox 3815 3894 4039 3963; x_wconf 86' lang='lat' dir='ltr'><strong><em>vitupe-</em></strong></span> 
     </span>
    </p>
   </div>
   <div class='ocr_carea' id='block_1_102' title="bbox 2435 3984 4043 4061">
    <p class='ocr_par' dir='ltr' id='par_1_102' title="bbox 2435 3984 4043 4061">
     <span class='ocr_line' id='line_1_102' title="bbox 2435 3984 4043 4061; baseline -0.009 -8"><span class='ocrx_word' id='word_1_763' title='bbox 2435 4008 2615 4053; x_wconf 89' lang='lat' dir='ltr'><strong><em>rantes</em></strong></span> <span class='ocrx_word' id='word_1_764' title='bbox 2664 3996 3030 4052; x_wconf 81' lang='lat' dir='ltr'><strong><em>defensionem</em></strong></span> <span class='ocrx_word' id='word_1_765' title='bbox 3096 3999 3319 4061; x_wconf 89' lang='lat' dir='ltr'><strong><em>parant,</em></strong></span> <span class='ocrx_word' id='word_1_766' title='bbox 3376 3988 3821 4056; x_wconf 78' lang='lat' dir='ltr'><strong><em>adversm-iusque</em></strong></span> <span class='ocrx_word' id='word_1_767' title='bbox 3888 3984 4043 4038; x_wconf 88' lang='lat' dir='ltr'><strong><em>mille</em></strong></span> 
     </span>
    </p>
   </div>
   <div class='ocr_carea' id='block_1_103' title="bbox 2434 4078 4043 4145">
    <p class='ocr_par' dir='ltr' id='par_1_103' title="bbox 2434 4078 4043 4145">
     <span class='ocr_line' id='line_1_103' title="bbox 2434 4078 4043 4145; baseline -0.009 -1"><span class='ocrx_word' id='word_1_768' title='bbox 2434 4089 2691 4144; x_wconf 90' lang='lat' dir='ltr'><strong><em>conviciis</em></strong></span> <span class='ocrx_word' id='word_1_769' title='bbox 2718 4095 2943 4142; x_wconf 90' lang='lat' dir='ltr'><strong><em>onerant</em></strong></span> <span class='ocrx_word' id='word_1_770' title='bbox 2970 4104 2984 4140; x_wconf 91' lang='lat'><strong>:</strong></span> <span class='ocrx_word' id='word_1_771' title='bbox 3013 4098 3132 4139; x_wconf 91' lang='lat' dir='ltr'><strong><em>cum</em></strong></span> <span class='ocrx_word' id='word_1_772' title='bbox 3159 4097 3286 4138; x_wconf 88' lang='lat' dir='ltr'><strong><em>vero</em></strong></span> <span class='ocrx_word' id='word_1_773' title='bbox 3311 4080 3378 4137; x_wconf 91' lang='lat' dir='ltr'><strong><em>de</em></strong></span> <span class='ocrx_word' id='word_1_774' title='bbox 3405 4078 3807 4135; x_wconf 87' lang='lat' dir='ltr'><strong><em>Christianismo</em></strong></span> <span class='ocrx_word' id='word_1_775' title='bbox 3830 4090 4043 4145; x_wconf 80' lang='lat' dir='ltr'><strong><em>propu-</em></strong></span> 
     </span>
    </p>
   </div>
   <div class='ocr_carea' id='block_1_104' title="bbox 2436 4172 4041 4252">
    <p class='ocr_par' dir='ltr' id='par_1_104' title="bbox 2436 4172 4041 4252">
     <span class='ocr_line' id='line_1_104' title="bbox 2436 4172 4041 4252; baseline -0.011 -16"><span class='ocrx_word' id='word_1_776' title='bbox 2436 4181 2648 4252; x_wconf 90' lang='lat' dir='ltr'><strong><em>gnando</em></strong></span> <span class='ocrx_word' id='word_1_777' title='bbox 2675 4181 2871 4248; x_wconf 86' lang='lat' dir='ltr'><strong><em>agitur,</em></strong></span> <span class='ocrx_word' id='word_1_778' title='bbox 2916 4190 3104 4231; x_wconf 90' lang='lat' dir='ltr'><strong><em>omnes</em></strong></span> <span class='ocrx_word' id='word_1_779' title='bbox 3147 4183 3305 4243; x_wconf 89' lang='lat' dir='ltr'><strong><em>caput</em></strong></span> <span class='ocrx_word' id='word_1_780' title='bbox 3346 4172 3635 4234; x_wconf 85' lang='lat' dir='ltr'><strong><em>inclinant,</em></strong></span> <span class='ocrx_word' id='word_1_781' title='bbox 3685 4176 4041 4236; x_wconf 76' lang='lat' dir='ltr'><strong><em>tmpescunt,</em></strong></span> 
     </span>
    </p>
   </div>
   <div class='ocr_carea' id='block_1_105' title="bbox 2439 4256 4047 4334">
    <p class='ocr_par' dir='ltr' id='par_1_105' title="bbox 2439 4256 4047 4334">
     <span class='ocr_line' id='line_1_105' title="bbox 2439 4256 4047 4334; baseline -0.009 -8"><span class='ocrx_word' id='word_1_782' title='bbox 2439 4274 2696 4333; x_wconf 85' lang='lat' dir='ltr'><strong><em>oscitant,</em></strong></span> <span class='ocrx_word' id='word_1_783' title='bbox 2738 4285 2800 4323; x_wconf 89' lang='lat' dir='ltr'><strong><em>ac</em></strong></span> <span class='ocrx_word' id='word_1_784' title='bbox 2833 4284 2951 4324; x_wconf 91' lang='lat' dir='ltr'><strong><em>cum</em></strong></span> <span class='ocrx_word' id='word_1_785' title='bbox 2985 4270 3093 4322; x_wconf 90' lang='lat' dir='ltr'><strong><em>risu</em></strong></span> <span class='ocrx_word' id='word_1_786' title='bbox 3120 4263 3327 4334; x_wconf 83' lang='lat' dir='ltr'><strong><em>excepti</em></strong></span> <span class='ocrx_word' id='word_1_787' title='bbox 3365 4260 3642 4319; x_wconf 89' lang='lat' dir='ltr'><strong><em>recedunt.</em></strong></span> <span class='ocrx_word' id='word_1_788' title='bbox 3669 4258 3877 4326; x_wconf 81' lang='lat' dir='ltr'><strong><em>Quanta</em></strong></span> <span class='ocrx_word' id='word_1_789' title='bbox 3923 4256 4047 4312; x_wconf 56' lang='lat' dir='ltr'><strong><em>iia&#39;c</em></strong></span> 
     </span>
    </p>
   </div>
   <div class='ocr_carea' id='block_1_106' title="bbox 2440 4348 4049 4432">
    <p class='ocr_par' dir='ltr' id='par_1_106' title="bbox 2440 4348 4049 4432">
     <span class='ocr_line' id='line_1_106' title="bbox 2440 4348 4049 4432; baseline -0.009 -16"><span class='ocrx_word' id='word_1_790' title='bbox 2440 4362 2801 4432; x_wconf 86' lang='lat' dir='ltr'><strong><em>indignatione</em></strong></span> <span class='ocrx_word' id='word_1_791' title='bbox 2831 4375 2935 4414; x_wconf 91' lang='lat' dir='ltr'><strong><em>non</em></strong></span> <span class='ocrx_word' id='word_1_792' title='bbox 2962 4359 3119 4428; x_wconf 88' lang='lat' dir='ltr'><strong><em>digna</em></strong></span> <span class='ocrx_word' id='word_1_793' title='bbox 3150 4354 3343 4412; x_wconf 80' lang='lat' dir='ltr'><strong><em>fuerint</em></strong></span> <span class='ocrx_word' id='word_1_794' title='bbox 3362 4395 3375 4419; x_wconf 91' lang='lat'><strong><em>,</em></strong></span> <span class='ocrx_word' id='word_1_795' title='bbox 3404 4367 3526 4407; x_wconf 88' lang='lat' dir='ltr'><strong><em>cum</em></strong></span> <span class='ocrx_word' id='word_1_796' title='bbox 3552 4349 3794 4404; x_wconf 87' lang='lat' dir='ltr'><strong><em>Christus</em></strong></span> <span class='ocrx_word' id='word_1_797' title='bbox 3821 4363 3850 4400; x_wconf 88' lang='lat' dir='ltr'><strong><em>a</em></strong></span> <span class='ocrx_word' id='word_1_798' title='bbox 3884 4348 4049 4402; x_wconf 73' lang='lat' dir='ltr'><strong><em>Vultis</em></strong></span> 
     </span>
    </p>
   </div>
   <div class='ocr_carea' id='block_1_107' title="bbox 2440 4438 4047 4515">
    <p class='ocr_par' dir='ltr' id='par_1_107' title="bbox 2440 4438 4047 4515">
     <span class='ocr_line' id='line_1_107' title="bbox 2440 4438 4047 4515; baseline -0.011 -6"><span class='ocrx_word' id='word_1_799' title='bbox 2440 4454 2694 4509; x_wconf 88' lang='lat' dir='ltr'><strong><em>saltatore</em></strong></span> <span class='ocrx_word' id='word_1_800' title='bbox 2726 4450 2945 4515; x_wconf 84' lang='lat' dir='ltr'><strong><em>inferior</em></strong></span> <span class='ocrx_word' id='word_1_801' title='bbox 2971 4448 3230 4502; x_wconf 86' lang='lat' dir='ltr'><strong><em>habetur?</em></strong></span> <span class='ocrx_word' id='word_1_802' title='bbox 3258 4441 3687 4515; x_wconf 88' lang='lat' dir='ltr'><strong><em>quandoquidem</em></strong></span> <span class='ocrx_word' id='word_1_803' title='bbox 3715 4439 3781 4495; x_wconf 90' lang='lat' dir='ltr'><strong><em>de</em></strong></span> <span class='ocrx_word' id='word_1_804' title='bbox 3817 4438 4047 4493; x_wconf 89' lang='lat' dir='ltr'><strong><em>illorum</em></strong></span> 
     </span>
    </p>
   </div>
   <div class='ocr_carea' id='block_1_108' title="bbox 2438 4530 4049 4618">
    <p class='ocr_par' dir='ltr' id='par_1_108' title="bbox 2438 4530 4049 4618">
     <span class='ocr_line' id='line_1_108' title="bbox 2438 4530 4049 4618; baseline -0.012 -15"><span class='ocrx_word' id='word_1_805' title='bbox 2438 4547 2601 4618; x_wconf 88' lang='lat' dir='ltr'><strong><em>gestis</em></strong></span> <span class='ocrx_word' id='word_1_806' title='bbox 2627 4543 2771 4599; x_wconf 87' lang='lat' dir='ltr'><strong><em>mille</em></strong></span> <span class='ocrx_word' id='word_1_807' title='bbox 2798 4542 2992 4612; x_wconf 90' lang='lat' dir='ltr'><strong><em>paratis</em></strong></span> <span class='ocrx_word' id='word_1_808' title='bbox 3016 4535 3518 4609; x_wconf 31' lang='lat' dir='ltr'><strong><em>defensiones,&#39;|icet</em></strong></span> <span class='ocrx_word' id='word_1_809' title='bbox 3545 4532 3641 4602; x_wconf 88' lang='lat' dir='ltr'><strong><em>ipsi</em></strong></span> <span class='ocrx_word' id='word_1_810' title='bbox 3664 4530 3909 4586; x_wconf 90' lang='lat' dir='ltr'><strong><em>omnium</em></strong></span> <span class='ocrx_word' id='word_1_811' title='bbox 3933 4541 4049 4584; x_wconf 87' lang='lat' dir='ltr'><strong><em>tur-</em></strong></span> 
     </span>
    </p>
   </div>
   <div class='ocr_carea' id='block_1_109' title="bbox 2440 4623 4053 4709">
    <p class='ocr_par' dir='ltr' id='par_1_109' title="bbox 2440 4623 4053 4709">
     <span class='ocr_line' id='line_1_109' title="bbox 2440 4623 4053 4709; baseline -0.012 -18"><span class='ocrx_word' id='word_1_812' title='bbox 2440 4638 2641 4709; x_wconf 90' lang='lat' dir='ltr'><strong><em>pissimi</em></strong></span> <span class='ocrx_word' id='word_1_813' title='bbox 2670 4637 2808 4700; x_wconf 89' lang='lat' dir='ltr'><strong><em>sint;</em></strong></span> <span class='ocrx_word' id='word_1_814' title='bbox 2838 4634 2925 4689; x_wconf 88' lang='lat' dir='ltr'><strong><em>ubi</em></strong></span> <span class='ocrx_word' id='word_1_815' title='bbox 2955 4640 3131 4686; x_wconf 90' lang='lat' dir='ltr'><strong><em>autem</em></strong></span> <span class='ocrx_word' id='word_1_816' title='bbox 3159 4629 3227 4683; x_wconf 91' lang='lat' dir='ltr'><strong><em>de</em></strong></span> <span class='ocrx_word' id='word_1_817' title='bbox 3255 4625 3453 4682; x_wconf 89' lang='lat' dir='ltr'><strong><em>Christi</em></strong></span> <span class='ocrx_word' id='word_1_818' title='bbox 3482 4623 3771 4688; x_wconf 88' lang='lat' dir='ltr'><strong><em>miraculis,</em></strong></span> <span class='ocrx_word' id='word_1_819' title='bbox 3804 4638 3934 4690; x_wconf 75' lang='lat' dir='ltr'><strong><em>qua:</em></strong></span> <span class='ocrx_word' id='word_1_820' title='bbox 3969 4632 4053 4674; x_wconf 84' lang='lat' dir='ltr'><strong><em>to-</em></strong></span> 
     </span>
    </p>
   </div>
   <div class='ocr_carea' id='block_1_110' title="bbox 2443 4711 4051 4788">
    <p class='ocr_par' dir='ltr' id='par_1_110' title="bbox 2443 4711 4051 4788">
     <span class='ocr_line' id='line_1_110' title="bbox 2443 4711 4051 4788; baseline -0.012 -3"><span class='ocrx_word' id='word_1_821' title='bbox 2443 4740 2553 4785; x_wconf 90' lang='lat' dir='ltr'><strong><em>tum</em></strong></span> <span class='ocrx_word' id='word_1_822' title='bbox 2594 4733 2927 4783; x_wconf 85' lang='lat' dir='ltr'><strong><em>attraxerunt</em></strong></span> <span class='ocrx_word' id='word_1_823' title='bbox 2969 4723 3174 4787; x_wconf 88' lang='lat' dir='ltr'><strong><em>orbem,</em></strong></span> <span class='ocrx_word' id='word_1_824' title='bbox 3221 4718 3412 4788; x_wconf 84' lang='lat' dir='ltr'><strong><em>agitur,</em></strong></span> <span class='ocrx_word' id='word_1_825' title='bbox 3440 4731 3507 4771; x_wconf 91' lang='lat' dir='ltr'><strong><em>ne</em></strong></span> <span class='ocrx_word' id='word_1_826' title='bbox 3548 4713 3780 4784; x_wconf 83' lang='lat' dir='ltr'><strong><em>cogitare</em></strong></span> <span class='ocrx_word' id='word_1_827' title='bbox 3818 4711 4051 4780; x_wconf 73' lang='lat' dir='ltr'><strong><em>quidem</em></strong></span> 
     </span>
    </p>
   </div>
   <div class='ocr_carea' id='block_1_111' title="bbox 2442 4803 4050 4889">
    <p class='ocr_par' dir='ltr' id='par_1_111' title="bbox 2442 4803 4050 4889">
     <span class='ocr_line' id='line_1_111' title="bbox 2442 4803 4050 4889; baseline -0.013 -11"><span class='ocrx_word' id='word_1_828' title='bbox 2442 4833 2535 4878; x_wconf 91' lang='lat' dir='ltr'><strong><em>aut</em></strong></span> <span class='ocrx_word' id='word_1_829' title='bbox 2560 4836 2747 4876; x_wconf 87' lang='lat' dir='ltr'><strong><em>curare</em></strong></span> <span class='ocrx_word' id='word_1_830' title='bbox 2777 4816 3047 4889; x_wconf 85' lang='lat' dir='ltr'><strong><em>quidpiam</em></strong></span> <span class='ocrx_word' id='word_1_831' title='bbox 3078 4810 3350 4867; x_wconf 90' lang='lat' dir='ltr'><strong><em>videmini.</em></strong></span> <span class='ocrx_word' id='word_1_832' title='bbox 3381 4807 3667 4863; x_wconf 90' lang='lat' dir='ltr'><strong><em>Credimus</em></strong></span> <span class='ocrx_word' id='word_1_833' title='bbox 3706 4805 3756 4858; x_wconf 83' lang='lat' dir='ltr'><strong><em>in</em></strong></span> <span class='ocrx_word' id='word_1_834' title='bbox 3796 4803 4050 4869; x_wconf 80' lang='lat' dir='ltr'><strong><em>Patrem,</em></strong></span> 
     </span>
    </p>
   </div>
   <div class='ocr_carea' id='block_1_112' title="bbox 2444 4894 4054 4977">
    <p class='ocr_par' dir='ltr' id='par_1_112' title="bbox 2444 4894 4054 4977">
     <span class='ocr_line' id='line_1_112' title="bbox 2444 4894 4054 4977; baseline -0.013 -9"><span class='ocrx_word' id='word_1_835' title='bbox 2444 4926 2496 4969; x_wconf 87' lang='lat' dir='ltr'><strong><em>et</em></strong></span> <span class='ocrx_word' id='word_1_836' title='bbox 2537 4912 2727 4967; x_wconf 87' lang='lat' dir='ltr'><strong><em>Filium</em></strong></span> <span class='ocrx_word' id='word_1_837' title='bbox 2771 4920 2824 4963; x_wconf 87' lang='lat' dir='ltr'><strong><em>et</em></strong></span> <span class='ocrx_word' id='word_1_838' title='bbox 2869 4908 3123 4977; x_wconf 91' lang='lat' dir='ltr'><strong><em>Spiritum</em></strong></span> <span class='ocrx_word' id='word_1_839' title='bbox 3166 4913 3407 4959; x_wconf 88' lang='lat' dir='ltr'><strong><em>sanctum</em></strong></span> <span class='ocrx_word' id='word_1_840' title='bbox 3432 4940 3447 4966; x_wconf 95' lang='lat'><strong><em>,</em></strong></span> <span class='ocrx_word' id='word_1_841' title='bbox 3489 4898 3543 4952; x_wconf 90' lang='lat' dir='ltr'><strong><em>in</em></strong></span> <span class='ocrx_word' id='word_1_842' title='bbox 3586 4894 4054 4952; x_wconf 88' lang='lat' dir='ltr'><strong><em>resurrectionem</em></strong></span> 
     </span>
    </p>
   </div>
   <div class='ocr_carea' id='block_1_113' title="bbox 2445 4987 4054 5072">
    <p class='ocr_par' dir='ltr' id='par_1_113' title="bbox 2445 4987 4054 5072">
     <span class='ocr_line' id='line_1_113' title="bbox 2445 4987 4054 5072; baseline -0.01 -15"><span class='ocrx_word' id='word_1_843' title='bbox 2445 5019 2749 5072; x_wconf 88' lang='lat' dir='ltr'><strong><em>corporum,</em></strong></span> <span class='ocrx_word' id='word_1_844' title='bbox 2784 5001 2835 5054; x_wconf 92' lang='lat' dir='ltr'><strong><em>in</em></strong></span> <span class='ocrx_word' id='word_1_845' title='bbox 2864 5001 3025 5052; x_wconf 88' lang='lat' dir='ltr'><strong><em>vitam</em></strong></span> <span class='ocrx_word' id='word_1_846' title='bbox 3048 5006 3321 5051; x_wconf 73' lang='lat' dir='ltr'><strong><em>mtcrnam.</em></strong></span> <span class='ocrx_word' id='word_1_847' title='bbox 3346 4992 3401 5048; x_wconf 88' lang='lat' dir='ltr'><strong><em>Si</em></strong></span> <span class='ocrx_word' id='word_1_848' title='bbox 3424 4990 3543 5061; x_wconf 90' lang='lat' dir='ltr'><strong><em>quis</em></strong></span> <span class='ocrx_word' id='word_1_849' title='bbox 3564 5002 3692 5059; x_wconf 89' lang='lat' dir='ltr'><strong><em>ergo</em></strong></span> <span class='ocrx_word' id='word_1_850' title='bbox 3711 4987 3943 5043; x_wconf 70' lang='lat' dir='ltr'><strong><em>Gra&#39;cus</em></strong></span> <span class='ocrx_word' id='word_1_851' title='bbox 3970 4988 4054 5042; x_wconf 88' lang='lat' dir='ltr'><strong><em>iu-</em></strong></span> 
     </span>
    </p>
   </div>
   <div class='ocr_carea' id='block_1_114' title="bbox 2448 5076 4059 5164">
    <p class='ocr_par' dir='ltr' id='par_1_114' title="bbox 2448 5076 4059 5164">
     <span class='ocr_line' id='line_1_114' title="bbox 2448 5076 4059 5164; baseline -0.011 -15"><span class='ocrx_word' id='word_1_852' title='bbox 2448 5093 2826 5164; x_wconf 85' lang='lat' dir='ltr'><strong><em>terrogaverit,</em></strong></span> <span class='ocrx_word' id='word_1_853' title='bbox 2874 5089 3004 5157; x_wconf 88' lang='lat' dir='ltr'><strong><em>Quis</em></strong></span> <span class='ocrx_word' id='word_1_854' title='bbox 3041 5097 3122 5142; x_wconf 91' lang='lat' dir='ltr'><strong><em>est</em></strong></span> <span class='ocrx_word' id='word_1_855' title='bbox 3163 5086 3248 5139; x_wconf 89' lang='lat' dir='ltr'><strong><em>hic</em></strong></span> <span class='ocrx_word' id='word_1_856' title='bbox 3287 5081 3476 5139; x_wconf 86' lang='lat' dir='ltr'><strong><em>Pater?</em></strong></span> <span class='ocrx_word' id='word_1_857' title='bbox 3515 5080 3637 5151; x_wconf 86' lang='lat' dir='ltr'><strong><em>quis</em></strong></span> <span class='ocrx_word' id='word_1_858' title='bbox 3675 5076 3886 5133; x_wconf 83' lang='lat' dir='ltr'><strong><em>Filius?</em></strong></span> <span class='ocrx_word' id='word_1_859' title='bbox 3931 5080 4059 5149; x_wconf 83' lang='lat' dir='ltr'><strong><em>quis</em></strong></span> 
     </span>
    </p>
   </div>
   <div class='ocr_carea' id='block_1_115' title="bbox 2446 5168 4059 5257">
    <p class='ocr_par' dir='ltr' id='par_1_115' title="bbox 2446 5168 4059 5257">
     <span class='ocr_line' id='line_1_115' title="bbox 2446 5168 4059 5257; baseline -0.014 -16"><span class='ocrx_word' id='word_1_860' title='bbox 2446 5186 2674 5257; x_wconf 88' lang='lat' dir='ltr'><strong><em>Spiritus</em></strong></span> <span class='ocrx_word' id='word_1_861' title='bbox 2703 5181 2955 5237; x_wconf 86' lang='lat' dir='ltr'><strong><em>sanctus?</em></strong></span> <span class='ocrx_word' id='word_1_862' title='bbox 2996 5188 3051 5233; x_wconf 91' lang='lat' dir='ltr'><strong><em>et</em></strong></span> <span class='ocrx_word' id='word_1_863' title='bbox 3086 5174 3358 5248; x_wconf 90' lang='lat' dir='ltr'><strong><em>quomodo</em></strong></span> <span class='ocrx_word' id='word_1_864' title='bbox 3397 5186 3492 5226; x_wconf 93' lang='lat' dir='ltr'><strong><em>vos</em></strong></span> <span class='ocrx_word' id='word_1_865' title='bbox 3516 5212 3532 5238; x_wconf 90' lang='lat'><strong><em>,</em></strong></span> <span class='ocrx_word' id='word_1_866' title='bbox 3575 5171 3664 5239; x_wconf 93' lang='lat' dir='ltr'><strong><em>qui</em></strong></span> <span class='ocrx_word' id='word_1_867' title='bbox 3716 5178 3822 5222; x_wconf 89' lang='lat' dir='ltr'><strong><em>tres</em></strong></span> <span class='ocrx_word' id='word_1_868' title='bbox 3867 5168 4059 5222; x_wconf 86' lang='lat' dir='ltr'><strong><em>dicitis</em></strong></span> 
     </span>
    </p>
   </div>
   <div class='ocr_carea' id='block_1_116' title="bbox 2448 5260 4058 5344">
    <p class='ocr_par' dir='ltr' id='par_1_116' title="bbox 2448 5260 4058 5344">
     <span class='ocr_line' id='line_1_116' title="bbox 2448 5260 4058 5344; baseline -0.014 -9"><span class='ocrx_word' id='word_1_869' title='bbox 2448 5279 2598 5344; x_wconf 89' lang='lat' dir='ltr'><strong><em>deos,</em></strong></span> <span class='ocrx_word' id='word_1_870' title='bbox 2631 5291 2729 5331; x_wconf 89' lang='lat' dir='ltr'><strong><em>nos</em></strong></span> <span class='ocrx_word' id='word_1_871' title='bbox 2757 5272 3021 5328; x_wconf 86' lang='lat' dir='ltr'><strong><em>accusatis</em></strong></span> <span class='ocrx_word' id='word_1_872' title='bbox 3050 5269 3193 5339; x_wconf 88' lang='lat' dir='ltr'><strong><em>quod</em></strong></span> <span class='ocrx_word' id='word_1_873' title='bbox 3218 5267 3441 5322; x_wconf 84' lang='lat' dir='ltr'><strong><em>deorum</em></strong></span> <span class='ocrx_word' id='word_1_874' title='bbox 3469 5260 3925 5330; x_wconf 87' lang='lat' dir='ltr'><strong><em>multiplicitatem</em></strong></span> <span class='ocrx_word' id='word_1_875' title='bbox 3958 5262 4058 5313; x_wconf 84' lang='lat' dir='ltr'><strong><em>ad-</em></strong></span> 
     </span>
    </p>
   </div>
   <div class='ocr_carea' id='block_1_117' title="bbox 2448 5353 4062 5435">
    <p class='ocr_par' dir='ltr' id='par_1_117' title="bbox 2448 5353 4062 5435">
     <span class='ocr_line' id='line_1_117' title="bbox 2448 5353 4062 5435; baseline -0.012 -11"><span class='ocrx_word' id='word_1_876' title='bbox 2448 5367 2753 5424; x_wconf 84' lang='lat' dir='ltr'><strong><em>mittamus?</em></strong></span> <span class='ocrx_word' id='word_1_877' title='bbox 2774 5364 2896 5435; x_wconf 89' lang='lat' dir='ltr'><strong><em>quid</em></strong></span> <span class='ocrx_word' id='word_1_878' title='bbox 2918 5362 3140 5418; x_wconf 87' lang='lat' dir='ltr'><strong><em>dicetis?</em></strong></span> <span class='ocrx_word' id='word_1_879' title='bbox 3166 5359 3291 5429; x_wconf 91' lang='lat' dir='ltr'><strong><em>quid</em></strong></span> <span class='ocrx_word' id='word_1_880' title='bbox 3320 5353 3752 5425; x_wconf 84' lang='lat' dir='ltr'><strong><em>respondebitis?</em></strong></span> <span class='ocrx_word' id='word_1_881' title='bbox 3772 5353 4062 5420; x_wconf 85' lang='lat' dir='ltr'><strong><em>quomodo</em></strong></span> 
     </span>
    </p>
   </div>
   <div class='ocr_carea' id='block_1_118' title="bbox 2451 5443 4061 5532">
    <p class='ocr_par' dir='ltr' id='par_1_118' title="bbox 2451 5443 4061 5532">
     <span class='ocr_line' id='line_1_118' title="bbox 2451 5443 4061 5532; baseline -0.012 -17"><span class='ocrx_word' id='word_1_882' title='bbox 2451 5464 2586 5517; x_wconf 87' lang='lat' dir='ltr'><strong><em>hanc</em></strong></span> <span class='ocrx_word' id='word_1_883' title='bbox 2611 5459 2965 5529; x_wconf 83' lang='lat' dir='ltr'><strong><em>objectioncm</em></strong></span> <span class='ocrx_word' id='word_1_884' title='bbox 3000 5451 3311 5532; x_wconf 67' lang='lat' dir='ltr'><strong><em>depelletis?</em></strong></span> <span class='ocrx_word' id='word_1_885' title='bbox 3341 5447 3475 5515; x_wconf 85' lang='lat' dir='ltr'><strong><em>Quid</em></strong></span> <span class='ocrx_word' id='word_1_886' title='bbox 3505 5459 3634 5500; x_wconf 88' lang='lat' dir='ltr'><strong><em>vero</em></strong></span> <span class='ocrx_word' id='word_1_887' title='bbox 3660 5444 3737 5509; x_wconf 87' lang='lat' dir='ltr'><strong><em>si,</em></strong></span> <span class='ocrx_word' id='word_1_888' title='bbox 3778 5443 3943 5498; x_wconf 86' lang='lat' dir='ltr'><strong><em>vobis</em></strong></span> <span class='ocrx_word' id='word_1_889' title='bbox 3981 5454 4061 5497; x_wconf 81' lang='lat' dir='ltr'><strong><em>ta-</em></strong></span> 
     </span>
    </p>
   </div>
   <div class='ocr_carea' id='block_1_119' title="bbox 2450 5536 4063 5615">
    <p class='ocr_par' dir='ltr' id='par_1_119' title="bbox 2450 5536 4063 5615">
     <span class='ocr_line' id='line_1_119' title="bbox 2450 5536 4063 5615; baseline -0.012 -6"><span class='ocrx_word' id='word_1_890' title='bbox 2450 5552 2723 5615; x_wconf 77' lang='lat' dir='ltr'><strong><em>ccutibus,</em></strong></span> <span class='ocrx_word' id='word_1_891' title='bbox 2769 5550 2925 5603; x_wconf 78' lang='lat' dir='ltr'><strong><em>aliam</em></strong></span> <span class='ocrx_word' id='word_1_892' title='bbox 2958 5553 3207 5601; x_wconf 85' lang='lat' dir='ltr'><strong><em>moveant</em></strong></span> <span class='ocrx_word' id='word_1_893' title='bbox 3233 5540 3582 5612; x_wconf 69' lang='lat' dir='ltr'><strong><em>qumsdonem</em></strong></span> <span class='ocrx_word' id='word_1_894' title='bbox 3619 5554 3631 5590; x_wconf 92' lang='lat'><strong>:</strong></span> <span class='ocrx_word' id='word_1_895' title='bbox 3664 5536 3930 5603; x_wconf 75' lang='lat' dir='ltr'><strong><em>Quaenam</em></strong></span> <span class='ocrx_word' id='word_1_896' title='bbox 3978 5548 4063 5590; x_wconf 83' lang='lat' dir='ltr'><strong><em>est</em></strong></span> 
     </span>
    </p>
   </div>
   <div class='ocr_carea' id='block_1_120' title="bbox 2452 5628 4062 5698">
    <p class='ocr_par' dir='ltr' id='par_1_120' title="bbox 2452 5628 4062 5698">
     <span class='ocr_line' id='line_1_120' title="bbox 2452 5628 4062 5698; baseline -0.009 -3"><span class='ocrx_word' id='word_1_897' title='bbox 2452 5644 2537 5695; x_wconf 88' lang='lat' dir='ltr'><strong><em>illa</em></strong></span> <span class='ocrx_word' id='word_1_898' title='bbox 2586 5638 2940 5695; x_wconf 79' lang='lat' dir='ltr'><strong><em>resurrectio?</em></strong></span> <span class='ocrx_word' id='word_1_899' title='bbox 2987 5650 3111 5691; x_wconf 89' lang='lat' dir='ltr'><strong><em>num</em></strong></span> <span class='ocrx_word' id='word_1_900' title='bbox 3160 5636 3211 5689; x_wconf 86' lang='lat' dir='ltr'><strong><em>in</em></strong></span> <span class='ocrx_word' id='word_1_901' title='bbox 3257 5632 3359 5687; x_wconf 90' lang='lat' dir='ltr'><strong><em>hoc</em></strong></span> <span class='ocrx_word' id='word_1_902' title='bbox 3394 5642 3620 5698; x_wconf 85' lang='lat' dir='ltr'><strong><em>corpore</em></strong></span> <span class='ocrx_word' id='word_1_903' title='bbox 3662 5628 4062 5693; x_wconf 75' lang='lat' dir='ltr'><strong><em>resurgemusl</em></strong></span> 
     </span>
    </p>
   </div>
   <div class='ocr_carea' id='block_1_121' title="bbox 2520 5794 2851 5857">
    <p class='ocr_par' dir='ltr' id='par_1_121' title="bbox 2520 5794 2851 5857">
     <span class='ocr_line' id='line_1_121' title="bbox 2520 5794 2851 5857; baseline -0.006 -10"><span class='ocrx_word' id='word_1_904' title='bbox 2520 5800 2535 5830; x_wconf 76' lang='grc' dir='ltr'><strong><em>ι</em></strong></span> <span class='ocrx_word' id='word_1_905' title='bbox 2574 5799 2677 5857; x_wconf 71' lang='lat' dir='ltr'><strong><em>Alii,</em></strong></span> <span class='ocrx_word' id='word_1_906' title='bbox 2707 5794 2851 5845; x_wconf 67' lang='lat' dir='ltr'><strong><em>t‘cbis.</em></strong></span> 
     </span>
    </p>
   </div>
  </div>
