4162 6326
163 342 251 401 ιιι
1241 335 1304 389 IN
1340 332 1661 390 JOANNEM
1705 329 1759 384 Ιίι

1864 328 1945 385 ΙΙ..
1985 328 2159 388 XVII.
2197 333 2267 386 al.
2309 330 2448 386 ΧΠ.

165 458 223 510 ἐν
245 453 436 517 ὕδατι,
474 452 576 506 καὶ
604 451 700 506 διὰ
728 452 889 506 τοῦτο
912 452 1158 522 πέμψας,
1183 450 1310 503 Ἵνα
1337 443 1653 518 φανερωθῇ
1685 441 1766 506 τῷ

175 536 433 604 Ἰσραὴλ,
470 535 644 599 αὐτὸς
687 537 840 608 αύτῷ
884 537 978 590 καὶ
1009 540 1116 606 πρὸ
1149 533 1250 603 τῆς
1292 530 1389 584 τοῦ
1443 527 1765 597 Πνεύματος

166 620 376 675 καθόδου
428 620 602 672 αὑτὸν
649 620 994 690 ἀπεκάλυψε.
1033 619 1125 672 Διὸ
1153 616 1245 671 καὶ
1280 615 1410 686 πρὶν
1440 613 1473 683 ἦ
1511 625 1760 683 παραγε-

167 703 360 767 νέσθαι,
391 703 606 772 ἐλεγενο
650 705 868 757 Ὀπίσω
887 721 1008 771 μου
1037 702 1296 769 ἔρχεται,
1326 697 1395 763 ὃς
1418 691 1766 767 ἔμπροσθέν

164 803 268 856 μου
319 786 595 857 γέγονεν.
644 787 722 840 Οὐ
750 787 930 857 τοίνυν
966 783 1083 854 ᾔδει
1119 783 1282 836 αὑτὸν
1321 779 1430 851 πρὸ
1463 777 1556 832 τοῦ
1589 774 1767 828 ἐλθεῖν

167 872 247 923 ἐπὶ
284 871 380 924 τὸν
441 871 721 941 Ἰορδάνην
756 869 848 922 καὶ
884 869 1094 931 πάντας
1143 865 1453 937 βαπτίζειν,
1502 861 1619 916 ἀλλ’
1675 859 1767 912 ὅτε

164 953 352 1019 ῖμελλε
390 953 778 1024 βαπτίζεσθαι,
807 953 929 1004 τότε
954 952 1119 1005 αὑτὸν
1144 950 1317 1018 ἔγνω·
1354 945 1642 1002 καὶταῦτα
1669 941 1764 996 τοῦ

164 1037 373 1106 Πατρὸς
402 1036 570 1088 αὐτὸν
599 1033 1058 1103 ἀποκαλύψαντος
1097 1033 1177 1104 τῷ
1205 1033 1495 1103 Προφήτῃ,
1533 1028 1630 1082 καὶ
1668 1024 1763 1080 τοῦ

162 1122 478 1192 ἰίνεύματος
501 1119 779 1184 δείξαντος
809 1118 1207 1188 βαπτιζόμενον
1251 1115 1550 1178 Ἰουδαίοις,
1571 1113 1637 1166 δι’
1670 1109 1765 1174 οὓς

161 1207 246 1258 καὶ
286 1207 322 1275 ἡ
373 1202 604 1266 κάθοδος
649 1201 746 1255 τοῦ
778 1202 1099 1272 Πνεύματος
1121 1202 1368 1268 γέγονεν.
1418 1199 1534 1252 Ἵνα
1581 1197 1692 1270 γὰρ
1729 1199 1762 1268 ὴ

172 1288 421 1341 Ἰωάννου
472 1286 548 1356 μὴ
587 1284 980 1356 καταφρονηθῇ
1034 1284 1310 1354 μαρτυρία
1366 1282 1639 1350 λέγοντος,
1681 1281 1764 1334 ὅτι

159 1370 396 1440 Πρῶτός
440 1387 560 1438 μου
599 1365 697 1438 ἦν,
750 1369 844 1421 καὶ
877 1369 959 1422 ὅτι
1000 1366 1088 1440 Ἑν
1142 1365 1420 1434 Πνεύματι
1477 1363 1761 1435 βαπτίζει,

158 1459 245 1508 καὶ
274 1458 364 1507 ὅτι
406 1455 620 1525 ,Κρινεῖ
646 1453 747 1523 τὴν
777 1451 1125 1522 οἰκουμένην,
1158 1449 1252 1503 καὶ
1294 1452 1322 1502 6
1353 1448 1543 1520 Πατὴρ
1578 1449 1764 1519 φωνὴν

158 1539 390 1610 ἀφίησιν
417 1535 819 1606 ἀνακηρύττων
838 1535 927 1587 τὸν
950 1534 1101 1595 Υἱὺν,
1124 1534 1215 1586 καὶ
1231 1532 1292 1584 τὸ
1309 1530 1537 1601 Πνεῦμα
1558 1532 1760 1594 ἔπεισι,

157 1625 250 1694 τὴν
278 1623 470 1692 φωνὴν
487 1621 644 1673 ἕλκον
656 1620 750 1672 ἐπὶ
763 1620 859 1688 τὴν
876 1618 1120 1687 κεφαλὴν
1137 1616 1230 1670 τοῦ
1247 1615 1508 1687 Χριστοῦ.
1541 1614 1762 1686 Ἐπειδὴ

159 1707 262 1777 γὰρ
281 1709 310 1759 6
341 1707 445 1776 μὲν
475 1702 832 1767 ὲ6άπτιζεν,ὀ
854 1702 912 1755 δὲ
946 1701 1295 1765 ἐόαπτίζετο,
1317 1700 1405 1752 ἵνα
1436 1699 1510 1770 μή
1542 1715 1626 1761 τις
1647 1698 1756 1751 τῶν

159 1790 444 1861 παρόντων
475 1787 604 1857 περί
647 1787 897 1840 Ἰωάννου
926 1785 1125 1855 νομίσῃ
1161 1782 1419 1851 λέγεσθαι
1443 1782 1505 1834 τὸ
1527 1781 1761 1852 εἰρημέ-

159 1892 265 1938 νον,
301 1874 531 1945 ἔρχεται
572 1872 634 1925 τὸ
675 1871 902 1942 Πνεῦμα
947 1869 1333 1941 διορθούμενον
1369 1869 1468 1939 τὴν
1501 1867 1763 1937 τοιαύτην

160 1959 434 2012 ὑπόνοιαν.
469 1958 632 2009 Ὥστε
675 1955 806 2008 ὃταν
845 1953 1000 2024 λέγῃ,
1039 1956 1160 2007 Οὐκ
1202 1951 1377 2020 ἧδειν
1417 1953 1626 2012 αὐτὸν,
1670 1951 1762 2003 τὸν

161 2040 467 2111 ἔμπροσθεν
493 2038 641 2107 λέγει
672 2038 885 2107 χρόνον,
906 2037 966 2090 ού
1004 2037 1098 2088 τὸν
1121 2036 1290 2104 ἐγγὺς
1329 2034 1425 2088 τοῦ
1443 2033 1762 2104 βαπτίσμα-

161 2142 265 2188 τος.
321 2124 481 2176 Ἐπεὶ
513 2123 630 2185 πῶς
660 2121 826 2174 αὑτὸν
870 2119 1077 2174 ἐκώλυε
1123 2120 1320 2188 λέγων,
1368 2118 1518 2186 Ἐγὼ
1551 2118 1764 2186 χρείαν

159 2211 269 2276 ἔχω
301 2207 424 2261 ὑπὸ
467 2204 588 2259 σοῦ
617 2201 1075 2270 ,βαπτισθῆναω
1120 2203 1237 2265 πῶς
1285 2201 1343 2255 δὲ
1393 2201 1492 2255 καὶ
1536 2200 1763 2255 τοιαῦτα

162 2292 283 2360 περὶ
313 2288 485 2342 αὑτοῦ
510 2288 699 2355 ἐλεγε;
736 2287 861 2348 Πῶς
878 2283 970 2340 οῦν
999 2287 1098 2339 οὐκ
1125 2286 1457 2340 ἐπίστευσαν
1493 2285 1760 2349 Ἰουδαῖοι,

163 2375 364 2446 φησί-η
399 2373 525 2425 ούδέ
573 2371 684 2443 γὰρ
718 2372 879 2440 μόνος
921 2371 1178 2438 Ἰωάννης
1206 2364 1313 2422 εἶδε
1348 2369 1410 2422 τὸ
1443 2367 1669 2438 Πνεῦμα
1705 2370 1762 2420 ἐν

163 2457 283 2510 ιίδει
320 2456 677 2526 περιστερᾶς.
704 2455 829 2507 Ὀτι
855 2455 902 2506 εἰ
926 2454 1019 2506 καὶ
1045 2448 1205 2517 εἶδον,
1233 2451 1370 2505 ἀλλά
1387 2452 1456 2505 τά
1486 2452 1714 2506 τοιαῦτα
1734 2464 1760 2490 ι

161 2543 280 2611 οὐχὶ
302 2540 414 2593 τῶν
445 2541 542 2592 τοῦ
574 2539 830 2609 σώματος
861 2537 1160 2608 ὀφθαλμῶν
1187 2538 1362 2591 δεῖται
1407 2537 1590 2607 μόνον,
1624 2535 1762 2588 ἀλλά

164 2625 266 2692 πρὸ
294 2623 506 2677 τούτων
540 2622 642 2692 τῆς
674 2623 815 2676 κατά
843 2622 1087 2676 διάνοιαν
1109 2621 1308 2690 ὅψεως,
1336 2619 1479 2673 ὥστε
1515 2620 1590 2690 μὴ
1624 2637 1756 2687 φαν-

163 2707 345 2759 τασίαν
376 2706 638 2776 περιττὴν
671 2705 733 2757 τὸ
769 2706 1001 2775 πρᾶγμα
1036 2704 1274 2773 νομίσαι.
1303 2704 1368 2757 El
1398 2703 1530 2772 γοῦν
1565 2704 1594 2743 δ
1630 2703 1764 2756 θαυ-

164 2789 578 2861 ματουργοῦντα
624 2788 879 2860 ὁρῶντες,
915 2789 1010 2840 καὶ
1047 2789 1353 2859 ἀπτόμενον
1387 2791 1508 2850 ταῖς
1533 2788 1763 2851 οἰκείαις

163 2875 316 2947 χερσὶ
342 2875 455 2926 τῶν
479 2874 858 2942 νενοσηκότων
887 2874 984 2926 καὶ
1015 2872 1126 2926 τῶν
1155 2873 1521 2943 τεθνηκότων,
1558 2874 1652 2926 καὶ
1677 2872 1765 2926 06-

163 2974 262 3020 τως
303 2957 509 3019 αὐτοὺς
549 2956 690 3026 πρὸς
726 2955 871 3027 ζωὴν
895 2958 1243 3024 ἐπανάγοντα
1271 2955 1367 3008 καὶ
1402 2956 1612 3023 ὑγείαν,
1642 2973 1765 3009 τοσ-

161 3041 308 3094 οῦτον
361 3041 598 3111 ἐμέθυον
641 3041 749 3094 ὑπὸ
801 3041 896 3110 τῆς
945 3039 1284 3108 βασκανίας,
1339 3039 1482 3092 ὥστε
1542 3041 1763 3094 ἐναντία

161 3127 263 3187 τοῖς
293 3123 600 3195 ὁρωμένοις
650 3123 1053 3192 ἀποφαίνεσθαι
1077 3139 1089 3152 ο
1122 3123 1238 3186 πῶς
1269 3123 1336 3177 ἂν
1367 3123 1475 3175 ἀπὸ
1513 3124 1615 3192 τῆς
1644 3125 1764 3176 ἐπι·-

163 3210 465 3278 φοιτήσεως
509 3207 608 3260 τοῦ
640 3206 961 3276 Πνεύματος
1002 3207 1175 3278 μόνης
1213 3206 1630 3278 ἀπεκρούσαντο
1662 3208 1762 3278 τὴν

161 3293 444 3356 άπιστίανς
491 3289 650 3354 Τινὲς
695 3291 752 3344 δέ
804 3308 970 3360 φασιν
1010 3291 1132 3343 οὐδὲ
1194 3291 1404 3354 πάντας
1436 3291 1636 3354 αὐτοὺς
1677 3309 1764 3344 τε-

162 3375 408 3442 θεᾶσθαι,
439 3375 562 3429 ἀλλ’
606 3376 638 3446 ἦ
674 3375 836 3446 μόνον
877 3375 1137 3443 Ἰωάννην
1165 3375 1258 3427 καὶ
1303 3377 1431 3437 τοὺς
1480 3376 1762 3446 εὐγνωμο-

161 3459 408 3529 νὲστερον
420 3458 826 3529 διακειμένους.
847 3459 908 3510 Εἰ
923 3459 1030 3528 γὰρ
1044 3457 1140 3510 καί⁸
1162 3457 1443 3528 αἰσθητοῖς
1460 3458 1763 3529 ὀφθαλμοῖς

160 3542 381 3596 δυνατὸν
414 3539 487 3614 ἦν
523 3543 653 3595 ἰδεῖν
701 3543 779 3604 ὡς
806 3541 864 3593 ὲν
906 3542 1037 3594 εῖδει
1074 3544 1408 3612 περιστερᾶς
1440 3541 1501 3593 τὸ
1536 3543 1764 3613 Πνεῦμα

165 3629 344 3680 κατιόν
373 3645 385 3656 ·
420 3626 541 3680 ἀλλ’
577 3627 730 3696 ὅμως
764 3625 823 3679 ού
869 3623 958 3677 διὰ
997 3624 1160 3677 τοῦτο
1201 3626 1352 3678 πᾶσα
1383 3626 1598 3696 ἀνάγκη
1627 3629 1761 3680 πᾶσι

161 3711 458 3780 κατάδηλον
493 3707 635 3762 εἶναι
671 3708 733 3761 τὸ
776 3709 1035 3778 πρᾶγμα.
1068 3707 1178 3761 Καὶ
1208 3707 1318 3779 γὰρ
1358 3708 1455 3761 καὶ
1486 3711 1763 3780 Ζαχαρίας

163 3795 214 3844 ἰν
247 3791 499 3865 αἰσθητῷ
544 3791 676 3844 εῖδει
725 3790 897 3844 πολλά
943 3790 1237 3845 τεθέαται·
1287 3793 1384 3845 καὶ
1435 3793 1637 3863 Δανιὴλ
1669 3796 1762 3847 καὶ

175 3875 454 3948 Ἰεζεκιὴλ,
490 3876 586 3928 καὶ
616 3874 875 3928 κοινωνὸν
904 3875 1006 3944 τῆς
1037 3874 1165 3938 θέας
1208 3875 1400 3928 οὐδένα
1443 3875 1601 3946 ἔσχον
1623 3895 1635 3906 ·
1669 3878 1761 3930 καὶ

162 3959 396 4028 Ιάωῦσῆς
448 3958 509 4011 δὲ
539 3956 712 4011 πολλὰ
742 3952 873 4020 οἶδε,
918 3958 1012 4010 καὶ
1043 3952 1133 4010 οἷα
1169 3957 1279 4009 τῶν
1325 3958 1500 4012 ἄλλων
1545 3960 1722 4022 οὐδεὶς
1743 3972 1756 3988 ⁸

163 4043 251 4095 καὶ
281 4044 379 4112 τῆς
429 4040 914 4113 μεταμορφώσεως
958 4040 1014 4093 δὲ
1058 4040 1160 4110 τῆς
1205 4041 1297 4093 ἐπὶ
1339 4041 1434 4094 τοῦ
1483 4042 1643 4112 ὅρους
1697 4044 1759 4094 οὐ

163 4125 352 4188 πάντες
378 4123 696 4195 ηξιώθησαν
731 4133 754 4162 ο
785 4125 834 4175 οἰ
887 4122 1155 4193 μαθηταί·
1191 4123 1305 4176 ἀλλ’
1345 4124 1466 4177 οὐδὲ
1496 4127 1595 4196 τῆς
1619 4127 1759 4178 κατά

160 4209 250 4279 τὴν
273 4208 574 4262 ἀνάστασιν
590 4207 767 4275 ὅψεως
786 4206 1157 4276 ἐκοινώνησαν
1187 4206 1427 4270 ἅπαντες
1451 4224 1464 4237 ·
1488 4210 1580 4260 καὶ
1599 4207 1758 4264 τοῦτο

156 4292 300 4360 δηλοῖ
323 4292 516 4360 σαφῶς
545 4292 574 4343 ὀ
600 4291 819 4352 Λουκᾶς
851 4289 1053 4342 εἰπών·
1087 4290 1169 4342 ὃτι
1192 4289 1392 4352 ἔδειξεν
1423 4292 1617 4344 ἑαυτὸν
1646 4296 1758 4358 τοῖς

157 4375 430 4444 ,ϊὰρτυσι
449 4374 576 4440 τοῖς
597 4372 1307 4442 προκεχειροτονημένοις
1321 4374 1442 4428 ὑπὸ
1463 4375 1568 4428 τοῦ
1585 4377 1754 4431 Θεοῦ.

158 4459 330 4526 Κάγὼ
346 4458 580 4525 ἐχὶιρακα
599 4457 700 4510 καὶ
715 4458 1167 4526 μεμαρτύρηκα,
1203 4457 1289 4509 ὅτι
1320 4453 1502 4523 οὗτός
1522 4458 1695 4511 ἐστιν
1725 4464 1756 4514 ό

160 4541 307 4614 [NH]
354 4543 485 4607 Υἱὸς
520 4542 626 4594 τοῦ
651 4541 822 4595 Θεοῦ.
846 4541 956 4594 Καὶ
990 4540 1094 4594 ποῦ
1124 4541 1534 4612 ἐμαρτύρησεν,
1568 4545 1651 4596 ὃτι
1675 4539 1758 4597 οῦ-

160 4624 242 4684 τός
271 4625 425 4674 ἐστιν
455 4624 483 4674 6
523 4620 653 4683 Υίὺς
697 4619 790 4672 τοῦ
821 4619 996 4684 Θεοῦ;
1043 4620 1241 4690 Ἀμνὸν
1291 4620 1391 4690 μὲν
1439 4621 1548 4693 γὰρ
1594 4624 1756 4676 αὑτὸν

161 4708 414 4766 ἐκάλεσε,
446 4707 539 4757 καὶ
560 4706 643 4758 ὅτι
668 4705 944 4774 Πνεύματι
979 4705 1263 4774 βαπτίζειν
1285 4704 1534 4775 ἔμελλεν,
1568 4703 1750 4760 εἶπεν

161 4791 284 4842 Υἱὸν
318 4789 383 4843 δὲ
408 4788 540 4842 Θεοῦ
571 4787 832 4857 οὐδαμοῦ.
875 4788 1069 4840 Καίτοι
1099 4804 1162 4855 γε
1199 4789 1338 4857 μετὰ
1374 4790 1434 4841 τὺ
1471 4790 1756 4860 βάπτισμα

157 4873 305 4927 οὐδὲν
343 4871 505 4924 αὐτὸν
541 4869 956 4940 ἀναγράφουσιν
981 4870 1243 4940 εἰρηκότα
1267 4873 1314 4923 οἰ
1349 4871 1497 4924 ἄλλοι
1525 4875 1757 4943 εὐαγγε-

157 4957 361 5016 λισταὶ,
402 4954 534 5008 ἀλλά
572 4955 639 5008 τά
674 4954 880 5024 μεταξὺ
929 4954 1329 5024 σιωπήσαντες,
1368 4956 1435 5008 τά
1481 4957 1619 5026 μετὰ
1656 4961 1754 5028 τὴν

157 5038 428 5110 σύλληψιν
479 5037 725 5091 Ἰωάννου
766 5036 1038 5106 γενόμενα
1079 5037 1172 5091 τοῦ
1219 5039 1457 5109 Χριστοῦ
1499 5039 1752 5112 θαύματα

154 5123 434 5188 λέγουσιν.
482 5121 598 5189 Ἀφ’
628 5114 704 5173 ὦν
739 5120 1095 5191 στοχάζεσθαι
1137 5120 1305 5186 εἰκὸς,
1339 5124 1423 5176 ὅτι
1458 5127 1552 5176 καὶ
1583 5124 1754 5179 ταῦτα

155 5209 245 5257 καὶ
278 5205 468 5274 πολλῷ
499 5205 665 5276 lupa
710 5204 929 5259 πλείονα
966 5205 1429 5276 παραλέλειπται”
1467 5210 1560 5260 καὶ
1594 5209 1753 5262 τοῦτο

154 5290 315 5352 αἰετὸς
345 5282 500 5354 οὗτος
527 5291 555 5342 6
582 5288 980 5359 εύαγγελιστὴς
1027 5290 1162 5362 πρὸς
1201 5290 1278 5360 τῷ
1307 5290 1449 5344 τέλει
1493 5295 1591 5362 τῆς
1624 5311 1752 5361 συγ-

153 5373 385 5445 γραφῆς
412 5372 671 5442 ἐδήλωσε.
690 5371 969 5426 ’Τοσοῦτον
1006 5372 1117 5443 γάρ
1151 5374 1392 5444 ἀπέσχον
1419 5375 1515 5428 τοῦ
1547 5376 1751 5431 πλάσαι

152 5475 198 5508 τι
235 5459 392 5527 μέγα
418 5459 540 5528 περὶ
560 5455 753 5518 αὑτοῦ,
791 5457 874 5508 ὅτι
905 5457 974 5508 τὰ
1001 5455 1102 5525 μὲν
1128 5456 1386 5510 δοκοῦντα
1412 5460 1754 5514 ἐπονείδιστα

153 5537 290 5593 εἶναι
323 5539 528 5603 πάντες
563 5539 906 5610 ὁμοφώνωςά
943 5541 1036 5593 καὶ
1067 5540 1204 5610 μετά
1227 5542 1515 5612 ἀκριδείας
1548 5542 1754 5613 ἔθηκαν

151 5625 403 5688 ἀπάσης.
427 5627 518 5678 καὶ
536 5626 640 5678 οὐκ
668 5624 735 5678 ἂν
758 5623 940 5694 εὕροις
953 5625 1144 5678 οὐδένα
1162 5625 1340 5678 αὐτῶν
1373 5627 1755 5697 παραλιπόντα

150 5709 301 5761 οἰδὲν
331 5708 442 5761 τῶν
469 5708 747 5761 τοιούτωνο
788 5708 899 5760 τῶν
930 5707 985 5760 δὲ
1014 5708 1311 5778 θαυμάτων
1339 5711 1407 5762 τά
1445 5711 1544 5780 μὲν
1574 5712 1754 5776 ἄλλοις

207 5870 231 5895 ⁸
254 5867 464 5925 Quidam
493 5870 567 5914 ότι
592 5868 654 5915 τά
678 5865 898 5914 τοιαῦτα.
965 5867 993 5906 ι)
1028 5868 1085 5914 Εἰ
1117 5866 1206 5929 γάρ
1246 5867 1396 5916 Sam.
1425 5873 1476 5917 et
1507 5870 1614 5918 cod.
1641 5870 1751 5929 705,

329 5932 433 5994 qud.
462 5931 572 5980 708.
644 5932 665 5958 τ
697 5930 847 5976 Saxil.
1005 5946 1119 5974 auc-v
1146 5930 1447 5988 (ἀπήλαυσαν
1472 5933 1612 5981 codd.
1641 5933 1751 5994 703,

148 5989 275 6050 706;.
315 5991 481 6040 Uorcl.
512 5993 802 6048 ἡξξώῖηίιαν,
868 5993 893 6030 ιλ
919 5992 1015 6040 ΑΜ
1046 5994 1332 6051 ὸμορρονως.

1873 441 2065 496 εἴασαν
2099 461 2139 506 ο,
2179 445 2247 498 τὰ
2271 446 2327 498 δὲ
2369 446 2570 508 πάντες
2600 447 3023 518 ἀπεσιώπησαν.
3054 443 3240 500 Ταῦτα
3277 445 3339 502 δέ
3377 465 3470 521 μοι

1871 527 1969 598 ούχ
2019 527 2207 592 ἁπλῶς
2248 530 2484 602 εἴρηται,
2535 529 2672 584 ἀλλά
2715 529 2853 601 πρὸς
2883 529 2983 601 τὴν
3037 530 3148 583 τῶν
3202 528 3475 602 Ἑλλήνιον

1875 612 2285 682 ἀναισχυντίαν.
2337 613 2545 666 Ἱκανὸν
2578 613 2688 684 γὰρ
2718 613 2878 666 τοῦτο
2895 611 2990 666 τοῦ
3021 613 3352 685 φιλαλήθους
3375 617 3476 670 αὑ-

1869 695 1980 748 τῶν
2008 695 2214 766 τρόπου
2242 696 2462 767 δεῖγμα,
2487 697 2582 749 καὶ
2604 696 2698 750 τοῦ
2725 697 2895 768 μηδὲν
2917 697 3054 769 πρὸς
3084 698 3246 768 χάριν
3271 697 3470 766 λέγειν.

1869 777 1980 831 Καὶ
1997 778 2298 850 δυνήσεσθε
2327 783 2420 834 καὶ
2452 781 2626 851 ταύτῃ
2655 781 2794 852 μετὰ
2822 779 2930 834 τῶν
2952 781 3130 836 ἀλλων
3153 781 3474 846 ὁπλίζεσθαι

1866 867 1934 936 τῇ
1952 865 2061 918 τῶν
2074 867 2249 935 λόγων
2265 866 2520 921 ὑποθέσει
2538 868 2675 938 πρὸς
2698 867 2918 930 αύτούς.
2955 868 3117 922 Ἀλλά
3133 869 3434 938 προσέχετε
3458 883 3472 898 ·

1869 950 1965 1003 καὶ
1991 949 2104 1021 γάρ
2129 951 2332 1004 ἄτοπον
2361 951 2453 1004 τὸν
2487 951 2586 1022 μὲν
2611 951 2796 1021 ἰατρὸν
2833 950 2973 1020 μετά
3011 950 3298 1022 ἀκριϐείας
3330 951 3474 1022 ὑπὲρ

1867 1033 1967 1103 τῆς
1997 1033 2197 1103 τέχνης
2231 1035 2598 1103 ἀγωνίζεσθαι
2626 1036 2726 1104 τῆς
2752 1034 2941 1097 αὑτοῦ,
2971 1036 3064 1088 καὶ
3088 1035 3180 1087 τὸν
3215 1035 3474 1088 σκυτοτό-

1871 1133 1994 1185 μον,
2029 1119 2127 1171 καὶ
2152 1118 2245 1171 τὸν
2275 1119 2540 1188 ὑφάντην,
2567 1120 2662 1172 καὶ
2691 1119 2901 1182 πάντας
2931 1118 3119 1182 ἀπλῶς
3145 1119 3276 1182 τοὺς
3297 1119 3476 1188 τεχνίο

1867 1216 1967 1263 τας
1988 1215 2000 1228 ·
2031 1201 2124 1252 τὸν
2154 1199 2210 1253 δὲ
2239 1202 2567 1270 Χριστιανὸν
2594 1199 2733 1255 εἷναι
2760 1201 3062 1270 φάσκοντα,
3105 1201 3180 1272 μὴ
3213 1200 3475 1255 δύνασθαι

1867 1285 2028 1353 λόγον
2057 1285 2197 1357 ὑπὲρ
2238 1288 2338 1356 τῆς
2376 1287 2584 1350 οίκείας
2630 1289 2936 1358 παρασχεῖν
2986 1287 3246 1350 πίστεως.
3283 1285 3476 1339 Καίτοι

1867 1369 2053 1421 ἐκεῖνα
2104 1369 2205 1438 μὲν
2260 1370 2635 1440 παροφθέντα,
2673 1372 2754 1431 εἰς
2798 1371 3063 1442 χρήματα
3115 1369 3214 1440 τὴν
3269 1368 3477 1439 ζημίαν

1865 1453 2066 1524 ἦνεγκε
2090 1469 2102 1480 ·
2141 1454 2316 1506 ταῦτα
2344 1453 2400 1505 δὲ
2424 1453 2795 1524 ἀμελούμενα,
2822 1453 2993 1524 αὐτὴν
3017 1455 3152 1524 ἡμῖν
3183 1453 3201 1490 ί
3231 1452 3479 1521 διαφθεί-

1868 1553 1952 1607 ρει
1982 1536 2082 1605 τὴν
2107 1536 2311 1607 ψυχήν.
2350 1537 2492 1590 Ἀλλ’
2523 1538 2671 1608 ὅμως
2698 1536 2875 1601 οὓτως
2896 1536 3100 1601 ἀθλίως
3125 1537 3475 1606 διακείμεθα,

1865 1621 1941 1682 ὡς
1973 1620 2206 1683 ἐκείνοις
2239 1620 2340 1689 μὲν
2372 1620 2594 1675 ἃπασαν
2630 1621 2932 1691 ἀπονέμειν
2970 1621 3214 1693 σπουδήν
3237 1637 3249 1650 ·
3274 1620 3386 1673 τῶν
3417 1620 3478 1676 δὲ

1864 1702 2201 1770 ἀναγκαίων,
2240 1704 2335 1755 καὶ
2377 1702 2412 1756 ἀ
2444 1704 2718 1772 σωτηρίας
2746 1703 3006 1767 ὑπόθεσις
3051 1703 3153 1772 τῆς
3188 1703 3472 1774 ἡμετέρας

1868 1786 2006 1848 ἐστὶ,
2044 1786 2251 1839 τούτων
2282 1786 2359 1848 ὼς
2389 1786 2602 1850 οὐδενὸς
2638 1787 2804 1852 ἀξίων
2848 1787 3235 1858 καταφρονεῖν.

1925 1870 2169 1924 δ’.Τοῦτο
2184 1871 2287 1924 ούκ
2303 1871 2498 1941 ἀφίησι
2515 1871 2918 1942 τοὺςἝλληνας
2931 1876 3030 1942 τῆς
3041 1871 3250 1935 οἰκείας
3268 1871 3480 1942 ταχέως

1866 1953 2247 2022 καταγελάσαι
2274 1952 2506 2024 πλάνης.
2532 1954 2700 2007 Ὅταν
2735 1955 2845 2026 γὰρ
2872 1956 3027 2007 αὐτοὶ
3062 1955 3162 2025 μὲν
3190 1955 3270 2024 τῷ
3289 1954 3479 2025 ψεύδει

1867 2037 2279 2106 συνιστάμενοι,
2309 2036 2489 2089 πάντα
2520 2037 2839 2108 πράττωσιν
2865 2037 3007 2091 ὥστε
3037 2039 3334 2092 συσκιάσαι
3371 2038 3479 2091 τῶν

1864 2119 2154 2189 δογμάτων
2201 2119 2302 2190 τὴν
2355 2119 2643 2191 αίσχύνην,
2694 2123 2858 2191 ἡμεῖς
2897 2121 2954 2174 δέ
2987 2123 3036 2174 οἱ
3080 2123 3180 2193 τῆς
3214 2121 3480 2192 ἀληθείας

1866 2203 2207 2274 θεραπευταὶ
2243 2203 2379 2273 μηδὲ
2406 2203 2590 2274 διᾶραι
2621 2203 2681 2256 τὸ
2717 2204 2894 2274 στόμα
2917 2203 3232 2276 δυνώμεθα,
3269 2206 3388 2269 πῶς
3415 2204 3478 2258 ού

1866 2288 2070 2358 πολλὴν
2096 2287 2193 2340 τοῦ
2229 2288 2504 2358 δόγματος
2530 2289 2981 2358 καταγνώσονται
3015 2290 3117 2361 τὴν
3151 2290 3478 2353 ἀσθένειανι

1865 2372 1984 2436 πῶς
2003 2373 2102 2424 ούκ
2125 2372 2344 2441 ἀπάτην
2369 2372 2465 2426 καὶ
2495 2371 2710 2442 μωρίαν
2732 2372 2803 2425 τά
2832 2374 3079 2444 ἡμέτερα
3103 2375 3479 2428 ὑποπτεύσου-

1867 2471 1950 2517 σι;
1976 2454 2093 2514 πῶς
2113 2455 2171 2506 ού
2199 2453 2662 2526 βλασφημήσουσι
2683 2455 2775 2507 τὸν
2799 2456 3035 2527 Χριστὸν
3055 2455 3130 2519 ὡς
3153 2457 3355 2528 εἴρωνα
3386 2461 3480 2509 καὶ

1865 2537 2187 2599 ἀπατεῶνα,
2219 2537 2314 2590 καὶ
2342 2540 2410 2607 τῇ
2459 2537 2571 2589 τῶν
2600 2537 2813 2590 πολλῶν
2856 2539 3014 2610 ἀνοίᾳ
3051 2539 3189 2609 πρὸς
3218 2539 3315 2612 τὴν
3341 2540 3481 2593 ἀπά-

1863 2639 1964 2694 την
1985 2622 2480 2693 ἀποχρησάμενον;
2516 2622 2734 2694 Ταύτης
2760 2623 2816 2676 δὲ
2849 2626 3010 2693 ἡμεῖς
3036 2626 3198 2678 αἴτιοι
3222 2625 3322 2694 τῆς
3357 2624 3480 2694 βλα-

1867 2707 2256 2776 σφημίαςόὺκ
2287 2706 2565 2769 ἐθέλοντες
2596 2708 2900 2778 ἀγρυπνεῖν
2925 2707 2983 2759 ἐν
3015 2709 3127 2770 τοῖς
3155 2708 3297 2779 ὑπὲρ
3322 2708 3480 2760 560e-

1865 2790 2021 2854 σείας
2052 2792 2252 2858 λόγοις,
2281 2790 2418 2844 ἀλλὰ
2451 2790 2710 2861 πάρεργα
2741 2789 3018 2860 τιθέμενοι
3055 2789 3252 2854 ταῦτα,
3289 2792 3381 2844 καὶ
3409 2792 3478 2844 τά

1864 2874 1962 2943 τῆς
1987 2874 2090 2942 γῆς
2116 2873 2511 2944 μεριμνῶντες.
2542 2873 2654 2927 Καὶ
2681 2873 2952 2944 ὀρχηστοῦ
2982 2873 3083 2943 μέν
3107 2891 3194 2936 τις
3216 2872 3359 2945 ἐρῶν
3383 2875 3479 2928 καὶ

1865 2956 2080 3025 ἡνιόχου
2112 2957 2208 3008 καὶ
2237 2955 2333 3008 τοῦ
2369 2960 2482 3020 τοῖς
2511 2956 2720 3026 θηρίοις
2757 2956 3144 3020 πυκτεύοντος,
3182 2958 3361 3011 πάντα
3393 2974 3479 3010 κι-

1864 3042 1945 3093 νεῖ
1966 3041 2059 3094 καὶ
2084 3039 2556 3110 πραγματεύεται,
2587 3040 2729 3092 ὥστε
2757 3042 2815 3093 ἐν
2841 3043 2957 3102 τοῖς
2981 3039 3162 3109 ἀγῶσι
3189 3044 3304 3105 τοῖς
3333 3042 3496 3112 ὑπὲρ

1864 3123 2027 3177 αὐτοῦ
2059 3123 2134 3195 μὴ
2173 3124 2399 3176 ἔλαττον
2423 3123 2564 3194 ἔχων
2606 3122 2896 3176 ἀπελθεῖν
2933 3126 3028 3176 καὶ
3065 3126 3314 3196 μακροὺς
3350 3143 3478 3178 συν-

1863 3208 2101 3280 είρουσιν
2146 3206 2422 3271 ἐπαίνους,
2471 3205 2606 3276 πρὸς
2637 3205 2764 3269 τοὺς
2804 3205 3251 3278 κατηγοροῦντας
3294 3208 3478 3261 αὐτῶν

1865 3291 2162 3359 ἀπολογίαν
2195 3289 2556 3352 συντιθέντες,
2581 3289 2675 3342 καὶ
2695 3290 2929 3361 μυρίοις
2967 3291 3253 3360 βάλλοντες
3287 3293 3478 3364 σκώμ-

1867 3391 1999 3446 μασι
2046 3375 2174 3436 τοὺς
2218 3374 2705 3444 ἐναντιουμένους*
2745 3374 2887 3445 ὑπὲρ
2934 3373 2990 3426 δὲ
3039 3375 3476 3446 Χριστιανισμοῦ

1866 3459 2243 3529 προκειμένων
2259 3459 2284 3498 ε
2308 3457 2503 3525 λόγων,
2529 3455 2733 3519 πάντες
2754 3457 2906 3509 κάτω
2926 3458 3165 3520 νεύουσι,
3193 3459 3286 3521 καί
3314 3461 3477 3513 κνῶν-

1863 3560 1983 3606 ται,
2027 3541 2123 3594 καὶ
2167 3540 2520 3611 χασμῶνται,
2567 3540 2662 3592 καὶ
2707 3539 3217 3607 καταγελασθέντες
3263 3544 3479 3612 ἀναχω-

1868 3625 2044 3698 ροῦσι.
2077 3620 2226 3696 [102]
2263 3623 2376 3678 Καὶ
2405 3625 2522 3688 πῶς
2551 3625 2652 3677 οὐκ
2683 3621 2811 3688 ἀξια
2839 3625 3012 3677 ταῦτα
3046 3627 3248 3696 μυρίας
3281 3627 3473 3698 ὀργῆς,

1866 3710 1996 3762 ὅταν
2024 3710 2053 3761 ὀ
2075 3708 2328 3779 Χριστὸς
2356 3707 2682 3778 ἀτιμότερος
2717 3706 2990 3778 ὀρχηστοῦ
3041 3709 3302 3780 φαίνηται
3343 3713 3475 3780 παρ’

1865 3792 2024 3862 ὑμῖνς
2052 3791 2105 3843 εί
2133 3807 2196 3860 γε
2232 3789 2374 3861 ὑπὲρ
2401 3791 2500 3859 μὲν
2527 3789 2634 3842 τῶν
2663 3790 2894 3853 ἐκείνοις
2924 3792 3336 3862 πεπραγμένων
3375 3811 3477 3862 μυ-

1865 3874 1987 3945 ρίας
2017 3872 2317 3942 ἀπολογίας
2363 3873 2801 3944 μεμελετήκατε,
2833 3874 3011 3927 καίτοι
3039 3891 3104 3943 γε
3138 3877 3360 3931 πάντων
3389 3880 3476 3930 αἰ-

1866 3959 2174 4030 σχροτέρων
2206 3957 2403 4010 ὄντων’
2439 3957 2580 4028 ὑπὲρ
2610 3957 2666 4010 δὲ
2704 3957 2816 4010 τῶν
2842 3957 2935 4011 τοῦ
2978 3958 3219 4028 Χριστοῦ
3253 3960 3474 4031 θαυμά-

1863 4058 1992 4105 των,
2027 4041 2206 4094 καίτοι
2236 4057 2301 4109 γε
2329 4040 2425 4113 τὴν
2461 4041 2792 4112 οἰκουμένην
2825 4042 3317 4112 ἐπισπασαμένων,
3349 4046 3473 4098 οὐδὲ

1863 4126 2115 4196 ἐννοῆσαί
2143 4143 2195 4178 τι
2220 4125 2314 4178 καὶ
2349 4125 2685 4196 μεριμνῆσαι
2711 4123 2992 4196 ἀνέχεσθε.
3027 4125 3369 4198 Πιστεύομεν
3391 4131 3473 4192 εἰς

1863 4211 2083 4281 Πατέρα
2129 4211 2223 4263 καὶ
2255 4210 2381 4262 Υίδν
2425 4210 2517 4263 καὶ
2558 4209 2715 4276 άγιον
2744 4208 3002 4278 Πνεῦμαο
3045 4211 3125 4273 εἰς
3172 4212 3471 4265 ἀνάστασιν

1865 4293 2158 4362 σωμάτων,
2191 4294 2270 4356 εἰς
2305 4293 2450 4362 ζωὴν
2498 4291 2736 4346 αἰώνιον.
2770 4293 2867 4344 Ἂν
2914 4292 3097 4343 τοίνυν
3142 4293 3339 4363 ἔρηταί
3385 4314 3470 4359 τις

1875 4376 2174 4447 Ἑλλήνων·
2223 4377 2320 4440 Τίς
2361 4377 2496 4429 ποτέ
2533 4377 2682 4429 ἐστιν
2724 4369 2880 4438 οὗτος
2909 4377 2938 4428 6
2971 4377 3197 4447 Πατήρς
3231 4378 3314 4442 τίς
3357 4379 3412 4430 δὲ
3443 4383 3471 4432 ὁ

1862 4458 2020 4523 Υἱός;
2061 4460 2144 4522 τίς
2180 4459 2236 4511 δὲ
2279 4459 2342 4512 τὸ
2384 4460 2610 4529 Πνεῦμα
2635 4459 2696 4511 τὸ
2735 4460 2920 4526 άγιον;
2954 4459 2985 4529 ἢ
3020 4459 3138 4522 πῶς
3169 4462 3266 4514 καὶ
3311 4463 3472 4531 ὑμεῖς

1861 4546 2011 4615 τρεῖς
2058 4543 2309 4610 λέγοντες
2365 4542 2556 4604 θεοὺς,
2607 4544 2739 4612 ἡμῖν
2791 4541 3016 4607 ἐγκαλεῖ
3054 4543 3380 4612 πολυθεῖαν;
3417 4548 3470 4599 τί

1860 4627 2068 4697 ἐρεῖτε;
2099 4626 2150 4677 τί
2181 4625 2238 4679 δὲ
2286 4626 2704 4696 ἀποκρινεῖσθε;
2752 4624 2871 4689 πῶς
2920 4626 3330 4697 ἀποκρούσεσθε
3369 4639 3471 4700 την

1860 4710 2171 4782 προσϐολὴν
2212 4710 2322 4762 τῶν
2365 4710 2540 4777 λόγων
2583 4709 2825 4772 τούτων;
2859 4709 2924 4760 Τί
2963 4709 3040 4774 δὲ,
3083 4709 3150 4762 ἂν
3192 4711 3473 4780 σιγώντων

1860 4797 2015 4867 ὑμῶν
2045 4796 2207 4847 πάλιν
2238 4795 2510 4864 ἐπενέγκῃ
2549 4793 2606 4845 τὸ
2634 4793 2822 4863 ἕτερον
2861 4793 3107 4864 ζήτημα,
3135 4794 3199 4846 Τί
3229 4796 3287 4849 δέ
3321 4798 3472 4850 ἐστιν

1857 4881 1993 4943 ὅλως
2027 4880 2350 4942 ἀνάστασις,
2380 4877 2633 4948 ἐρωτῶν,
2669 4872 2779 4946 ἆρα
2822 4875 2933 4948 γὰρ
2955 4878 3013 4931 ἑν
3044 4877 3220 4950 τούτῳ
3250 4879 3328 4950 τῷ
3367 4882 3471 4934 σώ-

1861 4980 1989 5031 ματι
2020 4963 2182 5015 πάλιν
2209 4960 2662 5032 ἀναστησόμεθα;
2691 4955 2799 5030 ἆρα
2819 4962 2877 5012 ἐν
2896 4962 3072 5032 ἐτέρῳ
3101 4965 3251 5033 παρὰ
3277 4964 3464 5029 τοῦτο;

1858 5049 1953 5099 καὶ
1978 5049 2025 5099 εἰ
2056 5050 2113 5099 ὲν
2135 5046 2330 5116 τούτῳ,
2357 5044 2442 5106 τίς
2471 5043 2629 5115 χρεία
2658 5043 2791 5096 αὐτὸ
2820 5045 3219 5114 καταλυθῆναι;
3249 5048 3300 5101 τί
3333 5050 3468 5121 πρὸς

1856 5131 2270 5211 ταῦταιέρεῖτες
2321 5130 2386 5182 Τί
2426 5129 2503 5195 δέ,
2547 5129 2614 5182 ἂν
2645 5128 2779 5202 λέγῃ
2801 5145 2813 5157 ·
2845 5130 2998 5183 Διατί
3033 5131 3147 5197 νῦν,
3183 5133 3276 5185 καὶ
3309 5135 3384 5206 μὴ
3412 5134 3471 5188 ἐν

1857 5223 1968 5282 τοῖς
2016 5217 2329 5288 ἔμπροσθεν
2377 5218 2715 5288 παρεγένετο
2764 5217 2976 5288 χρόνοις
3004 5221 3032 5272 6
3066 5219 3342 5290 Χριστός;
3375 5223 3469 5276 νῦν

1857 5305 1965 5376 γάρ
1997 5303 2174 5368 εδοξεν
2208 5303 2358 5373 αὐτῷ
2405 5302 2706 5372 προνοῆσαι
2756 5302 2867 5354 τῶν
2913 5302 3245 5373 ἀνθρώπων,
3292 5305 3381 5359 τδν
3415 5307 3469 5359 δέ

1857 5389 2016 5441 ἄλλον
2058 5386 2275 5440 ἅπαντα
2305 5386 2500 5457 χρόνον
2533 5385 2696 5455 ἡμῶν
2730 5389 3089 5456 κατεφρόνει,
3121 5388 3154 5458 ἢ
3204 5391 3299 5442 καὶ
3336 5390 3469 5444 ἄλλα

1858 5473 1938 5526 [τι
1969 5474 2034 5527 ἂν
2067 5473 2202 5543 πρὸς
2227 5470 2251 5510 h
2288 5472 2499 5532 τούτοις
2540 5470 2746 5523 τούτων
2775 5471 2993 5524 πλείονα
3032 5471 3300 5545 ἐξετάζῃς
3336 5473 3467 5526 Οὐδὲ

1857 5560 1966 5630 γὰρ
1998 5559 2296 5625 ἀναγκαῖον
2332 5557 2502 5610 πολλά
2527 5555 2724 5626 ἐφεξῆς
2756 5555 3049 5625 ζητήματα
3071 5557 3342 5619 τιθέντας.
3369 5559 3470 5622 τὰς

1857 5643 2039 5704 λύσεις
2075 5643 2367 5711 ἀποσιγᾷω,
2396 5640 2534 5692 ὥστε
2587 5639 2662 5709 μὴ
2703 5641 2828 5703 τοὺς
2855 5640 3251 5710 άφελεστέρους
3295 5641 3472 5712 ταύτῃ

1859 5725 2236 5798 παραϐλάψαι.
2276 5725 2462 5793 Ἀρκεῖ
2511 5723 2620 5794 γάρ
2667 5724 2762 5776 καὶ
2807 5724 2874 5776 τά
2920 5725 3188 5794 εἰρημένα
3223 5724 3361 5795 πρὸς
3409 5727 3470 5778 τὸ

1919 5872 1938 5893 ⁸
1960 5869 2040 5919 Sic
2059 5868 2208 5917 Savil.
2234 5866 2406 5916 Morel.
2444 5867 2514 5931 1a
2531 5867 2613 5926 μὲν
2635 5867 2859 5924 ἀλλήλοις
2882 5870 3250 5931 παρεχώρησαν.
3323 5867 3342 5904 ῐ
3372 5869 3469 5918 MU

1858 5936 1986 5993 ὺμιν,
2014 5934 2095 5979 alii
2136 5932 2265 5991 ἡμῖν.
2339 5933 2361 5968 Β
2387 5932 2465 5975 Sic
2499 5930 2606 5976 Sav.
2639 5935 2690 5975 ut
2725 5932 2924 5992 piurimi
2970 5930 3090 5979 mssf
3134 5931 3309 5982 Morel.
3347 5947 3470 5991 προσ

1862 5996 2156 6054 τεινομένων.
2227 5993 2251 6030 ὶλ
2280 5993 2484 6053 Quidam
2530 5993 2557 6048 ἢ
2601 5994 2679 6038 καὶ
2703 5994 2837 6050 ἔτερα
2867 5994 2996 6053 πρός.
