4162 6326
180 396 301 474 ιιι,

188 532 298 574 nutu
326 515 379 570 iu
406 509 558 567 alio?
596 510 648 566 si
678 508 735 565 in
765 508 866 562 hoc
886 545 901 570 ,
932 515 1054 574 qua
1083 498 1377 555 necessitas
1421 502 1481 548 ut
1517 488 1781 547 dissolva-

190 610 298 665 tur?
317 606 445 680 quid
469 604 539 660 ad
566 604 687 659 haec
717 593 1151 672 respondebitis?
1176 589 1306 662 quid
1335 602 1463 680 vero
1487 588 1536 680 si
1564 585 1666 639 hoc
1687 582 1786 680 ob:

181 673 367 771 jiciat-z
399 696 509 753 Cur
540 711 651 752 non
682 689 945 763 superiori
988 695 1228 755 tempore
1253 679 1475 736 advenit
1498 673 1783 734 Christus?

188 768 246 847 an
271 805 416 846 nunc
443 790 684 845 humano
706 783 888 858 generi
921 778 1202 851 providere
1224 775 1399 830 visum
1425 772 1500 827 illi
1527 776 1629 834 est,
1653 778 1708 824 et
1729 768 1782 822 in

186 884 454 955 praeterito
481 882 626 937 omni
652 890 893 947 tempore
914 875 967 930 id
988 869 1259 941 neglexit?
1284 864 1411 938 quid
1438 866 1483 920 si
1504 863 1605 918 alia
1627 861 1781 933 plura

182 974 492 1032 examinet!
529 971 714 1041 Neque
741 968 883 1023 enim
912 963 1129 1034 expedit
1158 969 1215 1014 ut
1242 956 1438 1012 multas
1466 955 1600 1008 alias
1629 966 1781 1021 quze-

182 1068 383 1122 stiones
407 1063 753 1135 sdjicientes,
791 1058 1109 1113 solutionem
1139 1052 1346 1106 illarum
1380 1059 1679 1111 taceamus,
1712 1058 1781 1099 ne

182 1161 293 1217 hac
323 1155 741 1230 simplicioribus
765 1158 1013 1208 noceant.
1046 1146 1182 1202 Nam
1211 1158 1332 1215 qua:
1360 1142 1623 1205 diximus,
1656 1143 1783 1191 sunt

180 1254 242 1308 ad
271 1229 656 1308 excutiendum
687 1258 933 1301 somnum
962 1250 1196 1297 vestrum
1224 1237 1376 1291 satis.
1406 1231 1543 1301 Quid
1574 1244 1703 1300 ergo
1733 1229 1777 1283 si

182 1346 293 1401 bare
323 1349 729 1413 percontentur,
761 1351 857 1393 vos
882 1342 1061 1389 autem
1092 1345 1157 1385 ne
1194 1326 1381 1383 audire
1417 1323 1631 1395 quidem
1664 1321 1779 1377 haec

181 1439 340 1495 verba
370 1434 627 1508 possitis?
654 1448 751 1496 an,
780 1443 983 1501 quaeso,
1026 1425 1275 1494 exiguum
1314 1435 1414 1475 nos
1442 1426 1623 1473 manet
1648 1432 1779 1486 sup-

180 1530 416 1602 plicium,
448 1526 538 1597 qui
560 1521 874 1581 sedentibus
893 1520 945 1574 in
972 1516 1208 1577 tenebris
1230 1522 1376 1568 tanta
1395 1511 1595 1567 erroris
1616 1521 1775 1563 causa

178 1621 381 1677 simus?
417 1619 653 1681 Vellem,
692 1616 737 1670 si
778 1627 873 1682 per
900 1611 1068 1665 otium
1096 1616 1335 1662 vestrum
1377 1604 1589 1665 liceret,
1622 1613 1777 1655 exse-

175 1710 367 1769 crandi
392 1707 672 1782 cujusdam
701 1704 874 1762 Graeci
906 1698 1211 1773 philosophi
1243 1696 1439 1753 librum
1466 1702 1651 1749 contra
1676 1705 1777 1746 nos

180 1806 439 1877 scriptum
475 1804 576 1857 huc
600 1798 813 1864 afferre,
843 1808 1053 1852 necnon
1079 1792 1301 1847 alterius
1326 1789 1484 1857 longe
1512 1784 1780 1855 antiquio-

176 1901 247 1954 ris
266 1875 303 1965 ,⁷
323 1907 384 1953 ιιι
420 1897 502 1951 sic
539 1909 635 1949 vos
663 1891 951 1949 excitarem
971 1929 985 1950 ,
1018 1894 1073 1942 et
1101 1892 1303 1939 tantam
1333 1887 1567 1935 vestram
1593 1875 1774 1947 segni-

176 1992 299 2045 tiem
326 1996 661 2044 excuterem.
690 1982 820 2039 Nam
850 1981 895 2035 si
922 1979 1031 2043 illi,
1064 1986 1123 2033 ut
1152 1990 1249 2030 nos
1276 1975 1673 2044 impugnarent,
1702 1968 1774 2022 ita

174 2082 559 2153 advigilarunt,
585 2092 688 2150 qua
713 2077 917 2133 erimus
942 2072 1086 2143 digiti
1122 2070 1275 2125 venia
1295 2110 1310 2134 ,
1341 2067 1385 2122 si
1414 2067 1557 2121 illata
1587 2070 1775 2119 contra

174 2194 268 2232 nos
296 2177 404 2231 tela
436 2174 751 2245 propulsare
792 2165 1133 2226 nesciamus?
1175 2162 1293 2231 Qua
1332 2160 1400 2216 de
1437 2173 1598 2214 causa
1644 2170 1773 2225 pro-

172 2270 312 2325 ducti
343 2266 569 2324 sumus?
597 2265 712 2320 Non
740 2262 893 2318 audis
922 2257 1223 2330 apostolum
1245 2254 1515 2310 dicentem
1540 2268 1555 2305 :
1590 2247 1774 2302 Parati

172 2374 324 2418 estote
360 2362 430 2416 ad
468 2360 808 2433 defensione»:
838 2354 975 2410 omni
1018 2352 1155 2407 vobis
1194 2349 1443 2404 rationem
1481 2342 1773 2415 exposcenti

172 2464 286 2529 ejus
307 2472 423 2526 qua:
448 2455 502 2508 in
532 2452 668 2507 vobis
693 2461 766 2506 est
792 2450 899 2521 spei
925 2448 1014 2515 (l.
1048 2449 1165 2499 l’et.
1196 2443 1250 2498 ’5.
1280 2440 1400 2511 l5).
1429 2439 1626 2494 Paulus
1647 2450 1773 2508 quo-

171 2567 272 2620 que
303 2547 494 2604 eadem
520 2547 685 2600 utitur
711 2535 1334 2598 admonitione:Vertmm
1359 2531 1545 2588 Christi
1570 2529 1773 2585 inhabi-

171 2649 237 2693 tet
264 2641 314 2693 in
340 2638 477 2691 vobis
504 2634 822 2690 abundanter
849 2628 1004 2705 (Col.
1034 2629 1088 2684 3.
1121 2626 1245 2696 I6).
1275 2625 1381 2680 Sed
1409 2622 1533 2695 quid
1559 2621 1625 2677 ad
1654 2620 1771 2677 btcc

170 2734 350 2789 dicunt
371 2731 617 2787 homines
637 2729 772 2784 fucis
793 2720 1257 2797 insipientiores‘i
1278 2718 1565 2775 Benedicta
1588 2714 1766 2772 omnis

236 2853 253 2883 ι
284 2851 358 2899 su:
387 2857 561 2897 omnes
592 2854 723 2905 pene
746 2846 851 2889 Mss.
887 2834 1027 2886 savii.
1067 2842 1233 2883 autem
1266 2836 1320 2881 et
1347 2827 1539 2892 Morel,
1563 2826 1767 2880 Codices

1255 379 1321 438 IN
1355 373 1667 437 JUANNEM
1705 369 1936 431 IlOIIL.
1969 372 2156 434 XVIII.
2186 377 2259 434 al.
2300 376 2463 436 XVII.

3406 377 3512 439 Hb

1889 494 2070 549 anima
2109 494 2367 566 simplex;
2403 502 2491 561 et,
2535 494 2637 561 Qui
2675 493 2903 550 ambulat
2930 493 3248 565 sintplititer,
3278 492 3506 547 ambulat

1889 587 2205 654 conﬁdenter
2238 585 2438 655 (Prov.
2486 586 2573 642 I0.
2615 586 2707 655 9).
2750 582 2866 642 Hoc
2904 586 3102 656 quippe
3139 596 3219 640 est
3258 580 3505 639 omnium.

1888 692 2047 734 causa
2093 678 2389 743 malorum,
2432 677 2577 749 quod
2617 676 3015 746 Scripturarum
3053 675 3373 731 testimoniis
3398 689 3502 745 op-

1890 779 2119 840 portune
2144 771 2221 825 uti
2253 771 2404 825 multi
2438 769 2701 825 nesciant.
2731 769 2914 839 Neque
2940 767 3087 823 enim
3118 765 3207 822 hic
3236 767 3500 838 insipien-

1888 870 1995 918 tem
2019 861 2286 932 intelligit,
2318 876 2491 932 neque
2519 860 2764 932 ignarum
2790 860 2881 930 qui
2904 858 3037 915 nihil
3060 862 3217 923 sciat,
3246 858 3341 913 sed
3371 872 3499 913 eum

1888 958 1977 1027 qui
2006 972 2105 1013 nec
2128 956 2427 1027 improbus,
2451 970 2552 1011 nec
2572 963 2821 1010 versutus
2844 953 2935 1020 sit,
2960 950 3055 1008 sed
3079 950 3335 1021 prudens.
3360 948 3496 1005 Nam

1886 1051 1931 1104 si
1964 1064 2053 1105 res
2079 1049 2150 1102 ita
2179 1058 2325 1103 esset
2348 1049 2397 1114 ⁸,
2439 1045 2634 1101 frustra
2665 1046 2938 1100 diceretur
2966 1060 2982 1097 :
3011 1041 3191 1098 Estote
3224 1042 3499 1113 prudentes

1883 1144 2015 1195 sicut
2041 1149 2328 1209 serpentes,
2366 1149 2415 1195 et
2442 1138 2697 1209 simplices
2722 1139 2854 1193 sicut
2878 1134 3126 1191 columba!
3150 1133 3373 1209 (lfatth.
3405 1136 3493 1190 l0.

1888 1230 2015 1300 16).
2047 1231 2154 1287 Sed
2186 1230 2313 1301 quid
2345 1231 2459 1286 haec
2488 1230 2625 1285 ultra
2657 1244 3067 1300 persequamur,
3096 1228 3165 1283 ad
3204 1216 3338 1282 nihil
3365 1241 3497 1298 pro-

1884 1323 2101 1379 futura?
2138 1324 2347 1379 Praiter
2386 1338 2448 1379 ea
2488 1323 2632 1378 enim
2673 1336 2794 1393 quae
2835 1320 2943 1389 iam
2981 1320 3124 1375 dicta
3183 1327 3345 1384 sunt,
3391 1317 3494 1374 alia

1883 1432 2094 1490 quoque
2133 1417 2200 1472 ad
2238 1431 2418 1472 mores
2444 1425 2499 1471 et
2530 1416 2651 1470 vita:
2682 1414 2980 1468 institutum
3018 1411 3314 1481 spectantia
3355 1412 3495 1467 male

1882 1519 2141 1581 geruntur
2163 1524 2191 1562 a
2218 1508 2395 1564 nobis.
2425 1506 2625 1565 Verum
2653 1506 2888 1576 undique
2914 1505 3133 1570 miseri,
3160 1504 3399 1575 undique
3422 1504 3498 1558 ri-

1882 1603 2043 1659 diculi
2070 1617 2291 1667 sumus;
2323 1615 2386 1657 ac
2411 1616 2629 1671 semper
2652 1600 2821 1669 parati
2845 1588 2911 1655 ad
2937 1600 3071 1655 alios
3094 1597 3490 1669 coarguendos,

1882 1713 2077 1770 segnes
2103 1711 2292 1753 sumus
2316 1695 2383 1751 ad
2414 1710 2477 1751 ea
2504 1694 2822 1767 corrigenda
2860 1709 2981 1765 qua:
3017 1693 3071 1747 in
3110 1693 3267 1747 nobis
3306 1690 3494 1747 redar-

1881 1799 2136 1862 guuntur.
2164 1789 2559 1858 Quamobrem,
2592 1787 2844 1853 obsecro,
2874 1784 3031 1841 nobis
3058 1784 3274 1839 tandem
3309 1790 3491 1838 atten-

1880 1882 2093 1947 dentes,
2121 1896 2191 1936 ne
2217 1881 2271 1935 in
2300 1879 2724 1950 reprehensione
2750 1877 2974 1949 gradum
3002 1875 3278 1931 sisthmus.
3304 1874 3493 1945 Neque

1880 1976 2026 2028 enlm
2070 1972 2173 2027 hoc
2211 1980 2294 2027 est
2331 1971 2398 2025 ad
2440 1970 2607 2025 Deum
2652 1962 2970 2041 placandum
3003 1968 3170 2034 satis;
3198 1966 3293 2023 sed
3324 1967 3489 2022 etiam

1879 2066 2137 2136 optimam
2180 2065 2233 2119 in
2274 2064 2525 2119 omnibus
2568 2064 2919 2118 mutationem
2968 2060 3229 2118 exhibere
3272 2058 3494 2115 studes-

1880 2174 2020 2224 mus,
2052 2166 2112 2213 ut
2137 2158 2203 2213 ad
2237 2156 2461 2228 gloriam
2492 2154 2586 2211 Dei
2627 2155 2788 2210 vitam
2816 2164 3070 2226 agentes,
3099 2161 3153 2209 et
3180 2152 3279 2223 ipsi
3310 2150 3490 2206 futura

1877 2250 2046 2323 gloria
2073 2249 2349 2315 fruamur;
2382 2264 2542 2320 quam
2572 2264 2670 2304 nos
2698 2262 2891 2302 omnes
2914 2246 3130 2317 assequi
3174 2244 3487 2314 conlingat.

1876 2341 2047 2414 gratia
2071 2351 2127 2397 et
2150 2340 2479 2412 benignitate
2508 2340 2717 2395 Domini
2746 2340 2917 2395 nostri
2951 2336 3078 2394 Jesu
3117 2335 3317 2394 Christi
3342 2377 3358 2401 ,
3399 2334 3488 2390 cui

1876 2434 2046 2507 gloria
2074 2443 2128 2492 et
2158 2434 2442 2505 imperium
2471 2434 2523 2488 iu
2555 2432 2752 2489 saecula
2778 2432 3124 2488 stcculorum.
3157 2430 3350 2488 Amen.

1878 2682 1972 2737 705
2005 2690 2058 2735 et
2086 2684 2182 2737 706
2212 2684 2390 2743 secuti,
2416 2682 2594 2746 legunt
2624 2679 3025 2746 segniores,_pro,
3051 2676 3420 2746 insipientiores.

1886 2758 1889 2760 '
1942 2750 1960 2780 ¹
1998 2746 2187 2809 Morel.,
2213 2741 2387 2805 habet,
2416 2741 2512 2796 ηἰἔὶ
2536 2759 2615 2796 res
2644 2741 2715 2795 ita
2743 2758 2797 2809 se
2827 2741 3046 2809 haberet.
3074 2741 3217 2809 Savtl.
3242 2748 3408 2809 autem
3433 2746 3487 2792 et

1876 2818 1981 2861 Mss.
2006 2803 2194 2860 habent
2222 2815 2279 2859 ut
2312 2803 2557 2870 io'textu,
2581 2815 2633 2859 et
2664 2809 2732 2859 ita
2762 2805 2888 2871 legit
2920 2807 3093 2857 Franc.
3120 2803 3372 2855 Aretinus.

168 2928 3480 2972 Μ

1527 3003 1882 3071 HOMILIK
1917 3008 2156 3072 XVIII.

166 3182 258 3238 55.
295 3180 467 3235 Altera
496 3176 579 3232 die
601 3175 784 3230 iterum
820 3171 983 3226 stabat
1012 3167 1274 3229 Joannes,
1321 3172 1369 3216 et
1395 3177 1457 3215 ea:
1498 3154 1765 3227 discipulis

242 3278 343 3344 ejus
369 3274 492 3327 duo.
514 3269 607 3326 36.
634 3267 700 3323 Et
720 3265 993 3335 respiciens
1007 3259 1187 3316 Jesum
1214 3254 1577 3315 ambulantem,
1608 3250 1767 3304 dicit:

239 3342 369 3423 lices
387 3384 553 3439 agnus
583 3363 696 3417 Dei.
721 3362 810 3417 '57.
848 3358 913 3413 Et
934 3355 1207 3411 audierunt
1233 3366 1349 3407 eum
1389 3348 1490 3402 duo
1521 3342 1761 3414 discipuli

236 3461 522 3529 loquentem
538 3498 551 3520 ,
576 3462 623 3509 et
647 3450 841 3522 sequuti
869 3457 985 3504 sunt
1009 3444 1048 3500 ,Ι
1050 3461 1208 3501 esum.

235 3528 304 3608 1.7
329 3550 553 3620 Propter
595 3546 858 3617 segnitiem
905 3548 1101 3595 natura:
1141 3538 1377 3591 humana:
1402 3532 1576 3587 eadem
1602 3528 1767 3584 moni-

171 3656 216 3701 ta
235 3644 421 3715 stepius
463 3639 740 3712 repetenda
779 3645 917 3690 sunt.
959 3632 1064 3687 Cur
1102 3630 1333 3685 Joannes
1376 3626 1533 3698 Bapt.
1585 3624 1764 3679 eadem

168 3740 272 3809 ipsa
313 3735 571 3790 multoties
607 3724 1171 3796 loquelam—Segnis
1222 3722 1379 3791 plane
1423 3727 1508 3773 est
1568 3716 1764 3770 burna-

170 3848 231 3885 πει
286 3840 496 3891 natura,
550 3834 608 3881 et
656 3823 722 3877 ad
771 3818 1062 3892 perniciem
1122 3830 1287 3887 prona
1318 3855 1333 3880 ,
1388 3828 1495 3867 non
1540 3826 1617 3869 ex,
1652 3810 1767 3879 ipsa

172 3934 366 3978 natura:
415 3918 763 3979 conditione,
799 3912 894 3969 sed
921 3928 988 3967 ex
1030 3908 1325 3965 voluntatis
1356 3905 1562 3977 ignavia
1594 3921 1607 3958 :
1637 3918 1767 3974 qua-

169 4026 383 4086 propter
421 4012 591 4068 multa
632 4022 769 4079 Opus
815 4004 985 4069 habet
1020 4001 1342 4059 monitione.
1396 3998 1521 4054 Ideo
1567 3996 1768 4051 Paulus

171 4104 599 4178 Philippensibus
647 4098 889 4161 scribens
937 4095 1155 4159 dicebat
1199 4110 1214 4148 :
1263 4091 1462 4145 Eadem
1522 4088 1764 4153 scribere,

169 4200 285 4253 uu'lti
308 4197 515 4267 quidem
534 4211 638 4251 non
663 4208 839 4265 grave,
868 4190 1006 4243 vobis
1025 4197 1194 4244 autem
1219 4195 1380 4241 tutum
1408 4185 1426 4255 (
1454 4182 1687 4252 Philipp.
1710 4181 1764 4235 3.

171 4292 240 4361 ί).
272 4290 405 4346 Nam
434 4297 581 4343 terra
620 4285 834 4356 quidem
859 4282 1025 4338 semel
1054 4287 1304 4349 suscepto
1329 4275 1554 4340 semine,
1586 4272 1767 4329 statim

173 4385 370 4439 lructus
398 4380 650 4451 profert,
678 4392 854 4447 neque
883 4375 1048 4429 altera
1071 4380 1191 4442 eget
1220 4370 1432 4425 satione
1465 4385 1478 4423 :
1512 4368 1563 4422 in
1585 4367 1766 4421 anitna

168 4486 341 4543 autem
372 4484 561 4542 nostra
594 4485 701 4525 non
737 4470 807 4523 ita
850 4483 937 4523 res
965 4481 1023 4521 se
1056 4464 1217 4519 habet
1244 4482 1258 4529 ;
1289 4463 1381 4518 sed
1422 4460 1657 4531 optabile
1686 4467 1769 4515 est

170 4579 222 4624 ut
263 4580 551 4653 pOStquam
599 4563 909 4632 frequenter
945 4559 1163 4630 jactum,
1199 4564 1281 4612 est
1311 4570 1495 4610 semen
1521 4596 1535 4618 ,
1567 4562 1619 4607 et
1652 4560 1770 4621 post

171 4646 411 4733 magnam
446 4656 743 4720 exhibitam
776 4653 1107 4724 diligentiam
1133 4692 1146 4717 ,
1176 4649 1345 4705 semel
1375 4648 1564 4702 saltem
1598 4646 1771 4716 possit

171 4757 392 4813 fructum
421 4752 693 4820 excipere.
725 4748 905 4802 Primo
949 4744 1163 4815 quidem
1192 4758 1317 4814 qua:
1363 4741 1615 4795 dicuntur
1661 4754 1768 4805 non

172 4846 319 4904 futile
340 4846 729 4919 imprimuntur
748 4840 801 4894 in
827 4838 1065 4893 animum
1087 4877 1102 4900 ,
1134 4834 1277 4906 quod
1307 4833 1472 4888 multa
1498 4832 1769 4888 substrata

170 4941 231 4995 sit
288 4938 558 4999 durities,
607 4932 908 4989 innumeris
958 4928 1128 4997 spinis
1197 4926 1509 4982 obstruatur
1548 4924 1765 4990 anima,

172 5033 475 5103 multosque
504 5026 849 5084 insidiatores
894 5021 1090 5078 habeat
1115 5020 1203 5090 qui
1250 5033 1434 5083 semen
1479 5016 1767 5085 abripiant.

173 5127 369 5181 Deinde
399 5133 685 5195 postquam
720 5117 944 5174 infixum
976 5130 1163 5171 semen
1204 5113 1413 5167 radices
1438 5111 1645 5181 egerit,
1675 5125 1771 5165 ea-

170 5218 285 5274 dem
314 5227 402 5274 est
439 5228 580 5285 opus
606 5211 881 5283 diligentia
910 5249 927 5276 ,
970 5215 1030 5263 ut
1071 5207 1136 5262 ad
1168 5205 1404 5276 vigorem
1454 5203 1771 5274 perveniant

173 5311 371 5365 semina
396 5349 411 5373 ,
442 5306 721 5373 illaesaque
747 5309 1038 5365 maneant,
1075 5313 1249 5369 neque
1279 5297 1545 5351 laedantur
1566 5295 1634 5349 ab
1669 5295 1771 5349 ali-

174 5415 291 5471 quo.
318 5401 375 5455 In
407 5395 709 5452 seminibus
742 5393 886 5449 enim
912 5407 1036 5447 cum
1074 5390 1220 5461 spica
1254 5388 1491 5460 perfecta
1517 5388 1769 5443 virtutem

174 5506 315 5547 suam
347 5489 559 5557 accepit
578 5528 594 5553 ,
641 5493 832 5540 aestum
859 5492 1189 5552 exterasque
1216 5492 1398 5551 pestes
1424 5481 1723 5535 contemnit
1752 5496 1765 5533 :

176 5583 223 5637 in
263 5582 607 5654 dogmatibus
644 5592 775 5633 vero
821 5591 927 5631 non
959 5576 1081 5640 sic;
1128 5574 1221 5631 sed
1264 5584 1546 5645 postquam
1596 5581 1766 5633 totum

176 5688 297 5742 Opus
330 5674 638 5742 impensum
663 5674 788 5731 est,
817 5667 1204 5737 superveniens
1234 5666 1406 5721 hiems
1435 5681 1499 5720 ac
1553 5674 1765 5735 tempe-

182 5775 300 5833 stas,
327 5762 650 5829 difﬁcultate
683 5766 1117 5833 pmoccupantc,
1139 5767 1193 5817 et
1211 5757 1565 5822 fraudulentis
1598 5758 1770 5815 honu-

1875 3160 2034 3216 uibus
2061 3161 2459 3229 insidiantibus,
2484 3160 2865 3232 ingruentibus
2877 3159 3042 3215 variis
3070 3156 3497 3229 tentationibus,

1875 3266 2046 3314 totum
2072 3256 2449 3313 labefactatur.
2478 3254 2607 3311 Haec
2634 3268 2935 3326 porro..non
2974 3253 3094 3308 sine
3117 3265 3280 3309 causa
3318 3266 3347 3305 a
3380 3265 3483 3307 no-

1872 3352 1956 3409 bis
1986 3352 2128 3409 dicta
2158 3359 2287 3407 sunt
2316 3366 2330 3417 ;
2376 3349 2473 3406 sed
2502 3356 2559 3404 ut
2597 3349 2741 3404 dum.
2766 3345 2922 3402 audis
2971 3344 3238 3402 Joannem
3288 3340 3482 3400 eadem

1875 3449 1990 3519 ipsa
2021 3456 2357 3519 repetentem
2379 3486 2394 3507 ,
2428 3459 2497 3501 ne
2525 3444 2678 3516 quasi
2711 3456 2972 3513 nugaeem
3004 3439 3232 3496 damnes
3257 3479 3273 3504 ,
3308 3452 3485 3519 neque

1874 3542 2088 3597 inanem
2127 3552 2491 3595 onerosumve
2530 3535 2830 3592 existimes.
2865 3533 3136 3591 Voluisset
3161 3534 3359 3603 quippe
3397 3504 3501 3590 se:

1873 3637 1981 3691 mel
2009 3636 2259 3705 loquutus
2302 3631 2476 3688 audiri
2505 3649 2517 3687 :
2547 3629 2674 3700 quia
2715 3643 2849 3684 vero
2890 3642 2997 3681 non
3026 3625 3180 3681 multi
3212 3630 3367 3679 erant
3390 3622 3484 3693 qui

1873 3728 2033 3784 dictis
2060 3727 2244 3781 statim
2274 3725 2621 3781 attenderent
2655 3721 2726 3777 ob
2756 3717 3182 3776 somnolentiam
3209 3759 3224 3785 ,
3255 3714 3484 3787 repetita

1875 3836 2007 3877 voce
2038 3820 2162 3876 illos
2188 3816 2571 3889 expergefacit.
2615 3814 2733 3871 Jam
2763 3814 2850 3869 hic
2879 3810 3100 3869 attende
3127 3827 3141 3863 :
3171 3807 3347 3875 dixit,
3382 3805 3486 3874 Qui

1876 3926 1988 3987 post
2014 3932 2095 3969 me
2118 3914 2272 3979 venit,
2304 3921 2424 3965 ante
2449 3928 2529 3964 me
2555 3910 2722 3980 factus
2750 3916 2823 3963 est
2846 3924 2865 3971 ;
2896 3914 2972 3973 et,
3008 3903 3131 3960 Non
3158 3920 3270 3958 sum
3298 3902 3485 3973 dignus

1874 4009 2066 4063 solvere
2094 4006 2370 4077 conigium
2400 4002 2729 4057 calceamenti
2749 3999 2861 4072 ejus
2886 4015 2903 4063 ;
2933 4008 2987 4053 et
3010 4039 3026 4064 ,
3056 3996 3179 4067 Ipse
3204 4011 3293 4050 vos
3319 3992 3488 4063 bapti~

1872 4100 2008 4155 zabit
2036 4101 2088 4153 in
2128 4098 2329 4169 Spiritu
2354 4106 2531 4150 sancto
2557 4104 2602 4149 et
2624 4094 2729 4164 igni
2753 4090 2967 4163 (Matth.
3000 4090 3056 4145 5.
3088 4088 3202 4156 Η),
3235 4084 3487 4156 quodque

1876 4193 2069 4249 viderit
2115 4189 2375 4262 Spiritum
2423 4185 2841 4243 descendentem
2881 4180 3021 4237 sicut
3040 4179 3345 4235 columbam
3375 4219 3389 4242 ,
3428 4186 3487 4233 et

1876 4296 2183 4344 manentem
2212 4298 2376 4352 super
2405 4294 2566 4346 eum;
2603 4288 2659 4334 et
2705 4278 3024 4333 testiﬁcatus
3061 4283 3145 4330 est
3182 4271 3323 4343 quod
3365 4270 3482 4339 ipse

1875 4389 2020 4437 esset
2045 4378 2212 4433 Filius
2252 4377 2387 4431 Dei:
2433 4389 2591 4429 nemo
2636 4371 2902 4431 attendit.
2935 4382 3096 4425 nemo
3136 4364 3487 4436 interrogavit

1876 4472 1961 4528 vel
1986 4472 2139 4538 dixit,
2170 4470 2281 4526 Cur
2306 4469 2421 4523 lucc
2452 4465 2709 4537 loqueris,
2736 4479 2841 4535 qua
2866 4462 2934 4518 tle
2963 4476 3123 4517 causa
3146 4468 3202 4520 et
3226 4459 3435 4519 ratione
3465 4455 3489 4509 τ

1880 4566 2025 4622 Dixit
2064 4578 2277 4621 rursum
2301 4605 2315 4629 ,
2349 4559 2484 4614 Ecce
2512 4574 2677 4632 agnus
2721 4556 2819 4610 Dei
2850 4597 2864 4619 ,
2912 4556 2997 4625 qui
3044 4554 3177 4608 tollit
3224 4558 3487 4622 peccatum

1878 4657 2075 4717 numdi.
2109 4655 2294 4725 Neque
2338 4654 2416 4713 sic
2456 4652 2668 4706 illorum
2698 4649 2960 4720 ignaviam
2992 4646 3182 4716 tetigit.
3216 4643 3343 4699 Ideo
3388 4657 3485 4696 ea-

1877 4750 2000 4812 dem
2032 4750 2147 4819 ipsa
2190 4754 2437 4817 repetere
2478 4743 2688 4813 cogitur
2716 4782 2730 4807 ,
2777 4755 2843 4806 ac
2878 4740 2924 4797 si
2957 4746 3155 4793 terram
3194 4734 3485 4806 quamdam

1879 4856 2126 4913 asperam
2156 4847 2209 4894 et
2251 4838 2442 4893 duram
2483 4833 2838 4892 renovatione
2867 4828 3137 4887 emolliret
3166 4869 3182 4896 ,
3228 4836 3284 4882 et
3320 4826 3490 4881 verbo

1878 4937 2029 5007 quasi
2058 4943 2239 4990 aratro
2260 4932 2538 4997 subactam
2562 4935 2797 4982 mentem
2834 4923 3118 4990 excitaret,
3142 4930 3200 4977 ut
3226 4918 3490 4992 profunde

1880 5033 2083 5092 semina
2108 5030 2332 5103 iaceret.
2371 5024 2498 5080 Ideo
2528 5036 2634 5087 non
2675 5020 2837 5091 longo
2863 5016 3302 5071 utitursermone
3322 5053 3339 5079 ,
3365 5012 3489 5084 quis

1881 5141 2048 5181 unum
2076 5131 2282 5179 tantum
2326 5117 2585 5182 curabat,
2621 5124 2679 5170 ut
2720 5115 2839 5169 illos
2858 5127 2982 5166 cum
3006 5110 3227 5166 Christo
3261 5106 3490 5177 conjun-

1880 5228 2048 5292 geret.
2075 5216 2288 5273 Sciebat
2340 5212 2485 5269 enim
2516 5210 2637 5265 illos
2658 5250 2671 5272 ,
2705 5207 2747 5263 si
2777 5205 2883 5261 hoc
2916 5202 3089 5261 semel
3117 5201 3487 5271 suscepissent

1880 5322 1933 5367 et
1963 5311 2446 5378 obtemperassent,
2480 5317 2589 5357 non
2618 5300 2757 5355 ultra
2784 5296 3094 5353 testimonio
3113 5309 3251 5366 opus
3278 5292 3488 5354 habitu,-

1881 5420 1970 5459 ros
1997 5422 2010 5457 :
2042 5412 2099 5457 ut
2136 5401 2298 5456 etiam
2330 5396 2531 5455 evenit.
2563 5394 2695 5448 Nam
2726 5394 2771 5447 si
2799 5388 3124 5447 Samaritani
3152 5428 3167 5455 ,
3202 5396 3484 5457 postquam

1885 5499 2032 5553 illum
2079 5494 2406 5556 audierant,
2442 5488 2654 5544 mulieri
2702 5484 2887 5547 dicunt
2919 5502 2931 5537 :
2964 5482 3087 5537 Non
3119 5482 3234 5551 jam
3285 5485 3497 5548 propter

1884 5603 2023 5647 tuam
2050 5587 2301 5659 loquelam
2346 5583 2599 5654 credimus
2624 5598 2642 5635 :
2672 5580 2771 5651 ipsi
2814 5578 2947 5633 enim
2980 5570 3382 5641 novimus,,quia
3410 5569 3490 5621 Itic

1886 5698 1957 5743 est
1982 5684 2221 5740 Salvator
2248 5679 2424 5735 mundi
2452 5676 2683 5731 Christus
2706 5673 2885 5745 (Joan.
2917 5671 2967 5731 4.
3000 5668 3115 5739 42);
3142 5666 3311 5721 multo
3328 5664 3489 5719 citius

1887 5776 2133 5850 discipuli
2177 5775 2317 5846 capti
2367 5771 2592 5828 fuissent
2630 5812 2643 5837 ,
2678 5777 2737 5824 ut
2775 5782 2959 5823 revera
2996 5763 3136 5836 capti
3182 5768 3326 5817 sunt.
3358 5759 3491 5816 Cum
