4162 6326
694 402 795 459 115

693 518 833 572 enim
863 514 1205 571 accessissent
1233 552 1247 575 ,
1288 516 1463 562 etuna
1523 512 1724 560 tantum
1764 515 1984 571 vespera
2027 497 2256 558 audivis-

696 614 832 668 sent,
858 618 960 658 non
987 603 1123 656 ultra
1152 601 1216 653 ad
1255 598 1508 652 Joannem
1540 593 1740 650 reversi
1769 600 1889 646 sunt
1913 631 1928 656 ,
1960 589 2052 644 sed
2085 592 2153 642 ita
2181 587 2256 641 illi

700 693 983 756 ha'serunt,
1013 700 1068 743 ut
1097 690 1313 743 Joannis
1346 689 1502 740 etiam
1542 682 1889 738 tninismrium
1919 680 2214 748 acciperent
2237 718 2254 742 ,

700 784 971 850 ipsumque
1013 780 1374 848 praedicarent.
1418 777 1610 830 Invenit
1637 817 1651 841 ,
1703 774 1905 840 inquit,
1935 772 2013 824 hic
2054 771 2257 839 fratrem

700 889 844 924 suum
862 871 1137 936 Simonem,
1157 880 1200 924 et
1221 871 1335 922 dicit
1357 868 1501 938 ei:(a)
1527 866 1834 940 [Invenimus
1852 864 1904 917 Μ
1912 864 2105 926 essiam,
2127 859 2260 928 quod

700 971 769 1016 est
791 963 1159 1032 interpretatum
1181 959 1403 1014 Christus
1429 958 1603 1026 (Joau.
1627 959 1674 1010 l.
1695 953 1831 1026 41).]
1860 955 1969 1009 lloc
1993 969 2117 1006 vero
2129 951 2256 1005 mihi

702 1051 1006 1106 consideres
1023 1049 1198 1114 velint,
1222 1047 1503 1116 quomodo,
1532 1061 1647 1099 cum
1676 1044 1896 1109 diceret,
1920 1043 2014 1108 Qui
2045 1051 2154 1111 post
2182 1056 2260 1094 me

703 1142 855 1203 venit,
884 1148 997 1191 ante
1041 1153 1118 1190 me
1151 1140 1311 1208 factus
1339 1145 1450 1199 est;
1478 1144 1550 1196 et,
1581 1131 1699 1188 Non
1729 1151 1839 1186 sum
1874 1134 2053 1203 dignus
2071 1134 2260 1185 solvere

704 1228 968 1298 corrigiam
1003 1227 1324 1280 calceanteuti
1368 1226 1475 1296 ejus
1498 1264 1512 1288 ,
1563 1223 1829 1278 nemiuem
1876 1223 2108 1292 ceperit;
2139 1235 2260 1275 cum

704 1328 878 1370 autem
911 1316 976 1369 de
1015 1315 1306 1370 (eeonomia
1352 1313 1597 1383 loquutus
1620 1321 1739 1375 est,
1768 1313 1899 1367 etin
1927 1311 2260 1366 humiliorem

704 1425 1001 1463 sermonem
1050 1407 1358 1472 descendit,
1400 1415 1525 1460 tunc
1549 1407 1757 1476 sequuti
1789 1414 1905 1460 sunt
1949 1405 2186 1474 discipuli
2218 1405 2260 1459 ⁸.

704 1501 881 1570 Neque
933 1501 1057 1554 illud
1112 1509 1311 1554 tantum
1339 1497 1778 1553 considerandum
1807 1509 1927 1560 est;
1968 1497 2059 1551 sed
2103 1497 2260 1552 etiam

705 1592 843 1661 quod
876 1607 979 1644 non
1000 1601 1102 1644 tam
1131 1591 1278 1645 multi
1310 1589 1625 1656 allieiantur,
1644 1589 1856 1658 quando
1875 1589 1998 1659 quid
2019 1604 2263 1656 magnum

706 1693 756 1735 et
786 1681 1008 1734 sublime
1035 1681 1101 1734 de
1142 1682 1250 1734 Deo
1294 1680 1484 1734 dicitur
1514 1720 1528 1745 ,
1573 1695 1731 1748 quam
1775 1679 1863 1733 ubi
1892 1681 2187 1734 clementia:
2213 1688 2266 1735 et

707 1771 1054 1841 benignitatis,
1086 1771 1244 1827 verba
1268 1813 1283 1836 ,
1315 1786 1432 1839 qua:
1465 1770 1530 1824 ad
1573 1771 1869 1825 auditorum
1897 1773 2117 1825 salutem
2149 1786 2270 1842 spe-

708 1868 871 1926 ctent,
900 1862 1249 1931 proferuntur.
1269 1863 1556 1916 Audieruut
1586 1864 1726 1917 enim
1746 1862 1883 1932 quod
1910 1864 2119 1917 tolleret
2147 1879 2267 1933 pec-

707 1961 881 2007 catum
926 1953 1126 2018 mundi,
1166 1962 1216 2006 et
1240 1953 1414 2007 statim
1445 1962 1801 2007 accurrerunt.
1830 1953 1959 2007 Nam
1997 1955 2041 2008 si
2071 1957 2269 2010 scelera

709 2042 966 2097 abluenda
978 2049 1119 2107 sunt,
1140 2041 1371 2111 inquiunt
1382 2083 1395 2106 ,
1415 2044 1518 2099 Cur
1531 2044 1874 2098 cunctamur?
1893 2043 2040 2098 adest
2052 2045 2139 2111 qui
2155 2045 2272 2099 sine

709 2132 889 2188 labore
915 2147 1011 2189 nos
1040 2135 1261 2199 liberet;
1290 2137 1553 2205 quomodo
1579 2150 1683 2189 non
1709 2143 1961 2189 extrema:
1990 2135 2271 2190 dementiae

713 2226 890 2292 fuerit,
915 2225 1107 2278 donum
1132 2227 1180 2278 in
1204 2227 1340 2280 aliud
1372 2237 1576 2296 tempus
1598 2226 1854 2295 rejicere?
1883 2227 2270 2284 Audiantcate-

713 2312 994 2377 chumeni,
1023 2314 1109 2383 qui
1134 2330 1298 2383 usque
1343 2316 1406 2369 ad
1451 2326 1745 2370 extremum
1791 2316 2009 2370 halitum
2049 2319 2272 2374 salutem

717 2417 864 2456 suam
893 2404 1162 2457 remittunt
1186 2406 1280 2475 (b).
1313 2404 1537 2460 Rursum
1565 2407 1977 2474 stetitJoannes,
2006 2409 2192 2477 inquit,
2225 2420 2279 2464 et

715 2491 842 2543 dixit
870 2508 885 2544 ε
919 2491 1045 2544 Ecce
1081 2506 1241 2560 agnus
1264 2491 1379 2547 Dei.
1405 2493 1544 2548 Nihil
1587 2493 1827 2548 Christus
1866 2496 2093 2566 loquitur
2122 2515 2136 2562 ;
2181 2498 2276 2553 sed

716 2582 889 2634 omnia
907 2581 1013 2634 ille.
1034 2582 1121 2636 Sic
1144 2596 1367 2649 sponsus
1387 2583 1521 2638 solet
1545 2602 1561 2649 ;
1597 2584 1725 2639 nihil
1750 2586 1862 2657 ipse
1891 2601 2101 2656 spunsm
2128 2588 2275 2652 dicit,

718 2671 809 2723 sed
839 2671 987 2724 adest
1013 2671 1174 2727 silens
1197 2688 1212 2725 :
1233 2672 1322 2726 alii
1354 2673 1499 2728 illum
1521 2674 1772 2740 indicant,
1797 2691 2153 2748 sponsamque
2179 2680 2274 2750 ipsi

720 2763 931 2817 tradunt
962 2780 976 2817 :
1017 2764 1100 2817 illa
1143 2775 1447 2833 comparet,
1479 2781 1647 2834 neque
1669 2780 1894 2835 sponsus
1922 2768 2061 2821 illam
2088 2783 2183 2836 per
2219 2785 2278 2823 se

721 2855 928 2925 accipit,
961 2856 1050 2908 sed
1096 2855 1199 2909 alio
1243 2855 1498 2911 tradente.
1531 2857 1813 2926 Postquam
1851 2873 1977 2912 vero
2010 2859 2149 2913 illam
2174 2868 2278 2914 tra-

719 2945 880 2998 ditam
911 2946 1191 3012 acceperit,
1218 2945 1283 2998 ita
1311 2958 1435 3015 erga
1468 2946 1608 3000 illam
1631 2947 1860 3002 afficitur
1882 2989 1896 3014 ,
1928 2957 1984 3002 ut
2013 2963 2118 3003 non
2143 2950 2283 3006 ultra

722 3032 1078 3099 prouuborum
1118 3035 1443 3090 recordetur.
1488 3035 1542 3088 ld
1589 3037 1726 3090 circa
1769 3037 2034 3093 Christum
2082 3040 2276 3093 evenit.

726 3122 883 3178 Venit
928 3123 979 3177 in
1034 3139 1279 3193 sponsam
1327 3127 1580 3181 ducturus
1623 3127 1914 3183 Ecclesiam
1944 3145 1958 3194 ;
1988 3130 2117 3184 nihil
2168 3131 2281 3200 ipse

723 3213 872 3276 dixit,
903 3214 996 3269 sed
1026 3215 1190 3269 adfuit
1214 3226 1411 3269 tantum
1437 3235 1450 3270 :
1482 3217 1714 3274 Joannes
1739 3229 1916 3275 autem
1944 3223 2144 3276 amicus
2169 3227 2284 3293 ejus

724 3320 932 3374 SpOltS:B
973 3306 1240 3361 dexteram
1289 3309 1384 3378 ipsi
1433 3311 1682 3377 tradidit,
1713 3313 1886 3367 verbis
1919 3315 1991 3368 illi
2014 3315 2283 3370 hominum

725 3396 930 3451 animas
955 3399 1276 3451 concilians:
1310 3415 1443 3468 qtltls
1477 3412 1723 3471 acceptus
1754 3405 1842 3458 ille
1874 3405 1940 3458 ita
1973 3405 2180 3471 affecit,
2231 3417 2288 3462 ut

730 3502 834 3540 non
858 3488 989 3541 ultra
1022 3489 1084 3541 ad
1111 3504 1228 3543 eum
1257 3494 1341 3560 qui
1375 3491 1656 3548 tradiderat
1682 3505 2091 3552 reverterentur.

796 3577 850 3631 2.
911 3577 1119 3632 Verbum
1167 3597 1283 3651 erga
1328 3581 1594 3637 humanam
1641 3595 1870 3639 naturam
1909 3589 2035 3642 sicut
2077 3606 2289 3660 sponsus

730 3685 847 3738 ergo
903 3685 1136 3738 sponsam
1193 3688 1246 3725 se
1307 3675 1471 3743 gessit.
1521 3673 1744 3729 Joannes
1800 3677 1937 3730 scius
1999 3692 2292 3750 prcesentem

731 3754 981 3812 Christum
1012 3762 1317 3830 prtedicarit.
1373 3761 1540 3816 Virtus
1587 3766 1821 3832 sacriﬁcii
1868 3767 2054 3823 Christi
2099 3787 2293 3840 semper

727 3859 982 3916 operatur.
1036 3851 1246 3906 Joannis
1282 3853 1346 3906 Β.
1389 3856 1646 3909 sobrietas.
1707 3858 1982 3914 Maximum
2034 3862 2096 3917 de
2143 3862 2292 3917 Citri-

735 3952 804 3993 sto
830 3943 1159 3995 testimonium
1188 3960 1336 4014 opera
1362 3947 1487 4012 ejus.
1513 3947 1780 4017 —.Neque
1808 3952 1908 4004 hoc
1935 3961 2133 4006 tantum
2151 3994 2166 4019 ,
2199 3953 2293 4010 sed

735 4032 888 4085 etiam
929 4033 1067 4086 aliud
1106 4033 1189 4086 hic
1213 4043 1292 4088 est
1317 4035 1721 4090 observandum.
1750 4040 2204 4105 Quemadmodum
2242 4045 2294 4099 itt

737 4122 934 4191 nuptiis
977 4137 1078 4176 nou
1125 4137 1372 4192 Sponsum
1417 4126 1526 4180 adit
1567 4129 1734 4196 puella
1756 4171 1770 4194 ,
1800 4130 1892 4184 sed
1923 4132 2009 4187 ille
2035 4133 2098 4186 ad
2128 4134 2294 4202 ipsam

738 4213 967 4278 festinat,
999 4213 1204 4269 etiamsi
1258 4216 1394 4271 filius
1425 4219 1561 4288 regis
1590 4221 1679 4284 sit,
1708 4221 1913 4274 etiamsi
1943 4223 2028 4275 illa
2058 4224 2123 4277 sit
2151 4225 2299 4278 vilio-

738 4305 809 4356 iis
839 4304 1153 4358 conditionis
1175 4346 1187 4367 ,
1221 4305 1326 4358 imo
1355 4307 1398 4360 si
1425 4309 1671 4361 ancillam
1702 4308 1954 4365 ducturus
1981 4312 2048 4365 sit
2089 4329 2102 4366 :
2147 4314 2214 4367 ita
2247 4323 2301 4368 et

741 4392 823 4446 hic
851 4395 1088 4462 contigit.
1116 4395 1393 4449 Hominum
1419 4407 1598 4452 natura
1627 4414 1730 4452 non
1754 4401 1991 4456 ascendit
2012 4402 2065 4457 in
2086 4405 2295 4471 etclam,

738 4484 829 4537 sed
859 4486 969 4553 ipse
998 4487 1062 4538 ad
1090 4487 1241 4541 vilem
1267 4489 1403 4542 illaut
1433 4498 1484 4543 et
1505 4499 1808 4560 contemptu
1835 4491 2043 4560 dignam
2073 4495 2299 4552 desecu-

737 4574 814 4628 dit
848 4594 858 4627 :
894 4585 1117 4644 postque
1145 4577 1436 4631 celebratas
1462 4579 1699 4648 nuptias,
1754 4596 1862 4635 non
1891 4584 2011 4638 sivit
2041 4584 2185 4640 illam
2213 4585 2299 4641 hic

738 4668 870 4721 ultra
911 4682 1216 4731 remanere,
1251 4668 1342 4721 sed
1380 4669 1656 4724 abductam
1686 4674 1736 4726 in
1770 4682 2040 4741 paternam
2082 4678 2297 4733 domum

739 4755 908 4808 duxit.
957 4755 1061 4808 Cur
1096 4756 1323 4811 Joannes
1349 4774 1452 4811 non
1482 4761 1700 4815 seorsim
1742 4763 2027 4832 discipulos
2074 4771 2298 4838 accipit,

743 4853 799 4897 ut
822 4844 888 4897 de
913 4843 1054 4899 hisce
1080 4845 1234 4899 rebus
1261 4847 1403 4915 ipsos
1433 4849 1748 4918 alloquetur,
1772 4861 1826 4907 et
1847 4855 1923 4908 sic
1949 4855 2065 4911 illos
2089 4855 2302 4914 Christo

743 4935 944 4998 tradat,
993 4952 1173 4990 verum
1230 4939 1399 5007 palam
1449 4943 1798 5008 praesentibus
1852 4948 2098 5002 omnibus
2151 4949 2297 5019 dicit,

746 5025 870 5079 Ecce
921 5043 1079 5096 agnus
1130 5027 1262 5083 Dei?
1316 5029 1392 5086 Ne
1440 5033 1706 5092 videretur
1756 5036 1881 5091 illud
1934 5038 2001 5093 de
2045 5039 2300 5098 industria

740 5117 933 5171 factum
959 5134 1095 5172 esse.
1149 5121 1276 5174 Nam
1305 5123 1348 5177 si
1379 5123 1467 5177 illo
1493 5127 1714 5181 seorsim
1757 5127 2002 5186 hortante
2041 5132 2104 5186 ad
2143 5134 2300 5189 Chri-

740 5215 878 5259 stum
931 5209 1213 5275 abiissent,
1257 5221 1312 5265 ut
1358 5216 1580 5282 gratiam
1631 5215 1818 5272 Joanni
1873 5219 2164 5289 habentes,
2197 5226 2304 5278 cito

741 5296 966 5352 fortasse
1021 5300 1369 5355 resiliissent:
1404 5320 1544 5361 nunc
1593 5317 1772 5363 autem
1799 5324 1862 5364 ex
1893 5314 2163 5368 communi
2203 5315 2301 5368 do-

803 5442 1103 5524 :ESi‘emSpvil.
1124 5445 1413 5524 etﬂlrissiin
1447 5449 1817 5524 plorelhautem
1859 5453 2065 5519 legitur,
2089 5455 2324 5524 discipuli

731 5509 859 5573 capti
881 5511 988 5573 sunt
1006 5512 1067 5573 _et_
1082 5509 1385 5573 sermonibus
1411 5511 1513 5573 ejus
1538 5512 1668 5562 victi.

817 5581 843 5614 a
898 5568 1097 5615 Uncinis
1127 5573 1290 5617 clausa
1317 5568 1497 5621 desu'nt
1535 5577 1579 5621 in
1607 5576 1781 5628 Morel.

817 5571 865 5685 bi
894 5628 1042 5676 Erant
1060 5631 1255 5685 quidam
1278 5635 1636 5685 eateebumeni.
1662 5637 1781 5685 aui:

796 5573 865 5685 tu;
898 5573 1097 5615 Unctnis
1127 5573 1290 5617 clausa
1317 5573 1497 5621 desunt
1535 5577 1579 5621 in
1607 5576 1781 5628 Morel.

796 5628 1042 5705 tb-iyijl‘raul
1060 5631 1636 5705 quidameatechumeni,
1662 5637 1749 5702 qui
1773 5654 1929 5705 usque
1953 5645 2013 5694 ad
2045 5658 2058 5685 τ
2076 5653 2320 5698 “remum

734 5689 940 5740 ba‘itum
966 5689 1205 5752 baptisma
1231 5691 1508 5745 differrent.

1375 394 1432 452 s.
1471 389 1744 448 JOANNIS
1781 378 2244 450 cntn'sosrout
2285 375 2602 432 AltCttlEP.
2635 374 3164 433 coxsrauruvoe.

3833 381 3934 440 116

2365 492 2533 546 ctrina
2564 493 2627 546 ad
2658 489 2925 547 Christum
2956 494 3286 565 sequendum
3329 491 3552 557 inducti,
3582 495 3716 549 firmi
3745 493 3942 565 persti-

2365 588 2543 637 terunt
2586 581 2862 651 discipuli,
2889 591 3073 653 utpote
3099 585 3188 652 qui
3217 599 3322 638 non
3351 584 3402 638 in
3429 583 3654 653 gratiam
3705 587 3949 653 magistri

2362 673 2568 741 sequuti
2592 681 2790 738 essent,
2817 672 2908 727 sed
2936 675 3164 743 propria:
3186 674 3428 729 utilitatis
3453 689 3634 728 causa.
3659 676 3951 746 Propheta!

2363 762 2545 830 utique
2570 770 2623 816 et
2651 762 2878 832 apostoli
2929 778 3118 819 omnes
3171 764 3446 819 absentem
3493 765 3639 819 illum
3682 767 3946 836 prcedica—

2363 861 2517 917 rttnt;
2542 852 2612 905 illi
2639 865 2761 907 ante
2786 852 3094 920 adventum,
3117 854 3168 908 hi
3201 866 3317 924 post
3342 858 3760 925 assumptionem
3786 857 3935 925 ejus:

2365 938 2451 994 hic
2493 956 2618 996 vero
2660 942 2806 996 solus
2842 953 3157 1011 praesentem
3206 944 3502 1014 przedicat;
3535 946 3760 1016 ideoque
3795 948 3945 1000 illum

2364 1031 2591 1085 amicum
2639 1033 2819 1102 sponsi
2843 1032 3005 1098 dicit,
3035 1035 3157 1102 quia
3203 1036 3405 1104 nuptiis
3451 1037 3565 1104 ipse
3592 1037 3737 1091 solus
3757 1037 3946 1092 adfuit.

2367 1121 2574 1176 Etenim
2614 1122 2725 1191 ipse
2752 1124 2930 1177 omnia
2978 1123 3099 1180 fecit
3126 1135 3180 1181 et
3209 1126 3433 1195 perfecit
3464 1143 3478 1178 :
3509 1127 3620 1195 ipse
3646 1128 3722 1181 rei
3751 1128 3946 1196 princi-

2367 1214 2508 1282 pium
2551 1214 2717 1269 dedit.
2762 1213 2838 1271 Et
2861 1217 3131 1284 respiciens
3174 1215 3353 1271 Iesum
3397 1218 3736 1271 ambulantem
3781 1218 3947 1277 dixit.

2364 1301 2498 1358 Ecce
2529 1321 2687 1374 agnus
2718 1305 2846 1371 Dei;
2875 1307 3163 1363 ostendens
3189 1321 3249 1362 se
3276 1323 3380 1362 non
3409 1323 3539 1363 voce
3571 1317 3772 1361 tantum
3796 1350 3811 1372 ,
3840 1307 3939 1361 sed

2365 1405 2420 1448 et
2443 1397 2607 1448 oculis
2637 1395 2927 1449 testificari.
2977 1398 3265 1452 Mirabatur
3291 1397 3487 1467 quippe
3517 1385 3787 1452 Christum
3815 1412 3946 1466 gau-

2366 1484 2501 1540 dens
2528 1495 2580 1539 et
2604 1487 2902 1540 exsultans.
2957 1487 3138 1558 Neque
3166 1490 3346 1542 statim
3377 1489 3624 1542 hortatur
3643 1527 3658 1553 ,
3689 1487 3780 1541 sed
3808 1489 3947 1540 inte-

2370 1575 2470 1628 rim
2512 1586 2824 1644 prmscntem
2862 1577 3084 1632 miratur
3129 1585 3329 1632 tantum
3375 1588 3429 1632 et
3473 1576 3949 1647 obstupescit;do-

2370 1681 2601 1736 numque
2653 1669 2792 1737 quod
2846 1670 3066 1724 allatum
3119 1677 3340 1724 venerat
3395 1670 3658 1735 ostendit,
3712 1671 3951 1738 itemque

2373 1759 2695 1826 purgationis
2726 1759 2964 1812 modum.
2990 1767 3171 1828 Agnus
3200 1760 3395 1829 quippe
3425 1759 3541 1814 lucc
3581 1759 3738 1813 ambo
3775 1759 3955 1814 decla-

2372 1855 2471 1900 rat.
2495 1847 2674 1916 Neque
2695 1849 2846 1912 dixit,
2871 1848 2967 1916 Qui
2991 1849 3297 1904 sublaturus
3327 1859 3432 1914 est,
3465 1849 3566 1913 vel,
3594 1849 3692 1916 Qui
3716 1850 3953 1913 sustulit,

2374 1940 2465 1991 sed
2490 1979 2502 2001 ,
2539 1938 2637 2004 Qui
2673 1938 2802 1992 tollit
2853 1950 3055 2008 peccata
3091 1941 3299 2005 mundi;
3327 1950 3507 2010 utpote
3544 1943 3632 2011 qui
3661 1941 3710 1996 id
3740 1957 3958 2010 semper

2376 2028 2551 2082 faciat.
2584 2029 2763 2097 Neque
2787 2032 2927 2084 enim
2961 2041 3082 2086 tunc
3130 2031 3301 2086 solum
3347 2033 3561 2086 sustulit
3599 2047 3718 2086 eum
3767 2046 3959 2101 passus

2375 2127 2476 2183 est,
2510 2119 2601 2173 sed
2633 2135 2699 2173 ex
2743 2119 2833 2173 illo
2862 2121 2927 2175 ad
2971 2121 3076 2176 hoc
3117 2137 3284 2192 usque
3315 2133 3522 2192 tempus
3552 2123 3685 2177 tollit
3715 2132 3957 2192 peccata.

2377 2223 2480 2263 non
2512 2223 2723 2278 semper
2756 2212 3041 2267 crucifixus
3068 2213 3088 2283 (
3110 2229 3272 2268 unum
3301 2215 3442 2269 enim
3471 2229 3568 2284 pro
3597 2215 3828 2284 peccatis
3857 2214 3958 2266 oh-

2379 2301 2496 2354 tulit
2548 2301 2945 2373 sacrificium),
2977 2305 3070 2359 sed
3120 2321 3336 2375 semper
3386 2307 3487 2361 hoc
3535 2322 3643 2361 uno
3692 2305 3962 2362 sacrificio

2379 2389 2638 2458 purifieat.
2663 2391 3114 2458 Quemadmodum
3141 2395 3300 2464 igitur
3322 2395 3554 2451 Verbum
3584 2397 3961 2452 excellentiam

2379 2481 2605 2533 ostendit
2633 2523 2647 2546 ,
2677 2491 2730 2536 et
2758 2482 2924 2538 Filius
2952 2487 3309 2555 prmstautiam
3346 2502 3448 2557 qua
3484 2487 3602 2541 aliis
3642 2489 3915 2542 antecellit
3942 2505 3957 2541 :

2383 2573 2461 2627 sic
2487 2588 2676 2643 agnus,
2702 2585 2754 2629 et
2780 2575 3020 2631 Christus
3040 2618 3055 2641 ,
3084 2587 3137 2633 et
3171 2578 3451 2649 prepheta,
3478 2580 3567 2634 lux
3591 2567 3719 2635 vera
3737 2623 3751 2645 ,
3780 2591 3968 2650 pastor

2380 2663 2549 2717 bonus
2571 2705 2585 2726 ,
2616 2675 2670 2718 et
2697 2682 3048 2736 quascumque
3084 2669 3151 2724 de
3199 2671 3287 2725 illo
3331 2671 3577 2726 dicuntur
3606 2687 3722 2726 cum
3751 2675 3966 2728 articuli

2379 2755 2767 2823 additamento,
2799 2760 3016 2814 multam
3061 2776 3170 2832 prce
3213 2776 3271 2817 se
3318 2761 3493 2817 ferunt
3540 2763 3964 2820 distinctionem.

2380 2845 2510 2900 Nam
2537 2849 2686 2901 multi
2714 2859 2866 2904 erant
2891 2851 3029 2921 agni,
3063 2852 3354 2922 pr0phetm,
3386 2854 3595 2918 Christi,
3629 2855 3752 2920 filii;
3781 2857 3874 2912 sed
3897 2858 3972 2911 ab

2384 2936 2486 2990 illis
2508 2939 2753 2992 onmibus
2781 2940 2935 3010 longe
2962 2942 3122 2996 distat
3148 2944 3281 3013 ipse.
3306 2943 3488 3013 Neque
3509 2946 3733 2999 articulo
3760 2956 3971 3000 tantum

2386 3024 2436 3077 id
2463 3028 2811 3093 confirmavit,
2837 3031 2928 3084 sed
2953 3033 3110 3086 etiam
3135 3032 3493 3088 additamenta
3519 3034 3802 3104 Uttigenili.
3827 3036 3972 3094 Nihil

2391 3117 2532 3171 enim
2563 3119 2663 3187 ipsi
2712 3134 2994 3177 commune
3031 3137 3150 3177 cum
3197 3134 3439 3179 creatura
3483 3137 3581 3181 est.
3633 3127 3780 3194 Quod
3809 3129 3974 3186 sicui

2386 3216 2534 3260 extra
2569 3218 2774 3278 tempus
2823 3209 3019 3265 dictum
3069 3213 3331 3279 videatur,
3380 3215 3505 3270 hora
3537 3232 3728 3286 nempe
3757 3217 3974 3274 decima

2389 3295 2543 3367 (naut
2576 3297 2676 3352 hoc
2708 3309 2946 3369 tempore
2965 3342 2980 3364 ,
3009 3301 3150 3355 Hora
3175 3313 3279 3356 erat
3309 3307 3452 3373 quasi
3480 3307 3674 3360 decima
3698 3349 3711 3370 ,
3737 3308 3975 3378 inquit),

2391 3387 2473 3442 hic
2512 3398 2657 3444 certe
2701 3390 2828 3443 mihi
2872 3391 3026 3460 longe
3071 3395 3322 3449 aberrare
3369 3395 3599 3450 videtur.
3651 3397 3780 3451 Nam
3828 3399 3976 3468 apud

2389 3479 2582 3533 multos
2612 3479 2824 3548 quidem
2854 3496 3037 3536 eorum
3069 3485 3157 3553 qui
3186 3487 3333 3538 carni
3361 3488 3599 3540 serviunt
3624 3528 3637 3552 ,
3676 3498 3795 3557 post
3822 3503 3977 3543 sum-

2394 3578 2536 3639 ptum
2569 3571 2844 3639 prandium
2873 3587 2979 3627 non
3009 3574 3215 3629 videtur
3233 3588 3586 3645 opportunum
3615 3595 3734 3633 esse
3765 3590 3980 3651 tempus

2393 3659 2458 3713 ad
2503 3676 2589 3716 res
2632 3662 2799 3716 serias
2855 3664 3198 3732 tractandas,
3229 3667 3373 3736 quod
3418 3669 3656 3723 ciborum
3703 3671 3842 3726 mole
3880 3687 3984 3728 cor

2395 3751 2650 3807 obruatur
2682 3773 2695 3809 :
2730 3756 2817 3808 ubi
2861 3765 3036 3810 autem
3059 3759 3148 3812 vir
3175 3767 3290 3812 erat
3318 3759 3406 3829 qui
3449 3775 3516 3814 ne
3559 3763 3824 3816 communi
3853 3764 3983 3833 qui-

2395 3843 2513 3897 dem
2536 3844 2653 3898 cibo
2683 3855 2921 3900 uteretur
2943 3889 2958 3914 ,
2990 3848 3183 3918 quique
3209 3849 3369 3904 etiam
3420 3865 3643 3921 veSpere
3673 3851 3740 3905 ita
3766 3853 3987 3909 sobrius

2397 3943 2448 3988 et
2476 3933 2605 3990 leris
2629 3946 2763 3997 erat.
2791 3946 2845 3990 ιιι
2875 3952 2969 3990 nos
2993 3954 3176 3992 sumus
3201 3941 3472 3995 matutinis
3499 3941 3666 4007 horis,
3693 3944 3798 3998 imo
3822 3945 3989 4014 longe

2397 4026 2563 4095 magis
2590 4023 2759 4098 (apud
2788 4041 2885 4081 nos
2914 4031 3053 4082 enim
3106 4043 3247 4099 Step8
3283 4033 3574 4102 vespertini
3603 4033 3705 4087 cibi
3737 4034 3988 4104 reliquiae

2399 4115 2450 4169 in
2485 4117 2711 4184 imagine
2759 4130 3069 4184 versantur;
3124 4121 3213 4174 ille
3261 4135 3387 4175 vero
3411 4123 3556 4176 nulla
3589 4137 3648 4179 re
3676 4123 3990 4194 huiusmodi

2400 4206 2693 4259 naviculam
2745 4209 3079 4278 gravabat):
3108 4212 3230 4280 jure
3273 4213 3485 4282 ve3peri
3530 4213 3597 4267 de
3637 4215 3793 4269 rebus
3832 4214 3992 4273 hisce

2402 4293 2728 4363 loquebatur.
2758 4297 2838 4351 Ad
2866 4298 2977 4352 hme
3008 4315 3134 4354 vero
3163 4301 3214 4354 in
3241 4300 3454 4356 deserto
3485 4302 3638 4358 sedes
3669 4303 3898 4358 habebat
3925 4317 3990 4360 et

2401 4400 2565 4454 prope
2593 4387 2908 4455 Jordanem,
2959 4406 3064 4458 quo
3109 4405 3297 4446 omnes
3348 4406 3469 4447 cum
3513 4403 3739 4449 tremore
3789 4411 3995 4465 magno

2401 4475 2466 4530 ad
2496 4477 2812 4545 baptismum
2868 4480 3260 4549 properabant,
3292 4497 3479 4552 parum
3527 4485 3800 4540 smcularia
3855 4497 3993 4545 tunc

2401 4576 2682 4622 curantes:
2713 4569 3137 4640 quandoquidem
3180 4586 3302 4626 cum
3341 4571 3556 4628 Christo
3601 4591 3697 4646 per
3746 4577 3992 4634 triduum

2397 4655 2567 4724 jejuni
2598 4669 3020 4724 perseverarunt.
3063 4660 3174 4715 Hoc
3211 4662 3353 4717 enim
3379 4667 3637 4733 praeconis
3661 4667 3859 4719 strenui
3881 4707 3897 4728 ,
3932 4680 3995 4724 et

2403 4752 2629 4802 accurati
2653 4751 2898 4818 agricola:
2928 4767 3060 4822 opus
3089 4763 3185 4819 est,
3213 4771 3315 4809 non
3344 4766 3469 4809 ante
3499 4756 3792 4820 discedere,
3823 4775 3994 4827 quam

2403 4838 2576 4893 videat
2618 4841 2830 4895 insitum
2874 4844 3094 4898 verbum
3146 4847 3350 4901 radices
3398 4863 3614 4916 ponere.
3659 4840 3764 4904 Cur
3802 4863 3994 4905 autem

2405 4942 2510 4984 non
2542 4939 2701 4985 totam
2747 4937 3044 5003 peragravit
3071 4935 3338 4999 Judaeum,
3365 4945 3425 4990 ut
3455 4937 3604 4992 illum
3638 4940 3993 5008 praedicaret,

2405 5020 2497 5074 sed
2524 5035 2678 5075 secus
2706 5022 2898 5078 flumen
2918 5026 3080 5090 stetit,
3109 5037 3425 5095 exspectans
3448 5044 3593 5092 eum,
3623 5039 3677 5083 ut
3698 5029 3997 5087 advenien-

2404 5121 2509 5167 tem
2537 5115 2886 5169 ostenderet?
2931 5116 3061 5183 Quia
3107 5119 3232 5172 illud
3263 5134 3357 5187 per
3384 5134 3544 5189 opera
3574 5121 3686 5176 fieri
3729 5122 3940 5178 volebat
3977 5147 3995 5182 :

2387 5203 2456 5268 ,id
2487 5219 2615 5258 vero
2646 5206 2855 5261 interim
2886 5210 3135 5275 curabat,
3167 5219 3223 5263 ut
3251 5211 3399 5264 illum
3434 5221 3616 5265 notum
3652 5211 3891 5278 faceret,
3924 5230 3999 5273 ac

2405 5295 2717 5362 quibusdam
2770 5299 3051 5362 suaderet,
3083 5309 3139 5355 ut
3187 5311 3440 5356 :rternam
3492 5303 3653 5358 vitam
3706 5305 3990 5364 audirent.

2407 5383 2570 5453 Majus
2614 5396 2791 5442 autem
2821 5388 2919 5457 ipsi
2948 5389 3196 5459 relinquit
3253 5393 3612 5446 testimonium
3635 5435 3648 5454 .
3683 5409 3777 5462 per
3818 5412 3995 5465 opera

2406 5476 2858 5543 confirmandum;
2917 5479 3362 5548 quemadmodum
3396 5483 3507 5550 ipse
3547 5485 3711 5538 dicit:
3745 5485 3855 5555 Ego
3884 5504 3998 5545 non

2406 5567 2467 5619 ab
2498 5567 2693 5620 homine
2740 5569 2932 5637 accipio
2962 5569 3298 5623 testimonium
3325 5586 3343 5623 :
3370 5587 3523 5641 opera
3548 5574 3679 5626 enim
3702 5591 3816 5641 quae
3847 5577 3998 5632 dedit

2407 5659 2532 5711 mihi
2565 5658 2736 5724 Pater,
2769 5659 2874 5713 hac
2895 5672 3007 5714 sunt
3032 5676 3142 5730 qua:
3171 5662 3502 5731 testiﬁcantur
3525 5665 3587 5718 de
3611 5683 3688 5720 me
3715 5668 3734 5737 (
3750 5666 3907 5722 Joan.
3936 5671 3995 5723 3.

2412 5749 2477 5804 51
2510 5759 2552 5804 et
2583 5750 2704 5818 55).
2765 5749 2893 5805 Vide
2946 5765 3099 5820 quam
3154 5752 3422 5808 efficacius
3470 5753 3595 5810 illud
3640 5770 3800 5813 esset.
3851 5757 3999 5828 ρυεδ
