4162 6326
172 424 256 481 II‘l

172 538 301 595 enim
321 542 553 605 parvam
582 525 847 597 iniecerat
870 516 1183 577 scintillam,
1212 518 1456 605 repente
1474 505 1688 605 flamma
1714 498 1771 605 in

175 598 343 683 altam-
381 621 585 694 erupit.
634 618 769 673 Nam
797 613 887 685 qui
918 611 1066 682 prius
1098 602 1323 663 Joannis
1347 598 1528 694 verbis
1554 599 1774 694 nouat-

177 682 721 781 teaderantidemum
750 682 935 762 dicunt
970 720 983 757 :
1014 698 1199 754 Omnia
1224 708 1339 767 qua:
1365 688 1594 745 Joannes
1620 682 1770 751 dixit,

176 826 283 864 vera
312 816 433 863 sunt
464 801 663 877 (Joau.
702 800 790 855 10.
821 795 952 867 6‘3)-
1282 878 1295 881 _
1385 876 1397 881 _
1543 872 1576 881 η
1621 870 1633 881 ,

241 904 295 958 3.
339 872 601 969 Alioqmn
652 903 831 948 autem
866 889 909 943 si
951 878 1337 941 circumeundo
1385 876 1485 931 ista
1525 872 1773 969 dixisset,

178 997 290 1049 inec
317 958 565 1046 humano
594 985 775 1042 studio
806 986 1023 1051 peracta
1054 977 1164 1029 visa
1219 971 1469 1030 fuissent,
1497 978 1561 1018 ac
1583 958 1779 1031 praedi-

177 1088 317 1142 catio
361 1082 623 1149 deinceps
648 1078 701 1130 in
730 1073 1091 1145 suspicionem
1113 1066 1371 1122 venisset.
1406 1058 1475 1114 Et
1504 1055 1780 1111 audierunt

178 1198 289 1237 eum
317 1179 421 1232 duo
451 1172 693 1244 discipuli
720 1171 851 1242 ejus,
894 1178 939 1222 et
968 1164 1166 1237 sequuti
1187 1170 1304 1218 sunt
1333 1174 1467 1215 eum.
1498 1153 1660 1224 Atqui
1691 1151 1781 1244 alii

178 1286 396 1343 quoque
438 1243 593 1324 erant
620 1262 843 1320 Joannis
867 1257 1138 1329 discipuli,
1165 1268 1351 1310 verum
1384 1250 1459 1343 illi
1486 1264 1591 1304 non
1619 1243 1785 1343 modo

180 1337 285 1419 non
306 1337 533 1430 sequuti
569 1366 731 1419 sunt,
764 1351 860 1409 sed
890 1352 1051 1407 etiam
1086 1349 1183 1418 ipsi
1218 1342 1532 1401 invidebant
1579 1357 1592 1392 :
1640 1337 1787 1392 dice-

181 1458 311 1512 bant
335 1453 485 1509 enim
512 1493 527 1517 ,
575 1446 762 1513 Rabbi,
791 1445 878 1516 qui
930 1452 1035 1495 erat
1080 1451 1246 1494 tecum
1286 1447 1427 1489 trans
1477 1431 1783 1495 Iordanem,

181 1545 263 1598 cui
295 1554 350 1597 tu
368 1539 711 1595 testimonium
740 1531 1055 1605 perhibuisti,
1082 1544 1195 1584 ecce
1224 1527 1305 1580 hic
1327 1524 1571 1595 baptiznt,
1603 1529 1649 1573 et
1675 1534 1788 1571 om-

182 1654 270 1690 nes
323 1636 533 1689 veniunt
579 1630 649 1685 ad
691 1645 808 1683 eum
839 1624 999 1697 (Joan
1027 1624 1082 1679 3.
1114 1621 1227 1692 26).
1263 1622 1339 1673 Ac
1380 1630 1594 1673 rursum
1626 1611 1788 1667 iidem

183 1729 282 1799 ipsi
307 1729 618 1782 incusantes
646 1722 831 1778 dicunt
854 1737 867 1771 :
900 1720 1071 1785 Quare
1098 1731 1189 1769 nos
1205 1714 1525 1783 jejunantus,
1558 1718 1605 1761 et
1632 1706 1790 1759 disci-

183 1798 291 1889 puli
339 1820 416 1873 tui
444 1835 545 1872 non
570 1816 805 1888 jejunum
838 1810 1051 1882 (Matth.
1083 1810 1138 1865 9.
1170 1807 1300 1877 II)?
1331 1805 1526 1861 Verum
1555 1801 1643 1872 qui
1672 1798 1793 1854 aliis

184 1920 342 1967 erant
366 1910 645 1973 meliores,
673 1922 781 1961 non
807 1905 879 1958 ita
906 1901 1081 1957 an‘ecti
1113 1908 1289 1963 erant,
1308 1898 1403 1952 sed
1422 1895 1603 1951 statim
1632 1902 1795 1963 atque

183 2001 501 2066 audierunt,
529 1998 742 2067 sequuti
761 2003 904 2051 sunt.
923 1992 1148 2064 Sequuti
1164 1999 1292 2053 sunt
1306 1997 1509 2053 autem,
1529 2001 1635 2040 non
1651 1982 1793 2055 quod

186 2094 479 2165 pristinum
501 2090 781 2145 doctorem
804 2092 1144 2156 spernerent,
1164 2081 1257 2138 sed
1271 2079 1413 2151 quod
1432 2078 1533 2149 ipsi
1562 2075 1797 2131 maxime

184 2189 653 2253 obtemperarent;
672 2188 727 2234 et
744 2185 1119 2249 argumentum
1137 2181 1255 2229 erat
1275 2171 1567 2227 maximum
1590 2168 1713 2222 illos
1731 2181 1796 2221 ex

187 2287 351 2335 recta:
374 2274 579 2330 mentis
597 2271 881 2328 ratiocinio
903 2270 954 2325 id
972 2270 1166 2341 egisse.
1192 2267 1313 2323 Non
1330 2266 1473 2321 enim
1492 2263 1707 2318 hortatur
1729 2259 1797 2315 ad

188 2368 238 2422 id
255 2366 479 2422 adducti
501 2373 649 2431 sunt,
667 2362 810 2434 quod
824 2361 1179 2433 suspiciosum
1204 2358 1412 2423 fuisset;
1436 2355 1530 2411 sed
1548 2354 1669 2426 quia
1684 2363 1800 2407 tan-

190 2471 300 2513 tum
332 2456 668 2529 praedixerat
695 2455 871 2527 ipsum
911 2467 1035 2508 esse
1077 2450 1474 2521 baptizaturum
1511 2446 1563 2501 in
1594 2444 1798 2516 Spiritu

189 2560 405 2616 sancto,
436 2546 652 2618 sequuti
682 2554 812 2601 sunt
836 2558 983 2601 eum.
1013 2542 1129 2597 Non
1152 2556 1283 2611 ergo
1322 2539 1639 2610 magistrum
1670 2535 1800 2591 reii-

190 2647 463 2710 qnerunt,
506 2637 602 2693 sed
649 2636 896 2692 ediscere
947 2635 1229 2690 voluerunt
1271 2632 1404 2701 quid
1434 2629 1667 2700 amplius
1714 2628 1805 2683 ille

194 2732 397 2795 ferret,
447 2722 610 2798 quam
655 2726 911 2781 Joannes.
944 2725 1011 2780 Et
1047 2723 1416 2779 animadverte
1443 2719 1803 2777 verecundam

193 2822 557 2893 diligentiam.
580 2818 700 2874 Non
721 2820 865 2875 enim
893 2820 1071 2875 statim
1090 2817 1408 2873 accedentes
1431 2816 1614 2871 Jesum
1643 2814 1806 2869 inter-

195 2920 463 2982 rogarunt
490 2911 559 2965 de
590 2910 910 2966 necessariis
936 2909 1251 2981 magnisque
1276 2908 1437 2963 rebus
1469 2928 1482 2961 :
1513 2922 1687 2976 neque
1716 2920 1807 2974 pa-

197 3004 301 3057 lam
324 3003 587 3058 omnibus
615 3002 993 3073 praesentibus,
1022 3010 1077 3056 et
1103 2999 1504 3070 perfunctorie:
1537 2999 1632 3055 scd
1658 3014 1810 3055 seor-

195 3098 299 3151 sim
321 3099 501 3166 ipsum
520 3094 719 3165 alloqui
749 3093 1370 3149 studuerunt.Sriebant
1396 3092 1539 3146 enim
1574 3090 1812 3145 doctoris

198 3187 283 3241 sui
317 3187 485 3241 verba
527 3200 634 3240 non
676 3201 742 3241 ex
774 3184 1037 3239 modestia
1059 3226 1073 3248 ,
1106 3183 1200 3239 sed
1223 3199 1285 3238 ex
1318 3184 1544 3237 veritate
1569 3180 1812 3250 proﬁsci-

201 3278 301 3332 sci.
337 3276 431 3333 40.
484 3275 616 3330 Erat
663 3287 833 3329 autem
871 3274 1106 3328 Andreas
1153 3278 1314 3345 frater
1357 3274 1586 3328 Simonis
1628 3271 1769 3326 Petri
1794 3314 1809 3337 ,

200 3386 341 3423 unus
380 3384 445 3422 et
488 3366 690 3421 duobus
718 3367 805 3436 qui
852 3366 1120 3420 audierant
1167 3382 1201 3419 a
1243 3364 1464 3431 Joanne,
1522 3374 1567 3418 et
1617 3365 1815 3434 sequuti

200 3470 325 3515 sunt
354 3476 489 3513 eum.
519 3457 627 3513 Cur
656 3462 787 3528 ergo
808 3457 1032 3512 alterius
1056 3472 1253 3513 nomen
1278 3471 1381 3512 non
1415 3455 1659 3528 profert?
1687 3455 1816 3524 Qui-

200 3554 332 3609 dam
367 3552 556 3607 dicunt
577 3565 701 3605 eum
729 3550 821 3620 qui
853 3549 957 3605 hoc
982 3550 1222 3618 scripsit.
1248 3550 1421 3619 ipsum
1448 3562 1570 3603 esse
1600 3548 1688 3618 qui
1731 3564 1817 3603 se-

200 3658 411 3717 quutus
436 3655 553 3709 est;
584 3644 675 3699 alii
707 3654 895 3699 contra
918 3684 934 3709 ,
975 3644 1098 3714 quia
1136 3642 1229 3698 ille
1274 3659 1380 3697 non
1403 3657 1467 3698 ex
1510 3642 1815 3711 conSpicuis

198 3744 350 3801 erat,
384 3734 513 3789 nihil
541 3744 737 3805 praeter
781 3735 1086 3790 necessaria
1113 3734 1215 3787 sibi
1251 3733 1539 3788 dicendum
1570 3746 1690 3788 esse
1718 3748 1820 3809 pn-

201 3839 381 3882 tassc.
429 3822 570 3894 Quid
638 3826 785 3881 enim
837 3826 1087 3879 utilitatis
1150 3840 1216 3878 ex
1277 3824 1515 3880 indicato
1558 3825 1810 3890 nomine,

199 3916 432 3989 quando
460 3931 637 3987 neque
661 3917 1002 3987 septuaginta
1042 3915 1151 3970 duo
1182 3915 1569 3985 discipulorum
1600 3916 1815 3970 nomina

199 4009 604 4081 proferuntur?
631 4007 688 4062 ld
730 4008 874 4078 quod
921 4008 1082 4063 etiam
1124 4006 1267 4075 apud
1304 4007 1525 4063 Paulum
1563 4008 1819 4064 observes

199 4104 487 4159 dicentem
518 4121 531 4156 :
567 4100 804 4157 Misimus
838 4117 953 4155 cum
1003 4100 1093 4154 illo
1120 4104 1333 4171 fratrem
1373 4100 1427 4155 in
1476 4100 1649 4155 multis
1684 4114 1821 4170 sirpe

201 4193 521 4261 studiosum,
552 4192 703 4263 cujus
733 4194 848 4247 laus
869 4204 938 4247 est
964 4192 1019 4245 in
1056 4193 1317 4261 evangelio
1348 4191 1366 4262 (
1390 4192 1427 4255 2
1454 4191 1574 4247 Cor.
1608 4194 1661 4247 8.
1702 4194 1815 4265 IS).

200 4287 450 4343 Andrea:
474 4295 653 4340 autem
688 4286 936 4341 meminit
964 4284 1032 4340 ob
1069 4284 1229 4341 aliam
1269 4301 1509 4341 causam.
1560 4286 1819 4353 Quaenam

203 4380 302 4433 illa
321 4376 356 4430 '?
390 4375 458 4432 Ut
485 4392 607 4430 cum
639 4376 899 4443 audieris,
938 4375 1214 4431 Simonem
1257 4377 1347 4432 ubi
1371 4392 1492 4433 cum
1525 4378 1615 4439 illo
1641 4379 1824 4434 audis-

201 4480 315 4534 set,
362 4465 535 4522 Venite
562 4476 673 4538 post
702 4483 799 4535 me,
842 4456 1098 4538 etfaciam
1138 4484 1224 4522 vos
1253 4469 1527 4538 piscatores
1558 4469 1822 4524 hominum

202 4560 452 4633 (.Il'auh.
482 4561 539 4616 4.
573 4559 661 4629 I9)
682 4602 698 4626 ,
752 4575 857 4615 non
883 4559 1157 4615 dubitasse
1206 4560 1273 4616 de
1320 4572 1425 4615 tam
1454 4561 1821 4635 inexspectata

203 4654 601 4726 promissione,
636 4654 816 4709 discas
845 4653 1063 4709 iratrem
1094 4654 1211 4725 ejus
1242 4654 1354 4725 jam
1396 4667 1521 4712 ante
1550 4656 1669 4711 ﬁdei
1699 4656 1823 4711 iun-

210 4747 486 4801 damenta
508 4744 724 4814 jecisse.
750 4744 855 4800 38;
873 4743 1155 4800 Conversus
1181 4756 1351 4800 autem
1372 4746 1545 4814 Iesus,
1573 4758 1618 4802 et
1650 4750 1825 4804 videns

198 4854 292 4892 eos
320 4847 610 4905 sequentes,
645 4836 768 4890 dicit
796 4837 867 4892 eis
891 4852 909 4890 :
940 4837 1078 4903 Quid
1108 4840 1377 4909 queritis?
1404 4840 1540 4894 Hinc
1568 4841 1827 4897 docemur

201 4930 398 4985 Deum
441 4927 597 4982 donis
624 4942 732 4981 non
767 4928 1069 5000 prmvenirc
1101 4930 1407 4986 voluntates
1457 4940 1698 4997 nostras;
1728 4932 1825 4987 sed

202 5022 302 5078 ubi
358 5034 463 5075 nos
493 5019 831 5090 incepimus,
882 5034 1005 5075 cum
1057 5022 1387 5079 voluntatem
1430 5026 1820 5094 praemisimus,

199 5124 349 5167 tunc
401 5110 654 5179 plurimas
685 5110 778 5166 ille
830 5112 986 5166 nobis
1032 5111 1122 5167 dat
1161 5113 1352 5185 salutis
1379 5117 1693 5172 occasiones
1720 5117 1822 5188 (a).

203 5195 366 5272 ριάᾱ
411 5202 674 5270 queritis?
701 5201 841 5270 Quid
868 5200 973 5258 hoc
998 5204 1117 5259 est?
1156 5205 1246 5275 qui
1287 5206 1435 5261 novit
1461 5207 1622 5262 corda
1652 5207 1827 5263 homi-

208 5313 391 5357 num,
418 5296 501 5350 cui
533 5296 891 5365 cogitationes
917 5304 1118 5350 nostra:
1149 5306 1353 5366 patent,
1383 5296 1469 5353 hic
1495 5298 1828 5371 interrogat?

196 5389 323 5446 Sed
359 5405 468 5443 unu
514 5397 572 5443 nt
609 5388 805 5455 discat,
835 5389 1143 5460 (quomodo
1182 5391 1325 5446 enim
1371 5392 1423 5447 id
1451 5392 1555 5447 dici
1588 5394 1827 5463 possit?)

198 5481 311 5538 sed
342 5488 410 5533 nt
434 5496 526 5550 per
550 5481 1032 5551 interrogationem
1069 5482 1192 5539 illos
1222 5485 1325 5541 sibi
1355 5487 1524 5557 magis
1554 5488 1825 5556 conciliet,

200 5573 597 5647 maioremque
618 5574 774 5631 indat
798 5574 1071 5646 ﬁduciam,
1097 5577 1326 5651 Illosque
1350 5580 1620 5653 colloquio
1637 5582 1830 5654 dignos

273 5819 362 5883 (β)
396 5816 508 5872 Haec
530 5832 643 5873 cum
680 5820 896 5885 quadam
933 5824 1233 5887 exceptione
1264 5826 1596 5893 intelligenda
1628 5837 1759 5885 sunt.

1212 394 1275 452 IN
1313 384 1634 451 JOANNEM
1670 375 1905 439 IIOIIIL.
1946 375 2134 434 XVI".
2175 378 2246 435 al.
2277 377 2442 439 XVII.

3384 388 3488 448 118

1884 502 2155 557 ostendat.
2190 502 2493 561 Verisimile
2531 504 2676 562 enim
2720 517 2807 563 est
2837 506 2980 575 illos,
3030 516 3216 580 utpote
3255 510 3488 583 ignotos,

1883 593 2165 649 erubuisse
2194 604 2248 650 et
2274 595 2618 666 formidasse,
2646 598 2739 670 qui
2769 600 2894 656 talia
2922 600 2991 657 de
3021 603 3281 673 magistro
3306 605 3492 660 audis-

1884 698 2027 741 sent.
2051 687 2179 743 ilrec
2204 689 2382 759 itaque
2408 692 2589 746 omnia
2617 692 2857 761 abigens,
2890 697 3270 751 verecundiam
3299 712 3496 771 nempe

1885 787 1942 834 et
1966 791 2205 848 metum,
2248 784 2543 854 interrogat
2586 784 2741 851 illos;
2790 801 2890 841 nec
2942 787 3073 842 sinit
3112 802 3236 847 cum
3278 789 3495 845 silentio

1887 874 2106 928 domum
2136 876 2438 943 pervenire.
2472 876 2695 932 Etiamsi
2743 893 2871 933 vero
2914 894 3020 935 non
3071 879 3498 952 interrogasset,

1889 965 2251 1041 perstitissent
2298 968 2472 1037 ipsum
2509 970 2810 1039 sequendo,
2860 980 2915 1026 et
2968 972 3020 1026 in
3071 972 3293 1027 domum
3328 988 3499 1046 usque

1889 1069 2011 1109 cum
2063 1056 2155 1110 illo
2206 1060 2602 1126 pervenissent.
2646 1061 2755 1115 Cur
2792 1078 2923 1133 ergo
2977 1064 3312 1136 interrogat?
3345 1065 3413 1123 Ut
3444 1064 3499 1122 id

1890 1146 2031 1217 quod
2079 1148 2498 1217 dixiefﬁceret,
2547 1161 2604 1207 ut
2655 1153 3039 1212 erubesCentes
3093 1157 3215 1212 illus
3242 1158 3502 1214 haesitan-

1896 1256 2085 1316 tesque
2120 1248 2379 1315 ﬁrmaret,
2410 1264 2473 1304 ac
2519 1248 2767 1304 ﬁduciam
2793 1250 3025 1307 inderet.
3066 1251 3252 1323 Neque
3293 1262 3500 1309 tantum

1894 1342 2193 1413 sequendo,
2228 1342 2323 1397 sed
2346 1344 2507 1397 etiam
2540 1358 2636 1414 per
2672 1344 3149 1416 interrogationem
3181 1345 3327 1400 illam
3353 1344 3505 1403 desi-

1898 1435 2111 1491 derium
2156 1451 2314 1491 suum
2356 1436 2740 1493 exbibuerunt.
2788 1437 2924 1493 Cum
2964 1439 3108 1494 enim
3137 1439 3272 1495 nihil
3303 1440 3372 1494 ab
3414 1440 3506 1495 illo

1899 1527 2248 1583 cdidicissent
2276 1528 2358 1582 vel
2386 1528 2695 1599 audissent,
2726 1533 3044 1604 magistrum
3078 1540 3261 1587 tamen
3289 1542 3504 1600 vocant,

1898 1633 2019 1673 sese
2048 1619 2324 1689 discipulis
2346 1631 2787 1689 annumerantes,
2816 1633 2872 1677 et
2886 1639 2983 1678 cur
3006 1634 3303 1695 sequantur
3326 1634 3511 1681 osten-

1898 1712 2109 1779 dentes,
2131 1720 2189 1767 ut
2211 1728 2405 1784 nempe
2423 1716 2566 1769 utilia
2589 1716 2858 1771 audirent.
2878 1718 3285 1785 Animadverte,
3300 1735 3509 1791 quzesa,

1901 1808 2118 1863 illorum
2172 1808 2533 1878 prudentiam.
2565 1808 2683 1864 Non
2713 1809 2999 1875 dixerunt,
3038 1800 3293 1866 Doctrina
3336 1818 3429 1867 aut
3453 1826 3516 1867 re

1902 1904 2153 1974 quapiam
2178 1904 2482 1959 necessaria
2514 1918 2613 1959 nos
2640 1903 2857 1959 imbue:
2888 1902 2985 1959 sed
3007 1902 3137 1973 quid
3162 1903 3385 1961 dicunt?
3415 1903 3516 1961 Ubi

1904 1995 2123 2050 manes?
2152 1995 2285 2050 Nam
2314 1996 2518 2066 quiete,
2548 2005 2606 2049 ut
2642 1995 2751 2066 jam
2784 1995 2917 2061 dixi,
2949 1996 3123 2066 ipsum
3155 1996 3387 2068 alloqui,
3417 2011 3517 2052 au-

1904 2087 2022 2143 dire
2060 2097 2116 2143 et
2139 2087 2348 2144 discere
2378 2087 2685 2157 cupiebant.
2720 2087 2846 2144 ideo
2874 2104 2975 2143 nec
2999 2087 3278 2154 differunt,
3310 2103 3410 2144 nec
3434 2088 3517 2145 di-

1905 2187 2054 2246 cunt,
2088 2178 2183 2234 Die
2209 2178 2447 2234 crastino
2474 2178 2775 2244 veniemus,
2800 2188 2856 2235 et
2886 2188 2939 2235 te
2966 2178 3181 2249 publice
3206 2180 3517 2252 loquentem

1906 2258 2189 2328 audiemus
2228 2290 2241 2326 :
2275 2270 2368 2327 sed
2401 2286 2652 2341 magnum
2697 2270 2952 2327 audiendi
3001 2271 3242 2328 studium
3295 2287 3407 2343 prae
3457 2286 3520 2331 se

1907 2362 2122 2430 ferunt,
2154 2361 2298 2433 quod
2350 2378 2419 2417 ne
2458 2362 2675 2432 quidem
2708 2362 2943 2417 instante
2995 2362 3126 2417 liora
3171 2362 3428 2419 recedant
3458 2365 3517 2431 ';

1910 2471 2038 2511 nam
2058 2457 2142 2511 sol
2165 2456 2231 2511 ad
2260 2469 2516 2511 occasum
2544 2456 2803 2527 vergebat
2831 2473 2845 2509 :
2883 2456 3016 2510 Erat
3043 2455 3244 2527 quippe
3264 2456 3393 2511 hora
3414 2456 3519 2510 cir-

1910 2552 2036 2606 citer
2061 2551 2277 2617 decima,
2304 2551 2496 2618 inquit.
2528 2549 2658 2605 Ideo
2682 2548 2930 2606 Christus
2953 2549 3173 2604 domum
3206 2564 3312 2604 non
3340 2549 3519 2614 docet,

1914 2661 2021 2702 non
2046 2646 2245 2710 locum,
2277 2644 2374 2699 sed
2406 2652 2463 2698 ut
2491 2652 2786 2714 sequantur
2810 2642 2983 2714 magis
3008 2642 3197 2710 allicit,
3230 2642 3524 2697 ostendens

1914 2755 1975 2811 se
2023 2738 2141 2793 illos
2185 2738 2238 2793 in
2278 2752 2406 2792 suos
2433 2736 2728 2807 accepisse;
2756 2734 2993 2807 Ideoque
3027 2751 3139 2803 non
3177 2734 3306 2807 quid
3347 2734 3527 2791 simile

1915 2831 2082 2886 dicit:
2108 2829 2549 2898 Intempestivum
2579 2836 2725 2883 esset
2752 2843 2850 2882 vos
2870 2843 3015 2884 nunc
3038 2827 3260 2882 domum
3292 2826 3520 2899 ingredi,

1917 2924 2148 2981 audietis
2175 2938 2296 2980 cras
2325 2923 2470 2993 quod
2497 2923 2689 2979 voletis
2710 2964 2725 2990 ,
2772 2938 2919 2978 nunc
2944 2922 3163 2977 domum
3200 2920 3377 2987 abite;
3428 2919 3528 2977 sed

1917 3016 2069 3086 quasi
2094 3015 2299 3070 amicos
2328 3029 2395 3070 ex
2422 3014 2676 3069 diuturna
2707 3013 3100 3069 consuetudine
3128 3014 3274 3084 ipsos
3303 3012 3531 3084 alloqui-

1922 3119 2027 3165 tur.
2056 3109 2167 3165 Cur
2190 3122 2320 3181 ergo
2346 3108 2473 3162 alibi
2503 3107 2633 3162 dicit
2659 3126 2673 3163 :
2701 3105 2871 3163 Filius
2900 3106 3121 3160 hominis
3148 3122 3249 3160 non
3274 3104 3423 3161 habet
3445 3104 3532 3160 ubi

1919 3212 2071 3275 caput
2092 3201 2294 3255 reclinet
2323 3198 2457 3271 (Luc
2484 3199 2539 3254 9.
2563 3198 2688 3268 58);
2717 3199 2803 3253 hic
2833 3213 2985 3265 vero,
3017 3198 3106 3256 '59.
3156 3198 3347 3263 Venite,
3377 3206 3425 3253 et
3453 3199 3532 3254 οἱ·

1922 3295 2033 3348 dete
2071 3292 2156 3348 ubi
2188 3292 2461 3346 maneam?
2480 3291 2911 3357 Quoniamillnd,
2941 3289 3062 3344 Non
3090 3290 3239 3348 habet
3265 3290 3352 3345 ubi
3376 3298 3535 3360 caput

1922 3388 2152 3453 reclinet,
2202 3384 2468 3456 signiﬁcat
2500 3385 2648 3439 illum
2684 3384 2964 3455 proprium
3016 3383 3121 3439 sibi
3173 3368 3552 3439 diversorium

1924 3497 2032 3540 non
2062 3476 2338 3545 babdisse,
2382 3494 2490 3533 non
2520 3477 2663 3548 quod
2696 3478 2748 3532 in
2792 3477 2957 3532 domo
2990 3479 3242 3548 quapiam
3286 3492 3395 3533 non
3422 3493 3537 3533 ma-

1924 3581 2079 3628 neret
2112 3589 2125 3625 :
2157 3571 2375 3628 idenim
2406 3570 2660 3639 parabola
2687 3569 2977 3639 signiﬁcat.
3010 3568 3349 3640 Evangelista
3374 3584 3537 3641 porro

1924 3664 2073 3729 dicit,
2106 3663 2253 3733 ipsos
2279 3661 2367 3717 die
2396 3661 2485 3715 illa
2514 3676 2635 3715 cum
2668 3675 2735 3716 eo
2761 3660 3031 3717 mansisse
3066 3678 3081 3716 ε
3114 3676 3213 3716 cur
3250 3669 3431 3717 autem
3462 3660 3536 3717 ita

1926 3757 2123 3811 factum
2154 3756 2256 3819 sit,
2303 3770 2409 3809 non
2457 3753 2684 3816 addidit,
2729 3752 2871 3823 quod
2918 3751 3202 3808 manifesta
3244 3768 3334 3809 res
3368 3762 3535 3809 esset.

1925 3849 2110 3919 Neque
2166 3848 2313 3903 enim
2364 3845 2468 3901 alia
2510 3845 2577 3900 de
2616 3858 2780 3900 causa
2833 3828 3045 3915 sequuti
3094 3853 3219 3899 sunt
3260 3860 3409 3910 eum,
3450 3844 3537 3899 vel

1925 3942 2179 3998 Christus
2205 3940 2402 3994 accivit
2433 3953 2550 4005 eos,
2573 3952 2733 4008 quam
2763 3948 2825 3991 ut
2849 3936 3153 3992 doctrinam
3183 3936 3496 4007 acciperent
3520 3952 3535 3991 :

1925 4046 2086 4103 quam
2108 4041 2215 4085 tam
2245 4030 2464 4098 copiose
2493 4039 2549 4083 et
2576 4042 2697 4083 cum
2724 4036 2873 4083 tanto
2891 4027 3072 4082 studio
3100 4043 3203 4082 una
3227 4038 3385 4083 nocte
3415 4042 3534 4097 per-

1927 4132 2224 4197 ceperunt,
2258 4131 2319 4180 ut
2363 4136 2487 4180 mox
2520 4129 2748 4195 uterque
2774 4119 2845 4179 ad
2870 4120 3009 4181 alios
3039 4120 3382 4181 advocandus
3409 4138 3537 4199 pru-

1928 4229 2141 4290 peraret
2164 4222 2208 4274 ’.

2001 4315 2054 4369 4.
2084 4313 2346 4367 Doctrina:
2373 4310 2566 4369 Christi
2592 4312 2765 4366 omnia
2795 4312 3175 4383 postponenda-
3207 4311 3321 4371 Cibi
3346 4312 3542 4368 animat

1928 4408 2016 4478 qui
2045 4408 2164 4462 sint.
2211 4406 2403 4461 Contra
2450 4406 2673 4460 theatra.
2702 4437 2774 4447 —
2800 4406 2939 4462 Hinc
2983 4422 3082 4462 nos
3112 4422 3328 4478 quoque
3356 4406 3539 4462 disca-

1931 4515 2050 4555 mus
2079 4499 2262 4554 omnia
2295 4496 2497 4552 divime
2523 4497 2785 4552 doctrina:
2831 4507 3160 4568 postponere
3180 4540 3195 4566 ,
3227 4498 3541 4565 nullumque

1931 4601 2143 4659 tempus
2172 4607 2280 4644 nun
2309 4600 2671 4659 opportunum
2715 4591 3025 4655 mstimare;
3060 4590 3154 4646 scd
3184 4590 3283 4645 etsi
3317 4590 3369 4643 in
3401 4589 3539 4644 alie.

1932 4698 2055 4737 nam
2097 4683 2318 4737 domum
2351 4682 2557 4753 ingredi
2587 4691 2873 4751 oporteat,
2905 4682 3120 4738 etiamsi
3169 4682 3412 4753 ignotum
3445 4681 3544 4736 bo-

1933 4775 2105 4831 mines
2137 4790 2389 4845 proceres
2437 4778 2652 4845 ignotos
2679 4774 2835 4831 adire
2858 4818 2874 4843 ,
2915 4776 3132 4831 etiamsi
3165 4775 3545 4845 intempestive

1933 4880 1986 4925 et
2010 4869 2201 4941 quovis
2232 4880 2476 4940 tempore
2496 4912 2511 4938 ,
2544 4886 2838 4941 numquam
2868 4870 2970 4926 hoc
3000 4872 3387 4927 commercium
3420 4886 3543 4927 esse

1934 4960 2339 5031 negligendum.
2363 4960 2529 5017 Cibus
2550 4976 2680 5031 ergo
2701 5004 2716 5027 ,
2746 4961 2935 5017 balnea
2960 5005 2974 5029 ,
3004 4978 3176 5019 etenzc
3194 5005 3210 5031 ,
3238 4963 3450 5034 aliaque
3474 4963 3546 5019 ad

1933 5053 2098 5108 vitam
2140 5050 2463 5122 pertinentia
2490 5094 2506 5118 ,
2540 5067 2695 5107 suum
2728 5060 2943 5122 tempus
2986 5052 3262 5108 habeant:
3293 5054 3543 5110 doctrina

1934 5159 2067 5200 vero
2105 5158 2355 5215 supernae
2386 5142 2744 5213 philosophia:
2775 5145 2978 5200 nullam
3020 5144 3219 5199 habeat
3264 5144 3544 5201 deﬁnitam

1937 5237 2123 5293 horam
2148 5280 2163 5303 ,
2193 5236 2287 5293 sed
2304 5252 2465 5293 omne
2491 5248 2702 5307 tempus
2728 5237 2830 5307 ipsi
2864 5239 3138 5309 proprium
3164 5248 3303 5296 esto.
3332 5238 3535 5310 Oppor-

2002 5404 2019 5434 ι
2052 5400 2148 5475 Hic
2166 5399 2319 5475 multa
2344 5399 2476 5451 addit
2491 5399 2577 5475 Fr.
2597 5399 2850 5475 Aretinus,
2877 5414 2990 5475 quae
3014 5403 3065 5451 in
3098 5400 3235 5475 nullo
3269 5402 3548 5475 esempiari

1938 5462 2111 5527 Graeca
2134 5463 2407 5527 habentur:
2436 5465 2739 5527 vertitenim
2764 5478 2787 5527 εΔ
2806 5472 2873 5514 Ne
2890 5462 3063 5513 horam
3084 5464 3282 5527 quidem
3303 5462 3548 5527 dinu'tten-

1936 5532 2024 5576 tes.
2044 5525 2063 5587 [
2087 5532 2143 5575 Et
2158 5523 2673 5594 .animadvertenanimi
2692 5524 2945 5594 ardorem.
2972 5534 3011 5575 ο
3032 5523 3413 5594 memorabilem
3424 5524 3547 5594 flio-

1935 5585 2365 5653 rum'sapientiam,
2390 5600 2420 5637 ο
2433 5585 2736 5653 diligentiam
2757 5622 2772 5647 ,
2794 5600 2825 5653 ρ
2844 5586 2897 5638 in
2910 5588 3200 5653 magistrum
3219 5586 3371 5653 ﬁdem
3391 5586 3442 5651 .']
3469 5596 3547 5639 Et-

1935 5648 2064 5699 enim
2082 5648 2180 5719 iam
2189 5648 2663 5719 sol,‘etc._Qua:"vero
2672 5649 2965 5719 clauduntur
2982 5648 3179 5702 uncinis
3199 5648 3439 5715 nusquam
3457 5663 3550 5702 ex-

1936 5720 2067 5762 stant
2083 5712 2130 5760 in
2143 5712 2330 5763 Graecis
2351 5712 2501 5777 editis,
2524 5716 2580 5777 et
2598 5714 2956 5777 manuscriptis.

1936 5778 2195 5898 ρεέαὲἑῗω
2218 5774 2385 5829 Morel.
2400 5768 2668 5838 legendum
2694 5768 2861 5841 esset;
2881 5775 2947 5828 ad
3193 5773 3406 5840 ianuam
3428 5787 3546 5842 Ρνα·
