4162 6326
697 499 837 551 tune,
879 485 1046 553 inquit
1067 524 1079 544 ,
1107 482 1394 547 importune
1434 492 1590 548 argue
1614 518 1626 541 ,
1654 475 1858 530 obsecra
1877 513 1893 540 ,
1940 471 2144 539 increpa
2168 467 2186 537 (
2207 467 2262 523 2.

699 575 831 631 Tim.
860 583 911 631 4.
939 575 973 628 2
993 578 1030 642 ).
1058 573 1316 642 Propheta
1337 580 1549 642 Quoque
1569 569 1640 622 ait
1667 585 1679 619 :
1713 564 1779 620 In
1806 565 1910 634 lege
1930 565 2040 633 ejus
2064 562 2269 616 medita-

704 667 830 720 bitur
850 667 933 719 die
953 681 1012 718 ac
1033 675 1172 718 nocte
1189 665 1206 733 (
1226 662 1369 717 Psal.
1398 665 1446 717 i.
1470 662 1564 731 2):
1598 660 1809 731 Moyses
1838 671 2047 729 quoque
2069 654 2268 709 Judmis

699 755 799 808 hoc
821 770 1034 823 semper
1056 755 1228 808 facere
1252 752 1611 820 prmcipiebat.
1637 749 1766 803 Nam
1787 764 1850 803 ea
1877 762 1994 815 quas
2017 745 2081 798 ad
2108 745 2266 797 vitam

697 854 967 914 spectant,
997 845 1180 900 balnea
1210 843 1327 896 dico
1352 851 1405 897 et
1430 856 1598 895 ctnuae
1620 883 1635 905 ,
1663 840 1763 894 etsi
1792 836 2089 893 necessaria
2121 836 2228 888 sint
2253 874 2267 895 ,

699 936 742 989 si
774 935 1101 1003 frequentius
1141 933 1494 987 adhibeantur
1518 972 1533 997 ,
1573 946 1767 999 corpus
1797 935 2124 983 extenuant:
2158 924 2272 977 ani-

700 1040 798 1078 ma:
829 1033 1002 1078 autem
1046 1023 1285 1077 doctrina
1327 1030 1525 1092 quanto
1567 1022 1734 1090 magis
1764 1019 2091 1081 inculcatur,
2127 1025 2272 1068 tanto

675 1175 677 1177 1
700 1114 969 1170 fortiorem
993 1115 1166 1168 reddit
1189 1117 1439 1169 animam.
1463 1114 1615 1169 Nunc
1633 1121 1810 1167 autem
1832 1111 1986 1180 nugis
2014 1109 2272 1164 inutiliter

699 1219 856 1261 omne
887 1213 1094 1275 tempus
1125 1205 1490 1258 consumimus
1514 1245 1529 1270 ,
1575 1217 1818 1256 auroram
1847 1242 1863 1267 ,
1910 1200 2226 1254 matutinum
2251 1237 2270 1266 ,

699 1296 1006 1358 meridiem.
1035 1310 1309 1365 vesperam
1344 1296 1394 1349 in
1425 1297 1713 1349 constituto
1739 1294 1856 1348 loco
1898 1308 2030 1346 vane
2059 1292 2267 1360 impen-

698 1384 905 1446 dimus;
937 1383 1112 1439 divina
1157 1394 1332 1438 autem
1378 1382 1619 1454 dogmata
1650 1383 1693 1435 si
1725 1382 1889 1437 semel
1938 1390 2026 1434 aut
2065 1380 2146 1434 bis
2179 1395 2275 1448 per

702 1475 1086 1529 hebdomadam
1134 1476 1443 1538 audiamus,
1498 1472 1879 1542 torpescimus,
1927 1485 2267 1525 nauseamus.

700 1565 909 1632 Quare?
939 1564 1068 1630 Quia
1118 1566 1297 1618 animo
1330 1580 1493 1633 prave
1522 1564 1697 1618 all'ecti
1727 1578 1930 1618 sumus.
1964 1563 2271 1630 Appetitum

701 1653 1038 1722 studiumque
1060 1655 1174 1724 ejus
1195 1656 1334 1708 circa
1365 1655 1510 1708 istaec
1532 1668 1690 1707 omne
1719 1653 2093 1718 dissolvimus;
2128 1652 2275 1706 ideo-

702 1758 803 1812 que
834 1744 1156 1812 spiritualctn
1189 1759 1365 1798 escam
1408 1759 1511 1796 non
1544 1744 1863 1811 appetimus.
1896 1742 2140 1811 Magnum
2174 1742 2275 1796 hoc

703 1844 896 1902 praeter
924 1834 1022 1887 alia
1052 1844 1131 1889 est
1163 1835 1493 1904 mgritudiuis
1537 1834 1788 1888 indicium
1815 1876 1829 1898 ,
1860 1848 1980 1887 cum
2015 1851 2117 1887 non
2145 1850 2272 1888 esu-

703 1926 866 1978 rimus
887 1966 901 1990 ,
933 1941 1029 1980 nec
1055 1927 1298 1992 sitimus,
1329 1927 1423 1982 sed
1451 1941 1734 1997 utrumque
1765 1927 1920 1982 nobis
1944 1927 2272 1982 fastidiosum

702 2025 801 2068 est.
830 2015 882 2067 Si
912 2027 1086 2069 autem
1136 2018 1270 2082 hoc,
1322 2034 1442 2072 cum
1489 2019 1541 2071 in
1572 2033 1797 2088 corpore
1843 2019 2064 2084 accidit,
2097 2021 2275 2088 gravis

703 2105 872 2159 morbi
906 2105 1156 2160 iudicium
1185 2115 1239 2162 et
1265 2123 1422 2162 causa
1451 2116 1560 2172 est;
1593 2109 1761 2162 multo
1794 2110 1959 2179 magis
1989 2111 2042 2164 in
2073 2110 2268 2163 anima.

703 2193 978 2259 Quomodo
1019 2198 1178 2266 igitur
1219 2199 1360 2252 illam
1393 2200 1592 2267 lapsam
1623 2208 1678 2255 et
1719 2200 2036 2256 dissolutam
2068 2203 2275 2272 erigere

705 2286 1040 2352 poterimus?
1070 2289 1260 2358 quibus
1286 2291 1571 2358 operibus?
1601 2292 1795 2361 quibus
1821 2293 2034 2348 verbis?
2058 2292 2112 2349 Si
2142 2295 2278 2346 divi-

705 2390 803 2429 nos
829 2368 1122 2440 sermones,
1157 2380 1521 2448 propheticos,
1554 2383 1900 2452 apostolicos,
1936 2384 2279 2452 evangelicos

701 2465 943 2535 aliosque
968 2483 1154 2523 omnes
1184 2480 1492 2526 tractemus.
1521 2471 1670 2526 Tunc
1696 2473 1836 2526 enim
1866 2474 2097 2527 sciemus
2122 2475 2279 2543 longe

703 2555 892 2610 melius
911 2572 1029 2613 esse
1051 2559 1132 2613 bis
1155 2562 1226 2614 uti
1251 2561 1404 2627 cibis,
1428 2577 1586 2631 quam
1612 2563 1834 2631 impuris
1856 2564 2011 2628 aliis;
2035 2566 2112 2618 sic
2135 2566 2276 2619 enim

705 2647 828 2702 licet
857 2648 1255 2719 intempestivas
1283 2667 1448 2721 nugas
1476 2661 1530 2707 et
1571 2652 2031 2709 confabulationes
2065 2669 2274 2709 vocare.

705 2737 838 2807 Quid
862 2743 1025 2809 enim,
1047 2758 1249 2812 qumso,
1279 2745 1490 2806 melius,
1515 2745 1584 2799 de
1609 2745 1907 2799 forensibus
1925 2787 1939 2811 ,
1963 2746 2029 2799 de
2052 2745 2279 2814 judicia-

703 2831 842 2885 libus
863 2875 877 2898 ,
911 2832 976 2887 de
1007 2834 1325 2890 militaribus
1354 2838 1514 2890 rebus
1533 2878 1546 2902 ,
1581 2852 1648 2891 an
1677 2837 1741 2890 de
1770 2838 2070 2892 cazlestibus
2096 2839 2275 2909 loqui,

702 2919 874 2990 deque
895 2922 957 2976 iis
979 2939 1094 2992 quae
1120 2935 1234 2993 post
1265 2925 1398 2979 hanc
1424 2928 1586 2980 vitam
1614 2927 1902 2989 eveniunt?
1922 2928 2050 2996 quid
2071 2929 2276 2994 utilius,

706 3013 774 3066 dc
801 3014 975 3068 vicino
1005 3026 1054 3070 et
1082 3016 1196 3084 ejus
1228 3018 1456 3086 negotiis
1483 3018 1652 3088 loqui,
1684 3034 1746 3072 ac
1767 3018 1832 3073 de
1853 3019 2043 3073 alienis
2065 3021 2280 3074 curiose

706 3106 1012 3176 perquirere
1031 3146 1048 3173 ,
1077 3123 1143 3162 an
1173 3108 1238 3162 de
1269 3110 1469 3178 angelis
1491 3152 1504 3175 ,
1550 3118 1604 3163 et
1648 3109 1714 3164 de
1746 3110 1906 3164 rebus
1935 3125 2053 3180 qua:
2081 3111 2145 3164 ad
2180 3127 2283 3164 no-

709 3205 872 3251 stram
899 3209 1174 3254 vertuntur
1205 3202 1480 3255 utilitatem
1507 3243 1520 3265 ,
1552 3203 1708 3256 verba
1740 3202 1950 3257 facere?
1981 3202 2110 3270 Qum
2135 3205 2278 3258 enim

706 3289 860 3342 vicini
886 3289 956 3342 tui
985 3300 1128 3354 sunt,
1160 3306 1262 3344 non
1296 3300 1416 3357 tua;
1448 3308 1565 3362 qua:
1588 3292 1652 3346 ad
1676 3293 1838 3346 caulas
1870 3294 2157 3362 pertinent,
2189 3304 2276 3349 tua

704 3389 845 3432 sunt.
869 3380 972 3434 Sed
1003 3381 1156 3445 licet,
1189 3383 1421 3452 inquies,
1454 3385 1498 3436 ei
1529 3385 1615 3453 qui
1640 3386 1804 3439 semel
1831 3384 1942 3438 haec
1965 3376 2132 3450 dixit,
2164 3401 2280 3441 om-

706 3470 790 3523 nia
822 3471 1063 3539 implere.
1091 3472 1223 3539 Quid
1254 3489 1378 3526 vero
1406 3473 1474 3527 de
1501 3473 1564 3526 iis
1585 3515 1598 3536 ,
1627 3473 1962 3542 qu:e.frustra
1993 3484 2046 3529 et
2077 3484 2277 3531 temere

708 3559 1020 3628 disputatis,
1063 3579 1168 3614 non
1200 3563 1426 3630 idipsunt
1458 3562 1701 3632 cogitatis
1722 3606 1736 3627 ,
1769 3565 1860 3618 sed
1896 3573 2059 3618 totam
2092 3567 2142 3618 in
2177 3566 2280 3620 illis

705 3651 866 3704 vitam
912 3652 1280 3720 impendentes
1302 3695 1316 3716 ,
1363 3654 1562 3707 nullum
1594 3653 1971 3722 disputationis
2004 3655 2161 3707 linem
2195 3655 2281 3708 in-

707 3740 938 3794 venitis?
973 3740 1207 3795 Necdum
1253 3743 1370 3795 dico
1403 3743 1484 3796 his
1517 3744 1672 3812 longe
1709 3744 1972 3812 graviora.
2025 3742 2154 3797 Nam
2195 3747 2284 3813 qui

1473 365 1529 422 S.
1569 361 1840 420 JOANNIS
1876 351 2344 416 CIIRYSOSTOMI
2385 350 2700 406 ARCIIIEP.
2741 345 3266 404 CONSTANTINOP.

2378 463 2733 519 modestiores
2783 472 2938 526 sunt,
2974 462 3056 515 his
3100 462 3165 515 de
3195 462 3356 516 rebus
3403 467 3589 513 mutuo
3621 459 3923 514 fabulantur
3946 497 3963 524 ,

2376 555 2654 624 segniores
2684 565 2861 608 autem
2894 554 3302 622 ignavioresquc
3325 591 3340 616 ,
3377 553 3568 605 mimos
3590 591 3606 616 ,
3639 554 3962 614 sztluttore-t,

2375 647 2584 717 aurigas
2611 647 2662 700 in
2697 661 2947 700 sermone
2973 661 3186 713 semper
3226 653 3476 710 versant,
3503 644 3742 696 auditum
3769 641 3961 696 detur-

2378 747 2600 805 pautes,
2647 739 2880 789 animam
2922 736 3340 800 labefactantes;
3386 745 3741 804 naturamque
3772 733 3966 801 hujus-

2379 829 2520 882 modi
2549 826 2944 881 narrationibus
2971 827 3298 896 prmcipitem
3323 835 3507 896 agunt,
3530 834 3583 879 et
3610 826 3663 878 in
3684 838 3843 878 omne
3869 821 3967 875 (la-

2376 919 2488 988 gitii
2516 933 2682 988 genus
2706 918 2944 971 animum
2974 917 3252 971 inducunt.
3282 916 3412 970 Nam
3443 917 3768 985 simulatque
3794 915 3964 968 Salta-

2380 1009 2510 1063 toris
2549 1023 2742 1063 nomen
2775 1009 3036 1078 prolatum
3065 1008 3203 1074 fuit,
3237 1008 3417 1061 statim
3463 1009 3513 1061 in
3543 1008 3724 1060 anima
3765 1006 3963 1072 depin-

2377 1101 2519 1170 gitur
2545 1101 2660 1168 ejus
2691 1101 2855 1156 facies
2880 1144 2895 1167 ,
2928 1117 3102 1167 coma,
3137 1101 3314 1156 mollis
3344 1102 3527 1166 vestis,
3581 1102 3777 1170 illeque
3816 1108 3966 1154 toms

2379 1194 2462 1248 his
2491 1195 2646 1265 longe
2685 1195 2914 1248 mollior.
2944 1195 3095 1249 Alius
3135 1209 3346 1248 rursum
3385 1193 3652 1247 ammam
3683 1192 3880 1246 excitat
3911 1199 3968 1245 et

2378 1283 2558 1351 fovet,
2589 1285 2716 1339 dum
2749 1287 3085 1340 meretricem
3115 1286 3165 1339 in
3196 1284 3685 1339 confabulationem
3718 1282 3925 1337 inducit
3949 1322 3965 1348 ,

2379 1375 2600 1444 ejusque
2657 1376 2840 1438 verba,
2891 1375 3162 1440 habitum,
3207 1375 3391 1429 oculos
3443 1374 3703 1437 lascivos,
3749 1372 3965 1426 mollem

2380 1475 2683 1535 aspectum,
2733 1467 3025 1522 concinuos
3060 1467 3394 1536 capillorum,
3441 1463 3645 1519 fucatas
3691 1463 3968 1533 pietasque

2382 1573 2564 1626 genas.
2600 1560 2788 1612 Annon
2836 1558 2960 1628 quid
3007 1557 3296 1612 humanum
3346 1556 3486 1625 passi
3535 1557 3665 1610 estis
3693 1555 3817 1609 dum
3849 1551 3970 1607 hmc

2381 1649 2690 1704 narrarem?
2731 1650 2836 1706 Sed
2878 1666 2943 1704 ne
2991 1648 3185 1719 pudeat
3245 1648 3433 1712 vobis,
3483 1661 3549 1701 ne
3589 1644 3922 1701 ernbescatis
3955 1660 3968 1696 :

2381 1752 2581 1794 natura:
2608 1755 2838 1810 namque
2868 1741 3160 1794 necessitas
3183 1738 3231 1792 id
3263 1739 3461 1807 exigit,
3493 1748 3547 1792 et
3573 1736 3650 1790 sic
3676 1736 3852 1789 anima
3884 1733 3973 1787 ai-

2383 1834 2558 1886 licitur
2580 1848 2675 1901 pro
2699 1833 2906 1886 ratione
2931 1846 3114 1885 eorum
3146 1845 3262 1899 qua:
3292 1837 3596 1883 narrantur.
3628 1825 3782 1894 Quod
3812 1827 3855 1879 si
3882 1841 3971 1879 me

2382 1926 2653 1994 loquente,
2671 1926 2714 1979 si
2740 1926 2788 1979 itt
2809 1925 3030 1979 ecclesia
3053 1931 3277 1987 stantes,
3296 1923 3339 1976 si
3363 1921 3553 1975 abillis
3570 1919 3760 1999 setnoti
3785 1919 3971 1982 rebus,

2384 2016 2582 2084 aliquid
2612 2016 2899 2069 humanum
2929 2015 3206 2068 audientes
3235 2013 3475 2084 patimini
3502 2053 3517 2078 ,
3548 2012 3720 2081 cogita
3750 2025 3855 2080 quo
3885 2010 3972 2064 af-

2382 2102 2523 2161 fectu
2555 2107 2660 2159 sint
2689 2106 2720 2158 ii
2754 2105 2841 2174 qui
2871 2106 2924 2158 in
2960 2105 3166 2159 theatro
3215 2105 3402 2158 sedent
3425 2144 3439 2166 ,
3474 2103 3688 2157 licentia
3736 2103 3976 2156 fruentes

2382 2199 2568 2262 multa,
2599 2206 2749 2251 extra
2778 2197 2917 2250 hunc
2941 2196 3222 2250 honestum
3251 2194 3719 2263 venerandumque
3748 2207 3975 2248 conses-

2383 2303 2522 2353 sum,
2550 2302 2670 2340 cum
2705 2286 3029 2356 impudentia
3062 2301 3250 2356 magna
3277 2285 3364 2338 illa
3397 2284 3638 2339 videntes
3661 2293 3717 2339 et
3737 2283 3968 2337 audieno

2387 2388 2486 2434 tes.
2523 2379 2586 2432 Et
2627 2392 2723 2433 cur
2745 2420 2760 2444 ,
2808 2377 2950 2431 dicet
2991 2375 3218 2431 fortasse
3261 2377 3523 2446 quiSpiam
3553 2391 3618 2431 ex
3651 2375 3714 2429 iis
3741 2376 3832 2444 qui
3861 2390 3971 2429 non

2386 2471 2642 2530 adhibent
2668 2461 2938 2533 animum,
2968 2470 3012 2524 si
3059 2477 3261 2522 naturse
3307 2469 3602 2523 necessitas
3626 2468 3703 2522 sic
3734 2468 3977 2521 animam

2387 2561 2571 2627 afticit,
2601 2562 2683 2614 illa
2715 2561 2898 2614 relic1a
2919 2599 2934 2624 ,
2967 2573 3065 2613 nos
3101 2558 3365 2613 accusas?
3394 2558 3526 2625 Quia
3558 2558 3672 2613 haec
3701 2557 3978 2612 audiendo

2386 2651 2642 2715 emolliri,
2673 2649 2801 2703 illud
2829 2666 2963 2719 opus
2989 2660 3072 2703 est
3099 2659 3303 2704 naturae
3328 2665 3342 2702 :
3379 2649 3502 2702 talia
3532 2657 3710 2703 autem
3739 2648 3931 2703 audire
3959 2688 3974 2712 ,

2387 2758 2493 2796 non
2517 2752 2717 2796 naturze
2739 2749 2840 2806 est,
2866 2740 2958 2795 sed
2981 2741 3184 2794 arbitrii
3208 2748 3509 2808 peccatum.
3530 2738 3980 2809 Quandoquidem

2386 2848 2505 2888 cum
2529 2833 2616 2903 qui
2638 2848 2695 2888 se
2722 2833 2826 2902 igni
2853 2832 3160 2898 admoveat,
3192 2831 3272 2885 uri
3303 2846 3527 2886 necesse
3552 2839 3667 2895 est;
3694 2829 3744 2885 id
3777 2844 3976 2898 nempe

2390 2923 2504 2977 vult
2531 2933 2730 2976 natura:
2751 2924 3034 2978 infirmitas
3059 2941 3073 2977 :
3102 2938 3286 2977 verum
3308 2937 3413 2976 non
3445 2931 3633 2976 natura
3660 2937 3760 2975 nos
3789 2913 3896 2990 igni
3927 2929 3983 2974 et

2391 3015 2584 3070 ustioni
2617 3015 2866 3070 admovet
2895 3034 2907 3070 :
2942 3013 2994 3069 id
3022 3015 3163 3070 enim
3194 3029 3260 3070 ex
3295 3029 3545 3084 perversa
3573 3013 3748 3068 solum
3783 3014 3984 3067 volun-

2390 3118 2496 3163 tate
2527 3108 2744 3177 pendet.
2781 3108 2892 3161 lloc
2924 3108 3084 3178 igitur
3113 3108 3385 3162 admoveri
3419 3106 3541 3162 volo
3571 3117 3625 3161 et
3654 3106 3890 3176 corrigi,
3927 3117 3985 3161 ut

2388 3216 2456 3255 ne
2481 3210 2670 3268 sponte
2699 3213 2793 3253 vos
2823 3200 3122 3269 prtecipites
3151 3200 3290 3255 detis
3314 3241 3329 3266 ,
3360 3214 3536 3268 neque
3560 3199 3626 3254 ad
3655 3198 3984 3267 profundum

2389 3292 2638 3361 nequitia:
2660 3305 2754 3345 vos
2776 3291 3082 3359 impellatis,
3102 3291 3184 3346 vel
3209 3301 3399 3360 sponte
3413 3291 3639 3345 curratis
3659 3290 3724 3343 ad
3751 3305 3981 3360 rogum;

2391 3399 2458 3436 nc
2486 3385 2714 3436 llammaa
2753 3382 2966 3436 diabolo
2998 3393 3198 3452 parata:
3229 3398 3325 3436 nos
3367 3383 3631 3437 obnoxios
3662 3384 3982 3437 reddamus.

2394 3472 2604 3528 Utinam
2630 3488 2758 3527 vero
2784 3488 2880 3526 nos
2911 3488 3101 3527 omnes
3128 3475 3196 3528 ab
3225 3475 3324 3528 hac
3346 3483 3397 3528 et
3430 3475 3518 3527 illa
3545 3473 3759 3527 amma
3782 3475 3984 3542 erepti,

2391 3566 2442 3619 in
2487 3566 2660 3619 sinum
2696 3565 2928 3619 Abrahae
2960 3567 3316 3634 recipiamur,
3349 3567 3516 3636 gratia
3547 3577 3603 3621 et
3653 3567 3990 3637 benignitate

2393 3655 2601 3709 Domini
2631 3657 2794 3709 nostri
2834 3655 2960 3711 Jesu
2990 3657 3213 3724 Christi,
3243 3659 3457 3725 quicum
3489 3658 3629 3712 Patri
3659 3660 3831 3728 gloria
3851 3702 3868 3724 ,
3906 3661 3990 3713 si-

2396 3747 2613 3816 mulque
2635 3755 2819 3800 sancto
2841 3747 3081 3814 Spiritui,
3109 3747 3161 3800 in
3194 3752 3387 3801 smcula
3412 3747 3754 3802 Steculorutn.
3781 3751 3982 3802 Amen.

2061 3950 2410 4013 HOMILIA
2454 3952 2636 4013 XIX.

704 4097 792 4150 41.
841 4093 1036 4147 Invenit
1082 4097 1160 4147 ltic
1198 4095 1392 4165 primus
1440 4097 1644 4166 fratrem
1690 4113 1835 4148 suum
1884 4098 2175 4162 Simonem,
2228 4110 2275 4151 et

777 4187 894 4237 dicit
922 4188 966 4238 ei
994 4202 1012 4240 :
1071 4188 1326 4239 avertimus
1358 4185 1615 4244 Messium.
1645 4188 1776 4252 quod
1794 4196 1864 4239 est
1890 4190 2273 4257 interpretatum

776 4276 1004 4330 Christus
1027 4292 1046 4329 :
1076 4275 1160 4330 42.
1189 4287 1236 4328 et
1263 4275 1474 4328 adduxit
1499 4275 1647 4327 illum
1673 4275 1741 4328 ad
1764 4275 1963 4330 Iesum.

777 4454 828 4506 l.
866 4450 1077 4505 Uniom's
1104 4451 1251 4505 bona.
1371 4451 1505 4505 Deus
1536 4451 1683 4504 initio
1701 4466 1819 4505 cum
1838 4451 1960 4508 fecit
1983 4453 2276 4520 hominem,

708 4561 810 4599 non
854 4545 1068 4614 reliquit
1113 4545 1261 4599 illum
1303 4545 1473 4598 solum
1502 4585 1518 4610 ,
1548 4545 1642 4600 sed
1681 4545 1828 4601 dedit
1868 4546 1918 4602 ei
1960 4546 2275 4615 adiutricem

709 4634 983 4688 mulierem
1009 4675 1024 4697 ,
1057 4644 1112 4687 ttt
1139 4633 1400 4688 habitaret
1437 4651 1557 4688 cum
1587 4651 1652 4690 co
1677 4654 1690 4689 :
1715 4652 1832 4690 cum
1860 4654 1923 4691 ex
1955 4637 2054 4692 hoc
2083 4649 2278 4693 contu-

707 4725 893 4778 bernio
923 4725 1144 4778 multum
1191 4724 1323 4779 lucri
1366 4739 1701 4779 accessurum
1741 4737 1941 4782 nosset.
1971 4729 2106 4794 Quid
2135 4731 2280 4784 enim

709 4817 749 4868 si
783 4831 907 4883 non,
943 4817 1014 4871 ttti
1046 4832 1138 4885 par
1156 4826 1290 4880 erat,
1322 4818 1421 4872 hoc
1447 4817 1704 4874 beneficio
1726 4834 1819 4873 usa
1842 4821 1910 4874 sit
1932 4823 2157 4876 mulier?
2187 4827 2280 4878 At-

711 4916 883 4961 tamen
939 4908 983 4961 si
1024 4908 1100 4962 rei
1147 4919 1386 4962 naturam
1438 4911 1558 4979 quis
1609 4912 1997 4977 exuloraverit,
2035 4929 2278 4983 magnam

710 5001 1002 5068 comperiet
1029 5015 1092 5054 ex
1134 5000 1234 5054 hoc
1260 5001 1612 5054 contubernio
1649 5002 1930 5057 utilitatem
1974 5005 2025 5058 in
2057 5020 2153 5060 eos
2193 5007 2282 5076 qui

711 5100 887 5146 mente
910 5091 1086 5145 valent
1106 5090 1420 5144 derivatam.
1449 5091 1628 5161 Neque
1669 5092 1717 5146 id
1745 5093 1810 5148 de
1839 5095 1950 5149 viro
1995 5104 2194 5150 tantum
2231 5105 2285 5151 ct

711 5199 875 5236 uxore
901 5183 1116 5245 dicitur;
1146 5184 1238 5239 sed
1266 5185 1425 5238 etiam
1453 5184 1497 5238 si
1531 5184 1720 5238 fratres
1751 5201 1849 5238 una
1879 5187 2142 5252 vixerint,
2170 5190 2283 5257 pari

711 5275 972 5329 beneficio
1008 5275 1265 5330 fruentur.
1317 5278 1671 5343 Quamobrem
1715 5279 1966 5346 propheta
2008 5280 2220 5334 dicebat
2267 5299 2279 5334 :

715 5367 880 5432 Quam
907 5367 1088 5419 bonum
1128 5377 1170 5419 et
1213 5384 1360 5437 quam
1398 5368 1678 5436 jucundum
1701 5409 1716 5431 ,
1755 5369 1978 5424 habitare
2011 5375 2192 5441 fratres
2231 5373 2284 5425 in

709 5476 860 5513 unum
887 5458 1056 5529 (Paul.
1087 5461 1208 5515 132.
1241 5460 1332 5531 1)?
1361 5462 1661 5532 Paulusque
1709 5459 1894 5534 (Hebr.
1923 5463 2007 5518 10.
2039 5461 2134 5537 25)
2167 5479 2282 5520 mo-

712 5559 802 5605 net
828 5566 892 5604 ne
919 5562 1154 5605 nostrum
1186 5564 1381 5607 emtum
1413 5554 1742 5609 deseramus.
1773 5554 1884 5611 Hoc
1911 5555 2105 5625 quippe
2127 5557 2283 5612 estin

712 5655 815 5710 quo
835 5656 864 5696 a
895 5641 1024 5697 feris
1051 5642 1360 5698 dilierimus.
1390 5644 1514 5699 ideo
1537 5645 1697 5700 urbes
1726 5649 2085 5702 eonstruimus
2106 5691 2120 5714 ,
2149 5649 2279 5717 fora,

713 5732 919 5802 domos,
944 5744 1003 5792 ut
1032 5753 1134 5793 una
1156 5737 1362 5794 collecti
1384 5739 1571 5811 simus,
1601 5753 1706 5794 non
1729 5738 2029 5796 habitaculo
2052 5752 2272 5810 tantum,

2393 4101 2485 4154 sed
2519 4109 2573 4153 ct
2597 4101 2838 4154 caritatis
2877 4103 3112 4154 vinculo.
3145 4103 3279 4154 Cum
3325 4105 3466 4157 enim
3501 4112 3688 4157 natura
3729 4114 3915 4159 nostra

2390 4189 2682 4245 Conditore
2708 4193 2775 4244 ita
2806 4192 2940 4246 facta
2965 4193 3051 4255 sit,
3081 4202 3137 4246 ut
3157 4193 3275 4247 aliis
3306 4202 3480 4263 egeat,
3514 4210 3613 4249 nec
3643 4197 3740 4249 sibi
3773 4197 3872 4266 ipsi
3901 4216 3990 4252 sa-

2392 4283 2459 4334 tis
2483 4281 2552 4335 sit
2578 4299 2590 4333 :
2622 4297 2732 4336 rem
2762 4283 2838 4336 sic
2876 4293 2997 4352 apte
3022 4284 3357 4352 dispensavit
3397 4285 3568 4348 Deus,
3601 4296 3658 4341 ut
3689 4287 3986 4358 indigentia

2390 4370 2692 4440 hujusmodi
2722 4388 2752 4426 a
2782 4384 2966 4428 tnutuo
2995 4375 3264 4429 consortio
3294 4384 3350 4431 et
3377 4392 3404 4429 a
3442 4381 3798 4435 conventibus
3822 4381 3982 4451 juve-

2390 4475 2492 4519 tur.
2521 4465 2748 4537 ldeoque
2778 4469 2973 4536 nuptiae
2999 4469 3300 4523 constituta:
3327 4479 3451 4523 sunt
3485 4472 3526 4535 ,
3571 4480 3627 4525 ut
3655 4471 3795 4542 quod
3824 4474 3988 4529 alteri

2388 4559 2561 4624 deest,
2582 4561 2650 4613 ab
2673 4560 2844 4614 altero
2865 4560 3195 4628 suppleatur,
3220 4561 3403 4631 sicque
3425 4571 3634 4628 natura,
3663 4581 3782 4634 qua:
3809 4581 3989 4636 egena

2388 4660 2538 4716 erat,
2567 4651 2667 4704 sibi
2709 4650 2923 4705 tandem
2963 4651 3188 4715 sufcit;
3218 4653 3286 4706 ita
3325 4663 3382 4707 ut
3408 4653 3532 4708 licet
3569 4657 3813 4710 mortalis
3842 4657 3989 4713 facta

2389 4742 2483 4809 sit,
2513 4744 2851 4797 successione
2877 4759 2973 4798 ceu
3002 4745 3304 4798 diuturnam
3349 4745 3800 4802 immortalitatem
3861 4765 3988 4805 ser-

2390 4845 2494 4888 vet.
2517 4835 2761 4890 Poteram
2787 4836 2900 4891 haec
2918 4837 3082 4890 t'usins
3109 4839 3378 4907 prosequi,
3398 4839 3790 4909 ostendereque
3810 4856 3987 4910 quan-

2391 4935 2498 4978 tum
2529 4939 2593 4980 ex
2622 4925 2807 4980 intima
2838 4936 2891 4981 et
2928 4928 3134 4981 sincera
3161 4927 3539 4998 conjunctione
3570 4931 3701 4986 lucri
3730 4934 3984 4990 accedat.

2390 5016 2495 5072 Sed
2524 5017 2661 5072 aliud
2692 5019 2852 5073 instat
2879 5019 3234 5085 tractandum,
3257 5021 3409 5090 cujus
3439 5023 3602 5091 gratia
3628 5023 3742 5078 haec
3764 5040 3790 5076 a
3817 5027 3987 5083 nobis

2390 5111 2525 5165 dicta
2553 5123 2694 5168 sunt.
2724 5112 2965 5166 Andreas
2992 5128 3111 5168 cum
3136 5114 3275 5182 apud
3302 5114 3484 5169 Jcsum
3505 5117 3812 5184 mansisset,
3846 5122 3990 5174 mul-

2391 5211 2548 5272 taque
2581 5202 2874 5270 didicisset,
2913 5221 3016 5258 non
3047 5205 3358 5261 thesaurum
3385 5208 3437 5261 in
3467 5223 3526 5263 se
3549 5209 3862 5274 abscondit,
3889 5214 3988 5269 scd

2391 5295 2603 5348 festinat
2639 5308 2694 5349 et
2719 5296 2886 5350 currit
2921 5297 2987 5350 ad
3021 5295 3235 5350 fratrem
3259 5339 3274 5363 ,
3303 5299 3420 5366 ejus
3457 5300 3630 5366 ipsum
3671 5312 3988 5358 consortem

2387 5386 2714 5440 redditurus.
2756 5385 2863 5440 Cur
2898 5401 3022 5442 vero
3055 5403 3158 5441 non
3193 5389 3427 5443 narravit
3468 5389 3706 5446 Joannes
3735 5391 3868 5461 quid
3897 5393 3987 5447 di-

2388 5476 2526 5530 xerit
2567 5476 2645 5532 eis
2682 5476 2963 5531 Christus?
3009 5486 3062 5532 et
3099 5477 3364 5534 undcnam
3419 5482 3792 5550 cognoscimus
3833 5481 3993 5552 ipsos

2504 5628 2636 5685 Haec.
2665 5628 2865 5692 ideoque
2887 5628 3068 5692 nuptias
3093 5628 3359 5680 constituta
3388 5637 3522 5692 sunt.
3557 5630 3737 5680 desunt
3761 5631 3807 5678 in
3832 5633 3989 5681 Savil.

2389 5697 2527 5755 textu
2551 5698 2600 5738 et
2619 5691 2904 5755 quibusdam
2928 5691 3291 5755 manuscriptis;
3310 5691 3397 5741 sed
3417 5691 3658 5742 habentur
3677 5693 3725 5742 in
3749 5692 3879 5755 aliis,
3895 5708 3993 5746 nec

2387 5751 3013 5815 viderrtur"$uperv'acanea.
