4162 6326
213 346 304 405 ΙΞΙ
1218 327 1285 385 ΙΝ
1321 322 1635 385 JOANNEM
1675 318 1908 378 HOMIL.
1950 319 2092 377 XIX.
2132 319 2204 376 al.
2248 318 2437 377 XVIII.

208 460 327 517 ideo
344 454 487 528 apud
502 452 657 510 illum
680 446 944 507 mansisse
959 446 1005 499 "l
1027 443 1083 500 Id
1108 456 1278 512 nuper
1304 456 1333 494 a
1349 438 1505 495 nobis
1526 442 1805 528 ostettsum

207 562 288 609 est
316 569 333 607 :
362 524 595 617 licetque
624 543 790 600 etiam
826 554 894 595 ex
934 537 997 592 iis
1034 549 1153 605 qua:
1198 531 1358 588 hodie
1399 530 1538 586 lecta
1587 534 1716 617 sunt
1754 524 1808 580 id

209 641 475 699 ediscere.
500 615 885 692 Animadverte
917 628 1063 685 enim
1090 624 1217 696 quid
1263 623 1351 677 hic
1375 619 1524 675 fratri
1549 632 1651 674 suo
1666 615 1812 671 dixe-

209 738 315 790 rit:
352 730 645 786 Invenimus
669 725 932 786 Messium,
959 718 1096 792 quod
1125 718 1508 787 interpretatum
1562 719 1636 765 est
1661 708 1811 766 Chri-

208 836 334 883 stus.
367 821 558 877 Viden‘
583 833 691 891 quo
714 825 869 889 pacto
891 828 1011 884 qua:
1044 810 1194 867 brevi
1237 818 1482 877 tempore
1507 802 1766 859 didicerat
1791 841 1807 891 ,

209 911 333 971 hinc
348 890 637 969 ostendat?
665 909 798 966 Nam
819 914 874 961 et
892 902 1131 975 Magistri
1158 900 1409 955 virtutem
1428 895 1689 958 declarat,
1717 890 1809 963 qui

208 1008 309 1063 hoc
327 1006 460 1076 ipsis
483 1002 736 1067 suaserit,
761 1008 815 1054 et
835 999 1071 1068 ipsorum
1089 991 1326 1050 studium
1344 989 1806 1060 diligentiamque,

206 1101 294 1173 qui
320 1098 438 1153 hzrc
453 1097 565 1168 jam
587 1111 614 1149 a
644 1091 908 1163 principio
930 1094 1202 1143 curarent.
1228 1084 1342 1139 Hoc
1362 1081 1562 1153 quippe
1584 1076 1805 1173 verbum

205 1170 288 1250 est
316 1193 517 1247 anima:
555 1186 842 1241 adventum
877 1182 996 1253 ejus
1030 1192 1246 1235 summe
1281 1173 1638 1231 desiderantis
1663 1179 1718 1226 et
1742 1170 1810 1225 de

205 1285 341 1340 calo
365 1291 654 1338 venturum
677 1256 1081 1348 exspectantis,
1112 1270 1413 1344 gaudioqne
1443 1266 1765 1324 exsultantis
1791 1306 1805 1331 ,

206 1384 494 1447 postquam
540 1368 826 1441 apparuit,
870 1373 1030 1435 atque
1074 1360 1382 1418 festinantis
1434 1365 1640 1413 tantam
1690 1370 1806 1411 rem

206 1466 419 1524 caeteris
458 1463 728 1519 nuntiare.
761 1459 874 1514 Iloc
923 1457 1174 1512 fraterme
1219 1461 1337 1509 erat
1377 1450 1765 1507 benevolentiae
1790 1491 1806 1517 ,

206 1560 393 1617 amicat
420 1553 792 1627 cognationis,
824 1549 1020 1605 sinceri
1050 1547 1309 1609 ali'eetus,
1344 1544 1396 1599 in
1443 1542 1809 1612 spiritualibus

205 1664 426 1709 manum
454 1656 640 1703 mutuo
666 1642 962 1715 porrigere.
1006 1639 1145 1707 Audi
1174 1646 1353 1692 autem
1400 1635 1549 1689 illum
1574 1648 1696 1688 cum
1725 1646 1811 1685 ar-

207 1742 352 1800 ticuli
379 1738 660 1796 additione
694 1736 1022 1806 loquentem.
1052 1730 1170 1785 Non
1201 1728 1345 1784 enim
1370 1726 1688 1796 simpliciter
1720 1724 1806 1779 di-

205 1824 324 1895 xit,
362 1831 615 1886 lessiam
641 1869 656 1895 ,
696 1825 791 1881 sed
818 1865 831 1889 ,
870 1822 1119 1879 Messium
1168 1820 1337 1875 illum.
1383 1816 1474 1874 Sic
1522 1815 1810 1887 quemdam

202 1924 484 1981 Christum
510 1917 915 1990 exspectabant,
943 1914 1032 1984 qui
1062 1912 1194 1968 nihil
1225 1922 1515 1966 commune
1535 1922 1658 1963 cum
1690 1905 1811 1959 aliis

205 2015 456 2071 haberet.
484 2009 866 2067 Animadverte
888 2014 1066 2061 autem
1093 2046 1108 2070 ,
1137 2004 1223 2060 vel
1248 2017 1276 2057 a
1306 2000 1573 2073 principio
1592 2042 1607 2067 ,
1640 2001 1807 2054 mori-

203 2120 393 2180 gerum
422 2103 745 2172 facilemque
763 2098 912 2155 Petri
933 2096 1194 2152 animum.
1221 2094 1416 2152 Statim
1438 2092 1675 2160 nihilque
1702 2104 1813 2144 mo-

203 2211 359 2257 ratus
387 2196 643 2253 accurrit.
690 2193 918 2248 Adduxit
965 2207 1109 2258 eum,
1139 2189 1345 2260 inquit,
1372 2186 1441 2241 ad
1470 2185 1670 2241 Iesum.
1702 2184 1809 2240 Sed

204 2306 373 2348 nemo
400 2288 711 2345 facilitatem
743 2285 861 2355 ejus
884 2283 1135 2346 damnet,
1164 2280 1304 2352 quod
1335 2280 1452 2337 sine
1481 2277 1651 2332 multo
1680 2291 1809 2332 exa-

199 2383 357 2440 mine
393 2380 617 2437 verbum
645 2376 933 2447 acceperit.
963 2374 1268 2430 Verisimile
1303 2372 1444 2426 enim
1471 2378 1556 2425 est
1586 2368 1807 2424 fratrem

202 2472 330 2529 hac
369 2470 468 2543 ipsi
493 2477 745 2526 accurate
765 2476 819 2524 et
844 2465 1083 2537 pluribus
1107 2476 1392 2527 narrasse;
1421 2475 1607 2516 verum
1640 2475 1808 2516 evan-

200 2566 418 2640 gelista:
455 2564 655 2634 ubique
696 2561 866 2617 multa
905 2556 1228 2629 compendio
1264 2564 1525 2619 narrant,
1558 2549 1809 2609 brevitati

198 2657 508 2715 studentes.
540 2651 789 2721 AliOquin
819 2658 1019 2713 autem,
1051 2662 1158 2702 non
1189 2646 1461 2700 diciteum
1486 2643 1667 2698 statim
1692 2656 1811 2697 ere-

198 2750 445 2813 didisse;
474 2746 567 2803 sed
589 2787 606 2813 ,
638 2744 871 2800 Adduxit
892 2758 1005 2797 eum
1032 2740 1101 2795 ad
1129 2739 1310 2795 Iesum
1332 2780 1347 2806 ,
1381 2737 1481 2809 ipsi
1513 2734 1808 2791 traditurus

198 2857 337 2898 eum
363 2881 378 2905 ,
406 2848 465 2894 ut
493 2838 673 2895 omnia
698 2836 768 2892 ab
814 2835 908 2890 illo
936 2833 1203 2890 edisceret
1234 2848 1248 2885 :
1280 2845 1403 2885 nam
1433 2829 1572 2883 alius
1594 2842 1809 2898 quoque

198 2930 505 3000 discipulus
532 2926 754 2996 aderat,
785 2935 841 2982 et
881 2926 947 2980 ad
978 2925 1094 2979 hzec
1129 2921 1508 2979 concurrebat.
1557 2919 1713 2987 Quod
1761 2919 1807 2974 si

197 3023 447 3080 Joannes
472 3021 708 3091 Baptista
738 3032 858 3075 cum
888 3017 1039 3081 dixit,
1077 3017 1262 3088 Agnus
1285 3023 1394 3081 est,
1437 3021 1492 3068 et
1520 3014 1572 3067 in
1598 3012 1805 3083 Spiritu

199 3114 483 3187 baptizat,
513 3112 800 3170 clariorem
832 3110 933 3166 hac
973 3108 1042 3164 de
1084 3123 1144 3163 re
1184 3106 1485 3163 doctrinam
1523 3120 1554 3159 a
1588 3103 1810 3159 Christo

195 3206 579 3279 excipiendam
599 3203 819 3275 reliquit
845 3219 859 3257 :
892 3201 1061 3258 multo
1079 3200 1248 3271 magis
1274 3198 1517 3253 Andreas
1534 3196 1586 3252 id
1608 3195 1807 3264 effecit,

196 3298 295 3371 qui
333 3313 437 3353 non
465 3295 529 3351 ad
558 3304 728 3351 totum
764 3291 1139 3363 explicandum
1168 3288 1419 3345 sufficere
1448 3288 1769 3345 censebatur
1789 3329 1808 3356 ,

193 3390 303 3449 sed
336 3389 405 3445 ad
430 3390 601 3459 ipsum
629 3387 765 3443 lucis
788 3384 991 3442 fontem
1020 3383 1241 3442 deduxit
1281 3383 1524 3450 fratrem,
1554 3381 1625 3437 ita
1654 3381 1809 3437 festi-

195 3499 344 3540 nem
372 3494 423 3538 et
445 3480 791 3553 gaudentem,
808 3486 877 3536 'ut
907 3492 974 3535 ne
1000 3478 1263 3533 tantillum
1285 3476 1502 3547 quidem
1526 3483 1808 3530 cunctare-

195 3584 320 3631 tur.
355 3572 441 3629 43.
469 3571 694 3627 Intuitus
722 3580 889 3625 autem
917 3586 1032 3625 eum
1057 3568 1212 3625 Jesus
1238 3569 1368 3623 dixit
1396 3583 1414 3622 :
1443 3567 1520 3621 Tu
1546 3583 1599 3621 es
1628 3564 1809 3621 Simon

195 3669 357 3739 ﬁlius
379 3662 561 3732 Iona,
594 3673 649 3719 tu
686 3662 942 3719 vocaberis
987 3660 1186 3733 Cephas
1210 3702 1225 3727 ,
1262 3659 1401 3731 quod
1446 3660 1810 3727 interpretatur

201 3759 418 3815 Petrus.
450 3758 546 3815 llic
563 3759 674 3830 jam
717 3757 905 3828 incipit
929 3755 1264 3812 divinitatem
1307 3768 1461 3809 suam
1482 3752 1684 3808 sensim
1716 3764 1808 3806 re-

194 3851 395 3909 velare
417 3864 483 3907 ex
510 3847 964 3921 pmdietionihus.
995 3846 1086 3903 Sic
1114 3845 1278 3901 etiam
1319 3858 1444 3901 cum
1478 3841 1810 3900 Nathanaele

195 3945 363 4011 fecit,
387 3951 439 3999 et
458 3958 580 3999 eum
606 3940 944 3998 Samaritana
985 3938 1230 3994 muliere.

270 4034 338 4092 Ξ.
381 4033 681 4106 Prophetite
708 4032 908 4104 quippe
949 4045 1055 4087 non
1102 4030 1280 4085 minus
1307 4041 1468 4099 quam
1499 4026 1651 4097 signa
1682 4039 1805 4081 mo-

195 4134 377 4192 vent.
407 4138 507 4181 nec
548 4122 745 4181 factum
793 4138 907 4195 pra:
951 4136 1013 4179 se
1054 4123 1249 4178 ferunt.
1281 4120 1414 4176 Nam
1458 4118 1715 4175 miracula
1742 4118 1812 4175 ab

196 4217 590 4290 insipientibus
635 4216 827 4273 saltem
873 4214 1229 4271 traducuntur
1268 4210 1369 4285 (In
1400 4210 1696 4276 Beelzebub,
1724 4210 1809 4267 di-

194 4312 435 4377 cebant,
485 4308 622 4379 ejicit
670 4307 928 4362 dmonia
965 4304 1190 4380 [Maulu
1222 4304 1311 4359 12.
1362 4302 1537 4376 M1):
1569 4302 1640 4358 de
1684 4317 1812 4373 pro-

198 4402 392 4476 plsetia
415 4400 546 4457 nihil
564 4414 817 4471 umquam
845 4399 952 4455 tale
968 4398 1171 4453 dictum
1200 4404 1303 4454 est.
1334 4395 1389 4451 In
1411 4395 1632 4452 Simone
1653 4396 1813 4466 igitur

196 4497 348 4553 etin
391 4492 721 4550 Nathanaele
765 4491 869 4547 hoc
893 4490 1156 4546 doctrina:
1184 4503 1314 4544 usus
1361 4498 1446 4545 est
1490 4488 1696 4543 modo‘:
1754 4489 1809 4545 in

197 4586 427 4645 Andrea
451 4595 630 4640 autem
652 4592 708 4639 et
733 4582 982 4654 Philippo
1011 4597 1118 4637 non
1162 4580 1393 4651 idipsum
1420 4578 1567 4636 fecit.
1597 4578 1812 4648 Quare?

197 4676 453 4749 Quiailli
481 4673 854 4733 testimonium
900 4672 1127 4729 Joannis
1174 4671 1472 4728 habuerant
1498 4684 1605 4726 non
1633 4669 1813 4726 modi-

196 4788 330 4830 cam
366 4770 849 4842 praeparationem:
883 4765 1160 4838 Philippus
1204 4781 1337 4822 vero
1367 4780 1489 4822 cum
1535 4764 1813 4821 adstantes

198 4864 441 4930 videret,
466 4863 572 4918 fide
598 4861 819 4933 dignum
845 4859 1055 4931 accepit
1080 4859 1147 4915 ad
1180 4858 1340 4916 fidem
1380 4858 1811 4930 amplectandam

198 4955 489 5014 indicium.
523 4950 608 5007 Tu
633 4968 686 5008 es
717 4951 899 5008 Simon
944 4952 1084 5021 ﬁlius
1129 4949 1298 5017 Jonte,
1328 4960 1384 5005 tu
1418 4950 1674 5006 vocaberis
1714 4950 1814 5006 Ce-

198 5049 367 5116 paas,
396 5044 532 5116 quod
560 5045 926 5112 interpretatur
969 5040 1178 5098 Petrus.
1209 5044 1253 5098 Α
1281 5044 1532 5113 prtesenti
1576 5042 1812 5098 futurum

200 5134 476 5193 credibile
518 5133 719 5191 reddit.
759 5133 892 5190 Nam
937 5134 1027 5206 qui
1071 5143 1280 5206 patrem
1309 5134 1427 5205 ejus
1470 5135 1810 5202 memoravit,

202 5230 335 5285 sine
356 5228 518 5285 dubio
540 5228 775 5283 futurum
800 5226 1162 5297 praevidebat:
1188 5226 1464 5297 praedictio
1488 5238 1669 5284 autem
1688 5242 1811 5283 cum

204 5321 378 5382 laude
398 5322 686 5393 conjuncta
715 5330 817 5377 est.
852 5320 965 5377 Iioc
1019 5335 1181 5391 porro
1229 5335 1335 5377 non
1378 5319 1645 5377 adulantis
1668 5328 1811 5387 erat,

202 5417 311 5478 sed
365 5416 599 5472 futurum
649 5413 1026 5487 prtedicentis;
1094 5412 1257 5484 idque
1304 5412 1429 5467 inde
1477 5413 1653 5485 palam
1706 5420 1810 5468 est.

203 5510 596 5573 Animadverte
618 5519 800 5563 autem
830 5521 991 5578 quam
1018 5504 1369 5561 vehementer
1394 5503 1812 5571 Samaritanam,

201 5601 483 5679 prmterita
532 5599 804 5667 revelans,
843 5596 1226 5669 reprehendat.
1272 5596 1508 5667 Quinque
1546 5596 1679 5652 viros
1721 5596 1815 5651 Ita-

283 5738 299 5766 ¹
332 5739 384 5789 In
414 5737 581 5788 Morel.
607 5736 894 5806 legitur...”
919 5732 1039 5806 aadd
1063 5732 1250 5806 dixerit
1272 5732 1342 5788 eis
1366 5732 1605 5796 chrtstus,
1629 5742 1681 5789 ut
1702 5748 1815 5791 eum

206 5809 405 5867 repente
427 5795 746 5865 scqucreniur
768 5795 942 5860 illique
959 5795 1198 5850 timerem
1216 5795 1243 5849 Ρ

1922 431 2093 498 buisti,
2128 430 2321 503 inquit,
2350 439 2400 483 et
2432 429 2478 485 is
2510 444 2659 499 quem
2687 443 2823 483 nunc
2861 428 3036 494 habes,
3064 442 3168 482 non
3196 425 3272 482 uir
3309 434 3427 481 tuus
3455 436 3532 481 est

1922 522 2103 595 (Joan.
2141 522 2197 577 4.
2228 522 2343 591 18).
2371 520 2464 577 Sic
2487 530 2540 576 et
2574 521 2733 576 Pater
2775 520 2893 591 ejus
2941 520 3106 575 multa
3134 519 3203 575 de
3244 517 3531 590 prophetia

1923 614 2083 669 verba
2111 613 2239 667 facit
2268 621 2459 667 contra
2498 610 2769 667 idolorum
2800 612 3029 667 cultum.
3060 611 3380 665 Annuntient
3415 625 3531 680 qua

1924 706 2057 760 vobis
2078 714 2293 759 ventura
2336 713 2497 768 sunt;
2539 712 2593 759 ct
2634 716 2876 771 rursum,
2909 703 3224 757 Annuntiavi
3262 712 3311 756 et
3360 702 3533 757 salvas

1918 798 2037 869 feci,
2067 808 2115 851 et
2159 813 2262 851 non
2291 804 2401 851 erat
2428 797 2481 851 in
2507 795 2645 851 vobis
2672 792 2873 850 alienus
2902 793 2925 866 (
2956 792 3087 850 Isai.
3118 794 3211 850 47.
3244 795 3331 849 15.
3361 802 3407 846 et
3437 794 3528 850 43.

1924 890 2045 962 12);
2073 899 2130 945 et
2154 890 2205 944 in
2240 899 2350 945 tota
2373 889 2659 960 prophetia
2690 889 2794 944 hoc
2816 890 2987 958 ipsum
3016 896 3230 946 tractat.
3250 884 3366 943 Hoc
3386 888 3529 943 enim

1919 979 2153 1037 maxime
2171 996 2306 1051 opus
2326 982 2420 1037 Dei
2442 990 2546 1048 est,
2562 976 2707 1051 quod
2738 992 2844 1036 non
2878 979 3088 1050 possint
3108 979 3384 1034 daemones
3413 978 3535 1032 imi-

1920 1075 2042 1141 tari,
2063 1074 2276 1129 etiamsi
2304 1073 2597 1129 admodum
2627 1070 2981 1128 contendant.
3011 1070 3145 1125 Nam
3176 1071 3226 1124 in
3257 1069 3532 1125 miraculis

1918 1176 2099 1239 potest
2122 1166 2369 1237 qumdam
2414 1165 2627 1236 species
2657 1166 2950 1236 decipere:
2985 1164 3163 1219 futura
3208 1179 3335 1218 vero
3366 1178 3531 1217 aecu-

1918 1268 2036 1317 rate
2063 1260 2381 1330 praedicere,
2436 1260 2595 1315 unius
2625 1258 2955 1314 immortalis
3007 1267 3213 1312 natura:
3244 1265 3347 1311 est.
3377 1256 3530 1323 Quod

1918 1353 1962 1408 si
1994 1353 2045 1407 id
2073 1352 2351 1408 dmmones
2378 1351 2670 1422 aliquando
2698 1351 2941 1416 fecerint,
2961 1350 3275 1420 insipientes
3297 1348 3533 1403 fallendo

1918 1443 2165 1499 fecerunt
2192 1463 2205 1498 :
2237 1442 2381 1497 unde
2411 1452 2467 1497 et
2514 1442 2762 1497 vaticinia
2795 1456 2985 1502 eorum
3015 1454 3232 1509 semper
3271 1438 3404 1493 falsa
3435 1438 3533 1493 de-

1919 1534 2353 1606 prehenduntur.
2384 1534 2577 1588 Petrus
2605 1548 2735 1587 vero
2776 1531 2908 1586 nihil
2950 1531 3016 1586 ad
3048 1530 3167 1585 hzee
3203 1530 3530 1601 responde?

1921 1625 2158 1679 nondum
2202 1624 2345 1679 enim
2378 1622 2652 1693 quidpiam
2696 1624 2841 1678 clare
2889 1630 3144 1683 noverat,
3176 1620 3267 1675 sed
3317 1621 3533 1676 inierint
3592 1609 3595 1611 ’

1919 1714 2197 1770 cdiscebat
2223 1732 2237 1769 :
2269 1730 2447 1783 neque
2495 1714 2904 1783 prtcdictionem
2940 1711 3087 1767 illam
3119 1712 3267 1792 cigre
3297 1712 3532 1766 videbat.

1916 1806 2101 1876 Neque
2146 1806 2291 1860 enim
2343 1805 2501 1869 dixit,
2532 1806 2644 1876 Ego
2675 1814 2729 1859 te
2772 1804 3170 1875 cognominabo
3215 1804 3451 1871 Petrum,
3478 1812 3536 1859 et

1918 1913 2083 1968 super
2114 1897 2255 1953 hanc
2282 1907 2487 1968 petram
2517 1897 2800 1953 aediﬁcabo
2838 1897 3139 1953 Ecclesiam
3170 1912 3383 1953 meam:
3411 1898 3532 1963 sed,

1922 1988 1999 2043 Tu
2026 1990 2283 2045 vocaberis
2307 1988 2527 2060 Cap/tas.
2559 1988 2692 2044 Illud
2722 1988 2867 2045 enim
2903 1990 3243 2044 auctoritatis
3271 1999 3328 2047 et
3375 2000 3526 2059 pote-

1917 2082 2076 2135 statis
2107 2082 2331 2151 majoris
2359 2089 2497 2136 erat.
2524 2080 2776 2137 Christus
2806 2094 2940 2136 vero
2988 2095 3099 2145 non,
3140 2081 3323 2136 statim
3365 2089 3421 2136 et
3464 2081 3535 2137 ab

1918 2176 2072 2230 initio
2105 2184 2272 2230 totam
2324 2184 2647 2245 potestatem
2696 2173 2918 2230 exhibet
2959 2188 3140 2241 suam,
3172 2174 3267 2229 sed
3314 2175 3532 2230 interim

1920 2267 2176 2323 humilius
2199 2268 2457 2337 loquitur.
2484 2268 2775 2339 Postquam
2806 2279 2986 2322 autem
3016 2267 3349 2323 divinitatem
3376 2283 3531 2323 suam

1917 2360 2332 2428 demonstravit,
2365 2377 2489 2417 cum
2539 2360 2747 2431 majore
2787 2361 2896 2432 agit
2942 2362 3266 2417 auctoritate
3309 2362 3530 2417 dicens:

1916 2450 2107 2507 Beatus
2134 2469 2189 2508 es
2231 2452 2436 2519 Simon,
2467 2452 2589 2523 quia
2635 2452 2799 2508 Pater
2851 2469 2992 2507 meus
3022 2453 3432 2518 reuelauittibi;
3477 2463 3535 2509 et

1916 2560 2168 2602 rursum:
2206 2545 2273 2600 Et
2301 2562 2394 2617 ego
2423 2546 2541 2600 dico
2569 2546 2678 2613 tibi,
2710 2540 2794 2600 Tu
2822 2561 2875 2601 es
2906 2544 3112 2611 Petrus,
3145 2555 3193 2600 et
3220 2560 3375 2615 super
3400 2545 3534 2599 hanc

1918 2648 2114 2710 petram
2134 2638 2402 2709 cedi/iraira
2425 2637 2715 2694 Ecclesiam
2736 2656 2901 2693 nteant
2918 2640 2934 2671 ¹
2963 2637 3178 2711 (Matth.
3197 2638 3286 2695 16.
3304 2638 3527 2711 17.18).

1916 2730 2072 2787 Ilunc
2112 2745 2241 2802 ergo
2270 2732 2351 2785 sic
2378 2732 2612 2797 vocavit,
2644 2730 2907 2787 Jacobum
2951 2740 3134 2787 autem
3181 2739 3237 2786 et
3286 2729 3530 2797 fratrem,

1916 2821 2057 2877 filios
2086 2823 2327 2878 tonitrui.
2362 2822 2585 2894 Quare?
2634 2829 2693 2878 ut
2721 2822 2970 2879 ostendat
2992 2838 3052 2879 se
3073 2819 3324 2879 eumdem
3356 2822 3531 2892 ipsum

1916 2925 2039 2968 esse
2081 2913 2173 2982 qui
2218 2922 2271 2969 et
2298 2911 2469 2969 Vetus
2528 2912 2937 2969 Testamentum
2991 2912 3164 2981 dedit,
3200 2922 3256 2969 et
3311 2914 3532 2968 nomina

1917 3005 2166 3070 mutavit,
2195 3006 2287 3075 qui
2338 3004 2541 3060 Abram
2590 3003 2866 3061 Abraham
2916 3007 3150 3071 vocavit,
3182 3004 3370 3073 Sarant
3400 3004 3532 3062 Sar-

1917 3111 2054 3163 ram,
2088 3096 2256 3153 Jacob
2282 3096 2560 3153 lsraelem.
2609 3096 2791 3153 Multis
2815 3097 2978 3155 etiam
3029 3096 3099 3153 ab
3145 3104 3268 3152 ortu
3309 3098 3530 3152 nomina

1919 3190 2197 3261 imposuit,
2220 3199 2281 3245 ut
2302 3189 2507 3255 Isaaco,
2530 3189 2805 3256 Samsoni,
2828 3198 2884 3245 et
2910 3190 3030 3245 aliis
3058 3188 3129 3246 ab
3149 3188 3283 3245 Isaia
3313 3196 3370 3245 et
3389 3189 3531 3246 Osee

1918 3283 2266 3349 memoratis;
2292 3280 2616 3353 quihusdam
2637 3281 2803 3337 etiam
2830 3296 2951 3337 eam
2980 3295 3141 3352 quam
3163 3295 3193 3335 a
3219 3279 3533 3351 parentibus

1918 3382 2243 3444 acceperant
2268 3372 2688 3444 appellationem
2721 3374 2970 3438 mutavit,
3005 3380 3064 3427 ut
3093 3386 3257 3445 supra
3286 3371 3447 3428 dictis
3474 3381 3533 3429 et

1916 3463 2047 3520 Jesu
2082 3463 2190 3519 [ilio
2215 3463 2387 3521 Nave.
2429 3464 2562 3520 Nam
2596 3464 2650 3521 id
2691 3464 2746 3520 in
2797 3479 2949 3521 more
2976 3473 3095 3520 erat
3123 3462 3265 3535 apud
3287 3472 3528 3531 veteres,

1917 3566 1977 3613 ut
2001 3574 2069 3615 ex
2099 3558 2265 3614 rebus
2294 3560 2513 3614 nomina
2545 3560 2912 3631 imponerent,
2940 3556 3085 3629 quod
3114 3565 3172 3613 et
3202 3556 3348 3614 Elias
3375 3557 3526 3613 fecit.

1916 3647 1974 3706 Id
2005 3665 2136 3706 vero
2160 3664 2268 3705 non
2296 3650 2415 3706 sine
2441 3664 2625 3717 causa,
2648 3648 2744 3706 sed
2769 3658 2828 3705 ut
2855 3650 3029 3719 ipsum
3057 3662 3253 3704 nomen
3281 3648 3531 3705 beneficii

1917 3743 2085 3799 divini
2116 3743 2513 3799 monimentum
2546 3751 2713 3809 esset,
2749 3753 2806 3798 et
2846 3742 3108 3799 memoria
3146 3750 3403 3813 perpetua
3437 3757 3534 3813 per

1915 3848 2231 3905 expressam
2261 3832 2573 3889 nominibus
2605 3833 2945 3904 prephetiam
2977 3833 3287 3890 auditorum
3333 3834 3532 3890 animis

1911 3926 2179 4002 insideret
2206 3944 2221 3982 :
2247 3926 2327 3982 sic
2351 3926 2615 3983 Joannem
2645 3943 2674 3981 a
2705 3927 2972 3998 principio
3011 3929 3244 3984 vocavit.
3272 3927 3405 3985 Nam
3438 3932 3528 4001 qui

1915 4035 1947 4074 a
1976 4034 2146 4091 puero
2175 4020 2373 4075 virtute
2407 4019 2537 4075 clari
2568 4020 2729 4075 futuri
2760 4029 2936 4083 erant.
2966 4020 3091 4076 inde
3113 4022 3330 4078 numina
3351 4038 3533 4078 sumc~

1917 4112 2090 4168 haut:
2121 4112 2188 4167 iis
2210 4126 2339 4167 vero
2378 4112 2469 4183 qui
2511 4122 2698 4184 postea
2729 4113 2862 4169 clari
2916 4113 3076 4169 futuri
3122 4123 3298 4183 erant,
3344 4126 3531 4187 postea

1918 4217 2116 4259 nomen
2145 4203 2527 4277 imponebatur

1988 4299 2046 4356 ὅ.
2087 4298 2364 4354 Christiani
2386 4314 2569 4354 nomen
2588 4314 2741 4371 quam
2779 4298 3142 4355 venerandum.
3171 4300 3371 4371 Agendi
3397 4304 3530 4357 ratio

1917 4398 2061 4445 tanto
2085 4390 2291 4446 nomine
2327 4390 2484 4463 digna
2510 4392 2916 4445 commendatur.
2955 4390 3212 4448 Pecunias
3255 4403 3405 4467 auget
3444 4395 3533 4465 qui

1920 4481 2230 4554 pauperibus
2259 4482 2539 4536 distribuit.
2571 4510 2647 4523 -ς
2677 4481 2783 4537 Sed
2809 4490 2935 4538 tunc
2966 4482 3180 4539 diversa
3210 4484 3406 4555 singuli
3434 4501 3532 4539 no-

1920 4569 2065 4623 mina
2092 4567 2469 4638 accipiebant;
2514 4582 2657 4623 nunc
2696 4579 2880 4623 autem
2922 4584 3087 4625 unum
3132 4585 3324 4626 omnes
3364 4571 3531 4646 habe-

1921 4676 2062 4727 mus,
2092 4661 2198 4717 illis
2224 4660 2476 4717 omnibus
2503 4662 2700 4731 majus,
2730 4662 2947 4733 quando
2967 4662 3259 4739 Christiani
3290 4668 3533 4739 appella-

1922 4770 2044 4810 mur
2071 4764 2125 4809 et
2155 4752 2251 4809 lilii
2277 4753 2396 4821 Dei,
2424 4762 2480 4809 et
2504 4754 2665 4810 amici
2692 4762 2748 4809 et
2772 4769 2971 4829 corpus
2997 4771 3184 4811 unum.
3210 4757 3306 4813 illa
3334 4759 3533 4831 quippe

1920 4844 2212 4915 appellatio
2234 4844 2353 4917 plus
2382 4859 2543 4915 quam
2570 4845 2691 4900 alia:
2716 4859 2908 4903 omnes
2932 4861 3034 4903 nos
3060 4848 3282 4916 excitat,
3306 4850 3535 4923 diligen-

1926 4941 2198 5010 tioresque
2227 4938 2295 4993 ad
2330 4940 2585 4994 virtutem
2638 4938 3005 4995 exercendam
3061 4941 3247 4999 eiiicit.
3294 4942 3374 5000 Nc
3402 4961 3535 5017 ergo

1921 5031 2140 5105 indigna
2192 5030 2453 5087 faciamus
2498 5031 2633 5087 tanti
2684 5033 2917 5089 nominis
2961 5030 3191 5101 honore,
3235 5037 3534 5108 cogitantes

1921 5123 2199 5195 dignitatis
2221 5124 2620 5190 excellentiam,
2640 5139 2745 5196 qua
2767 5123 2969 5181 Christi
3000 5127 3221 5183 nemine
3252 5144 3528 5187 vocamur.

1921 5214 2011 5271 Sic
2041 5216 2185 5273 enim
2228 5228 2330 5271 nos
2355 5214 2556 5271 Paulus
2586 5214 2900 5286 appellavit.
2929 5215 3242 5288 Cogitemus
3283 5235 3539 5277 reverea-

1922 5325 2152 5383 mnrque
2180 5310 2417 5366 nominis
2444 5309 2893 5382 magnitudinem.
2949 5310 3007 5368 Si
3046 5312 3216 5379 enim,
3245 5313 3337 5386 qui
3381 5315 3537 5371 ducis

1921 5406 2223 5478 eujuspiam
2261 5405 2487 5477 insignis
2511 5448 2527 5473 ,
2559 5405 2645 5460 vel
2684 5405 2966 5476 conspicui
3011 5407 3113 5464 viri
3154 5422 3277 5464 esse
3316 5407 3532 5475 dicitur,

1923 5499 2092 5555 altum
2121 5498 2261 5570 sapit
2290 5513 2415 5554 cum
2443 5513 2503 5553 se
2531 5498 2679 5554 illius
2720 5498 2808 5553 vel
2851 5498 2997 5555 illius
3024 5512 3147 5556 esse
3186 5498 3405 5569 dicitur,
3434 5518 3533 5555 no-

1924 5607 2159 5664 menque
2183 5591 2314 5648 illud
2344 5606 2541 5663 magno
2565 5590 2669 5647 sibi
2698 5590 2849 5649 ducit
2876 5605 2999 5648 esse
3042 5592 3259 5661 honori,
3304 5593 3537 5663 totisque

1989 5732 2006 5764 ι
2042 5729 2139 5801 _Alii_
2170 5730 2454 5801 babent....
2487 5745 2511 5775 ι
2534 5736 2598 5801 tu
2628 5739 2682 5801 es
2718 5729 2899 5793 Simon,
2940 5736 2992 5782 tu
3025 5726 3268 5781 vocaberis
3312 5728 3534 5792 Cephea,

1925 5795 2052 5861 quod
2072 5799 2141 5846 est
2163 5795 2532 5857 utterpretatum
2557 5798 2728 5843 t'etnts
2742 5807 2791 5843 ι.

3429 312 3533 375 tis
3608 304 3611 305 ⁷
