4162 6326
680 316 780 375 123
846 345 849 350 ·

676 429 877 486 viribus
922 428 1132 492 nititur,
1162 438 1230 479 ne
1259 437 1354 492 per
1400 420 1662 490 ignaviam
1691 432 1842 472 suam
1872 424 2021 470 tanto
2051 414 2252 469 nomini

679 531 859 575 notam
893 517 1123 573 infamiae
1152 522 1325 569 inurat
1350 528 1366 577 ;
1418 527 1515 567 nos
1536 510 1626 581 qui
1653 525 1758 563 non
1786 523 1815 561 a
1838 508 1972 562 duce
2002 506 2085 560 vel
2113 504 2258 574 prin-

678 617 797 682 cipe
829 622 1061 672 terreno,
1098 622 1201 661 non
1229 605 1295 659 ab
1323 603 1534 674 angelo,
1563 601 1646 657 vel
1679 598 2019 668 arehangelo,
2056 597 2139 650 vel
2163 597 2262 676 Se-_

678 702 921 771 raphino,
949 698 1043 753 sed
1074 697 1141 750 ab
1170 711 1359 750 eorum
1405 693 1549 763 Rege
1597 706 1791 746 nomen
1837 688 2008 743 sortiti
2052 700 2253 750 sumus,

678 807 854 846 annon
886 790 1122 844 animam
1165 801 1376 856 quoque
1420 792 1655 838 nostram
1706 781 1879 850 potius
1904 789 2255 846 exponemus,

677 893 735 937 tit
765 898 830 936 ne
858 882 904 936 is
929 881 1019 950 qui
1052 894 1149 932 nos
1175 878 1276 932 hoc
1306 876 1510 928 honore
1550 871 1746 936 affecit,
1777 863 2099 924 contumelia
2146 864 2257 918 affl-

678 973 887 1029 ciatur?
916 973 1111 1026 Annon
1142 967 1516 1036 imperatorias
1559 964 1777 1017 ordines
1807 959 1996 1021 nostis,
2025 964 2261 1012 scutato-

679 1081 820 1131 rum,
853 1064 1212 1126 hastatorum,
1242 1059 1331 1129 qui
1379 1057 1760 1125 Imperatorem
1809 1053 2029 1121 stipant,
2062 1057 2260 1116 quanto

677 1173 867 1225 nempe
907 1155 1151 1209 fruantur
1177 1148 1425 1207 honore?
1455 1149 1526 1202 Ita
1567 1155 1622 1202 et
1651 1162 1768 1207 nos,
1809 1144 1898 1212 qui
1944 1145 2096 1211 longe
2137 1155 2261 1210 pro-

679 1248 983 1317 pinquiorcs
1012 1245 1141 1313 Regi
1186 1251 1368 1296 nostro
1405 1254 1615 1303 sumus,
1646 1246 1703 1292 et
1742 1245 1888 1289 tanto
1916 1231 2262 1303 prepinquio-

677 1353 786 1402 res,
813 1345 1012 1406 quanto
1052 1333 1397 1403 propinquius
1423 1340 1505 1385 est
1553 1341 1751 1396 corpus
1791 1325 1969 1393 capiti,
1996 1322 2124 1375 nihil
2155 1337 2259 1374 non

679 1429 845 1482 acturi
894 1443 1099 1484 smnus.
1129 1436 1185 1478 ut
1214 1423 1482 1479 Christum
1533 1421 1819 1473 imitemur.
1851 1416 1987 1483 Quid
2032 1428 2160 1483 ergo
2188 1413 2261 1465 ait

679 1517 965 1572 Christus?
1022 1513 1209 1581 Vulpes
1254 1517 1423 1581 foveas
1454 1510 1657 1574 habent,
1692 1517 1737 1560 et
1775 1507 1999 1559 volucres
2037 1503 2146 1556 ειειὶ
2176 1501 2259 1553 ni-

682 1607 793 1670 dos,
825 1606 991 1660 Filius
1026 1615 1192 1656 autent
1230 1602 1446 1654 hominis
1497 1615 1598 1651 non
1628 1598 1775 1650 habet
1806 1595 1889 1647 ubi
1935 1602 2084 1660 caput
2113 1607 2261 1645 suum

681 1698 884 1750 reclinet
921 1694 1048 1763 (Luc
1103 1695 1155 1750 9.
1190 1694 1300 1760 58).
1329 1692 1438 1746 Hoc
1469 1692 1510 1743 si
1543 1706 1571 1742 a
1616 1689 1766 1742 vobis
1795 1688 2088 1755 exigamus,
2125 1683 2261 1737 forte

677 1805 836 1857 grave
863 1798 916 1843 et
942 1802 1227 1840 onerosum
1257 1785 1433 1838 multis
1461 1781 1728 1836 videbitur
1752 1798 1764 1833 :
1798 1785 2124 1848 quapropter
2153 1785 2258 1828 tam

677 1856 977 1934 accuratam
1020 1879 1369 1932 imitationem
1403 1889 1504 1928 non
1537 1886 1844 1941 esposcam,
1880 1878 1937 1922 ut
1966 1856 2262 1922 infirmitati

681 1981 872 2024 vestra:
917 1985 1151 2038 parcant.
1199 1968 1344 2037 Rogo
1389 1975 1565 2019 autem
1598 1980 1664 2018 ne
1696 1962 1932 2032 pecttniis
1963 1961 2122 2014 nimis
2152 1960 2264 2013 lte-

678 2061 874 2124 reatis;
906 2058 999 2113 sed
1044 2071 1098 2111 ut
1127 2073 1225 2127 ego
1251 2058 1317 2110 ob
1344 2056 1701 2109 infirmitatem
1743 2063 1971 2106 vestram
2014 2063 2210 2105 tantam
2233 2065 2262 2104 a

681 2152 831 2206 vobis
859 2153 1105 2205 virtutem
1140 2166 1243 2202 non
1272 2149 1426 2216 exigo
1454 2165 1466 2199 :
1500 2147 1577 2200 sic
1616 2154 1670 2200 et
1697 2159 1793 2198 vos
1827 2143 1995 2197 multo
2023 2143 2190 2212 magis
2231 2156 2260 2194 a

679 2241 908 2310 nequitia
938 2238 1216 2293 recedatis.
1241 2238 1356 2292 Non
1385 2251 1577 2291 accuso
1596 2251 1688 2290 eos
1713 2236 1800 2303 qui
1826 2234 2013 2289 domos
2038 2232 2258 2296 habent,

678 2347 861 2401 agros,
894 2331 1162 2399 pecunias,
1198 2345 1417 2394 servos;
1469 2328 1563 2381 sed
1609 2328 1729 2381 volo
1765 2335 1820 2380 ut
1865 2327 2007 2379 licite
2036 2335 2088 2378 et
2137 2339 2260 2377 cum

679 2423 874 2477 decore
916 2422 1002 2476 illa
1035 2421 1408 2492 possideatis‘.
1450 2419 1586 2487 Quid
1634 2427 1736 2481 est,
1762 2432 1884 2472 cum
1933 2414 2166 2470 decore?
2195 2413 2264 2469 Ut

676 2513 899 2578 domini,
930 2528 1033 2566 non
1087 2513 1225 2566 servi
1275 2512 1487 2565 illormn
1537 2510 1674 2572 sitis,
1708 2521 1764 2563 ut
1815 2523 1876 2562 ea
1925 2508 2260 2578 possidealis,

681 2619 787 2659 non
819 2605 905 2658 illa
934 2620 1030 2660 vos
1061 2590 1366 2673 possideant
1391 2618 1406 2668 ;
1436 2603 1499 2656 iis
1523 2602 1768 2666 utamini,
1800 2617 1904 2655 non
1938 2601 2256 2655 abutamini.

679 2693 819 2763 Opes
846 2694 964 2747 ideo
989 2694 1066 2748 sic
1096 2703 1374 2757 vocantzir,
1401 2702 1460 2746 ut
1513 2694 1577 2746 iis
1637 2691 1689 2746 in
1738 2706 1903 2759 opera
1959 2691 2260 2745 necessaria

682 2792 892 2837 utamur
944 2800 1048 2836 non
1093 2792 1148 2837 ut
1179 2784 1298 2836 illas
1327 2782 1710 2836 custodiamus.
1741 2781 1853 2836 Hoc
1894 2782 2092 2851 quippe
2122 2782 2261 2834 servi

680 2885 780 2939 est.
830 2877 954 2930 illud
980 2876 1113 2930 heri.
1145 2876 1442 2940 Custodire,
1465 2875 1604 2928 servi
1634 2885 1749 2936 est;
1783 2874 2113 2941 impendere,
2145 2870 2259 2926 heri

679 2971 731 3018 et
755 2973 1069 3037 potestatem
1104 2964 1368 3046 habentis.
1403 2967 1515 3019 Non
1545 2964 1663 3018 ideo
1689 2963 1962 3032 accepisti,
1993 2971 2048 3017 ut
2077 2965 2128 3017 in
2158 2971 2264 3018 ter—

743 3101 758 3129 ¹
797 3099 889 3148 Alii
913 3099 1101 3162 legunt,
1126 3097 1225 3148 illis
1247 3095 1464 3157 utamini,
1494 3110 1599 3160 pro,
1623 3093 1710 3146 illa
1732 3093 2034 3160 possideatis.

1416 306 1474 361 S.
1511 302 1788 362 JOANNIS
1825 298 2294 357 CllliYSOSTOMl
2334 299 2651 357 ARCHIEP.
2692 304 3224 365 CONSTANTINOP.

3847 311 3956 368 128

2365 430 2478 471 ram
2528 417 2799 482 defodias.
2832 426 2929 481 sed
2975 433 3034 478 ut
3073 425 3382 482 distribuas.
3415 425 3472 482 Si
3523 425 3685 482 vellet
3731 426 3869 483 Deus
3897 439 3958 487 ut

2367 507 2472 562 illa-
2529 521 2894 579 servarentur,
2926 531 3031 569 non
3077 515 3384 572 hominibus
3430 517 3699 585 dedisset,
3752 519 3845 575 sed
3901 522 3956 577 in

2370 609 2510 655 terra
2540 603 2745 657 occulta
2776 603 3091 662 dimisisset.
3124 608 3258 676 Quia
3307 619 3486 666 autem
3538 613 3649 665 vult
3691 613 3809 667 illas
3849 615 3954 668 im-

2368 691 2550 759 pendi,
2584 692 2704 747 ideo
2732 695 2975 764 permisit
3005 707 3060 751 ttt
3091 699 3210 753 illas
3238 699 3581 766 haberemus,
3607 712 3662 755 ut
3691 703 3808 757 illas
3834 720 3956 758 mtt-

2367 789 2456 834 tuo
2481 784 3015 840 communit-aremus.
3043 786 3135 842 Sin
3174 789 3314 856 apud
3345 806 3445 844 nos
3473 792 3817 858 retineamus,
3847 809 3955 848 non

2365 871 2504 927 ultra
2546 873 2747 928 domini
2799 874 3008 931 illarum
3058 893 3266 934 sumus.
3297 880 3351 936 Si
3382 892 3560 936 autem
3595 882 3713 937 illas
3757 899 3958 954 augere

2364 965 2532 1027 velis.
2589 966 2817 1036 ideoque
2876 983 3115 1024 servas:
3163 972 3250 1025 illa
3311 972 3551 1041 profecto
3595 975 3795 1042 optima
3850 976 3958 1030 erit

2366 1057 2556 1125 agendi
2588 1060 2744 1123 ratio,
2768 1060 2811 1114 si
2840 1061 3118 1132 dispergas
3145 1072 3201 1120 et
3225 1067 3460 1134 undique
3481 1066 3795 1123 distribuas.
3820 1068 3956 1124 Nul-

2367 1148 2449 1201 lus
2475 1149 2617 1203 enim
2665 1161 2955 1218 proventus
2984 1158 3100 1209 sine
3125 1167 3374 1225 sumptu,
3407 1157 3567 1210 nulla:
3599 1157 3799 1212 divitia:
3840 1159 3961 1223 sine

2365 1253 2600 1307 expensa
2633 1258 2647 1294 ε
2682 1241 2732 1294 id
2764 1242 2904 1311 quod
2954 1245 3007 1298 in
3059 1247 3220 1300 rebus
3263 1248 3612 1302 saecularibus
3647 1247 3826 1303 videre
3851 1261 3956 1302 cst.

2365 1328 2455 1383 Sic
2484 1341 2768 1395 mercator.
2794 1333 2872 1388 sic
2898 1335 3127 1405 agricola
3161 1337 3321 1401 facit;
3357 1338 3443 1392 hic
3466 1340 3692 1401 semina,
3728 1341 3816 1394 ille
3859 1355 3959 1408 pe-

2365 1423 2554 1478 cunias
2600 1428 2842 1495 spargit:
2874 1427 2962 1481 ille
3012 1429 3226 1499 navigat
3271 1438 3324 1484 et
3373 1430 3630 1499 pecunias
3674 1431 3957 1500 impendit,

2366 1512 2453 1568 hic
2485 1530 2579 1583 per
2609 1526 2773 1569 totum
2807 1517 3014 1572 laborat
3040 1535 3261 1586 anmtm,
3292 1523 3443 1582 serit.
3475 1522 3692 1575 excolit.
3737 1523 3834 1577 llic
3862 1539 3960 1577 au-

2367 1613 2472 1656 tem
2504 1604 2649 1657 nullo
2675 1620 2860 1659 eorum
2892 1618 2977 1662 est
3005 1625 3172 1678 opus;
3208 1626 3310 1664 non
3337 1613 3642 1681 apparanda
3672 1614 3822 1666 navis
3850 1622 3958 1678 est,

2368 1710 2472 1747 non
2495 1695 2753 1764 jungendi
2786 1697 2948 1753 boves
2971 1709 3114 1764 sunt,
3145 1716 3249 1753 non
3271 1703 3467 1755 arauda
3498 1714 3660 1769 terra,
3689 1720 3795 1758 non
3816 1705 3964 1758 aeris

2369 1787 2714 1852 Intemperies
2746 1787 3104 1855 observanda,
3139 1805 3242 1845 non
3291 1791 3494 1861 grando
3542 1794 3796 1848 timenda.
3840 1795 3962 1849 Non

2369 1875 2455 1931 hic
2501 1875 2695 1933 fluctus
2736 1888 2880 1944 sunt,
2919 1897 3021 1934 non
3055 1884 3279 1950 scopuli.
3337 1884 3460 1938 llaec
3506 1887 3794 1955 navigatio,
3843 1887 3966 1943 ha-c

2369 1971 2645 2030 sementis.
2678 1969 2782 2026 hoc
2813 1988 2920 2026 uno
2948 1988 3084 2043 Opus
3114 1974 3293 2040 habet,
3326 1986 3383 2030 ttt
3430 1976 3707 2032 facultates
3754 1981 3968 2048 disper-

2369 2069 2597 2127 gatttttr;
2631 2071 2829 2116 Caetera
2874 2079 3002 2118 vero
3027 2067 3205 2118 omnia
3244 2068 3476 2136 agricola
3513 2068 3601 2123 ille
3626 2071 3864 2134 curabit,
3894 2071 3966 2126 de

2367 2165 2473 2219 quo
2500 2151 2574 2202 ait
2603 2151 2844 2206 Christus
2873 2171 2886 2208 :
2933 2154 3092 2208 Pater
3122 2173 3260 2211 meus
3284 2157 3514 2228 agrirola
3555 2170 3646 2212 est.
3679 2159 3968 2227 Quomodo

2366 2243 2654 2297 absurdum
2691 2259 2796 2298 n0n
2830 2245 3007 2311 fuerit,
3045 2247 3132 2302 ubi
3173 2249 3289 2302 sine
3334 2249 3520 2304 labore
3540 2251 3720 2304 omnia
3748 2268 3970 2308 sumere

2367 2347 2673 2401 possumus,
2719 2316 2939 2404 supinos
2960 2346 3013 2390 et
3049 2338 3341 2393 oscitantes
3387 2356 3646 2405 manere;
3698 2343 3786 2396 ubi
3833 2359 3968 2398 vero

2369 2425 2520 2478 multi
2543 2426 2790 2490 sudores,
2824 2428 3055 2488 labores.
3088 2430 3500 2493 sollicitudines.
3525 2442 3580 2486 et
3625 2446 3809 2503 postea
3838 2449 3970 2506 spes

2369 2516 2593 2579 incerta,
2630 2518 2698 2571 ibi
2726 2533 2938 2574 omnem
2963 2520 3290 2590 diligentiam
3323 2523 3617 2580 adhibere?
3645 2525 3724 2581 Ne
3753 2544 3966 2596 quaeso,

2369 2621 2435 2661 ne
2479 2621 2598 2660 cum
2643 2608 2710 2661 de
2740 2608 2913 2663 salute
2943 2619 3124 2664 nostra
3159 2612 3354 2679 agitur,
3404 2623 3687 2684 tantopere
3729 2618 3969 2685 desipia-

2370 2713 2528 2762 mus;
2576 2697 2671 2752 sed
2701 2699 3014 2754 oneresiora
3064 2701 3152 2755 illa
3202 2705 3500 2768 mittentes,
3525 2706 3593 2759 ad
3643 2707 3884 2762 faciliora
3911 2716 3973 2763 et

2367 2789 2580 2843 utiliora
2609 2805 2910 2855 curramus,
2945 2800 3002 2845 ut
3040 2802 3096 2847 et
3137 2791 3314 2848 futura
3372 2810 3768 2864 consequamur
3798 2798 3967 2864 bona,

2367 2885 2534 2952 gratia
2561 2892 2614 2936 et
2640 2883 3002 2938 misericordia
3058 2885 3268 2938 Domini
3293 2888 3457 2940 nostri
3479 2886 3603 2941 .lesu
3625 2888 3851 2954 Christi,
3873 2890 3969 2959 qui

2371 2989 2493 3028 cum
2532 2973 2675 3027 Patri
2717 2975 2912 3043 gloria,
2943 2989 3047 3028 una
3079 2990 3201 3030 cum
3251 2975 3451 3044 Spiritu
3481 2987 3689 3046 sancto,
3723 2995 3865 3035 nunc
3914 2988 3973 3036 et

2378 3079 2613 3135 semper,
2643 3073 2699 3118 et
2726 3064 2781 3119 in
2813 3065 3006 3119 saecula
3033 3067 3378 3121 saeculorum.
3408 3068 3605 3123 Amen.

680 3219 3963 3245 “Mm

2057 3300 2403 3364 HOMILIA
2445 3303 2591 3364 XX.

681 3444 764 3498 ιδ.
804 3442 873 3506 In
914 3444 1184 3500 crastinum
1222 3443 1376 3496 voluit
1405 3443 1540 3497 exire
1581 3444 1634 3497 in
1673 3440 1959 3507 Galilaram,
1989 3452 2033 3496 et
2060 3444 2247 3498 invenit

753 3533 1068 3604 Philippum,
1096 3545 1143 3588 et
1173 3536 1292 3586 dicit
1317 3535 1363 3587 εἰ
1378 3549 1397 3587 :
1420 3536 1638 3604 Sequere
1677 3552 1776 3589 me.
1803 3535 1891 3589 Η.
1940 3533 2066 3588 Erat
2094 3546 2261 3590 autem

750 3625 1023 3695 Philippus
1049 3643 1080 3678 a
1100 3625 1371 3680 Bcthsaida
1398 3627 1593 3681 civitate
1615 3625 1833 3680 Andreae
1848 3637 1893 3680 et
1923 3626 2084 3681 Petri.

759 3759 809 3812 i.
845 3757 1084 3812 Sollicite
1102 3757 1572 3825 qurerenti-aliquid
1591 3770 1832 3826 superest
1852 3759 1950 3832 (a),
1982 3769 2038 3814 ut
2065 3761 2115 3814 in
2145 3775 2267 3829 pro-

683 3849 865 3903 verbio
911 3849 1077 3902 fertur
1107 3847 1284 3917 (Prov.
1334 3847 1419 3900 14.
1463 3845 1576 3916 25).
1610 3847 1855 3903 Christus
1891 3865 2018 3904 vero
2062 3850 2262 3918 aliquid

681 3941 847 4009 magis
888 3939 1238 3992 suhindicavit
1266 3938 1467 4001 dicens,
1503 3939 1604 4004 Qui
1631 3941 1810 4009 quierit
1837 3942 2019 3994 invenit
2050 3940 2260 4012 (Matth.

683 4033 735 4085 7.
765 4032 841 4102 8).
872 4030 1022 4086 Unde
1049 4031 1228 4083 mirari
1261 4030 1401 4084 subit
1439 4045 1533 4083 cur
1563 4031 1837 4100 Philippus
1880 4031 2146 4085 Christum
2171 4047 2262 4085 se-

682 4134 872 4194 quutus
889 4123 975 4177 sit.
1000 4122 1239 4176 Andreas
1256 4124 1448 4190 quippe
1470 4124 1633 4188 venit,
1661 4138 1780 4177 cum
1799 4123 2036 4178 audisset
2055 4139 2083 4178 a
2105 4124 2266 4178 Joan-

684 4227 770 4275 ne,
806 4211 993 4266 Petrus
1019 4227 1166 4274 vero,
1193 4227 1311 4265 cum
1343 4213 1577 4265 audisset
1609 4212 1675 4265 ab
1707 4212 1951 4265 Anthea:
1985 4213 2068 4266 hic
2090 4222 2266 4267 autem

684 4323 803 4360 cum
834 4305 965 4359 nihil
991 4307 1058 4358 ab
1085 4306 1190 4357 alio
1232 4304 1524 4368 didicisset,
1559 4313 1762 4356 tantum
1789 4304 2000 4358 dicente
2029 4305 2263 4370 Christo,

691 4395 910 4461 chuere
932 4411 1027 4457 nte,
1059 4394 1445 4469 obtemperavit
1466 4394 1661 4453 statim.
1696 4409 1793 4447 nee
1819 4395 2065 4456 recessit,
2096 4395 2188 4448 sed
2216 4405 2269 4448 et

689 4485 1002 4554 praedicator
1019 4485 1134 4536 aliis
1159 4485 1274 4538 fuit.
1297 4487 1595 4537 Accurrens
1612 4485 1750 4539 enim
1774 4486 1836 4538 ad
1862 4485 2263 4552 Nuthanaelem,

687 4578 793 4630 ait:
827 4576 982 4642 Quem
1009 4575 1206 4643 scripsit
1252 4575 1448 4644 Moyses
1473 4577 1524 4628 in
1555 4577 1662 4645 lege
1699 4586 1745 4630 et
1773 4578 2047 4647 prophetia,
2072 4579 2266 4632 inveni-

687 4686 797 4722 mus
823 4668 1070 4736 (Joan.1.
1100 4668 1211 4735 45).
1235 4667 1420 4721 Viden'
1438 4684 1594 4736 quam
1620 4669 1880 4737 vigilaret,
1907 4680 1960 4723 et
1978 4686 2134 4739 quam
2160 4671 2266 4725 fre-

691 4769 915 4828 quenter
940 4758 1132 4828 Moysis
1157 4759 1350 4825 scripta
1372 4758 1732 4819 meditaretur,
1758 4768 1914 4828 atque
1940 4771 2270 4829 exspectaret

688 4847 885 4903 Christi
909 4847 1228 4901 adventum?
1253 4845 1383 4900 Nam
1409 4847 1555 4912 illud,
1591 4845 1904 4914 Invenimus,
1931 4849 2049 4917 ejus
2071 4860 2153 4902 est
2179 4852 2266 4917 qui

687 4954 900 5008 semper
927 4939 1134 5009 quaerit.
1163 4936 1228 4992 In
1249 4947 1520 4992 crastinum
1547 4939 1697 4993 exivit
1720 4938 1870 4994 Jesus
1900 4941 1951 4993 in
1981 4939 2264 4997 Galilaeam.

750 5094 821 5155 (a)
855 5096 1165 5157 novet-bring
1191 5092 1308 5157 illud
1337 5094 1406 5157 sic
1429 5092 1596 5143 Graece
1625 5093 1825 5157 legitur,
1856 5108 1963 5146 mi
1993 5113 2043 5157 τῷ
2066 5113 2271 5157 multum

690 5167 871 5219 tum,“
899 5167 1073 5219 neme...
1108 5155 1243 5219 Haec,
1267 5155 1307 5204 si
1352 5155 1409 5202 ad
1449 5161 1652 5204 verbum
1686 5155 1932 5219 explices,
1981 5155 2270 5217 signiﬁeant,

689 5218 824 5265 Omni
860 5216 1061 5279 curanti,
1095 5216 1193 5274 vel,
1218 5223 1442 5265 accurate
1484 5218 1722 5279 quaerenti
1761 5216 1941 5279 aliquid
1973 5216 2272 5279 superﬂuum

691 5285 784 5327 est.
811 5276 901 5326 Sed
926 5278 1016 5326 hoc
1038 5291 1184 5326 sensu
1211 5290 1302 5325 non
1325 5279 1391 5330 ita
1414 5276 1642 5328 consonat
1665 5293 1773 5328 cum
1798 5276 2136 5330 sequentibus.
2163 5288 2273 5329 Nam

690 5339 849 5402 inquit
871 5337 1231 5402 Chrysostemus
1251 5354 1277 5402 _:
1308 5338 1531 5402 Christus
1552 5339 1738 5401 aliquid»
1766 5337 1972 5402 amplius
2003 5341 2275 5392 subindicat

692 5398 798 5447 cum
823 5398 1072 5464 dicit,:(ntt'
1106 5399 1277 5464 qiuen't
1299 5398 1490 5448 invenit.
1517 5398 1816 5464 Quapropter
1841 5398 2016 5452 melius
2041 5402 2274 5464 intelligi-

691 5467 768 5507 tur
793 5461 1118 5524 proverbium,
1146 5461 1232 5526 hoe
1257 5468 1416 5526 pacto,
1435 5464 1577 5526 omni
1594 5461 1799 5526 sollicite
1832 5465 2075 5526 qumrenti
2095 5461 2273 5526 aliquid

692 5522 1347 5586 superestquaerendum,vel
1359 5523 1536 5586 aliquid
1553 5525 1707 5572 deest.
1724 5522 1962 5573 Cmte'rum
1976 5528 2020 5572 in
2035 5522 2274 5574 Hebraico

684 5609 838 5661 ﬁmo
867 5611 977 5656 ﬂ‘ﬂ‘
1004 5583 1258 5662 lilii-5.73
1300 5606 1347 5655 in
1377 5583 1508 5656 omni
1536 5608 1704 5658 labore
1731 5610 1816 5658 crit
1848 5609 2272 5672 emolumentum;

707 5677 780 5720 vel
833 5684 882 5723 ut
905 5677 950 5722 in
975 5675 1000 5721 Χ
1020 5675 1178 5736 ulgata
1205 5674 1399 5735 legitur,
1426 5673 1473 5722 in
1497 5676 1621 5724 muni
1645 5690 1783 5731 arere
1807 5677 1896 5726 erit
1920 5679 2230 5727 almndantiu.

2370 3472 2668 3543 Antequam
2703 3473 2848 3528 enim
2879 3474 2976 3543 ipsi
3013 3473 3150 3528 ullus
3188 3473 3441 3540 hereret,
3472 3473 3746 3528 neminem
3788 3481 3973 3530 vorat.

2370 3563 2424 3618 ld
2455 3580 2581 3619 vero
2609 3581 2714 3619 non
2747 3565 2864 3619 sine
2905 3580 3064 3619 causa
3118 3565 3261 3629 fecit,
3311 3564 3408 3620 sed
3451 3579 3658 3618 summa
3707 3566 3973 3632 sapientia

2369 3663 2530 3724 atque
2578 3655 2875 3723 prudentia.
2923 3654 3056 3707 Nam
3098 3654 3141 3707 si
3193 3656 3406 3709 nemine
3451 3664 3644 3723 sponte
3673 3653 3976 3710 accedente

2373 3747 2517 3816 ipsos
2546 3749 2632 3800 ille
2659 3749 2987 3812 attraxisset,
3022 3747 3247 3802 fortasse
3278 3756 3459 3816 postea
3488 3747 3846 3800 resiliissent:
3879 3749 3972 3802 ubi

2372 3847 2548 3890 autem
2583 3837 2709 3891 illud
2742 3839 2880 3891 ultro
2927 3838 3258 3906 delegerunt,
3293 3839 3431 3892 firmi
3462 3847 3642 3906 postea
3689 3854 3971 3894 mansere.

2373 3927 2671 3997 Philipputn
2704 3939 2883 3984 autem
2913 3939 3067 3983 vocat
3097 3931 3196 3984 sibi
3223 3937 3389 4000 magis
3418 3940 3626 3996 notum,
3657 3941 3842 4000 utpote
3874 3933 3969 3998 qui

2371 4019 2425 4072 in
2474 4019 2693 4073 Galiltea
2739 4031 2893 4075 natus
2933 4030 2986 4075 et
3025 4020 3282 4074 educatus
3309 4032 3468 4075 esset.
3501 4023 3808 4090 Assumptis
3839 4038 3978 4092 ergo

2371 4110 2668 4179 discipulis,
2715 4109 2782 4163 ad
2812 4112 3139 4180 reliquorum
3184 4122 3434 4166 venatum
3489 4112 3867 4178 proficiscitur,
3904 4128 3976 4169 ac

2375 4201 2677 4268 Philippum
2706 4211 2760 4254 et
2788 4200 3166 4254 Nathanaelem
3212 4199 3453 4255 attrahit.
3505 4202 3577 4255 De
3627 4203 3731 4256 hoc
3779 4211 3971 4256 autem

2377 4306 2484 4344 non
2513 4303 2616 4343 tam
2640 4290 2886 4346 mirabile
2911 4290 3028 4355 fuit,
3053 4293 3174 4361 quia
3199 4292 3324 4346 lesu
3356 4293 3494 4347 fama
3523 4309 3617 4362 per
3647 4302 3810 4347 totam
3861 4293 3978 4366 Sy—

2376 4383 2507 4435 riam
2540 4383 2926 4451 pervolaverat;
2947 4383 3040 4436 sed
3064 4384 3258 4437 mirum
3277 4394 3391 4438 erat
3413 4385 3552 4452 quod
3582 4384 3771 4438 Petrus
3792 4394 3847 4439 et
3873 4385 3978 4441 Ja-

2373 4472 2539 4525 cobus
2569 4481 2622 4525 et
2652 4472 2928 4542 Philippus
2958 4475 3167 4541 sequuti
3200 4477 3327 4539 sint,
3359 4491 3464 4527 non
3493 4475 3655 4528 modo
3684 4475 3826 4544 quod
3843 4485 3979 4531 ante

2375 4563 2522 4631 signa
2553 4563 2897 4629 crediderint,
2921 4565 3014 4618 sed
3055 4565 3213 4618 etiam
3254 4565 3394 4634 quod
3426 4581 3487 4619 ex
3517 4565 3732 4620 Galilaea
3761 4579 3977 4634 essent,

2374 4653 2517 4707 unde
2542 4668 2641 4707 nec
2670 4653 2924 4722 pmpbeta
2955 4654 3221 4724 prodibat,
3252 4672 3425 4726 neque
3449 4657 3648 4726 aliquid
3687 4658 3814 4714 boni
3853 4662 3982 4715 exi—

2378 4745 2499 4799 bat:
2525 4746 2720 4799 rustica
2746 4745 2938 4816 quippe
2956 4762 3087 4815 gens
3105 4757 3239 4810 erat,
3261 4749 3504 4816 agrestis,
3528 4763 3740 4817 aspera.
3769 4749 3978 4806 Verum

2377 4836 2503 4890 inde
2524 4835 2770 4891 Christus
2792 4839 3085 4906 potentiam
3112 4839 3346 4893 ostendit
3369 4855 3544 4907 suam,
3573 4841 3701 4896 dum
3728 4857 3793 4897 ex
3824 4853 3980 4898 terra

2378 4929 2584 4983 nullum
2616 4931 2821 4986 ferente
2849 4929 3100 4995 fructum,
3131 4931 3384 4986 selectam
3424 4933 3811 5002 discipulorum
3840 4949 3978 5005 par-

2379 5032 2484 5077 tem
2516 5022 2716 5078 eduxit.
2750 5023 3050 5079 Verisimile
3076 5023 3236 5095 igitur
3259 5037 3342 5080 est
3358 5025 3682 5096 Philippum,
3708 5028 3851 5098 quod
3871 5027 3984 5084 Pc-

2379 5125 2517 5170 trum
2548 5117 2768 5171 vidisset
2805 5124 2859 5172 et
2885 5115 3145 5172 Joannem
3187 5117 3442 5183 audisset,
3485 5131 3768 5186 sequutum
3811 5135 3980 5188 esse;

2376 5207 2634 5263 credibile
2653 5223 2866 5279 quoque
2886 5219 2967 5264 est
2987 5206 3183 5263 Christi
3207 5225 3388 5263 vocem
3415 5210 3611 5278 aliquid
3643 5213 3695 5265 in
3724 5211 3812 5265 illo
3834 5226 3986 5281 ope-

2377 5310 2546 5354 ratam
2572 5314 2726 5354 esse:
2756 5308 2977 5354 noverat
3003 5300 3146 5353 enim
3177 5299 3423 5355 Christus
3447 5304 3663 5371 quinam
3693 5303 3867 5357 idonei
3893 5303 3986 5366 fis-

2380 5393 2482 5446 turi
2528 5399 2726 5445 essent.
2776 5390 3110 5460 Evangelista
3158 5402 3332 5447 autem
3380 5393 3493 5447 lucc
3536 5394 3712 5446 omnia
3743 5397 3980 5465 carptim

2380 5492 2613 5536 enarrat.
2643 5481 2792 5546 Quod
2819 5478 3063 5536 Christus
3099 5493 3355 5536 venturus
3385 5493 3548 5548 esset,
3580 5483 3680 5539 hoc
3709 5486 3794 5539 ille
3827 5489 3984 5542 scie-

2383 5575 2507 5628 bat:
2539 5573 2678 5630 ouod
2711 5587 2837 5626 vero
2870 5571 2952 5626 hic
2978 5582 3120 5626 esset
3149 5571 3388 5628 Christus
3414 5573 3711 5643 ignorabat.
3743 5576 3794 5628 id
3829 5579 3982 5647 quud

2383 5668 2552 5736 ipsum
2579 5666 2708 5718 vela
2743 5667 2896 5719 Petro
2926 5665 3007 5716 vel
3035 5681 3059 5715 a
3090 5664 3296 5719 Joanne
3334 5668 3600 5721 audivisse
3632 5678 3776 5736 puto.
3810 5669 3988 5724 Joan-
