4162 6326
178 371 265 431 ωδ
947 342 957 347 “
1241 361 1305 420 IN
1345 359 1658 419 JOANNEM
1703 357 1931 414 nosne.
1978 359 2095 417 xx.
2139 361 2211 415 al.
2259 359 2400 416 XIX.

184 508 267 549 nes
292 503 453 562 porro
481 491 667 545 vicum
720 488 862 543 illius
915 485 1183 550 nominat;
1223 492 1279 537 ut
1320 495 1582 552 agnoscas
1616 479 1778 532 Deum

187 588 380 642 inﬁrma
421 580 610 637 mundi
640 581 887 651 elegisse.
914 578 1004 633 45.
1038 576 1235 631 Invenit
1274 573 1548 642 Philippus
1583 568 1784 623 Nutha-

190 676 310 739 nael,
336 685 381 729 et
411 676 534 728 dicit
562 674 681 727 illi:
716 671 875 740 Quem
904 669 1109 739 scripsit
1132 666 1336 738 Moyses
1364 668 1415 745 in
1448 664 1556 734 lege
1586 672 1629 716 et
1663 677 1785 731 pro-

192 772 360 837 phetat,
395 768 703 828 invenimus,
724 764 901 818 Iesum
923 762 1087 831 [ilium
1108 759 1297 828 Joseplt
1325 775 1357 811 α
1387 757 1630 810 Nazaret.
1656 753 1785 808 Πιυο

188 862 307 917 dicit
334 870 391 913 ut
416 859 574 913 ﬁdem
601 854 962 929 prrcdicationi
986 851 1315 911 conciliaret,
1340 864 1403 903 ex
1423 847 1606 918 Moyse
1630 859 1784 899 nem-

188 973 246 1025 pe
272 964 325 1009 ct
352 954 654 1024 prophetis,
684 961 846 1020 utque
868 948 1163 1001 auditorem
1195 944 1320 999 inde
1346 938 1784 997 venerabundum

184 1047 451 1102 redderet.
484 1044 619 1113 Quia
649 1042 791 1098 enim
822 1038 1117 1095 Nalhanael
1153 1037 1357 1107 peritus
1388 1043 1522 1095 erat,
1563 1042 1617 1087 et
1648 1030 1788 1085 veri-

183 1138 303 1191 tatis
331 1136 614 1191 studiosus
644 1141 900 1196 sectator,
922 1140 987 1184 ut
1013 1128 1172 1184 etiam
1200 1126 1447 1183 Christus
1472 1122 1786 1179 testiﬁcatus

182 1238 281 1294 est,
314 1230 540 1299 ipsaque
563 1241 648 1281 res
668 1223 1055 1293 comprobavit,
1082 1222 1202 1290 jure
1233 1220 1378 1275 illum
1402 1217 1468 1273 ad
1500 1217 1716 1288 Moysen
1734 1223 1789 1270 et

184 1319 478 1390 prolxhetas
505 1319 670 1383 misit,
700 1327 751 1370 ul
781 1317 857 1370 sic
882 1314 1229 1384 priedicatum
1272 1312 1423 1365 illum
1467 1309 1784 1379 susciperet.

184 1413 233 1468 Si
282 1422 468 1467 autem
500 1410 652 1464 illum
684 1409 849 1463 ﬁlium
877 1406 1075 1476 Ioseph
1105 1403 1359 1475 appellat,
1402 1416 1471 1456 ne
1508 1399 1743 1455 turberis
1772 1417 1784 1453 :

186 1505 358 1560 adhuc
387 1506 536 1560 enim
567 1500 785 1572 Iosephi
816 1501 957 1555 ﬁlius
974 1513 1095 1555 esse
1113 1494 1544 1553 existimabatur.
1566 1494 1630 1547 Et
1649 1491 1791 1547 unde

185 1606 417 1661 constat,
440 1594 707 1664 Philippe,
730 1592 872 1646 hunc
889 1606 1010 1646 esse
1033 1604 1192 1660 quem
1217 1588 1387 1643 dicis?
1408 1586 1549 1658 quod
1578 1585 1788 1654 signum

188 1688 280 1742 das
314 1685 509 1740 nobis?
539 1683 655 1739 Non
697 1681 896 1738 sufﬁcit
943 1684 1086 1737 enim
1136 1680 1204 1733 ita
1239 1678 1605 1749 pronuntiare.
1635 1674 1791 1742 Quod

186 1781 398 1850 signum
442 1776 660 1831 vidisti?
709 1774 850 1846 quod
884 1771 1235 1828 miraculum?
1261 1769 1376 1825 Non
1406 1769 1522 1824 sine
1555 1768 1792 1838 periculo

189 1872 349 1926 tantis
378 1871 542 1929 rebus
573 1879 776 1924 temere
824 1866 956 1921 ﬁdes
1001 1865 1250 1921 habetur.
1280 1862 1434 1931 Quod
1465 1876 1594 1935 ergo
1626 1861 1793 1917 Lm

188 1966 602 2039 argumentum?
659 1963 803 2018 Idem
850 1964 1047 2033 ipsum,
1096 1960 1286 2031 inquit,
1333 1956 1477 2029 quod
1524 1954 1789 2011 Andreas.

188 2059 322 2113 Nam
362 2059 453 2113 ille
498 2072 620 2112 cum
669 2057 978 2110 thesaurum
1009 2068 1168 2126 quem
1202 2059 1478 2122 repererat
1502 2049 1790 2105 enuntiare

192 2168 295 2207 non
329 2152 552 2214 valeret,
598 2165 776 2220 neque
817 2148 997 2203 verbis
1026 2147 1325 2211 declarare,
1359 2143 1579 2199 fratrem
1630 2157 1792 2212 quem

190 2243 388 2313 reperit
420 2241 515 2295 illo
546 2240 781 2296 adducit.
814 2238 901 2295 Sic
931 2248 984 2294 et
1010 2239 1133 2305 iste,
1156 2234 1427 2307 quomodo
1446 2235 1533 2289 ille
1557 2232 1797 2288 sitChri-

190 2349 327 2401 stus,
360 2348 416 2392 et
444 2336 715 2407 quomodo
750 2335 897 2389 illum
936 2334 1211 2404 propheta:
1237 2331 1666 2404 praenuntiarint,
1688 2344 1795 2385 non

190 2430 349 2495 dicit;
373 2431 465 2484 sed
484 2430 634 2485 ducit
660 2429 806 2483 illmn
835 2429 899 2484 ad
930 2429 1137 2495 Jesnm,
1155 2428 1332 2484 sciens
1361 2427 1508 2481 illum
1527 2443 1632 2481 non
1657 2427 1795 2480 ultra

190 2524 557 2577 discessurum
581 2538 721 2587 esse,
750 2523 792 2576 si
824 2523 963 2576 illius
989 2522 1149 2576 verba
1172 2520 1585 2589 doctrinamque
1608 2528 1794 2588 gusta-

192 2626 295 2671 ret.
329 2616 413 2671 46.
455 2614 520 2668 Et
551 2615 679 2669 dixit
710 2615 755 2669 ei
797 2614 1098 2667 Nat/ranae!
1121 2629 1139 2667 :
1169 2614 1210 2666 Α
1242 2612 1471 2666 Nazaret
1501 2621 1665 2681 potest
1693 2611 1798 2665 ali-

190 2710 318 2779 quid
346 2710 462 2763 boni
484 2710 660 2764 exire?
687 2708 821 2763 Dicit
846 2710 892 2763 ei
925 2708 1237 2779 Philippus:
1272 2706 1417 2771 Veni,
1459 2715 1506 2759 et
1543 2706 1673 2760 vide.
1703 2704 1796 2759 47.

204 2802 345 2857 Vidit
370 2802 403 2856 J
412 2820 525 2858 esus
553 2801 847 2857 Nathanael
868 2805 1146 2859 venientem
1171 2802 1238 2855 ad
1264 2818 1335 2866 se,
1380 2808 1427 2854 et
1462 2800 1584 2853 dicit
1608 2800 1674 2855 de
1693 2815 1752 2853 eo
1778 2816 1799 2853 :

192 2895 334 2950 Ecce
357 2912 470 2950 vere
496 2893 755 2961 Israelita,
788 2897 840 2949 in
868 2912 970 2965 quo
1019 2894 1169 2949 dolus
1194 2911 1296 2948 non
1322 2904 1415 2948 est.
1447 2891 1601 2960 Quod
1623 2891 1799 2947 dixis-

192 3001 293 3054 set,
330 2991 372 3044 Α
398 2989 625 3044 .Vazaret
644 2999 807 3061 potest
831 2989 1028 3061 aliquid
1046 2989 1163 3042 boni
1183 2989 1360 3043 exire?
1380 2988 1502 3043 ideo
1526 2987 1797 3043 hominem

192 3084 380 3139 laudat
406 3092 463 3139 et
486 3084 730 3138 miratur.
762 3084 923 3154 Atqui
956 3082 1283 3138 incusandus
1327 3083 1504 3154 potius
1532 3092 1667 3139 erat.
1699 3081 1800 3137 Mi-

194 3180 365 3233 nime.
393 3177 577 3249 Neque
606 3178 752 3232 enim
777 3176 940 3233 verba
980 3192 1090 3231 non
1118 3176 1389 3232 credentis
1418 3186 1593 3241 erant,
1626 3191 1801 3247 neque

192 3272 576 3326 criminatione
599 3269 776 3340 digna,
811 3269 908 3324 sed
946 3267 1127 3325 laude.
1161 3269 1443 3338 Quomodo
1484 3279 1539 3325 et
1583 3286 1686 3341 qua
1716 3285 1802 3325 ra-

195 3365 378 3421 tione?
406 3363 541 3432 Quia
581 3363 671 3418 hic
697 3364 867 3434 magis
892 3378 1053 3435 quam
1083 3362 1363 3434 Philippus
1393 3364 1445 3417 in
1474 3363 1802 3433 propheticis

194 3465 445 3511 versatus
465 3464 605 3511 erat.
638 3455 897 3511 Audierat
921 3456 1065 3511 enim
1110 3471 1173 3511 ex
1204 3456 1497 3525 Scripturis
1526 3456 1800 3513 Christum

193 3564 255 3602 ex
289 3547 612 3603 Bethlehem
640 3548 900 3603 oriturum
934 3564 1075 3612 esse,
1106 3558 1162 3603 et
1186 3565 1248 3605 ex
1279 3549 1396 3604 vico
1420 3549 1469 3603 in
1497 3565 1603 3620 quo
1631 3550 1804 3607 fuerat

194 3640 385 3694 David.
408 3640 486 3695 Ea
513 3640 691 3711 itaque
708 3642 845 3694 fama
871 3639 1009 3709 apud
1037 3640 1251 3696 Iudaeos
1279 3642 1575 3707 obtinebat,
1596 3654 1648 3697 et
1676 3660 1803 3714 pro-

195 3730 356 3799 pheta
381 3731 518 3785 olim
551 3731 939 3800 przrdicaverat
967 3731 1050 3787 his
1084 3733 1293 3787 verbis:
1319 3732 1385 3786 Et
1421 3744 1475 3787 tu
1505 3732 1803 3791 Betlile/iem

194 3839 525 3895 nequaquam
560 3822 769 3875 minima
798 3839 850 3876 es
874 3823 927 3875 in
956 3822 1269 3893 principibus
1295 3823 1327 3877 J
1336 3825 1473 3879 uda:
1496 3843 1558 3880 ea:
1596 3837 1643 3882 te
1670 3829 1804 3882 enim

193 3918 320 3970 eriet
348 3918 463 3970 dua:
489 3917 575 3986 qui
598 3926 740 3987 regat
771 3918 1018 3987 pupulum
1046 3934 1211 3971 meum
1237 3917 1404 3973 Israel
1432 3920 1451 3989 (
1468 3918 1631 3975 llic/1.
1660 3923 1713 3977 5.
1746 3922 1805 3981 2.

196 4009 389 4063 .tlattli.
426 4008 483 4062 9.
506 4009 559 4065 6.
593 4007 753 4064 Joan.
778 4011 830 4064 7.
862 4009 980 4083 42).
1004 4009 1137 4068 Cum
1168 4012 1407 4067 audisset
1427 4029 1604 4083 ergoa
1635 4015 1805 4071 Naza-

194 4114 274 4160 ret
306 4120 458 4172 ease,
489 4107 730 4161 turbatus
757 4112 840 4162 est
862 4117 918 4162 et
943 4106 1222 4173 dubitavit,
1253 4109 1395 4179 quod
1426 4110 1658 4182 Philippi
1685 4129 1806 4169 vcr-

196 4199 255 4249 b.
283 4214 410 4253 cum
448 4198 761 4269 prophetica
792 4199 1142 4268 przedietione
1183 4217 1288 4256 non
1329 4216 1631 4261 consonare
1658 4207 1806 4263 vide-

195 4301 291 4344 ret.
328 4292 716 4347 Animadverte
745 4302 925 4347 autem
957 4293 1074 4361 ejus
1099 4293 1150 4347 iu
1182 4295 1292 4364 ipsa
1316 4295 1650 4353 dubitatione
1680 4314 1807 4369 pru-

191 4385 438 4439 dentiam
474 4384 921 4457 modeStiamque.
961 4385 1079 4442 Non
1124 4387 1267 4442 enim
1307 4389 1486 4444 statim
1538 4389 1695 4455 dixit,
1725 4392 1805 4448 Mc

194 4480 357 4546 fallis,
384 4494 420 4534 ο
454 4478 719 4548 Philippe,
751 4489 807 4534 et
838 4479 1115 4535 mentiris:
1142 4496 1250 4536 non
1271 4481 1457 4547 credo,
1487 4500 1593 4539 non
1613 4485 1803 4542 adibo:

192 4588 217 4625 s
252 4572 544 4643 prophetis
574 4572 735 4625 didici
767 4571 1038 4627 Christum
1084 4589 1113 4627 a
1163 4574 1472 4631 Bethlehem
1520 4585 1805 4632 venturum

192 4682 337 4730 esse,
367 4675 427 4721 et
450 4675 503 4719 tu
533 4665 691 4726 dicis,
724 4680 754 4717 a
784 4664 1045 4721 Nazaret:
1071 4681 1202 4737 ergo
1223 4684 1329 4723 non
1360 4669 1403 4722 is
1432 4671 1546 4740 ipse
1577 4679 1680 4726 est.
1707 4670 1811 4726 Vc-

194 4776 312 4812 ruin
348 4758 486 4812 nihil
512 4757 688 4811 simile
714 4756 878 4822 dixit;
913 4757 1006 4813 sed
1036 4758 1203 4828 quid?
1245 4760 1369 4814 Adit
1397 4761 1546 4816 illum
1575 4772 1628 4816 et
1658 4764 1805 4833 ipse;

194 4867 254 4907 ac
284 4851 425 4905 dum
461 4865 567 4905 non
596 4849 833 4904 admittit
859 4866 981 4905 eum
1013 4865 1043 4906 a
1064 4850 1294 4906 Nazaret
1323 4868 1465 4919 esse,
1496 4867 1805 4911 accuratum

193 4943 608 5013 Seripturarum
641 4942 878 4996 studium
905 4942 1162 5008 ostendit,
1194 4952 1249 4997 et
1279 4959 1457 4999 mores
1484 4960 1612 5001 suos
1654 4947 1809 5001 ralla-

192 5038 289 5093 cia:
324 5052 442 5091 non
475 5036 774 5102 obnoxios;
808 5036 947 5106 quod
976 5046 1156 5093 autem
1186 5037 1301 5093 tunc
1328 5040 1665 5095 nuntiantem
1703 5057 1806 5096 non

194 5138 445 5199 respuat,
475 5143 727 5199 magnum
760 5127 957 5184 Christi
1004 5130 1264 5184 adventus
1294 5130 1620 5187 desiderium
1653 5132 1809 5187 exhi-

193 5222 300 5277 bet.
333 5220 634 5291 Cogitabat
676 5219 819 5274 enim
848 5222 1087 5291 potuisse
1120 5220 1422 5292 Philippum
1450 5224 1600 5277 circa
1632 5223 1807 5280 locum

192 5330 408 5370 citare.

261 5406 321 5462 Ξ.
367 5403 763 5461 Animadverte
806 5404 959 5469 item,
1001 5419 1162 5475 quam
1204 5405 1479 5461 moderate
1522 5405 1679 5461 ﬁdem
1710 5407 1807 5478 ipsi

197 5508 379 5572 neget,
417 5509 476 5553 et
521 5499 839 5569 interroget.
869 5496 1056 5569 Neque
1099 5499 1241 5553 enim
1289 5498 1443 5561 dixit,
1491 5498 1635 5553 Nihil
1682 5499 1809 5553 boni

199 5596 298 5648 [ert
328 5590 597 5654 Galilaaa;
627 5590 723 5645 sed
751 5590 1060 5660 quomodo?
1095 5591 1135 5644 Α
1164 5590 1578 5661 Nazaretpotest
1614 5591 1811 5661 aliquid

199 5687 312 5738 ιιοηὶ
340 5682 501 5739 esse?
526 5682 809 5753 Philippus
834 5696 1047 5753 quoque
1074 5682 1363 5737 admodum
1406 5682 1643 5752 prudens
1670 5693 1807 5736 erat.

202 5778 382 5848 Neque
419 5777 564 5831 enim
593 5776 999 5831 contradicente
1028 5776 1139 5841 illo,
1189 5778 1494 5849 indignatur
1545 5777 1629 5832 vel
1668 5790 1811 5845 (egre

205 5874 338 5944 fert;
368 5870 473 5929 sed
503 5880 708 5940 perstat
739 5880 938 5935 tamen,
967 5882 1024 5927 ut
1046 5874 1217 5928 virum
1250 5876 1315 5931 ad
1350 5873 1617 5931 Christum
1643 5873 1811 5929 addu-

547 5968 818 6018 l‘ATItuL.
866 5961 980 6019 Cn.
1036 5959 1192 6022 LIX.

3400 352 3500 409 I28

1893 487 2001 543 eat,
2036 488 2089 534 et
2121 495 2148 531 a
2178 479 2443 548 principio
2473 478 2828 549 apost0licam
2861 476 3223 531 constantiam
3256 473 3495 529 exhibet.

1894 566 2126 639 Ideoque
2145 570 2222 624 ait
2253 570 2500 626 Christus
2523 588 2535 627 :
2566 570 2696 625 Ecce
2716 586 2828 625 vere
2855 568 3119 636 Israelita,
3141 572 3195 625 in
3219 588 3322 644 quo
3356 571 3506 626 dolus

1892 675 1993 714 non
2021 669 2115 716 est.
2146 660 2330 731 Itaque
2353 672 2529 732 potest
2560 662 2797 718 Israelita
2827 663 3059 718 mendax
3088 679 3245 721 esse:
3276 665 3371 721 sed
3396 683 3504 720 nun

1894 752 1983 808 hic
2010 754 2090 807 vir
2122 755 2271 818 talis;
2308 756 2425 825 ejus
2450 756 2648 826 quippe
2671 755 2934 825 judicium
2961 756 3164 812 nullam
3189 757 3351 813 habet
3379 774 3503 829 per-

1892 858 2145 899 sonarmu
2165 848 2562 916 acceptionem;
2584 847 2713 903 nihil
2731 848 2797 903 ad
2814 848 3063 919 gratiam,
3084 850 3214 905 nihil
3234 852 3298 905 ad
3322 853 3504 907 odimn

1894 936 2151 1005 loquitur.
2175 939 2337 1009 Atqui
2363 938 2533 999 Judaei
2560 955 2777 1011 quoque
2801 941 3113 1013 interrogati
3144 943 3232 998 ubi
3257 944 3508 1000 Christus

1894 1040 2227 1095 nasceretur,
2257 1032 2533 1101 dixerunt,
2570 1032 2625 1088 In
2658 1033 2999 1097 Bcthlehem,
3030 1044 3085 1091 et
3112 1035 3213 1091 hoc
3259 1039 3506 1093 testimo—

1896 1121 2043 1175 nium
2081 1123 2449 1192 protulerunt:
2478 1125 2545 1178 Et
2576 1136 2632 1179 tu
2660 1126 2980 1192 Bcthlehem,
3012 1144 3333 1200 nequaquam
3359 1132 3511 1184 mini-

1894 1228 1980 1265 ma
2002 1229 2053 1268 es
2078 1214 2131 1268 in
2158 1215 2474 1285 principibus
2489 1216 2522 1269 J
2530 1219 2651 1270 uda.
2676 1218 2872 1272 Verum
2898 1219 2971 1274 illi
3001 1221 3312 1292 priusquam
3334 1224 3507 1292 ipsum

1896 1305 2164 1371 viderent,
2201 1308 2315 1362 tunc
2345 1308 2779 1364 testiﬁcabantur
2816 1327 2829 1364 :
2879 1311 2969 1366 ubi
3019 1321 3200 1368 autem
3236 1314 3507 1375 viderunt,

1898 1411 2008 1467 pra:
2037 1398 2241 1453 invidia
2268 1401 2644 1456 testimonium
2673 1402 3015 1458 occultarunt
3050 1404 3329 1461 dicentes:
3360 1407 3513 1461 llum:

1896 1499 2066 1544 autem
2096 1491 2346 1547 nescientes
2373 1494 2509 1548 unde
2531 1496 2598 1549 sit
2624 1493 2806 1567 (Joau.
2831 1495 2884 1550 9.
2916 1494 3031 1568 29).
3058 1496 3358 1555 Nathanael
3382 1515 3513 1556 veru

1900 1600 2006 1639 non
2035 1586 2141 1650 sic;
2176 1587 2271 1641 sed
2299 1602 2458 1657 quam
2488 1603 2517 1642 a
2552 1588 2816 1659 principio
2852 1588 2921 1645 de
2947 1590 3040 1645 illo
3068 1594 3378 1662 opinionem
3413 1593 3511 1649 ha-

1899 1679 2036 1743 bnit,
2066 1679 2207 1735 hanc
2230 1682 2484 1745 servavit,
2514 1697 2711 1752 nempe
2738 1682 2886 1737 illum
2917 1698 2946 1736 a
2971 1683 3205 1741 Nazaret
3230 1702 3337 1741 non
3357 1704 3513 1744 esse.

1896 1772 2007 1827 Cur
2031 1787 2162 1842 ergo
2195 1773 2346 1827 illum
2389 1774 2726 1830 Nazarenam
2783 1776 3063 1847 propheta:
3093 1781 3329 1834 vocant?
3359 1780 3512 1849 Quud

1899 1867 1970 1922 ibi
2016 1866 2275 1923 educatus
2318 1868 2526 1931 fuisset,
2564 1878 2619 1924 et
2665 1871 2974 1927 mansisset.
3024 1873 3139 1928 Non
3170 1874 3303 1930 dicit
3332 1885 3513 1932 autem

1898 1958 2168 2027 Christus,
2203 1960 2315 2015 Non
2344 1976 2463 2016 sum
2487 1978 2551 2017 ex
2578 1962 2825 2028 Nazaret,
2865 1974 2923 2019 ut
2953 1966 3046 2020 tibi
3073 1966 3352 2039 Philippus
3374 1986 3513 2025 nuu-

1902 2051 2072 2118 tiavit,
2104 2053 2201 2108 sed
2232 2069 2296 2109 ex
2330 2054 2674 2125 Bcthlehem,
2702 2072 2771 2112 ne
2805 2059 2983 2113 statim
3012 2059 3406 2119 dubitationem
3430 2063 3519 2119 in-

1870 2222 1874 2225 .
1896 2146 2109 2217 jiceret.
2145 2147 2225 2203 Ad
2258 2147 2395 2212 hinc,
2448 2151 2663 2206 etiamsi
2709 2151 2759 2207 id
2794 2154 3179 2221 persuasisset,
3238 2170 3345 2212 non
3396 2158 3518 2214 ido-

1903 2254 2061 2293 neum
2100 2246 2279 2295 tamen
2312 2241 2445 2296 illud
2494 2242 2749 2298 indicium
2781 2253 2919 2307 erat,
2950 2246 3093 2315 quod
3126 2247 3240 2316 ipse
3269 2248 3518 2305 Christus

1902 2341 2067 2387 esset.
2103 2331 2240 2401 Quid
2270 2335 2409 2389 enim
2445 2337 2683 2403 vetabat,
2716 2352 2838 2393 cum
2868 2339 3037 2408 quiin
3070 2340 3387 2398 Bethlehem
3417 2359 3517 2398 na—

1905 2433 1993 2480 tus
2012 2437 2157 2482 esset
2185 2443 2289 2481 non
2320 2444 2439 2484 esse
2467 2428 2763 2496 Christum,
2798 2441 2855 2486 ut
2887 2441 2995 2486 tam
3050 2434 3202 2489 multi
3236 2435 3342 2491 illic
3369 2438 3521 2492 nati?

1906 2516 2019 2573 Hoc
2038 2533 2169 2589 ergo
2194 2520 2375 2587 mittit,
2418 2522 2669 2592 quodque
2716 2523 2866 2577 illum
2898 2525 3067 2595 magis
3098 2525 3164 2581 ad
3189 2527 3521 2584 credendum

1907 2609 2122 2665 trahere
2154 2621 2380 2680 poterat,
2416 2614 2465 2668 id
2498 2618 2627 2685 agit,
2658 2615 2783 2670 dum
2817 2616 3057 2673 declarat
3079 2634 3138 2674 se
3174 2620 3383 2675 illorum
3410 2623 3523 2679 cul-

1908 2702 2089 2772 loquio
2118 2715 2440 2775 prmsentcm
2469 2707 2649 2764 fuisse.
2685 2709 2819 2763 Cum
2852 2710 3077 2766 dixisset
3120 2727 3251 2783 ergo
3280 2714 3403 2769 ille:
3429 2715 3519 2771 48.

1910 2794 2060 2850 Unde
2090 2813 2167 2850 me
2194 2799 2367 2853 nosti?
2397 2802 2699 2871 respondit:
2720 2801 3033 2875 Priusquam
3052 2815 3107 2859 te
3136 2805 3416 2878 Philippus
3437 2825 3523 2862 v0-

1904 2897 2063 2955 caret,
2093 2905 2208 2943 cum
2238 2906 2369 2945 esses
2392 2892 2483 2945 sub
2508 2893 2633 2961 ﬁcu,
2668 2893 2771 2947 vidi
2794 2904 2862 2947 te.
2911 2894 3045 2951 Vide
3072 2897 3203 2951 mihi
3245 2898 3521 2954 hominem

1905 2992 2243 3038 constantem
2277 2994 2333 3038 et
2377 2984 2609 3038 ﬁrmum.
2639 2984 2774 3040 Cum
2805 2986 3034 3042 dixisset
3066 2989 3212 3044 eiiim
3251 2990 3522 3055 Christus,

1908 3070 2045 3127 Ecce
2079 3090 2193 3128 vere
2220 3072 2478 3140 Israelita,
2530 3091 2637 3131 non
2670 3077 2920 3133 laudibus
2968 3081 3243 3138 emollitus
3270 3091 3371 3149 est,
3416 3102 3524 3139 non

1908 3166 2168 3221 encomiis
2198 3177 2404 3238 raptus,
2433 3167 2530 3223 sed
2564 3178 2769 3238 perstat
2809 3160 3088 3241 inquirens
3128 3182 3185 3228 et
3221 3178 3525 3233 accuratius

1907 3260 2218 3328 explorans,
2251 3261 2472 3330 vultque
2516 3262 2723 3317 clarum
2777 3263 3051 3333 quidpiam
3098 3267 3361 3325 ediscere.
3409 3270 3527 3341 Ipse

1910 3352 2073 3423 igitur
2104 3364 2163 3408 ut
2191 3354 2354 3408 homo
2383 3354 2561 3409 adhuc
2586 3357 2868 3426 perquirit.
2898 3358 3056 3415 Jesus
3082 3371 3264 3418 autem
3299 3374 3359 3419 ut
3388 3365 3528 3421 Deus

1911 3444 2221 3515 respondet,
2274 3447 2393 3501 Jam
2444 3458 2493 3503 te
2542 3459 2668 3503 ante
2704 3450 2843 3516 vidi;
2895 3468 3108 3509 morum
3160 3456 3361 3527 quippe
3409 3460 3530 3529 ejus

1909 3539 2236 3607 mquitatem,
2260 3555 2365 3595 non
2396 3549 2453 3594 ut
2482 3541 2642 3597 homo
2665 3544 2751 3613 qui
2777 3544 2949 3613 ipsum
2966 3556 3227 3617 sequutus
3246 3561 3408 3616 esset,
3433 3552 3530 3608 sed

1903 3632 2015 3701 jam
2048 3631 2176 3686 olim
2215 3645 2272 3686 ut
2301 3633 2440 3688 Deus
2472 3646 2731 3691 noverat:
2763 3646 2836 3701 et,
2869 3638 3025 3697 Nunc
3050 3642 3157 3697 vidi
3188 3653 3239 3699 te
3275 3645 3376 3700 sub
3400 3646 3527 3713 ﬁcu,

1910 3739 2032 3779 cum
2086 3726 2266 3781 nullus
2298 3726 2370 3781 ibi
2394 3727 2628 3791 adesset,
2664 3731 2764 3784 nisi
2793 3730 3073 3804 Philippus
3111 3744 3167 3791 et
3208 3736 3527 3806 Nathanael,

1910 3816 2001 3888 qui
2032 3821 2257 3874 seorsim
2289 3820 2360 3874 ibi
2392 3819 2507 3875 hare
2552 3821 2937 3892 loquebantur.
2985 3825 3109 3882 Ideo
3157 3828 3359 3884 dictum
3404 3843 3527 3887 est:

1923 3911 2110 3967 Videns
2151 3913 2296 3967 illum
2336 3931 2370 3966 a
2413 3914 2583 3986 longe,
2625 3916 2800 3971 dixit:
2827 3916 2962 3973 Ecce
3013 3936 3126 3975 rere
3156 3919 3398 3978 Israelita
3427 3941 3445 3978 :
3471 3936 3532 3979 ut

1911 4005 2233 4072 edisceret‘,
2253 4007 2415 4062 etiam
2443 4017 2732 4079 antequam
2756 4010 3034 4082 Philippus
3051 4013 3390 4083 adventaret,
3416 4017 3533 4073 haec

1913 4101 2191 4170 loquutum
2231 4100 2505 4156 Christum
2547 4118 2691 4167 esse,
2725 4120 2794 4160 ne
2824 4116 3133 4177 suspectum
3163 4110 3529 4167 testimonium

1914 4195 2157 4251 haberet.
2194 4194 2425 4266 Ideoque
2470 4205 2524 4251 et
2566 4205 2778 4267 tempus
2808 4198 2943 4254 dixit
2969 4208 3025 4255 et
3055 4201 3256 4268 locum,
3288 4212 3344 4259 et
3367 4205 3531 4260 arbo-

1914 4305 2050 4344 rem.
2095 4289 2228 4344 Nam
2259 4290 2302 4344 si
2338 4299 2544 4345 tantum
2591 4290 2847 4357 dixisset,
2893 4294 3201 4365 Antequam
3255 4296 3533 4370 Philippus

1914 4384 2144 4449 veniret,
2173 4393 2227 4437 te
2267 4383 2529 4449 videram,
2563 4398 2650 4440 res
2680 4394 2931 4455 suspecta
2976 4388 3185 4456 fuisset,
3219 4392 3371 4461 quasi
3419 4394 3534 4464 ipse

1916 4476 2153 4531 misisset
2180 4475 2511 4546 Philippum,
2538 4477 2780 4548 nihilque
2809 4481 2987 4550 magni
3013 4480 3249 4549 diceret;
3276 4500 3419 4542 nunc
3438 4500 3532 4541 au-

1916 4576 2047 4630 tem,
2079 4576 2133 4623 et
2155 4568 2297 4639 quod
2336 4568 2510 4622 locum
2538 4568 2686 4623 dicat
2715 4570 2766 4624 in
2795 4586 2903 4641 quo
2929 4572 3386 4642 loquebaturcum
3409 4576 3533 4631 Phi-

1917 4661 2084 4732 lippo.
2113 4659 2328 4731 etquod
2353 4661 2565 4716 arboris
2586 4663 2846 4733 speciem,
2872 4674 2926 4719 et
2948 4666 3089 4735 quod
3118 4667 3371 4739 colloquii
3398 4679 3534 4725 teut-

1919 4767 2039 4821 pus,
2070 4752 2204 4807 nihil
2255 4752 2403 4806 dubii
2443 4756 2587 4808 clrca
2622 4770 2735 4810 rem
2787 4758 3203 4824 prmnuntiatam
3252 4761 3531 4834 relinquit.

1916 4843 2104 4914 Neque
2126 4843 2249 4897 hinc
2273 4853 2503 4910 tantum,
2532 4846 2626 4900 sed
2650 4846 2757 4901 alio
2783 4862 2996 4918 quoque
3023 4852 3186 4905 modo
3210 4852 3383 4921 ipsum
3407 4870 3534 4910 eru-

1918 4934 2017 4998 dit,
2046 4935 2175 4991 dum
2208 4945 2475 4991 memorat
2495 4952 2558 4991 ea
2579 4953 2703 5007 quae
2733 4936 3003 5002 dixerant,
3035 4956 3249 5011 nempe,
3283 4944 3323 4997 Α
3352 4943 3537 4999 Naza-

1918 5038 1991 5081 ret
2019 5037 2180 5098 potest
2208 5026 2407 5096 aliquid
2449 5028 2567 5082 boni
2615 5030 2763 5084 esse?
2810 5046 2918 5101 quo
2948 5032 3101 5088 illum
3154 5034 3257 5090 sibi
3301 5038 3537 5094 maxime

1918 5122 2257 5187 conciliavit;
2286 5131 2340 5177 et
2369 5122 2513 5193 quod
2542 5123 2691 5177 illum
2736 5124 2808 5179 ita
2839 5124 3148 5196 loquentem
3194 5144 3299 5185 non
3331 5133 3533 5203 impro-

1921 5212 2152 5278 baverit,
2178 5212 2271 5268 sed
2300 5213 2620 5281 laudaverit,
2658 5218 2989 5288 miratusque
3015 5218 3196 5275 fuerit.
3234 5222 3389 5279 Unde
3412 5224 3537 5282 hinc

1920 5305 2083 5359 etiam
2106 5320 2233 5359 vere
2254 5306 2528 5361 Christum
2554 5307 2706 5362 illum
2739 5324 2862 5365 esse
2886 5314 3164 5383 cognovit,
3208 5323 3316 5369 tum
3344 5330 3375 5371 a
3407 5332 3536 5387 pro-

1918 5399 2122 5469 phetia,
2158 5410 2269 5454 tum
2298 5402 2441 5471 quod
2485 5402 2601 5473 ejus
2652 5406 2976 5460 sententiam
3005 5417 3255 5464 accurate
3283 5411 3524 5482 explora-

1917 5501 2022 5555 ret,
2050 5510 2157 5560 quo
2184 5495 2509 5550 ostendebat
2540 5511 2599 5552 se
2631 5497 2721 5551 illa
2747 5500 2912 5553 etiam
2941 5515 3060 5571 quae
3086 5502 3138 5557 in
3172 5513 3357 5559 mente
3381 5512 3529 5559 erant

1922 5588 2253 5658 intelligere:
2281 5590 2349 5643 ad
2385 5589 2500 5644 haec
2544 5591 2704 5644 etiam
2750 5592 2892 5662 quod
2924 5609 2985 5648 ea
3015 5609 3138 5665 qua:
3166 5596 3282 5665 ipse
3307 5596 3447 5666 apud
3476 5611 3537 5652 se

1919 5679 2171 5750 loquutus
2213 5691 2349 5760 erat,
2396 5698 2504 5737 non
2547 5696 2820 5756 argueret,
2865 5687 2973 5742 imo
3011 5686 3280 5745 laudaret.
3322 5688 3475 5756 Quod
3503 5706 3535 5745 a

1946 5883 1955 5892 _
1986 5820 2001 5850 ¹
2039 5820 2179 5892 Savil.
2200 5820 2468 5892 legendum
2504 5832 2660 5886 putat,
2682 5832 2733 5877 ut
2757 5826 3034 5891 cdisrercs;
3057 5829 3146 5880 scd
3174 5828 3407 5880 edisceret
3432 5842 3531 5883 uta-

1923 5878 2015 5934 Iius
2040 5878 2324 5949 quadrat‘acl
2349 5878 2547 5938 seriem.
2648 5878 2658 5886 ’
2870 5878 2909 5880 η
2953 5878 2994 5881 ”
3016 5878 3030 5891 ’
3060 5878 3077 5880 “
3118 5958 3161 6018 8
