4162 6326
655 384 754 439 117

651 496 894 564 Philippo
921 499 1137 547 vocatus
1163 489 1369 550 fuisset,
1396 487 1443 538 id
1473 483 1634 545 dixit;
1665 493 1727 532 ea
1745 490 1874 531 vero
1900 487 2016 543 qum
2046 477 2226 564 mutuo

649 558 849 654 loquuti
896 583 1102 637 fuerant
1145 579 1304 633 missa
1348 575 1630 640 fecit,ejus
1675 564 2015 624 conscientize
2065 558 2224 615 relin-

650 690 836 744 quens,
870 672 1009 739 quod
1037 671 1201 724 nollet
1225 684 1347 724 eum
1378 666 1605 735 amplius
1630 673 1868 729 arguere.

687 765 737 819 5.
762 757 1014 828 Exemplo
1034 753 1342 813 Natltanael
1353 757 1648 825 cognitione
1666 750 1862 806 Christi
1881 744 2228 802 exsultantium

651 863 743 909 est.
779 850 1082 920 Obsequium
1120 848 1198 902 illi
1233 843 1575 917 praestandum
1616 851 1690 894 est
1728 839 1809 892 cui
1841 837 2080 891 creditur.
2111 831 2228 886 Non

650 944 810 998 verbis
835 944 922 997 sed
947 940 1180 1013 aperibus
1205 953 1346 991 amor
1371 934 1650 989 exhibetur.
1679 959 1745 971 --
1776 928 1915 996 Quid
1940 925 2131 996 igitur?
2158 939 2226 978 an

651 1037 823 1090 solum
852 1050 968 1089 cum
995 1033 1270 1101 Philippus
1297 1027 1522 1091 vocavit,
1546 1039 1667 1078 eum
1687 1021 1852 1076 vidit?
1874 1033 2049 1073 annon
2072 1016 2229 1071 etiam

650 1139 805 1182 antea
850 1125 1080 1180 insomni
1130 1124 1222 1178 illo
1264 1122 1420 1176 oculo
1449 1116 1692 1173 viderat?
1721 1114 1939 1169 Viderat
1965 1125 2121 1174 sane;
2153 1107 2230 1162 id-

651 1233 755 1288 que
781 1232 938 1272 nemo
966 1214 1256 1270 diffiteatur
1287 1230 1298 1264 :
1329 1209 1422 1266 sed
1451 1211 1536 1264 hic
1557 1206 1681 1261 illud
1706 1215 1909 1260 tantum
1935 1201 2070 1272 quod
2099 1213 2232 1270 opus

657 1317 772 1361 erat
794 1305 1076 1361 dicendum
1106 1305 1223 1358 fuit.
1251 1301 1387 1368 Quid
1414 1315 1541 1370 ergo
1577 1298 1705 1353 ille?
1734 1297 1867 1364 Quia
1894 1296 2100 1364 signum
2127 1307 2229 1345 non

652 1396 870 1449 dubium
902 1393 1246 1463 praescienliae
1273 1391 1390 1460 ejus
1418 1396 1717 1460 acceperat,
1747 1386 1812 1441 ad
1840 1383 2230 1440 confessionem

655 1488 817 1550 venit,
871 1495 922 1541 et
968 1502 1060 1554 per
1107 1484 1501 1539 cunctationem
1554 1481 1808 1550 priorem,
1840 1475 2231 1532 accurationem

655 1593 805 1631 suam
831 1577 1136 1640 ostendens,
1166 1583 1219 1629 et
1239 1583 1419 1644 postea
1446 1587 1545 1642 per
1572 1583 1894 1626 consensum
1918 1565 2230 1637 probitatem

655 1683 802 1720 suam
846 1667 1121 1720 exhibens.
1165 1662 1298 1719 Nam
1337 1661 1613 1733 reSpondit
1642 1702 1655 1725 ,
1691 1661 1895 1729 inquit,
1927 1667 1976 1712 et
2007 1658 2113 1719 ait,
2142 1653 2229 1709 49.

657 1758 837 1821 Iinbbi,
872 1768 924 1809 tn
949 1774 999 1810 es
1028 1754 1194 1809 Filius
1229 1753 1320 1807 Dei
1342 1794 1356 1816 ,
1387 1763 1440 1806 tu
1477 1768 1528 1806 es
1560 1750 1670 1804 Rea:
1701 1749 1882 1803 Israel.
1916 1745 2099 1800 Viden”
2122 1745 2235 1798 ani-

658 1865 798 1903 mam
825 1848 1018 1918 gaudio
1043 1846 1415 1910 exsultantem,
1435 1853 1488 1898 et
1510 1842 1688 1897 verbis
1715 1841 1896 1896 Jesum
1924 1839 2237 1908 amplexan-

658 1941 807 1995 tem?
856 1941 937 1995 Tu
978 1955 1058 2006 es,
1106 1939 1297 2008 inquit,
1325 1938 1412 1991 ille
1442 1944 1781 2003 exspectatus
1808 1942 1860 1988 et
1883 1932 2231 1987 desideratus.

659 2029 845 2084 Viden’
879 2037 1199 2100 stupentem,
1232 2029 1533 2087 mirantem,
1563 2025 1936 2086 exsultantem,
1960 2022 2234 2076 salientem

658 2139 766 2191 pra:
793 2122 1102 2192 voluptate?
1131 2120 1205 2173 lta
1234 2134 1331 2174 nos
1361 2133 1571 2187 quoque
1594 2116 1826 2186 gaudere
1847 2121 2086 2183 oportet,
2116 2113 2234 2179 qui-

657 2214 754 2268 bus
781 2213 901 2268 Filii
933 2213 1025 2268 Dei
1073 2211 1304 2282 cognitio
1345 2210 1465 2264 data
1516 2217 1629 2272 est;
1675 2205 1944 2277 gaudere,
1987 2205 2230 2274 inquam,

658 2322 761 2358 non
792 2315 970 2360 mente
999 2312 1199 2358 tantum
1229 2343 1242 2366 ,
1275 2300 1370 2356 sed
1402 2299 1559 2354 rebus
1589 2299 1716 2368 ipsis
1745 2295 1994 2367 gaudium
2022 2293 2232 2349 efferre.

659 2397 794 2464 Quid
846 2405 1020 2450 autem
1059 2393 1399 2464 gaudentium
1443 2390 1561 2445 est?
1590 2389 1978 2456 Obtemperare
2004 2385 2050 2440 ei
2082 2399 2238 2464 quem

659 2487 820 2541 nosti.
873 2485 1214 2544 Credentimn
1264 2492 1439 2537 autem
1483 2490 1594 2546 est,
1647 2495 1706 2534 ea
1742 2477 1955 2541 facere,
1985 2490 2102 2545 qua:
2128 2457 2239 2544 ipse

658 2577 806 2632 velit.
840 2577 970 2630 Nam
999 2576 1043 2629 si
1090 2590 1151 2630 ea
1195 2573 1379 2628 facturi
1409 2585 1593 2626 sumus
1613 2612 1627 2634 ,
1659 2585 1776 2639 qua:
1805 2569 1973 2637 ipsum
2002 2565 2066 2620 ad
2107 2566 2237 2619 iram

661 2675 982 2736 provocent,
1013 2665 1275 2721 undenam
1303 2662 1648 2718 ostendemus
1684 2674 1782 2714 nos
1805 2658 2075 2729 gaudere?
2105 2657 2238 2711 Cum

660 2763 778 2830 quis
807 2759 948 2813 domi
971 2758 1199 2812 amicum
1228 2755 1424 2824 excipit
1447 2796 1461 2820 ,
1494 2767 1598 2807 non
1629 2752 1819 2806 videtis
1838 2747 2102 2819 quomodo
2121 2762 2240 2802 cum

663 2848 856 2919 gaudio
899 2848 1077 2900 omnia
1113 2843 1310 2909 faciat,
1351 2843 1582 2912 undique
1611 2841 2071 2903 circumcursans,
2114 2836 2239 2891 nulli

659 2944 734 2998 rei
767 2956 990 3011 parcens
1016 2980 1030 3003 ,
1061 2938 1267 2994 etiamsi
1291 2951 1431 3006 Opus
1460 2936 1530 2989 sit
1571 2933 1848 2987 facultates
1883 2945 2071 2985 omnes
2113 2943 2239 2998 pro-

662 3034 915 3094 fundere;
963 3031 1120 3100 idque
1169 3038 1225 3082 ut
1267 3029 1439 3082 amico
1485 3025 1728 3096 placeat?
1756 3025 1907 3091 Quod
1949 3023 1990 3077 si
2033 3019 2242 3076 vocanti

605 3113 616 3125 ’
661 3140 765 3179 non
793 3124 1206 3190 obtemperaret,
1239 3133 1408 3188 neque
1438 3117 1506 3171 ad
1536 3117 1654 3186 ejus
1684 3115 1932 3184 placitum
1959 3112 2134 3166 omnia
2167 3112 2242 3164 fa-

660 3222 824 3276 reret,
873 3211 1081 3266 etiamsi
1126 3209 1318 3263 millies
1365 3209 1568 3262 diceret
1609 3221 1668 3261 se
1709 3206 1776 3260 de
1821 3205 1985 3274 ipsius
2015 3202 2244 3257 adventu

663 3303 859 3369 Letari,
905 3318 1008 3355 non
1050 3301 1231 3370 utique
1271 3298 1404 3354 ﬁdes
1431 3299 1477 3353 ei
1515 3296 1582 3352 ab
1611 3295 1818 3365 hospite
1846 3293 2160 3358 haberetur;
2191 3300 2246 3347 et

664 3395 854 3448 merito
882 3407 1029 3448 sane.
1060 3392 1190 3446 Illud
1223 3391 1366 3446 enim
1405 3389 1656 3460 operibus
1683 3387 2037 3442 exhibendum
2080 3393 2241 3442 esset.

666 3486 844 3554 itaque
892 3485 1011 3553 quia
1042 3482 1284 3538 Christus
1309 3481 1372 3535 ad
1405 3496 1502 3535 nos
1539 3481 1713 3544 venit,
1757 3479 2099 3533 ostendamus
2149 3491 2245 3532 nos

663 3576 929 3647 gaudere,
985 3575 1220 3644 nihilque
1268 3573 1407 3643 quod
1455 3572 1520 3627 ad
1572 3572 1898 3626 iracundiam
1952 3585 2245 3640 provocare

1395 376 1450 430 S.
1484 364 1758 426 30.\NNIS
1795 354 2262 416 lillliVSOS'l‘UMl
2293 353 2606 408 .-\lt(2ll|l'll’.
2650 348 3178 406 CONSTANTIXOP.

3826 347 3926 399 1⁸28

2336 467 2503 536 possit
2533 466 2786 521 faciamus
2812 482 2823 530 ;
2866 478 3118 518 orucmus
3146 462 3360 517 domum
3398 460 3537 516 illam
3565 461 3614 515 in
3645 477 3803 532 quam
3833 465 3927 515 ad-

2335 559 2477 612 venit
2509 575 2520 611 :
2555 559 2653 611 hoc
2681 556 3024 627 gaudentium
3054 565 3135 609 est
3166 572 3178 607 :
3213 566 3540 623 apponamus
3568 553 3617 605 in
3647 553 3927 621 prandium

2339 649 2388 702 id
2420 650 2560 719 quod
2604 650 2700 719 ipsi
2744 648 2976 702 maxime
3006 647 3177 715 placet
3212 663 3223 698 :
3260 643 3362 698 hoc
3392 643 3777 698 exsultantium
3821 654 3925 699 est.

2335 741 2614 808 Quodnam
2659 755 2788 795 vero
2830 737 3107 809 prandium
3151 735 3279 791 illud
3323 735 3442 790 est?
3487 734 3602 804 Ipse
3632 734 3746 787 ait:
3781 733 3929 788 Meus

2334 835 2471 889 cibus
2492 845 2583 901 est,
2611 843 2664 888 ut
2693 833 2879 903 faciam
2902 832 3206 886 voluntatem
3233 830 3341 898 ejus
3365 829 3450 899 qui
3481 828 3614 880 misit
3645 843 3724 880 me
3745 825 3930 895 (Joan.

2335 926 2389 979 4.
2421 925 2534 994 54).
2574 925 2860 979 Pascamus
2903 923 3078 993 ipsum
3119 920 3444 975 esurientem
3471 961 3484 983 ,
3526 929 3707 988 potum
3739 918 3932 971 demus

2335 1015 2574 1078 sitienti;
2607 1014 2650 1068 si
2684 1013 2766 1069 vel
2797 1028 2986 1082 aquam
3019 1011 3263 1080 frigidam
3296 1009 3512 1064 dederis
3535 1051 3550 1074 ,
3580 1009 3803 1076 accipiet
3831 1026 3845 1061 :
3880 1017 3932 1061 te

2336 1109 2534 1174 quippe
2560 1113 2735 1170 amat;
2765 1103 2922 1156 amici
2951 1116 3077 1156 vero
3104 1100 3242 1156 dona
3265 1141 3281 1165 ,
3326 1100 3666 1169 quantumvis
3693 1100 3886 1168 exigua
3913 1140 3931 1166 ,

2336 1199 2508 1252 amico
2537 1212 2723 1267 magna
2754 1196 3000 1251 videntur
3027 1209 3164 1249 esse.
3197 1193 3276 1248 Tu
3308 1208 3438 1248 vero
3465 1193 3636 1248 Solum
3665 1209 3728 1244 ne
3749 1191 3935 1260 segnis

2336 1299 2487 1356 esto;
2517 1291 2724 1344 etiamsi
2751 1288 2888 1344 duos
2928 1288 3116 1343 obolos
3143 1287 3480 1355 deposueris,
3514 1302 3618 1339 non
3659 1285 3936 1339 aversabi—

2340 1390 2457 1443 tur,
2495 1379 2590 1435 sed
2634 1391 2899 1450 tamquam
2932 1393 3150 1447 magnas
3179 1393 3309 1447 opes
3337 1378 3580 1446 accipiet.
3620 1377 3753 1430 Cum
3784 1377 3932 1431 enim

2339 1470 2481 1524 mulo
2521 1470 2787 1539 indigeat,
2834 1485 3008 1539 neque
3033 1471 3148 1524 haec
3175 1469 3273 1538 ipsi
3305 1470 3607 1523 necessaria
3633 1468 3772 1531 sint,
3807 1466 3936 1536 jure

2341 1578 2444 1617 non
2491 1576 2773 1616 munerum
2823 1561 3277 1630 magnitudinem,
3327 1559 3421 1615 sed
3459 1559 3634 1614 dantis
3682 1559 3934 1628 proposi-

2342 1667 2450 1708 tum
2487 1662 2710 1723 spectat.
2742 1652 2969 1708 Tantum
3010 1652 3232 1707 ostende
3266 1659 3318 1706 te
3347 1651 3722 1706 adventantem
3756 1653 3936 1719 ipsum

2340 1760 2538 1809 amare,
2580 1754 2632 1799 te
2662 1760 2724 1800 ea
2754 1743 2822 1800 de
2850 1758 3010 1798 causa
3045 1743 3175 1797 nihil
3209 1757 3313 1798 non
3341 1756 3528 1811 agere,
3580 1750 3633 1796 te
3677 1742 3744 1796 de
3793 1757 3937 1810 prae-

2341 1837 2513 1893 scntia
2542 1838 2657 1908 ejus
2696 1838 2950 1908 gaudere.
2981 1835 3113 1890 Vide
3143 1836 3411 1905 quomodo
3456 1835 3546 1890 ille
3587 1849 3709 1904 erga
3760 1845 3813 1889 te
3861 1835 3940 1889 sit

2341 1929 2580 1985 allectus.
2622 1929 2850 1997 Propter
2877 1937 2927 1982 te
2959 1926 3212 1994 advenit,
3245 1927 3477 1981 animum
3511 1941 3607 1996 pro
3635 1937 3686 1980 te
3708 1926 3889 1995 posuit
3921 1942 3935 1977 :

2343 2029 2395 2074 et
2426 2030 2541 2089 post
2580 2028 2721 2073 tanta
2761 2018 3018 2074 beneﬁcia
3045 2034 3113 2073 ne
3151 2033 3338 2089 rogare
3363 2017 3578 2088 quidem
3611 2027 3660 2072 te
3700 2030 3937 2072 recusat.

2348 2110 2449 2164 Pro
2471 2110 2669 2165 Christo
2689 2111 2854 2176 enim,
2886 2110 3076 2180 inquit,
3095 2110 3345 2181 legatione
3367 2111 3650 2182 fungimur,
3680 2120 3941 2181 tamquam

2343 2200 2452 2256 Deo
2489 2201 2778 2256 obsecrante
2807 2218 2897 2272 per
2925 2218 3016 2258 nos
3045 2202 3120 2275 (2.
3156 2202 3275 2257 Cor.
3306 2203 3359 2258 5.
3388 2202 3481 2273 20)
3537 2203 3734 2273 Ecquis
3759 2203 3828 2256 ita
3856 2203 3943 2257 fu-

2344 2292 2519 2348 riosus
2549 2302 2650 2360 est,
2697 2301 2755 2348 ut
2782 2293 3057 2348 dominum
3087 2307 3240 2347 suum
3274 2309 3379 2348 non
3406 2293 3586 2347 amet?
3608 2293 3719 2348 lloc
3752 2302 3808 2348 et
3836 2310 3944 2364 ego

2345 2383 2465 2438 dico
2491 2425 2505 2447 ,
2536 2383 2752 2452 scioque
2780 2393 3025 2437 nostrum
3049 2383 3286 2453 singulos
3311 2399 3416 2438 non
3440 2383 3598 2438 aliter
3630 2385 3796 2439 verbo
3829 2384 3945 2438 sal-

2347 2482 2450 2527 tem
2481 2482 2533 2527 et
2559 2482 2738 2527 mente
2768 2487 3022 2527 sensuros
3043 2488 3183 2528 esse.
3212 2473 3317 2529 Sed
3349 2490 3454 2528 non
3488 2474 3666 2529 verbis
3688 2483 3894 2528 tantum
3923 2517 3941 2539 ,

2344 2563 2438 2619 sed
2469 2563 2628 2621 etiam
2661 2563 2914 2634 operibus
2949 2564 3061 2619 vult
3087 2565 3133 2619 is
3158 2565 3247 2634 qui
3277 2573 3488 2619 amatur
3510 2579 3751 2620 amorem
3778 2566 3940 2621 exhi-

2347 2658 2479 2713 beri.
2512 2658 2642 2712 Nam
2668 2659 2712 2711 si
2744 2657 2814 2711 ita
2843 2657 3056 2727 quidem
3085 2657 3385 2728 loquamur,
3421 2673 3596 2728 neque
3624 2670 3948 2728 prscsmmus

2348 2749 2397 2802 id
2424 2747 2564 2818 quod
2603 2755 2844 2802 amantes
2892 2747 3097 2812 solent,
3140 2747 3363 2801 ridicula
3393 2762 3524 2802 sane
3553 2763 3641 2802 res
3685 2757 3797 2814 est,
3832 2763 3947 2804 non

2345 2839 2484 2909 apud
2512 2839 2676 2894 Deum
2708 2847 2909 2894 tantum
2931 2881 2945 2905 ,
2975 2838 3070 2893 sed
3107 2839 3265 2894 etiam
3297 2838 3437 2908 apud
3481 2838 3745 2894 homines.
3789 2840 3947 2908 Quo-

2349 2931 2490 2984 niam
2521 2930 2679 3000 igitur
2705 2929 2882 2984 verbis
2910 2937 3113 2983 tautum
3140 2927 3407 2995 conﬁteri,
3441 2939 3494 2984 et
3523 2930 3682 2986 rebus
3711 2941 3944 2986 contra-

2351 3022 2426 3075 ria
2464 3028 2717 3090 prsestare
2741 3062 2754 3086 ,
2785 3035 2887 3075 non
2923 3020 3110 3075 inutile
3139 3020 3298 3074 modo
3319 3061 3333 3086 ,
3362 3020 3457 3075 sed
3479 3023 3641 3076 etiam
3669 3025 3947 3092 pernicio-

2350 3128 2468 3168 sum
2500 3121 2614 3178 est;
2647 3127 2806 3183 rogo,
2841 3112 3235 3168 confessionem
3256 3128 3360 3182 per
3382 3128 3541 3183 opera
3568 3115 3947 3179 exhibeamus,

2351 3213 2407 3259 ut
2439 3206 2552 3274 ipse
2583 3220 2682 3260 nos
2709 3203 3025 3259 conﬁteatur
3054 3204 3148 3259 illo
3173 3203 3262 3259 die
3282 3247 3295 3271 ,
3327 3204 3541 3274 quando
3567 3205 3707 3274 apud
3731 3206 3951 3263 Patrem

2349 3298 2563 3366 quinam
2613 3297 2755 3367 digni
2798 3299 2905 3352 sint
2943 3297 3322 3352 conﬁtebitur:
3356 3298 3408 3351 in
3436 3296 3648 3352 Christo
3679 3297 3806 3353 Jesu
3839 3301 3952 3354 Do~

2351 3388 2498 3441 mino
2520 3395 2703 3442 nostro
2723 3429 2737 3453 ,
2770 3403 2864 3457 per
2892 3402 3051 3458 quem
3087 3397 3141 3442 et
3174 3402 3297 3442 cum
3327 3403 3432 3458 quo
3461 3387 3603 3442 Patri
3632 3389 3799 3458 gloria
3824 3433 3837 3452 ,
3869 3395 3954 3445 si-

2353 3479 2567 3547 mulque
2587 3488 2773 3534 sancto
2800 3477 3041 3549 Spiritui,
3070 3494 3213 3534 nunc
3232 3487 3284 3533 et
3313 3492 3525 3550 semper
3547 3521 3560 3544 ,
3594 3490 3648 3535 ct
3679 3481 3728 3534 iu
3752 3484 3953 3538 secula

2351 3573 2687 3626 saeculorum.
2719 3575 2908 3627 Amen.

678 3681 3986 3709 ___________—————-a—————————————_——————__

2016 3770 2364 3832 HOMILIA
2407 3769 2586 3831 ΧΧΙ.

669 3929 754 3984 ιθ.
791 3927 1067 3997 Respondit
1095 3924 1395 3980 Nathanael
1415 3965 1428 3991 ,
1461 3934 1507 3979 et
1530 3925 1652 3977 dicit
1677 3925 1721 3977 ei
1748 3940 1764 3977 :
1793 3922 1974 3989 Rabbi,
2003 3933 2054 3976 tu
2077 3939 2127 3976 es
2159 3922 2250 3976 Fi-

738 4023 833 4074 lius
870 4019 998 4084 Dei,
1031 4030 1084 4071 tu
1123 4035 1173 4072 es
1199 4019 1309 4072 Rea:
1348 4015 1530 4070 Israel.
1562 4016 1651 4071 50.
1679 4014 1955 4084 Respondit
1989 4013 2140 4068 Jesus
2162 4053 2178 4079 ,
2205 4024 2250 4067 et

740 4114 868 4166 dixit
894 4115 978 4166 ei:
1010 4111 1142 4178 Quia
1163 4112 1270 4164 dixi
1292 4110 1398 4174 tibi,
1437 4108 1552 4163 Vidi
1572 4116 1620 4162 te
1646 4108 1736 4161 sub
1763 4108 1882 4175 ﬁcu,
1915 4106 2113 4160 credis?
2146 4105 2250 4159 Ma-

737 4206 854 4272 jora
880 4203 957 4256 Itis
983 4201 1189 4256 videbis.

745 4296 795 4348 1.
831 4294 990 4347 Multa
1033 4294 1186 4347 nobis
1217 4307 1345 4345 cura
1387 4305 1522 4360 opus
1566 4299 1691 4356 est,
1726 4289 1935 4355 dilecti,
1968 4291 2256 4360 multisque

673 4387 864 4455 vigiliis
885 4426 898 4447 ,
931 4395 986 4438 ut
1030 4399 1300 4438 sacrarum
1327 4383 1720 4452 Scripturarum
1745 4381 2064 4451 profundum
2091 4381 2256 4451 inspi-

675 4491 796 4531 cere
827 4475 1110 4544 possimus.
1155 4473 1335 4542 Neque
1365 4473 1506 4527 enim
1555 4473 1727 4541 supini
1775 4471 1858 4526 vel
1909 4471 2258 4526 dormitantes

677 4581 959 4636 possumus
985 4566 1099 4634 ejus
1129 4579 1284 4619 sensa
1312 4564 1605 4634 percipere,
1640 4561 1733 4617 sed
1755 4577 1889 4632 opus
1910 4572 1990 4617 est
2009 4571 2257 4618 accurato

679 4658 945 4722 examine,
976 4655 1314 4724 assiduisque
1343 4654 1611 4723 precibus,
1646 4663 1703 4706 ut
1731 4653 1814 4707 vel
1845 4652 2108 4706 tantillum
2135 4667 2257 4722 pos-

681 4748 848 4800 simus
876 4746 925 4798 in
952 4761 1100 4799 sacra
1134 4745 1224 4797 illa
1253 4745 1504 4814 mysteria
1539 4754 1837 4812 penetrare.
1870 4744 2007 4798 Ecce
2031 4758 2260 4812 namque

683 4835 842 4892 hodie
884 4850 987 4889 non
1036 4834 1166 4890 levis
1197 4835 1352 4889 nobis
1390 4834 1615 4903 qumstio
1644 4833 1986 4902 proponitur,
2021 4832 2114 4887 sed
2145 4847 2262 4901 quae

679 4930 845 4983 multa
893 4937 1043 4999 egeat
1094 4927 1404 4996 diligentia,
1458 4926 1620 4979 multa
1674 4926 2076 4996 perquisilione.
2129 4923 2262 4978 Cum

682 5019 974 5074 Nathanael
1008 5018 1174 5082 dicit,
1217 5017 1296 5071 Tu
1323 5033 1374 5070 es
1401 5016 1568 5070 Filius
1598 5015 1732 5080 Dei;
1776 5016 2063 5086 respondet
2104 5014 2260 5069 Chri-

683 5121 820 5177 stus,
867 5110 1000 5177 Quia
1043 5111 1150 5166 dixi
1176 5109 1294 5174 tibi,
1335 5108 1450 5162 Vidi
1472 5120 1517 5163 te
1539 5110 1630 5162 sub
1659 5110 1758 5176 ﬁcu
1786 5150 1800 5174 ,
1827 5109 2029 5163 credis?
2062 5107 2263 5179 Majora

687 5204 764 5256 his
786 5203 987 5258 videbis.
1017 5203 1152 5272 Quid
1180 5203 1432 5272 quaeritur
1457 5203 1595 5256 circa
1630 5203 1897 5269 [immissa
1928 5202 2127 5256 verba?
2158 5202 2264 5256 Cur

691 5296 880 5350 Petrus
910 5304 1025 5363 post
1051 5303 1191 5349 tanta
1215 5294 1467 5348 miracula
1497 5295 1512 5325 ί
1543 5335 1558 5359 ,
1591 5303 1710 5362 post
1739 5303 1934 5348 tantam
1963 5302 2263 5362 susceptam

687 5386 1004 5451 doctrinam,
1055 5385 1132 5439 sic
1180 5384 1477 5450 confessus,
1513 5384 1589 5438 Tu
1629 5401 1680 5439 es
1725 5383 1891 5439 Filius
1920 5383 2048 5448 Dei,
2081 5383 2268 5439 beatus

687 5479 1026 5547 prazdicatur,
1076 5487 1258 5547 utpote
1306 5478 1389 5531 cui
1429 5477 1588 5532 Pater
1621 5476 1733 5530 haec
1773 5476 2092 5532 revelaverit
2117 5491 2131 5541 ;
2161 5474 2264 5530 Na-

757 5639 770 5669 ²
810 5636 864 5686 ln
885 5635 1047 5685 Morel.
1079 5631 1154 5683 hic
1176 5636 1244 5684 sic
1265 5633 1464 5684 effertur
1489 5634 1701 5684 locus....
1724 5651 1746 5679 ι
1765 5633 1975 5683 videbis»
1991 5669 2003 5682 .
2032 5630 2167 5683 stulti
2183 5633 2268 5683 hoc

689 5699 864 5749 Νιγίδιί
909 5709 1184 5760 responsum
1223 5697 1489 5756 audientes,
1515 5698 1742 5760 ancipites
1789 5696 1970 5746 luerent
2015 5696 2222 5746 dicentes
2251 5709 2268 5744 :

693 5760 811 5818 Quid
834 5773 952 5821 ergo
965 5758 995 5808 ξ’
1015 5765 1198 5819 Petrus,
1224 5766 1320 5819 pani
1347 5765 1476 5805 tanta
1495 5758 1742 5815 numculu,
1763 5764 1856 5807 etc.

2360 3921 2568 3978 thanael
2604 3936 2729 3976 vero
2761 3922 2848 3992 qui
2898 3931 3021 3976 ante
3064 3921 3212 3991 signa
3237 3962 3252 3986 ,
3285 3931 3409 3976 ante
3434 3921 3732 3976 doetrinam
3758 3962 3772 3986 ,
3805 3921 3957 3977 idem

2357 4015 2529 4083 ipsum
2557 4023 2639 4068 est
2665 4014 2934 4083 loquutus,
2969 4013 3099 4068 nihil
3125 4014 3228 4067 tale
3254 4012 3479 4080 audivit,
3511 4012 3605 4067 sed
3636 4012 3783 4082 quasi
3811 4013 3957 4069 nihil

2357 4115 2556 4160 tantum
2586 4105 2826 4172 dixisset,
2850 4113 3102 4175 quantum
3130 4119 3264 4173 opus
3292 4113 3426 4170 erat,
3454 4105 3519 4159 ad
3552 4107 3751 4172 majora
3778 4106 3960 4159 mitti-

2357 4197 2481 4250 tur?
2519 4195 2657 4261 Quid
2687 4196 2845 4264 igitur
2886 4195 2938 4248 in
2977 4209 3135 4249 causa
3166 4194 3295 4249 est?
3323 4194 3456 4262 Quia
3499 4193 3684 4248 eadem
3735 4194 3962 4263 quidem

2361 4286 2521 4340 verba
2554 4285 2756 4354 loquuti
2798 4293 2923 4339 sunt
2952 4285 3140 4340 Petrus
3169 4295 3224 4340 et
3267 4285 3561 4339 Nathanael
3584 4325 3597 4347 ,
3632 4299 3729 4339 nec
3771 4294 3962 4340 tamen

2362 4376 2550 4430 eodem
2579 4386 2797 4445 uterque
2823 4391 3004 4430 sensu.
3041 4374 3148 4431 Sed
3180 4376 3368 4431 Petrus
3409 4374 3626 4446 quidem
3671 4376 3967 4432 confessus

2362 4477 2446 4524 est
2464 4484 2588 4523 eum
2612 4468 2800 4523 Filium
2834 4469 2950 4535 Dei,
2986 4478 3041 4523 ut
3069 4484 3252 4522 verum
3283 4467 3475 4533 Deum,
3508 4466 3800 4522 Nathanael
3825 4483 3969 4522 vero

2363 4563 2659 4632 simplicem
2688 4561 2982 4615 hominem.
3011 4561 3076 4614 Et
3104 4561 3371 4614 undenam
3397 4560 3448 4615 id
3474 4561 3627 4616 nobis
3647 4560 3850 4630 liquet?
3878 4560 3972 4616 Ex

2363 4653 2727 4720 sequentibus.
2755 4652 3044 4721 Postquam
3073 4650 3208 4705 dixit
3231 4652 3396 4717 enim,
3433 4650 3510 4704 Tu
3537 4667 3588 4706 es
3617 4649 3786 4706 Filius
3820 4650 3918 4705 Dei
3947 4695 3964 4717 ,

2366 4743 2598 4806 addidit,
2649 4753 2701 4796 tu
2749 4761 2798 4798 es
2847 4741 2959 4796 Rea:
3003 4740 3188 4796 Israel.
3238 4742 3405 4796 Filius
3443 4752 3622 4797 autem
3673 4743 3799 4807 Dei,
3849 4758 3972 4798 non

2369 4833 2576 4888 lsraelis
2606 4844 2845 4900 tantum,
2876 4833 2970 4888 sed
2997 4833 3158 4887 etiam
3190 4834 3334 4888 orbis
3363 4833 3526 4887 totius
3557 4823 3674 4886 ne:
3713 4841 3818 4887 est.
3851 4834 3975 4889 Ne-

2367 4941 2470 4996 que
2497 4925 2616 4980 inde
2643 4926 2812 4979 solum
2841 4925 2891 4980 id
2921 4925 3094 4994 palam
3127 4935 3241 4988 est,
3273 4924 3367 4979 sed
3392 4925 3553 4980 etiam
3582 4940 3648 4980 es
3679 4930 3976 4996 sequenti-

2369 5021 2485 5074 bus.
2518 5019 2676 5073 Petro
2704 5033 2936 5086 namque
2980 5017 3109 5071 nihil
3153 5017 3289 5072 ultra
3322 5017 3519 5086 adjecit
3553 5017 3819 5085 Christus,
3864 5023 3978 5078 sed

2369 5110 2519 5180 quasi
2571 5109 2702 5164 ﬁdes
2752 5110 2870 5178 ejus
2920 5109 3150 5179 perfecta
3197 5119 3379 5174 esset,
3421 5109 3715 5165 Ecclesium
3744 5110 3874 5165 dicit
3907 5130 3982 5169 se

2369 5215 2531 5269 super
2558 5201 2946 5254 confessionem
2978 5199 3093 5268 ejus
3123 5197 3512 5253 aadiﬁcaturum
3535 5213 3676 5254 esse.
3711 5199 3808 5255 llic
3833 5217 3985 5259 vero

2371 5291 2502 5346 nihil
2551 5289 2876 5358 hujusmodi,
2928 5290 3033 5343 imo
3082 5290 3410 5344 contrarium
3466 5289 3744 5344 observes.
3796 5292 3982 5356 Quasi

2371 5381 2513 5437 enim
2542 5380 2810 5436 confessio
2839 5381 2925 5434 illa
2960 5381 3165 5450 potiore
3191 5380 3272 5435 sui
3313 5388 3469 5450 parte
3510 5380 3799 5448 deﬁceret,
3834 5387 3987 5440 reti-

2373 5488 2478 5542 qua
2525 5471 2781 5526 subdidit.
2823 5470 2961 5540 Quid
3001 5474 3143 5526 enim
3174 5473 3286 5526 ait?
3317 5473 3406 5526 51.
3439 5473 3634 5537 Amen,
3665 5490 3817 5530 amen
3853 5477 3988 5535 dico

2374 5563 2510 5618 vobis
2535 5580 2553 5618 :
2581 5565 2764 5618 amodo
2789 5565 3018 5618 videbitis
3047 5566 3228 5618 caelum
3256 5574 3528 5633 apertum,
3557 5574 3604 5620 et
3635 5568 3846 5637 angelos
3879 5573 3987 5627 Dei

2377 5658 2698 5712 ascendentes
2743 5667 2787 5712 et
2819 5658 3170 5711 descendentes
3196 5673 3348 5727 super
3382 5656 3578 5712 Filium
3604 5659 3844 5715 hominis.
3879 5664 3987 5718 Υἱ-

2380 5750 2498 5805 den’
2534 5749 2804 5819 quomodo
2845 5749 2992 5804 ilium
3029 5750 3277 5819 paulatim
3316 5750 3382 5806 de
3411 5761 3550 5807 terra
3578 5751 3777 5824 erigat,
3809 5765 3867 5807 et
3907 5772 3990 5812 eu
