4162 6326
682 310 772 365 131
1375 300 1429 357 S.
1468 297 1741 357 JOANNIS
1777 291 2246 353 CIIRYSOSTOMI
2287 291 2595 349 ARCHIEP.
2625 292 3146 354 CUNSTANTINOP.

680 421 939 479 habuerit.
970 417 1072 476 Ubi
1103 416 1243 473 enim
1274 421 1513 485 parentes
1542 426 1657 467 rem
1683 410 1914 465 divinam
1944 423 2049 463 non
2076 407 2241 476 impe-

674 514 833 568 diunt
856 523 1027 580 neque
1055 504 1358 577 prohibent,
1389 501 1684 557 cedendum
1710 500 1837 570 ipsis
1861 507 1976 563 est;
2009 506 2064 552 et
2087 496 2133 551 si
2153 510 2243 550 sea

677 618 773 658 cus
804 601 913 666 ﬁat,
937 596 1227 669 perieulum
1258 608 1503 663 magnum
1534 601 1617 647 est
1646 609 1659 645 :
1686 606 1806 645 eum
1836 595 2013 643 autem
2036 602 2065 640 a
2089 585 2242 641 nobis

679 688 1049 758 intempestive
1078 685 1347 757 quidpiam
1377 682 1645 753 postulant
1672 722 1686 745 ,
1723 679 1981 748 nobisque
2001 676 2245 730 ofllciunt

680 785 730 835 in
759 777 1121 852 spiritualibus
1148 817 1168 843 ,
1208 790 1311 830 non
1343 783 1511 829 totum
1535 782 1617 829 est
1643 771 1769 839 ip~is
1806 768 2047 839 obsequi.
2090 766 2243 822 Ideo-

682 887 786 940 que
817 872 901 925 hic
925 870 997 925 ita
1029 866 1347 937 respondet,
1374 874 1427 921 et
1453 864 1574 918 alibi
1598 864 1817 917 rursum
1845 879 1858 913 :
1893 860 2020 927 Qua:
2044 866 2114 913 est
2139 872 2247 910 ma-

686 973 760 1016 ter
792 977 921 1027 mea,
944 971 992 1014 et
1019 959 1103 1029 qui
1124 966 1237 1013 sunt
1258 959 1437 1027 fratres
1462 955 1557 1008 mei
1578 952 1766 1023 (Marc.
1786 952 1838 1007 5.
1862 950 1979 1020 5'5)?
2004 947 2243 1004 Nondum

679 1054 821 1109 enim
852 1066 971 1107 eam
1000 1063 1152 1120 quam
1177 1062 1269 1117 par
1285 1045 1481 1101 eratde
1507 1044 1621 1112 ipso
1640 1042 1942 1112 opinionem
1962 1039 2243 1104 habebam;

680 1145 774 1201 sed
805 1144 924 1214 quia
954 1143 1123 1212 ipsum
1152 1146 1466 1209 pepererat,
1513 1144 1738 1190 matrum
1768 1148 1917 1188 more
1944 1130 2156 1198 putabat
2184 1143 2245 1184 se

681 1235 753 1290 illi
803 1247 959 1305 posse
1001 1233 1175 1288 omnia
1209 1230 1499 1301 przecipere
1526 1269 1539 1293 ,
1569 1243 1685 1297 qua:
1712 1226 1859 1280 illum
1885 1234 1943 1279 ut
1968 1223 2244 1278 Dominum

682 1327 861 1382 colere
885 1334 939 1380 et
961 1324 1183 1379 adorare
1208 1322 1477 1378 debuisset
1512 1339 1526 1375 :
1559 1321 1677 1375 ideo
1706 1328 1828 1374 tunc
1852 1319 1921 1373 ita
1954 1314 2243 1386 respondit.

682 1418 896 1489 Cogites
926 1417 1108 1483 velim,
1135 1414 1260 1487 quid
1287 1413 1412 1469 illud
1435 1422 1550 1469 erat
1571 1454 1585 1477 ,
1613 1413 1987 1468 circumstante
2014 1407 2209 1479 populo
2228 1449 2245 1474 ,

688 1516 905 1578 totaque
943 1506 1094 1561 turba
1142 1506 1309 1574 ipsum
1340 1504 1555 1558 intentis
1582 1503 1771 1557 animis
1813 1500 2056 1556 audiente
2087 1541 2103 1566 ,
2150 1497 2248 1553 do-

677 1599 1012 1667 ctrinamque
1033 1596 1375 1667 percipicnte,
1399 1593 1543 1649 illam
1572 1594 1622 1647 in
1650 1592 1882 1647 medium
1906 1590 2247 1647 accedentem

684 1707 713 1744 a
735 1692 989 1749 concione
1016 1691 1184 1761 ipsum
1205 1689 1489 1755 abducere,
1524 1697 1580 1743 ιιι
1602 1687 1824 1743 seorsim
1856 1686 2245 1756 alloqueretur:

684 1799 788 1836 non
820 1782 1032 1836 domum
1062 1779 1288 1851 ingredi.
1320 1778 1413 1836 sed
1444 1777 1585 1833 foras
1610 1778 1778 1848 ipsum
1801 1776 1971 1832 solum
1999 1777 2246 1830 educere.

687 1873 885 1928 Idcirco
910 1870 1120 1927 dicebat
1163 1870 1251 1925 ille
1274 1910 1290 1936 ,
1334 1870 1461 1935 Qum
1501 1878 1571 1923 est
1597 1878 1755 1922 mater
1781 1884 1889 1921 mea
1916 1907 1930 1933 ,
1960 1874 2005 1920 et
2027 1866 2111 1934 qui
2136 1874 2252 1919 sunt

690 1969 872 2032 fratres
893 1965 1034 2018 mei?
1064 1978 1166 2018 non
1193 1972 1415 2017 matrem
1442 1962 1761 2017 contumelia
1789 1960 2048 2026 alliciens,
2077 1959 2248 2025 absit;

690 2058 783 2113 sed
812 2058 912 2127 ipsi
937 2057 1133 2127 optime
1160 2056 1445 2111 consulens
1468 2094 1481 2119 ,
1512 2069 1609 2109 nec
1628 2054 1809 2107 sinens
1825 2068 1943 2106 eam
1970 2050 2070 2105 vile
2098 2050 2250 2119 quid-

686 2149 826 2219 piam
871 2156 923 2202 et
952 2146 1217 2216 abjectum
1246 2145 1311 2199 de
1355 2160 1413 2200 se
1441 2145 1764 2199 existimare.
1796 2141 1927 2195 Nam
1953 2142 1996 2196 si
2026 2141 2250 2195 aliorum

688 2257 871 2295 curam
898 2240 1151 2310 gerebat,
1185 2238 1420 2310 nihilque
1446 2253 1547 2293 non
1578 2239 1765 2308 agebat
1788 2246 1846 2291 ut
1869 2244 2251 2306 congruentem
2284 2250 2287 2251 '

688 2332 753 2386 de
780 2347 837 2388 se
865 2332 1168 2400 opinionem
1212 2330 1312 2384 illis
1357 2330 1618 2399 ingereret
1648 2368 1664 2393 ,
1711 2327 1875 2381 multo
1920 2326 2086 2397 magis
2131 2340 2255 2395 erga

688 2430 911 2475 matrem
944 2422 991 2475 id
1012 2421 1219 2491 agebat.
1243 2420 1374 2487 Quia
1392 2420 1531 2475 enim
1553 2418 1840 2474 verisimile
1864 2426 1964 2486 est,
1986 2432 2107 2472 cum
2131 2416 2252 2470 talia

687 2512 922 2567 audisset
949 2525 979 2566 a
1008 2512 1117 2565 ﬁlio
1150 2552 1165 2575 ,
1211 2511 1443 2565 noluisse
1488 2517 1661 2563 tamen
1702 2507 2112 2577 obtemperare,
2159 2506 2255 2561 sed

690 2607 888 2675 primas
906 2605 1005 2661 sibi
1030 2618 1243 2673 semper
1263 2602 1557 2658 vindicasse
1580 2612 1775 2671 partes,
1801 2609 1985 2669 utpote
2008 2607 2252 2662 matrem,

697 2698 816 2752 ideo
854 2696 933 2751 sic
975 2696 1063 2750 ille
1109 2694 1401 2764 respondit.
1429 2690 1608 2762 Neque
1635 2692 1774 2747 enim
1805 2692 1944 2745 illam
1975 2689 2043 2745 ab
2069 2689 2257 2745 humili

692 2787 938 2857 opinione
957 2783 1022 2838 ad
1043 2784 1401 2839 sublimiorem
1428 2784 1739 2837 sententiam
1756 2782 2033 2843 erexisset,
2052 2780 2098 2835 si
2114 2793 2257 2834 sem-

691 2891 785 2947 per
810 2881 1167 2943 exspectasset
1188 2873 1295 2940 illa,
1323 2886 1382 2927 se
1414 2870 1480 2927 ab
1521 2871 1635 2940 ipso
1667 2881 1933 2940 tamquam
1962 2883 1990 2922 a
2019 2868 2125 2924 ﬁlio
2155 2868 2255 2924 ho-

694 2965 1006 3031 norandam,
1029 2979 1200 3035 neque
1228 2964 1396 3033 ipsum
1412 2970 1466 3016 ut
1490 2962 1767 3015 Dominum
1788 2959 2084 3015 habituram
2113 2974 2255 3014 esse.

701 3059 807 3115 liae
835 3073 963 3129 ergo
992 3057 1061 3113 de
1094 3071 1250 3112 causa
1277 3055 1355 3109 sic
1383 3063 1505 3109 tunc
1525 3053 1837 3122 loquebatur
1862 3069 1875 3104 :
1902 3050 2038 3116 Quid
2064 3051 2186 3105 mihi
2214 3060 2260 3106 et

699 3151 786 3205 tibi
807 3160 896 3215 est,
929 3149 1108 3203 mulier
1128 3151 1153 3202 Ρ
1176 3147 1289 3201 Alia
1316 3160 1525 3217 quoque
1547 3139 1703 3199 causa
1734 3159 1837 3198 non
1874 3144 2049 3199 minus
2069 3157 2258 3198 neces-

696 3242 835 3297 saria
857 3241 1032 3295 all'erri
1064 3248 1254 3310 potest.
1283 3238 1535 3305 Qumnam
1568 3237 1654 3291 illa
1676 3236 1701 3289 ‘l
1720 3234 1797 3291 Ne
1825 3242 1972 3306 gesta
2003 3233 2257 3289 miracula

698 3338 748 3390 in
777 3334 1130 3404 suspicionem
1159 3333 1431 3388 venirent:
1460 3330 1528 3386 ab
1556 3328 1912 3399 indigentibus
1933 3328 2077 3383 enim
2108 3367 2123 3391 ,
2152 3341 2259 3382 non

694 3443 723 3481 a
765 3438 934 3482 matre
975 3424 1245 3494 rogandus
1284 3428 1416 3479 erat.
1462 3422 1679 3490 Quare?
1706 3422 1843 3489 Quia
1886 3421 1970 3476 illa
2018 3437 2135 3492 qum.
2163 3435 2259 3477 eo-

695 3529 976 3592 gnatorum
1029 3520 1275 3590 precibus
1316 3518 1689 3589 impetramur,
1738 3516 1861 3571 licet
1909 3531 2120 3586 magna,
2154 3530 2259 3569 non

698 3620 767 3668 ita
797 3624 943 3685 grata
962 3621 1086 3668 sum
1115 3611 1461 3683 prmsentihus
1490 3619 1546 3665 ut
1574 3610 1855 3680 plurimum
1880 3628 1895 3665 ε
1921 3624 2041 3663 eum
2082 3619 2260 3663 autem

698 3704 994 3774 indigentes
1021 3704 1117 3773 ipsi
1147 3702 1465 3772 supplicant,
1485 3712 1609 3755 tunc
1628 3699 1937 3754 miraculum
1960 3698 2263 3770 suapicione

700 3804 882 3861 vacat,
911 3808 1055 3863 pura:
1081 3792 1262 3847 laudes
1288 3799 1413 3847 sunt
1437 3833 1448 3855 ,
1476 3806 1664 3862 magna
1687 3790 1905 3845 utilitas.

768 3886 820 3942 3.
852 3884 955 3941 Cur
979 3893 1025 3940 et
1051 3901 1149 3954 quo
1175 3892 1339 3939 mente
1358 3882 1584 3938 Christus
1630 3891 1837 3936 matrem
1856 3897 2002 3936 suam
2028 3882 2264 3951 increpa-

700 3977 859 4041 uerit;
885 3991 1138 4045 nunquam
1160 3975 1300 4028 illam
1322 3974 1566 4043 repellere
1586 3971 1817 4025 intendit.
1847 3969 2090 4041 Improbe
2129 3970 2261 4024 nihil

701 4075 909 4135 prosunt
936 4066 1137 4138 cognati
1164 4066 1323 4134 probi.
1368 4064 1579 4135 Cognati
1620 4063 1810 4118 Christi
1845 4062 2129 4133 Πεθρωυηί
2170 4079 2265 4132 ap-

700 4155 1176 4227 pellati—Etenim
1203 4157 1245 4211 si
1275 4155 1392 4226 quis
1417 4155 1647 4224 Optimus
1677 4153 1980 4208 medicusin
2002 4167 2265 4221 aegrorum

698 4249 1050 4321 complurium
1075 4248 1264 4303 domos
1284 4248 1559 4317 ingressus
1583 4286 1598 4311 ,
1623 4245 1689 4299 ab
1712 4246 1924 4314 argrotis
1946 4244 2027 4299 vel
2056 4243 2274 4298 adstanJ

704 4341 845 4396 tibus
878 4340 1011 4395 nihil
1036 4338 1250 4404 audiat,
1277 4338 1370 4394 sed
1390 4354 1418 4391 a
1447 4347 1615 4392 matre
1636 4346 1835 4391 tantum
1872 4346 2086 4407 rogetur
2106 4377 2122 4403 ,
2148 4336 2270 4393 hinc

703 4440 1060 4503 suspeetuset
1088 4430 1342 4485 molestus
1366 4429 1522 4499 :egris
1546 4429 1648 4483 erit
1673 4468 1689 4492 ,
1720 4441 1781 4482 ac
1810 4441 1980 4497 neque
1999 4428 2146 4497 aegri,
2177 4442 2270 4482 ne—

703 4540 806 4594 que
824 4524 1093 4579 adstantes
1113 4536 1358 4593 magnum
1374 4520 1637 4591 quidpiam
1659 4518 1726 4574 ab
1747 4517 1840 4573 illo
1860 4518 2267 4589 exspectabant.

708 4618 829 4673 Ideo
855 4624 980 4671 tunc
1007 4614 1297 4683 increpavit
1322 4612 1525 4677 dicens,
1552 4610 1688 4677 Quid
1711 4610 1833 4665 mihi
1854 4620 1899 4664 et
1924 4609 2010 4665 tibi
2036 4618 2129 4677 est,
2161 4626 2273 4665 mu-

712 4710 803 4762 lier
829 4709 854 4762 .’
876 4720 1097 4762 monens
1122 4706 1265 4759 illam
1297 4719 1364 4759 ne
1396 4703 1570 4758 simile
1612 4702 1881 4772 quidpiam
1913 4702 1965 4756 in
1996 4710 2271 4772 posterum

709 4810 909 4871 ageret.
936 4799 1089 4853 Cum
1118 4810 1344 4866 namque
1370 4794 1444 4850 illi
1472 4801 1588 4849 erat
1613 4801 1884 4848 maternus
1915 4792 2104 4857 honor,
2136 4793 2274 4848 mul-

711 4906 869 4964 toque
897 4890 1062 4961 magis
1091 4889 1232 4944 illius
1256 4887 1429 4951 salus,
1457 4894 1513 4941 et
1537 4886 1717 4941 multis
1739 4884 2039 4955 praestanda
2066 4886 2273 4940 beneﬁ-

710 4987 811 5052 eiu,
842 4999 937 5054 pro
963 4981 1154 5052 quibus
1181 4995 1393 5035 carnem
1433 4977 1697 5033 induerat.
1746 4978 1869 5033 llaec
1912 4978 2089 5049 itaque
2118 4977 2275 5033 verba

712 5090 816 5131 non
839 5081 989 5129 erant
1012 5078 1323 5141 arroganter
1342 5077 1565 5123 matrem
1592 5068 1929 5138 alloquentis,
1950 5068 2043 5123 sed
2062 5067 2280 5137 dispen-

712 5166 970 5230 sationis,
1001 5179 1104 5234 qua
1135 5171 1191 5220 et
1239 5163 1381 5217 illam
1411 5161 1752 5226 institueret,
1775 5168 1829 5213 et
1856 5160 2109 5215 miracula
2156 5174 2277 5214 cum

713 5258 969 5329 dignitate
996 5255 1107 5308 ﬁeri
1148 5253 1468 5323 provideret.
1499 5251 1631 5306 Nam
1657 5251 1798 5321 quod
1826 5266 2018 5321 magno
2049 5250 2190 5304 illam
2226 5250 2277 5305 in

715 5351 918 5404 honore
946 5346 1165 5402 haberet
1190 5384 1205 5406 ,
1227 5344 1312 5398 vel
1350 5342 1452 5399 hoc
1477 5344 1648 5412 ipsum
1675 5382 1691 5407 ,
1720 5350 1778 5395 ut
1802 5349 1999 5396 cretera
2027 5349 2229 5395 taceam
2259 5380 2275 5404 ,

716 5441 853 5507 quod
885 5437 1027 5491 illam
1056 5436 1331 5504 increpare
1356 5432 1614 5498 videatur,
1649 5432 1873 5501 probare
1905 5438 2096 5500 potest,
2130 5430 2276 5484 indi-

716 5529 1000 5598 gualioqttc
1044 5526 1157 5595 ipsa
1205 5537 1450 5593 magnam
1492 5536 1601 5599 prae
1648 5535 1706 5576 se
1759 5521 1860 5575 fert
1905 5520 2279 5574 reverentiam.

720 5626 959 5689 Quonam
985 5628 1161 5673 autem
1182 5627 1337 5687 pacto
1355 5657 1370 5681 ,
1398 5616 1449 5669 in
1480 5614 1719 5685 sequenti
1740 5614 1998 5669 concione
2023 5613 2278 5667 dicemus.

724 5710 847 5767 ll.ec
876 5711 1053 5778 itaque
1077 5710 1314 5780 cogitans
1336 5748 1353 5775 ,
1378 5722 1496 5763 cum
1526 5704 1758 5761 audieris
1784 5704 2061 5761 mulierem
2091 5720 2277 5773 quam-

2619 113 2628 139 l

3822 308 3927 365 132

2351 402 2475 458 dam
2502 405 2789 472 dicentem,
2822 408 3010 464 Beatus
3030 420 3196 465 venter
3222 410 3308 482 qui
3334 419 3383 466 te
3409 417 3629 483 portavit
3650 459 3665 482 ,
3692 428 3739 471 et
3771 423 3927 474 ubrra

2346 510 2459 565 qua:
2477 498 2657 551 auxisti
2682 498 2829 569 (Luc.
2859 502 2943 555 11.
2968 502 3064 572 27)
3093 544 3109 569 ,
3158 502 3415 576 illumque
3456 509 3873 578 respondentem
3905 552 3921 575 ,

2351 585 2639 651 Quinimmo
2658 588 2789 644 beati
2822 591 2907 660 qui
2923 592 3117 664 faciunt
3139 594 3441 649 voluntatem
3460 595 3629 653 Patris
3643 600 3739 661 mei
3758 598 3813 670 (1
3817 600 3907 653 bid
3912 640 3926 653 .

2348 688 2397 726 ν.
2422 675 2546 744 28);
2575 676 2762 733 eadem
2803 681 3065 735 sententia
3100 680 3214 736 luce
3252 682 3395 737 dicta
3436 698 3558 740 esse
3586 688 3925 743 existimato.

2357 763 2473 820 Non
2495 766 2637 821 enim
2660 777 2882 824 matrem
2914 772 3219 840 repellentis
3245 776 3525 843 responsio
3544 786 3625 832 est
3654 819 3670 844 ,
3698 778 3794 834 sed
3824 778 3927 834 de-

2348 855 2630 925 claranlis,
2659 860 2792 915 nihil
2842 861 2938 930 ipsi
2987 862 3317 931 profuturum
3347 864 3513 921 fuisse
3539 877 3747 937 partum
3772 913 3787 934 ,
3820 870 3929 939 nisi

2348 944 2632 1002 admodum
2681 950 2849 1018 proba
2893 952 3171 1022 ﬁdelisque
3215 954 3424 1011 fuisset.
3464 956 3521 1014 Si
3559 974 3718 1029 porro
3744 942 3929 1015 Maria:

2350 1036 2481 1090 nihil
2512 1038 2766 1108 proderat
2793 1041 2935 1111 quod
2960 1043 3229 1100 Christum
3260 1048 3552 1117 genuisset,
3594 1050 3693 1105 nisi
3724 1060 3929 1108 vrrtutc

2350 1128 2601 1185 interiore
2628 1132 2841 1202 praedita
2871 1133 3077 1202 fuisset,
3111 1137 3277 1191 multo
3298 1140 3475 1195 minus
3503 1140 3656 1197 nobis
3687 1143 3931 1213 proderit

2351 1220 2633 1303 probitatis
2662 1225 2986 1291 expertibus,
3020 1226 3064 1281 si
3103 1235 3327 1295 patrem,
3347 1229 3393 1284 si
3421 1230 3661 1298 fratrem,
3684 1233 3728 1287 si
3755 1232 3928 1288 ﬁlium

2351 1309 2572 1377 probum
2598 1321 2652 1366 et
2680 1313 2874 1369 virtute
2922 1316 3201 1385 praeditum
3243 1317 3533 1375 habeamus
3555 1362 3571 1386 ,
3610 1323 3656 1379 si
3683 1338 3781 1380 nos
3805 1324 3931 1395 ejus

2351 1399 2545 1455 virtute
2594 1404 2780 1473 procul
2823 1406 3078 1463 fuerimus
3109 1428 3123 1463 :
3153 1408 3229 1463 ait
3257 1412 3455 1482 quippe
3484 1412 3648 1469 David
3682 1433 3696 1468 :
3739 1414 3932 1470 Frater

2350 1507 2453 1547 non
2478 1494 2680 1547 redimit
2704 1533 2723 1564 ,
2750 1497 2957 1553 redimet
2983 1501 3133 1555 homo
3173 1500 3192 1571 (
3220 1500 3370 1579 Paul.
3395 1504 3484 1560 48.
3514 1504 3547 1561 8
3573 1506 3594 1577 )
3623 1508 3647 1559 ’ἶ
3690 1506 3743 1562 lu
3778 1509 3933 1565 nullo

2350 1584 2545 1654 quippe
2569 1585 2677 1640 alio
2712 1626 2727 1651 ,
2756 1587 2857 1639 nisi
2895 1587 3052 1645 bonis
3077 1591 3329 1661 operibus
3362 1634 3376 1657 ,
3428 1604 3547 1664 post
3580 1597 3671 1651 Dei
3701 1598 3931 1668 gratiam

2351 1691 2473 1747 spes
2498 1678 2686 1733 salutis
2703 1678 2966 1735 habenda.
2992 1681 3121 1736 Nam
3152 1683 3197 1738 si
3225 1693 3409 1754 partus
3435 1686 3499 1741 ad
3534 1686 3583 1741 id
3615 1688 3935 1758 profuturus

2356 1772 2553 1843 Virgini
2583 1784 2698 1831 erat
2719 1817 2733 1838 ,
2764 1776 3100 1846 profuturum
3132 1795 3342 1849 quoque
3362 1781 3561 1837 Judaeis
3592 1792 3709 1839 erat
3738 1825 3753 1850 ,
3783 1784 3935 1853 quod

2350 1862 2547 1918 Christi
2575 1867 2866 1922 secundum
2890 1883 3104 1925 carnem
3135 1873 3341 1941 cognati
3365 1882 3561 1936 essent,
3593 1874 3933 1943 profuturum

2354 1953 2478 2008 item
2527 1955 2725 2010 civitati
2776 1958 2827 2011 in
2875 1974 2976 2027 qua
3019 1970 3175 2015 natus
3200 1944 3371 2028 erat,
3401 1963 3731 2032 profuturqu
3762 1967 3934 2022 etiam

2356 2044 2627 2099 fratribus.
2660 2048 2819 2116 Atqui
2847 2047 2971 2102 dum
2996 2043 3187 2105 fratres
3220 2052 3358 2107 illius
3385 2055 3463 2107 sui
3490 2071 3677 2111 curam
3699 2074 3801 2113 non
3830 2073 3937 2128 ge-

2353 2143 2533 2189 rerent
2558 2177 2571 2200 ,
2600 2137 2736 2192 nihil
2762 2153 2791 2191 a
2821 2140 3151 2209 cognationis
3178 2141 3433 2212 dignitate
3455 2146 3807 2214 jovabantur,
3836 2148 3940 2205 sed

2354 2240 2473 2280 cum
2510 2228 2715 2297 reliquo
2741 2230 2939 2283 mundo
2965 2230 3199 2287 damnati
3224 2244 3372 2288 erant
3402 2253 3415 2288 :
3449 2245 3574 2291 tunc
3611 2253 3735 2293 vero
3760 2240 3940 2294 admi-

2358 2318 2549 2372 rationi
2574 2318 2737 2374 habiti
2765 2331 2907 2389 sunt,
2936 2338 3056 2377 cum
3086 2338 3180 2392 per
3210 2326 3475 2395 propriam
3500 2327 3748 2383 virtutem
3777 2330 3943 2384 el‘fol-

2362 2419 2562 2464 serunt.
2607 2409 2741 2467 Urbs
2769 2421 2944 2467 autem
2981 2422 3035 2467 et
3074 2414 3250 2469 excisa
3278 2427 3330 2469 et
3354 2418 3629 2472 combusta
3655 2429 3736 2473 est
3759 2461 3774 2484 ,
3805 2420 3945 2475 nihil

2361 2499 2485 2555 hinc
2537 2510 2774 2556 mutuata
2816 2504 3035 2559 subsidii
3070 2523 3082 2558 :
3134 2508 3340 2576 cognati
3371 2524 3495 2562 vero
3539 2510 3616 2564 illi
3643 2511 3945 2567 secundum

2359 2605 2577 2647 carnem
2606 2634 2621 2659 ,
2653 2594 2777 2647 e:esi
2808 2595 3003 2650 misere
3036 2596 3340 2664 perierunt,
3365 2597 3499 2652 nihil
3526 2615 3592 2653 ex
3619 2602 3947 2671 cognatione

2359 2681 2423 2735 ad
2443 2682 2664 2736 salutem
2696 2683 2883 2738 lucrati
2918 2726 2934 2752 ,
2961 2686 3083 2756 quia
3110 2686 3327 2742 virtutis
3367 2691 3663 2757 patrocinio
3692 2692 3943 2749 destituti

2358 2780 2532 2826 erant.
2562 2771 2815 2828 Omnium
2839 2783 3014 2830 autem
3036 2778 3459 2844 praestantissimi
3478 2781 3782 2837 claruerunt
3806 2798 3947 2854 apo-

2359 2863 2481 2916 stoli
2514 2903 2527 2926 ,
2559 2862 2681 2933 quia
2732 2878 2912 2918 verum
2963 2874 3015 2920 et
3060 2867 3412 2935 expetendum
3456 2871 3786 2941 cognationis
3822 2874 3950 2944 ejus

2363 2954 2576 3009 modum
2599 2954 2876 3011 subierunt
2904 2971 2997 3025 per
3022 2958 3400 3014 obedientiam.
3438 2962 3572 3017 llinc
3601 2964 3894 3021 ediscimus
3929 3010 3943 3031 ,

2364 3044 2465 3099 lide
2488 3045 2639 3099 nobis
2668 3060 2799 3114 opus
2823 3061 2961 3110 esse,
2982 3056 3035 3101 et
3055 3049 3154 3102 vita
3171 3050 3332 3119 proba
3357 3052 3656 3129 virtuteque
3677 3052 3948 3125 fulgente.

2365 3136 2418 3190 ld
2450 3136 2591 3190 enim
2637 3142 2839 3190 tantum
2870 3140 3024 3193 nobis
3054 3140 3277 3196 salutem
3325 3157 3512 3211 parare
3540 3146 3751 3213 petet-it.
3785 3143 3953 3202 Certo

2362 3231 2569 3299 Cognati
2593 3228 2712 3297 ejus
2741 3230 2906 3284 multo
2929 3238 3170 3300 tempore
3199 3232 3541 3289 admirationi
3577 3234 3791 3291 fuerunt
3822 3238 3951 3292 ubi-

2362 3336 2464 3390 que
2496 3362 2510 3386 ,
2545 3330 2599 3376 et
2624 3321 2919 3391 Desposyni
2945 3322 3192 3391 appellati
3220 3320 3296 3395 (α)
3322 3340 3335 3387 ς
3368 3333 3599 3381 attamen
3631 3342 3700 3382 ne
3727 3330 3952 3385 nomina

2362 3409 2574 3480 quidem
2619 3410 2832 3463 illorum
2863 3414 3100 3476 scimus;
3142 3412 3507 3481 apostolorum
3536 3425 3714 3471 autem
3750 3427 3807 3474 et
3836 3434 3948 3474 no-

2364 3501 2504 3555 mina
2531 3510 2582 3555 et
2610 3502 2715 3555 vita
2738 3502 2933 3571 ubique
2958 3502 3316 3558 celebrantur.
3336 3503 3411 3559 Ne
3442 3505 3617 3577 itaque
3643 3507 3709 3562 de
3728 3512 3957 3579 generis

2366 3591 2641 3646 nobilitate
2673 3592 2688 3623 ¹
2711 3591 2880 3646 altum
2907 3592 3213 3661 sapiamus;
3237 3593 3332 3649 scd
3355 3595 3565 3651 etiamsi
3592 3612 3719 3652 avos
3739 3608 3791 3654 et
3822 3601 3956 3657 aba-

2367 3698 2461 3739 vos
2485 3684 2791 3739 innumeros
2816 3684 2991 3740 claros
3018 3695 3073 3740 et
3100 3685 3337 3741 illustres
3371 3688 3608 3754 proferre
3631 3694 3909 3760 possimus
3938 3737 3956 3763 ,

2369 3775 2578 3829 illormn
2603 3790 2699 3830 uos
2727 3776 2974 3831 virtutem
2998 3792 3254 3847 superare
3280 3793 3536 3835 conemur
3558 3823 3572 3849 ,
3612 3785 3759 3851 gnari
3790 3787 3960 3844 nobis

2369 3866 2419 3919 in
2451 3865 2625 3921 futuro
2657 3855 2860 3937 judicio
2886 3882 2951 3921 ex
2981 3868 3205 3922 aliorum
3238 3869 3431 3925 virtute
3462 3873 3591 3927 nihil
3623 3875 3752 3929 lucri
3784 3875 3906 3934 fore
3939 3922 3958 3949 ,

2370 3958 2476 4012 imo
2506 3958 2556 4013 id
2588 3959 2739 4013 nobis
2765 3959 2977 4029 gravius
3017 3959 3272 4029 judicium
3321 3961 3611 4030 parituram
3643 3980 3781 4020 esse.
3818 3969 3963 4025 Nam

2368 4051 2553 4118 probis
2576 4052 2676 4103 orti
2708 4050 2941 4118 patribus
2969 4091 2983 4115 ,
3025 4050 3275 4120 ἀοιιιίιιιω
3305 4055 3607 4120 exemplum
3641 4056 3911 4114 habentes
3943 4105 3959 4129 ,

2371 4154 2439 4192 ne
2480 4139 2557 4191 sic
2589 4138 2801 4207 quidem
2829 4139 3077 4193 doctores
3127 4140 3415 4195 imitamur.
3451 4143 3575 4198 Ihec
3617 4162 3754 4203 nunc
3784 4149 3916 4205 dico
3945 4195 3963 4219 ,

2372 4228 2495 4297 quia
2529 4227 2754 4297 gentiles
2796 4228 2991 4283 multos
3030 4228 3187 4284 video
3218 4270 3233 4297 ,
3286 4245 3407 4286 eum
3451 4233 3568 4288 illos
3601 4236 3665 4290 ad
3712 4237 3877 4293 (idem
3909 4264 3968 4298 ιιι

2372 4318 2832 4375 Christianismum
2866 4322 3293 4389 amplectendum
3342 4324 3704 4393 cohortamur,
3738 4332 3806 4385 ad
3864 4350 3970 4389 co-

2372 4420 2564 4482 gnatos
2592 4421 2644 4467 et
2669 4426 2796 4465 avos
2823 4427 2950 4467 suos
2976 4414 3264 4481 confugere
3288 4430 3352 4470 ac
3382 4416 3560 4473 dicere
3581 4461 3594 4481 ,
3625 4419 3827 4477 Omnes
3857 4440 3967 4481 eo-

2373 4504 2546 4575 gnati,
2587 4503 2872 4563 familiares
2902 4513 2955 4558 ct
2978 4507 3386 4563 contubernales
3412 4511 3549 4576 mei,
3592 4513 3771 4568 ﬁdeles
3800 4516 3975 4574 Citri—

2376 4598 2532 4651 stiani
2554 4604 2699 4651 sunt.
2730 4595 2866 4663 Quid
2899 4596 2998 4651 hoc
3023 4596 3087 4650 ad
3118 4607 3189 4664 te,
3219 4597 3381 4654 miser
3409 4610 3464 4654 et
3496 4602 3676 4657 infelix
3702 4606 3725 4657 *ἶ
3756 4607 3877 4664 llnc
3912 4613 3971 4667 in

2381 4688 2669 4757 perniciem
2701 4698 2841 4742 luam
2868 4690 3112 4750 vertitur,
3144 4691 3286 4759 quod
3313 4708 3410 4746 nec
3433 4696 3849 4755 contubernales
3884 4721 3979 4760 rt:-

2382 4782 2613 4836 verearis
2645 4820 2659 4845 ,
2701 4780 2842 4835 utad
2875 4782 3125 4835 virtutem
3154 4796 3357 4837 curras.
3387 4783 3592 4841 Rursus
3621 4788 3711 4842 alii
3740 4793 3977 4859 quidam

2383 4871 2565 4926 lideles
2595 4872 2796 4940 utique,
2829 4872 2922 4925 sed
2948 4872 3119 4940 ignavi
3153 4914 3168 4937 ,
3201 4873 3266 4926 ad
3297 4875 3546 4929 virtutem
3594 4877 3800 4935 incitati
3828 4925 3843 4946 ,
3886 4887 3981 4940 id-

2382 4959 2554 5030 ipsum
2581 4960 2875 5015 obtendunt
2900 4976 2914 5012 :
2942 4960 3101 5015 Pater
3126 4976 3295 5026 meus,
3326 4978 3478 5030 avus,
3506 4980 3735 5033 proavus
3756 5011 3768 5034 ,
3808 4976 3885 5040 pii
3917 4994 3983 5031 ac

2383 5054 2577 5109 virttzte
2618 5052 2820 5123 [ιι-τιτιιίιί
2866 5054 3100 5107 fuerunt.
3145 5054 3249 5109 Sed
3281 5058 3381 5108 hoc
3425 5057 3599 5126 ipsum
3646 5068 3696 5114 te
3731 5068 3984 5124 maxinm

2386 5144 2652 5197 damnabit
2680 5185 2695 5208 ,
2731 5143 2871 5213 quod
2898 5159 2927 5197 a
2958 5144 3156 5198 talibus
3182 5155 3328 5199 ortus
3358 5187 3371 5209 ,
3400 5162 3594 5216 genere
3627 5157 3716 5203 tuo
3750 5152 3989 5223 indigni

2387 5246 2680 5305 perpetres.
2707 5238 2840 5291 Audi
2867 5237 2988 5307 quid
3022 5238 3280 5307 propheta
3312 5238 3511 5295 Judteis
3536 5240 3680 5296 dicat
3706 5259 3720 5295 :
3752 5244 3991 5304 Sen-ivit

2381 5326 2549 5402 Israel
2572 5329 2623 5381 in
2645 5326 2851 5381 muliere
2871 5372 2883 5392 ,
2918 5329 3033 5381 etin
3064 5329 3270 5382 muliere
3295 5343 3519 5383 servulus
3552 5342 3624 5385 est
3649 5332 3669 5406 (
3693 5332 3849 5391 Osee.
3892 5342 3988 5398 1‘2.

2391 5420 2503 5490 19.);
2531 5430 2585 5475 et
2611 5420 2873 5483 Christus,
2904 5421 3160 5474 Abraham
3189 5432 3330 5491 pater
3353 5433 3511 5476 vester
3534 5426 3799 5482 exsultavit
3827 5445 3887 5485 ut
3914 5437 3989 5489 ui-

2432 5529 2507 5598 (ul
2550 5530 2792 5597 linguatos
2812 5530 3018 5599 _l_‘.hrisll_,
3045 5533 3415 5599 _Despoaynos__(
3435 5538 3825 5599 Agemadvouc),
3860 5541 3986 5597 sive

2371 5588 2654 5638 [Monuit-os
2678 5592 2957 5652 appellatos
2987 5588 3328 5643 fuisse'refi'rt
3361 5588 3604 5647 Eusebius
3627 5612 3687 5647 ex
3724 5588 3987 5657 aliialii;

2373 5654 2499 5703 llisl.
2527 5651 2657 5700 Evcl.
2702 5666 2748 5703 ιι.
2774 5654 2834 5701 ⁸213
2871 5652 3110 5702 mlilinttis
3136 5654 3340 5703 Vult‘sii.

2422 5666 2499 5701 ISl.
2527 5666 2657 5700 l‘J‘l‘l.

2702 5666 2748 5713 ιι.
2774 5654 2834 5701 ⁸213
2871 5652 3110 5702 mlilinttis
3136 5654 3340 5705 Vult‘sii.

2434 5721 2443 5741 '
2478 5714 2647 5763 Morel.
2676 5713 2842 5776 habet,
2868 5715 2928 5764 dt‘
2949 5716 3243 5779 t'ttgtm‘ltom'.
3269 5732 3371 5778 pro,
3390 5719 3449 5768 tle
3472 5721 3664 5783 grumis
3684 5724 3975 5784 mihimmo
