4162 6326
165 383 266 443 533

162 504 312 555 deret
339 496 470 550 diem
496 505 667 543 meum
694 502 712 550 ;
738 496 786 540 et
828 483 969 547 vidit,
995 489 1039 536 ct
1067 477 1270 549 gavisus
1286 483 1359 527 est
1387 470 1567 542 (Joan.
1585 468 1634 523 8.
1667 464 1782 555 56).

161 554 229 647 Et
259 589 464 656 ubique
507 583 768 634 virtutem
800 587 1022 631 avorum
1056 584 1162 623 non
1192 564 1258 620 ad
1297 562 1512 618 laudem
1546 599 1561 623 ,
1595 556 1689 656 sed
1718 554 1784 609 ad

159 651 436 752 majorem
462 672 869 729 accusationem
912 662 1209 736 proferunt.
1243 657 1369 712 llaec
1397 668 1521 711 cum
1551 651 1788 752 sciamus

155 787 209 830 ιι
247 742 379 837 ἕως,
416 769 547 825 nihil
579 782 686 821 non
718 774 961 832 agamus,
996 765 1053 811 ut
1081 769 1174 825 per
1204 748 1422 821 propria
1446 760 1610 816 opera
1638 742 1785 842 salu-

158 880 284 923 tem
319 874 573 929 consequi
606 856 875 928 possimus
898 890 914 913 ,
948 863 1015 902 ne
1044 848 1243 900 frustra
1275 841 1328 895 in
1360 839 1591 893 aliorum
1616 839 1787 929 gestis

157 971 335 1025 spem
365 925 625 1007 habentes
650 989 666 1013 ,
712 954 839 998 tunc
864 941 1133 996 discamus
1162 948 1262 989 nos
1288 931 1545 1025 deceptos
1563 925 1739 1025 fuisse
1768 963 1783 987 ,

154 1019 305 1102 cum
330 1044 484 1101 nobis
511 1043 627 1096 lnec
654 1036 841 1091 notitia
872 1030 1005 1087 nihil
1027 1026 1283 1099 proderit.
1306 1022 1438 1078 Nam
1466 1019 1532 1073 In
1557 1020 1783 1088 inferno,

1260 358 1325 415 ΙΝ
1363 352 1681 413 JOANNEM
1720 348 1951 407 HOMIL.
1993 344 2160 402 XXII.
2203 345 2277 398 al.
2318 339 2462 397 XXI.
3405 333 3505 388 ιεί

1898 464 2093 533 inquit,
2120 462 2233 532 quis
2261 457 2580 530 conﬁtebitur
2599 456 2689 511 tibi
2717 446 2889 527 (Psal.
2913 452 2963 509 ὕ.
2997 451 3095 525 6)?
3117 452 3215 508 llic
3242 464 3371 521 ergo
3388 465 3506 521 pa;-

1893 553 2174 609 niteutiatn
2216 564 2439 622 agamus
2471 560 2495 617 ,‘
2531 556 2591 603 ut
2630 556 2830 603 aeterna
2881 558 3282 614 consequamur
3313 541 3451 597 bona
3488 580 3503 604 ,

1897 660 2018 718 qua:
2048 660 2146 699 nos
2168 657 2359 698 omnes
2388 640 2623 696 nancisci
2658 638 2956 707 contingat,
2985 636 3155 707 gntia
3186 642 3241 689 et
3268 631 3506 703 benigni-

1898 746 2007 793 tate
2041 734 2250 791 Domini
2284 734 2453 789 nostri
2491 732 2621 788 Jesu
2660 730 2865 784 Christi
2894 771 2908 795 ,
2964 744 3058 799 per
3088 742 3247 796 quem
3280 733 3335 780 et
3381 738 3505 779 cum

1897 844 2005 901 quo
2062 827 2203 883 Patri
2260 826 2430 898 gloria
2477 835 2531 881 et
2581 824 2907 895 imperium,
2953 820 3222 889 simulque
3274 814 3505 888 Spiritui

1896 930 2102 987 sancto,
2129 920 2182 974 in
2204 919 2402 975 saecula
2428 917 2774 973 saeculorum.
2806 916 3003 969 Amen.

159 1132 3511 1200 _____________________________________.._

1591 1228 1945 1294 HOMILIA
1991 1225 2203 1287 XXII.
3304 1200 3306 1202 ’

243 1407 392 1475 Quid
419 1403 545 1457 milii
576 1410 620 1455 et
643 1398 730 1454 tibi
756 1395 975 1451 mulier?
1001 1388 1249 1447 Nondum
1269 1388 1400 1442 venit
1422 1386 1551 1439 liora
1579 1396 1712 1436 mea.

241 1522 308 1575 1.
343 1518 433 1573 Est
460 1514 676 1587 quidam
709 1513 760 1566 in
800 1505 1169 1565 concionando
1196 1502 1369 1568 labor,
1410 1496 1551 1569 quod
1590 1493 1786 1551 Paulus

162 1613 259 1667 his
295 1609 475 1665 verbis
511 1614 781 1661 testatur:
818 1600 918 1669 Qui
956 1599 1080 1653 bene
1117 1602 1341 1668 prazsunt
1368 1589 1663 1663 presbyteri,
1693 1587 1790 1638 du-

163 1706 303 1775 plici
341 1704 534 1756 honore
560 1698 701 1770 digni
728 1694 1008 1751 habeantur
1035 1708 1054 1746 :
1090 1690 1309 1744 maxime
1345 1685 1432 1757 qui
1462 1684 1691 1738 laborant
1733 1678 1786 1731 in

161 1772 330 1851 verba
354 1807 397 1850 et
429 1790 751 1862 doctrina(l.
779 1786 910 1842 Tim.
940 1786 993 1841 5.
1015 1784 1126 1853 l7).
1152 1784 1219 1836 At
1245 1793 1409 1850 penes
1429 1789 1528 1831 vos
1546 1783 1625 1829 est
1645 1772 1788 1826 hunc

163 1890 419 1943 laborent
453 1884 540 1939 vel
566 1885 737 1939 levem
759 1880 840 1935 vel
879 1890 1096 1949 gravem
1126 1871 1373 1928 reddere.
1410 1868 1545 1923 Nam
1574 1864 1619 1919 si
1645 1862 1785 1918 dicta

162 1980 469 2049 respuatis,
504 1975 586 2029 vel
617 1952 724 2028 non
752 1977 1088 2041 respuentes.
1118 1964 1373 2034 operibus
1400 1975 1506 2015 non
1538 1955 1786 2012 exhibue-

160 2073 319 2135 ritis,
344 2072 525 2141 gravis
551 2066 707 2122 nobis
733 2063 885 2118 labor
908 2060 1030 2122 erit,
1061 2057 1201 2130 quod
1224 2054 1418 2111 frustra
1442 2051 1783 2112 laboremus;

160 2167 254 2219 sin
288 2162 605 2227 attendatis,
635 2167 691 2214 et
725 2155 903 2212 audita
947 2149 1337 2221 exsequamini,
1379 2146 1592 2201 sudoris
1627 2144 1787 2213 hujus

162 2274 236 2311 ne
272 2269 502 2310 sensum
536 2249 749 2323 quidem
781 2244 1142 2316 percipiemus
1168 2259 1181 2295 :
1205 2240 1407 2295 fructus
1431 2237 1574 2292 enim
1602 2235 1788 2289 labore

164 2358 364 2417 partus
409 2360 516 2397 non
564 2340 706 2395 sinet
740 2339 982 2393 laborem
1030 2348 1248 2404 gravem
1299 2329 1491 2384 videri.
1527 2327 1709 2395 Itaque
1740 2325 1784 2379 si

163 2414 344 2493 vultis
369 2434 607 2491 Studium
638 2439 881 2487 nostrum
905 2427 1164 2489 excitare,
1197 2436 1302 2476 non
1334 2419 1677 2489 exstinguere
1701 2414 1785 2470 vel

162 2535 446 2594 minuere,
493 2527 747 2587 fructum,
795 2535 1001 2593 quaeso,
1032 2517 1284 2575 exhibete
1330 2513 1505 2579 nobis,
1537 2519 1596 2565 ut
1635 2510 1787 2563 laetas

164 2632 389 2694 segetes
417 2620 681 2683 videntes,
706 2630 803 2686 spe
834 2613 914 2669 rei
936 2612 1074 2668 bene
1091 2607 1342 2681 gerenda:
1364 2605 1477 2660 fulti
1498 2613 1553 2658 et
1573 2602 1787 2659 divitias

166 2724 395 2771 nosti-as
423 2714 439 2744 ¹
467 2717 868 2781 computantes,
901 2722 967 2762 ne
994 2714 1302 2776 torpeamus
1328 2701 1379 2755 in
1404 2700 1505 2755 hac
1536 2708 1641 2751 tam
1674 2695 1789 2751 lau-

165 2820 251 2861 sta
277 2802 674 2875 negotiatione.
694 2798 883 2870 Neque
907 2797 1049 2853 enim
1079 2809 1238 2865 parva
1266 2792 1423 2847 nobis
1460 2788 1619 2845 hodie
1658 2801 1785 2857 pro-

166 2899 397 2969 ponitur
417 2895 665 2965 qtmstio.
696 2893 866 2948 Matre
894 2904 1125 2959 namque
1162 2887 1292 2943 Jesu
1321 2885 1558 2948 dicente,
1596 2879 1787 2937 Vinum

168 3010 274 3045 non
303 2990 530 3055 habent;
554 3002 676 3041 cum
709 2982 1081 3054 reSpondissct
1112 2978 1382 3045 Christus,
1423 2976 1562 3043 Quid
1590 2974 1716 3029 mihi
1740 2983 1788 3028 et

167 3083 257 3136 tibi
284 3090 383 3143 est,
416 3078 645 3132 mulier?
672 3074 921 3130 Nondum
946 3073 1079 3128 venit
1107 3071 1235 3124 hora
1261 3086 1411 3134 mea;
1441 3083 1563 3123 cum
1594 3066 1668 3133 id,
1697 3065 1786 3121 in-

168 3187 360 3244 quam,
389 3168 781 3241 respondisset,
812 3164 954 3236 quod
981 3164 1194 3220 volebat
1225 3172 1395 3216 mater
1432 3159 1629 3217 effecit.
1660 3158 1788 3214 Harc

172 3280 281 3318 non
314 3264 492 3318 minor
519 3261 697 3331 priore
726 3257 949 3327 qumstio
976 3268 1078 3311 est.
1112 3255 1208 3309 Illo
1236 3254 1395 3325 igitur
1423 3253 1674 3310 invocato
1696 3252 1785 3322 qui

174 3360 279 3411 hoc
308 3354 631 3422 miraculum
662 3358 916 3419 operatus
943 3358 1047 3416 est,
1081 3349 1159 3402 sic
1197 3346 1263 3401 ad
1307 3346 1631 3401 Solutionem
1658 3359 1786 3414 pro-

175 3461 452 3516 peremus.
484 3443 604 3499 Non
635 3443 723 3497 hic
743 3443 915 3497 solum
946 3450 1125 3496 autem
1160 3439 1262 3494 hoc
1288 3438 1485 3493 dictum
1516 3437 1784 3501 occurrit;

176 3542 293 3604 ipse
323 3551 557 3605 namque
578 3534 906 3603 evangelista
940 3532 991 3586 in
1014 3526 1359 3601 sequentibus
1375 3530 1523 3593 dicit,
1551 3529 1667 3583 Non
1696 3544 1792 3599 po-

177 3638 401 3683 tucrunt
421 3644 545 3683 eum
574 3624 1003 3695 apprehendere,
1038 3623 1172 3691 Quia
1197 3622 1423 3676 nondum
1443 3630 1643 3676 venerat
1664 3620 1790 3674 hora

180 3724 292 3791 ejus
334 3717 514 3787 (Joan.
560 3718 614 3774 8.
657 3717 750 3782 20)
778 3734 791 3770 :
821 3724 875 3771 et
913 3716 1128 3781 iterum,
1182 3712 1350 3768 Nemo
1388 3714 1523 3767 misit
1562 3714 1614 3767 in
1644 3713 1791 3767 illum

185 3828 387 3876 mamts,
420 3810 542 3879 quia
572 3809 802 3862 nonduin
843 3816 1043 3861 venerat
1074 3807 1199 3859 liora
1226 3807 1336 3875 ejus
1366 3803 1531 3875 (Ibid.
1574 3805 1624 3858 7.
1656 3804 1747 3874 50)
1772 3820 1789 3860 :

188 3919 247 3957 ac
275 3916 513 3963 rursum,
558 3898 701 3953 Venit
747 3900 874 3951 liora
896 3915 915 3952 :
942 3896 1175 3969 glori/ica
1209 3895 1401 3949 Filium
1444 3904 1587 3950 tuum
1624 3894 1789 3963 (Ibid.

190 3995 274 4049 Π.
320 3993 398 4061 ι).
434 3991 562 4047 ιιτω
588 3990 766 4044 omnia
804 4004 899 4058 per
928 3998 1102 4043 totum
1133 3987 1483 4058 Evangelium
1528 3987 1668 4042 dicta
1708 3986 1794 4044 hic

192 4085 397 4155 collegi,
431 4093 489 4138 ut
518 4097 679 4137 unam
714 4080 966 4135 omnibus
994 4079 1317 4135 solutionem
1355 4080 1596 4134 aﬂ'eram.
1638 4080 1797 4145 Quaa-

196 4192 312 4229 nam
339 4184 422 4229 est
448 4175 535 4229 illa
561 4172 799 4229 solutio?
823 4170 940 4225 Non
986 4178 1289 4239 temporum
1329 4172 1639 4226 necessitati
1668 4170 1797 4226 sub-

199 4268 362 4338 jectus
390 4276 502 4323 erat
535 4264 803 4327 Christus,
839 4278 1014 4333 neque
1043 4261 1205 4317 horas
1232 4261 1524 4316 observans
1560 4260 1793 4329 dicebat,

199 4359 440 4417 Nondum
464 4359 593 4413 venit
625 4361 753 4411 liora
781 4372 890 4410 mea
917 4372 936 4411 :
959 4356 1049 4423 (an
1075 4354 1127 4409 id
1148 4353 1463 4409 observaret
1493 4362 1795 4423 temporum

200 4449 403 4522 Opifcs,
434 4462 701 4503 annorum
734 4455 789 4501 et
813 4447 1132 4501 sreculnrutn
1158 4444 1384 4499 Creamr
1403 4444 1464 4515 Ἰ)
1493 4460 1678 4500 verum
1701 4461 1799 4517 per

202 4542 309 4596 ἰεπιο
345 4540 488 4595 dicta
518 4541 618 4594 hoc
650 4538 763 4593 vult
791 4536 1138 4606 signiﬁcare’,
1175 4549 1236 4590 se
1263 4535 1444 4589 omnia
1482 4537 1798 4606 congruenti

204 4642 439 4703 tempore
468 4631 701 4702 operari,
751 4644 853 4685 nco
894 4629 1051 4684 simul
1104 4627 1283 4684 facere
1329 4644 1396 4684 ne
1446 4627 1573 4685 hinc
1617 4644 1796 4686 rerum

206 4725 329 4779 ordo
355 4723 686 4788 turbaretur,
727 4721 771 4775 si
814 4736 920 4775 non
966 4729 1270 4791 opportuno
1311 4727 1555 4790 tempore
1594 4721 1798 4792 singula

206 4816 399 4881 ederet,
426 4814 521 4869 sed
552 4813 735 4867 omnia
771 4812 929 4868 simul
960 4812 1233 4878 misceret,
1260 4812 1684 4882 generationem,
1718 4830 1803 4869 re-

210 4909 615 4973 surrectioncm,
640 4906 921 4977 judicium.
964 4904 1063 4961 Hic
1104 4905 1342 4959 animum
1373 4904 1568 4961 adhibe
1600 4923 1613 4959 :
1646 4920 1805 4975 Opor-

214 5000 623 5054 taitcrcaturam
652 4998 852 5062 facere,
881 4995 977 5052 sed
1008 5012 1114 5051 non
1149 5011 1364 5050 onmem
1405 4997 1592 5061 simul;
1635 4996 1806 5051 homi-

216 5107 326 5145 nem
342 5098 398 5145 et
417 5091 724 5153 mulierem,
754 5087 850 5143 sed
879 5104 984 5142 non
1009 5103 1111 5142 una
1133 5087 1337 5144 ambos.
1360 5085 1612 5158 Oportuit
1635 5097 1807 5143 morte

216 5184 447 5238 damnari
488 5183 782 5237 humanum
824 5196 1012 5251 genus,
1046 5189 1101 5236 et
1151 5180 1603 5235 resurrectionem
1648 5180 1805 5244 fieri;

217 5279 300 5330 sed
331 5278 557 5330 multum
589 5276 725 5328 inter
767 5284 1057 5341 utrumque
1101 5272 1438 5327 intervallum
1471 5280 1605 5327 erat.
1632 5270 1807 5340 Opor-

220 5369 311 5420 tnit
334 5367 446 5421 dari
482 5368 677 5438 legem,
711 5364 806 5419 sed
838 5379 943 5419 non
976 5363 1131 5417 simul
1169 5363 1394 5433 gratiam
1432 5381 1447 5418 :
1483 5379 1668 5418 verum
1698 5363 1810 5416 sin-

218 5462 333 5530 gula
361 5461 473 5514 suis
504 5458 838 5529 temporibus
866 5456 1241 5527 dispensanda.
1285 5455 1399 5510 Non
1440 5456 1660 5511 suberat
1686 5471 1813 5527 ergo

220 5554 456 5609 Christus
504 5562 806 5622 temporum
852 5549 1182 5617 necessitati,
1230 5559 1289 5605 ut
1339 5551 1427 5619 qui
1482 5548 1813 5620 temporibus

280 5686 296 5716 ι
333 5681 469 5734 Savil.
498 5681 644 5745 legit,
672 5689 890 5743 vestras;
914 5682 1076 5731 minus
1094 5688 1253 5745 recte.

277 5748 303 5807 εν
339 5754 438 5795 t‘ost
462 5728 615 5795 verba
631 5728 785 5807 ’aaiéi-i
800 5728 1365 5807 (iniiinii-'3inausa,
1385 5744 1455 5807 sic
1468 5728 1627 5807 (habet.
1650 5744 1791 5795 Savil.
1804 5786 1816 5806 ,

224 5806 309 5855 scit
324 5807 436 5871 quid
459 5814 529 5861 cst
553 5808 684 5866 quod
713 5804 1073 5857 sul-indicarit?
1098 5806 1183 5856 hoc
1207 5805 1303 5855 vult
1326 5804 1619 5869 significare.

1899 1389 2055 1429 suum
2083 1374 2324 1429 ordinem
2356 1374 2758 1444 assignavisset,
2803 1387 2991 1428 eorum
3037 1386 3232 1441 nempe
3268 1379 3504 1426 creator.

1894 1466 1998 1523 Sed
2025 1468 2258 1523 Joannes
2285 1467 2371 1522 hic
2402 1468 2674 1523 Christum
2701 1467 2968 1523 dicentem
2997 1465 3221 1531 inducit,
3254 1464 3505 1519 Nondum

1894 1563 2028 1617 venit
2053 1563 2180 1616 liora
2199 1579 2329 1623 meo,
2353 1562 2647 1617 ostendens
2668 1562 2841 1631 ipsum
2872 1560 3108 1615 nondum
3129 1568 3314 1613 notum
3341 1556 3505 1613 fuisse

1897 1656 2100 1718 multis,
2134 1671 2310 1725 neque
2341 1664 2508 1710 totum
2536 1654 2924 1725 discipulorum
2952 1653 3175 1709 chorum
3208 1651 3502 1712 habuisse:

1894 1748 1989 1803 sed
2018 1749 2260 1804 Andreas
2288 1764 2410 1803 cum
2434 1748 2759 1817 sequebatur
2774 1763 2896 1802 cum
2926 1747 3196 1817 Philippo,
3220 1746 3506 1816 nullusque

1893 1840 2035 1894 alius
2057 1841 2073 1871 ί
2101 1858 2114 1893 :
2141 1840 2248 1893 imo
2274 1856 2404 1896 vero
2426 1856 2602 1912 neque
2642 1839 2695 1894 lii
2728 1855 2918 1895 omnes
2948 1840 3120 1908 ipsum
3163 1838 3236 1891 uti
3265 1852 3361 1907 par
3389 1845 3508 1893 erat

1893 1931 2311 2002 cognoscebant,
2347 1947 2522 2002 neque
2547 1940 2721 1986 mater
2753 1932 2886 1999 ipsa,
2919 1946 3090 2001 neque
3122 1928 3337 1984 fratres.
3372 1926 3505 1983 Nam

1892 2032 2016 2093 post
2047 2024 2210 2077 multa
2234 2023 2376 2077 edita
2426 2024 2681 2078 miracula
2710 2023 2778 2079 de
2810 2022 3065 2076 fratribus
3094 2021 3225 2076 dicit
3266 2035 3505 2089 evange-

1892 2114 2035 2177 lista,
2087 2113 2267 2185 Neque
2295 2120 2478 2184 fratres
2524 2117 2634 2186 ejus
2672 2114 2943 2169 credebant
2988 2114 3041 2166 in
3084 2130 3198 2166 eum
3241 2111 3419 2185 (Joan.
3451 2113 3506 2168 7.

1893 2206 2055 2275 v.5).
2083 2205 2187 2260 Sed
2231 2222 2405 2275 neque
2436 2207 2507 2260 illi
2540 2206 2630 2275 qui
2663 2206 2862 2275 nuptiis
2903 2206 3148 2271 aderant,
3194 2204 3368 2273 ipsum
3403 2220 3503 2259 nu-

1894 2305 2085 2352 verant
2116 2315 2130 2351 :
2159 2296 2395 2367 alioquin
2424 2298 2569 2351 enim
2603 2298 2977 2357 accessissent,
3014 2307 3065 2350 et
3099 2298 3149 2349 in
3183 2296 3507 2351 necessitate

1894 2400 2174 2458 rogassent
2208 2388 2380 2443 illum.
2426 2388 2552 2445 Ideo
2597 2389 2693 2455 ait,
2749 2387 2997 2443 Nondum
3040 2389 3171 2443 venit
3211 2389 3340 2442 liora
3370 2404 3505 2442 mea.

1892 2479 2141 2536 Nondum
2188 2491 2347 2537 notus
2376 2496 2494 2536 sum
2550 2483 2930 2552 prmscntibus,
2969 2482 3064 2538 sed
3118 2499 3292 2554 neque
3333 2483 3507 2538 sciunt

1893 2573 1969 2629 illi
2012 2575 2195 2629 vinum
2241 2574 2494 2631 deiicere.
2538 2574 2686 2638 Sine.
2716 2574 2891 2630 donec
2922 2575 2972 2631 id
3024 2576 3279 2631 sentiant.
3315 2576 3505 2646 Neque

1892 2665 2039 2721 enim
2068 2664 2184 2734 haec
2212 2681 2297 2721 me
2318 2681 2348 2721 a
2374 2676 2425 2722 te
2455 2667 2643 2723 audire
2683 2669 2940 2738 oportuit.
2991 2669 3159 2723 Mater
3184 2669 3386 2741 quippe
3423 2684 3504 2734 es,

1893 2768 1949 2814 et
1979 2760 2295 2815 miraculum
2325 2760 2509 2815 reddis
2550 2771 2886 2830 suspectum.
2927 2761 3228 2832 Oportebat
3272 2762 3393 2818 illos
3425 2762 3506 2818 in-

1892 2850 2137 2923 digentes
2165 2852 2425 2908 accedere
2471 2862 2525 2908 et
2573 2849 2813 2924 precari;
2850 2871 2955 2908 non
2997 2855 3139 2924 quod
3156 2867 3227 2909 'ca
3270 2870 3329 2911 re
3370 2870 3506 2925 opus

1892 2941 2145 3011 habeam,
2174 2944 2269 2999 sed
2297 2954 2354 2999 ut
2384 2944 2481 3013 ipsi
2504 2960 2625 3000 eum
2652 2961 2849 3016 magno
2885 2961 3156 3003 consensu
3188 2948 3505 3004 miraculum

1892 3042 2101 3105 gestum
2130 3035 2458 3104 acciperent.
2487 3034 2621 3090 Nam
2653 3036 2745 3107 qui
2771 3052 2831 3092 se
2872 3037 2925 3092 in
2956 3040 3280 3095 necessitate
3303 3042 3509 3095 consti-

1895 3138 2066 3185 tutum
2115 3131 2280 3196 novit,
2320 3144 2441 3185 cum
2488 3131 2652 3201 petita
2680 3132 2703 3163 ³
2728 3132 3099 3203 consequitur,
3134 3149 3381 3205 magnam
3412 3134 3506 3189 ha-

1892 3222 1985 3279 bet
2012 3222 2273 3293 gratiam;
2302 3225 2391 3293 qui
2418 3240 2548 3279 vero
2570 3226 2947 3281 necessitatem
2982 3227 3218 3281 nondum
3250 3227 3504 3296 advertit,

1894 3331 2072 3387 neque
2094 3317 2341 3372 beneficii
2364 3318 2509 3372 clare
2534 3332 2752 3372 sensum
2776 3319 3018 3389 recipiet.
3046 3319 3113 3375 Et
3131 3336 3247 3388 cur,
3274 3323 3505 3393 inquies,

1895 3419 2179 3481 postquam
2210 3409 2439 3475 dixerat,
2469 3408 2715 3465 Nondum
2736 3413 2868 3465 venit
2899 3412 3026 3467 liora
3052 3430 3178 3479 mea,
3209 3424 3265 3471 et
3292 3431 3509 3473 recusa-

1895 3509 2066 3567 verat,
2096 3500 2148 3556 id
2180 3496 2321 3572 q‘uod
2346 3510 2518 3557 mater
2538 3502 2749 3558 dixerat
2776 3503 3001 3559 elTecit?
3035 3504 3101 3561 Ut
3133 3508 3508 3564 contradicen-

1895 3594 2059 3661 tibus,
2110 3600 2165 3648 et
2219 3596 2529 3664 potantibus
2582 3595 2759 3667 ipsum
2813 3596 2959 3652 hora:
3006 3598 3309 3667 subjectum
3361 3616 3504 3666 esse,

1896 3685 2362 3743 demonstraretur
2390 3688 2563 3759 ipsum
2591 3704 2699 3744 non
2731 3704 2853 3746 esse
2874 3690 3022 3747 hora;
3048 3702 3102 3748 et
3125 3694 3353 3765 tempori
3382 3696 3510 3751 sub-

1897 3779 2091 3835 dlltllll.
2124 3778 2258 3835 Nam
2287 3781 2333 3836 si
2360 3780 2609 3837 subditus
2655 3783 2804 3837 hora:
2831 3783 3038 3849 fuisset,
3077 3786 3352 3855 quomodo
3380 3802 3511 3843 con-

1897 3880 2125 3941 gruente
2154 3870 2395 3926 nondum
2423 3872 2745 3929 adveniente
2766 3873 2897 3930 hora
2930 3876 2979 3929 id
3009 3892 3145 3946 opus
3174 3879 3516 3949 peregisset?

1899 3962 1979 4015 Ad
2014 3963 2129 4017 haec
2154 3963 2205 4037 in
2238 3963 2424 4018 matris
2449 3963 2710 4020 honorem
2759 3966 2810 4020 id
2858 3966 3007 4032 fecit,
3042 3984 3109 4041 ne
3148 3970 3370 4026 omnino
3408 3971 3508 4040 ipsi

1900 4069 2204 4124 repugnare
2250 4055 2547 4120 videretur,
2589 4072 2657 4111 ne
2702 4072 2766 4113 ex
2819 4054 3191 4117 imbecillitate
3234 4060 3284 4116 id
3333 4061 3512 4119 facere

1900 4146 2198 4213 videretur,
2253 4163 2321 4203 ne
2373 4158 2519 4202 tanto
2554 4149 2801 4205 adstante
2834 4162 2977 4207 coetu
3026 4164 3254 4209 matrem
3308 4158 3514 4225 pudore

1902 4237 2146 4294 alliceret
2186 4255 2200 4293 :
2249 4254 2371 4293 nam
2424 4240 2704 4296 ministros
2746 4241 2845 4312 ipsi
2892 4244 3182 4299 obtulerat.
3234 4246 3509 4317 Siquidem

1906 4339 2188 4401 postquam
2218 4330 2537 4387 Chanantezc
2567 4332 2797 4399 dixerat,
2830 4332 2953 4389 Non
2984 4346 3054 4389 est
3094 4337 3282 4392 bonum
3319 4357 3518 4399 suntete

1906 4440 2089 4493 panem
2118 4425 2363 4494 ﬁliorum,
2393 4434 2441 4479 et
2471 4425 2595 4478 dare
2624 4424 2834 4481 canibus
2864 4426 3076 4497 (Matth.
3110 4430 3194 4484 15.
3220 4430 3338 4503 26),
3369 4433 3516 4488 dedit

1908 4523 2083 4569 tamen
2116 4524 2324 4586 postea,
2358 4516 2476 4580 eius
2505 4516 2819 4572 assiduitate
2844 4528 3139 4587 permotus.
3172 4522 3331 4591 Atqui
3354 4524 3515 4580 etiam

1906 4607 2137 4673 dixerat,
2185 4606 2307 4662 Non
2348 4626 2461 4663 sum
2504 4610 2690 4664 missus
2720 4611 2817 4664 nisi
2850 4612 2919 4664 ad
2956 4628 3069 4666 oves
3104 4629 3220 4683 qua:
3258 4616 3520 4685 perierunt

1908 4701 2090 4756 domus
2119 4701 2283 4755 Israel
2306 4701 2469 4772 (Ibid.
2508 4717 2554 4755 v.
2597 4701 2722 4773 24);
2757 4712 3038 4774 postquam
3066 4713 3245 4760 tamen
3289 4706 3404 4763 haec
3433 4709 3519 4764 di-

1910 4803 2082 4858 xerat,
2114 4794 2276 4848 filiani
2306 4794 2423 4862 ejus
2456 4794 2719 4849 liberavit.

1984 4886 2037 4937 2.
2069 4885 2162 4940 llis
2199 4885 2482 4951 discimus,
2518 4900 2618 4939 nos
2648 4886 2749 4940 etsi
2790 4886 3060 4957 indignos,
3092 4889 3408 4946 assiduitate
3443 4904 3516 4949 ta-

1914 4994 2036 5033 men
2070 4993 2167 5032 nos
2195 4994 2338 5046 sche
2359 4978 2551 5049 dignos
2575 4977 2801 5032 reddere
2822 4979 2910 5048 qui
2937 4980 3287 5049 accipiamus.
3319 4983 3524 5041 Idcirco

1916 5083 2090 5127 mater
2117 5082 2166 5126 ct
2198 5072 2553 5141 exspectavit,
2582 5080 2635 5125 et
2664 5073 2936 5139 sapienter
2958 5074 3235 5130 ministros
3260 5076 3521 5142 admovit,

1918 5173 1972 5217 ut
2000 5180 2027 5217 a
2075 5164 2316 5233 pluribus
2361 5174 2661 5233 rogaretur.
2700 5164 2823 5218 Ideo
2852 5163 3060 5219 addidit
3090 5184 3102 5219 :
3137 5168 3190 5222 5.
3225 5168 3524 5234 Quodcum-

1916 5273 2011 5328 que
2042 5257 2225 5310 dixerit
2260 5256 2398 5310 vobis
2444 5255 2615 5326 facile.
2662 5254 2899 5309 Noverat
2930 5258 3072 5310 enim
3107 5256 3281 5325 ipsum
3314 5276 3417 5312 non
3459 5276 3523 5313 es

1922 5349 2289 5403 imbecillitate
2322 5350 2585 5411 rennisse,
2620 5348 2714 5403 sed
2745 5349 2886 5419 quod
2918 5348 3111 5405 fastum
3144 5351 3372 5421 fugeret,
3405 5353 3525 5407 nol-

1922 5444 2097 5513 letquc
2120 5458 2180 5498 se
2209 5443 2274 5497 ad
2301 5442 2613 5496 miracuhnn
2650 5442 2969 5512 patrandum
2998 5446 3177 5497 statim
3222 5446 3482 5513 projicere
3512 5462 3528 5509 ;

1924 5533 2153 5605 ideoque
2181 5534 2458 5588 ministros
2494 5532 2733 5588 adduxit.
2766 5533 2819 5589 6.
2874 5534 3034 5588 lirant
3072 5547 3241 5588 autem
3295 5536 3361 5589 ibi
3402 5535 3530 5603 lapi-

1925 5626 2033 5681 dea:
2079 5625 2277 5697 hydria:
2310 5642 2399 5679 seu:
2439 5625 2617 5696 posita:
2657 5626 2937 5678 secundum
2979 5627 3384 5694 puriﬁcationem
3426 5625 3529 5679 Juv

1992 5745 2005 5774 ¹
2048 5742 2102 5791 ln
2127 5739 2294 5803 Morel.
2322 5740 2521 5803 legitur,
2547 5744 2591 5788 et
2614 5751 2706 5787 non
2733 5738 2880 5803 alius,
2903 5752 2960 5789 nc
2982 5752 3102 5789 unus
3127 5738 3345 5803 quidem.

1993 5813 2009 5840 '-'
2046 5803 2182 5853 Sttxll.
2210 5802 2347 5866 legit.
2368 5800 2622 5863 It".1lll!ttit,
2657 5815 2760 5864 pro,
2787 5801 2951 5865 petitu.
