4162 6326
703 323 800 381 135

704 447 947 500 da'ornm,
971 432 1214 501 capientes
1239 427 1450 495 singula:
1478 434 1704 478 metretas
1735 422 1875 474 binas
1901 421 1977 475 vel
2001 427 2183 471 ternas.
2213 413 2266 465 7.

708 529 848 581 Dixit
872 527 942 580 eis
967 523 1116 577 Iesus
1141 537 1158 575 :
1185 519 1397 584 [inplete
1436 516 1640 586 hydria:
1669 527 1815 581 aqua.
1855 509 1918 563 Et
1947 507 2270 577 impleverant

708 635 792 671 eas
818 630 968 684 usque
1004 613 1072 666 ad
1099 626 1368 666 summanr.
1406 607 1519 661 Non
1558 607 1670 658 sine
1705 615 1862 656 causa
1895 601 2046 663 dixit,
2078 597 2267 650 Secun-

711 709 829 759 dum
871 683 1269 774 puriﬁcationem
1297 696 1629 756 Judwornm;
1657 691 1751 746 sed
1783 706 1848 744 ne
1877 689 1996 758 quis
2040 683 2273 738 fortassis

711 796 999 850 infidelium
1048 789 1301 859 suspicari
1353 795 1525 856 posset
1578 782 1704 837 faece
1752 783 1893 834 intus
1945 781 2272 836 remanente,

712 888 879 942 infusa
919 884 1109 941 deinde
1147 893 1201 938 et
1231 880 1458 934 admixta
1507 891 1639 945 aqua
1687 873 1866 926 vinum
1910 867 2272 925 tenuissimum

709 981 976 1040 evasisse;
1018 976 1136 1030 ideo
1175 974 1268 1037 ait,
1315 969 1601 1027 Secundum
1648 957 2275 1038 pnriﬁcationentludwo-

712 1087 858 1133 rum,
900 1066 1186 1122 ostendens
1234 1064 1287 1117 in
1332 1062 1469 1115 vasis
1527 1059 1629 1112 illis
1673 1068 1956 1124 numquam
2009 1057 2274 1105 servatum

715 1161 873 1215 fuisse
906 1159 1105 1211 vinum.
1132 1153 1263 1208 Nam
1307 1167 1425 1206 cum
1465 1147 1743 1203 Palmstiua
1773 1159 1924 1213 aquae
1949 1139 2162 1211 penuria
2202 1137 2278 1190 la-

715 1250 884 1313 boret,
912 1248 1120 1314 rarique
1149 1245 1254 1297 sint
1277 1241 1346 1295 ibi
1375 1242 1545 1294 fontes
1565 1246 1618 1292 et
1637 1249 1887 1305 aquarum
1912 1229 2275 1298 scaturigines,

710 1353 924 1410 semper
955 1335 1168 1407 hydrias
1209 1347 1344 1400 aqua
1387 1329 1692 1399 implebant,
1733 1341 1800 1380 ne
1840 1325 1885 1378 si
1923 1319 2133 1393 quando
2175 1318 2278 1410 im:

715 1406 895 1487 mundi
926 1406 1131 1492 fierent,
1155 1425 1219 1478 ad
1248 1423 1460 1476 fiumina
1491 1433 1707 1474 currere
1730 1423 2065 1486 cogerentur,
2095 1408 2189 1464 sed
2214 1406 2279 1462 ad

717 1537 932 1578 manum
961 1533 1077 1574 sese
1113 1513 1365 1587 purgandi
1408 1512 1622 1566 modunt
1663 1508 1936 1564 haberem.
1972 1503 2077 1558 Cur
2105 1511 2279 1556 autem

717 1615 923 1684 signum
955 1625 1057 1663 non
1084 1605 1248 1662 edidit
1285 1612 1566 1671 antequam
1609 1599 1708 1653 illa:
1749 1595 2110 1684 implerentur,
2142 1589 2281 1660 quod

718 1683 873 1774 longe
901 1698 1192 1756 mirabilius
1239 1692 1461 1748 fuisset?
1489 1689 1641 1744 Aliud
1689 1690 1832 1743 enim
1873 1693 1956 1742 est
1993 1683 2282 1774 subjectam

717 1772 990 1846 materiam
1035 1789 1085 1842 in
1135 1786 1290 1841 aliam
1331 1782 1639 1854 qualitatem
1679 1772 2075 1843 mutare,aliud
2118 1772 2284 1841 ipsam

716 1881 1061 1934 substantiam
1085 1887 1236 1930 antea
1267 1889 1369 1929 non
1401 1873 1743 1928 cxsistentcm
1767 1881 1987 1929 creare;
2017 1864 2116 1918 hoc
2146 1862 2284 1917 enim

723 1973 877 2040 longe
901 1968 1190 2023 mirabilius
1217 1973 1318 2019 est.
1346 1962 1449 2018 Sed
1473 1977 1558 2015 res
1588 1975 1690 2013 non
1716 1959 1786 2012 ita
1813 1954 2084 2011 credibilis
2103 1951 2287 2006 multis

718 2063 828 2114 visa
848 2059 1051 2113 fuisset.
1075 2056 1302 2124 Ideoque
1324 2051 1695 2106 miraculorum
1716 2045 2127 2117 magnitudinem
2147 2056 2288 2110 saepe

721 2154 944 2207 libenter
970 2151 1173 2212 minuit,
1205 2156 1260 2200 ut
1288 2145 1491 2200 facilius
1521 2143 1608 2196 illa
1637 2139 1939 2195 credantur.
1971 2135 2038 2188 Et
2061 2148 2176 2200 cur,
2203 2133 2289 2185 in-

722 2245 890 2312 quies,
932 2255 1033 2295 non
1087 2239 1198 2307 ipse
1237 2251 1424 2306 aquam
1473 2231 1739 2300 produxit,
1774 2235 1830 2282 ut
1867 2235 1991 2280 ttmc
2018 2226 2067 2278 in
2111 2224 2288 2275 vinum

722 2340 1075 2391 converteret,
1121 2327 1211 2382 sed
1249 2327 1298 2380 id
1350 2324 1622 2376 ministros
1671 2320 1842 2372 facere
1872 2317 2065 2385 jussit?
2094 2313 2290 2367 Eadem

723 2439 928 2478 rursum
954 2423 1019 2476 de
1045 2435 1221 2484 causa,
1254 2427 1306 2472 et
1337 2425 1392 2470 ut
1428 2416 1594 2485 ipsus,
1634 2413 1721 2482 qui
1767 2409 2069 2468 hausvrant,
2102 2404 2176 2459 rei
2213 2412 2290 2457 te-

721 2527 830 2570 stes
856 2513 1092 2575 haberet,
1127 2523 1223 2563 nec
1261 2507 1313 2561 id
1351 2503 1643 2576 prmstigias
1670 2515 1788 2556 esse
1829 2503 2122 2567 putaretur.
2165 2495 2292 2549 Nam

721 2609 764 2660 si
797 2605 883 2674 qui
910 2603 1022 2658 ausi
1051 2609 1227 2656 essent
1247 2597 1298 2652 id
1327 2596 1656 2666 impudenter
1687 2605 1898 2659 negare.
1924 2596 2167 2657 poterant
2196 2585 2293 2638 mi-

725 2673 873 2750 nistri
895 2693 1090 2757 dicere,
1120 2690 1225 2743 Nos
1245 2701 1434 2757 aquam
1476 2682 1766 2737 hausimus.
1801 2679 1878 2732 Ad
1907 2678 2020 2731 tunc
2049 2690 2175 2728 vero
2194 2673 2294 2727 do.

723 2796 896 2852 gmata
935 2794 1115 2840 contra
1165 2781 1454 2836 Ecclesiam
1485 2777 1697 2832 suborta
1732 2773 1938 2828 evertit.
1981 2771 2110 2837 Quia
2152 2770 2293 2823 enim

723 2880 933 2947 quidam
973 2879 1132 2932 alium
1176 2889 1295 2931 esse
1331 2871 1512 2928 mundi
1541 2879 1833 2926 creatorem
1872 2867 2075 2928 dicunt,
2106 2877 2296 2932 opera-

725 2987 830 3039 que
858 2968 1079 3022 visibilia
1113 2982 1217 3020 non
1246 2966 1364 3032 ejus
1382 2977 1520 3027 esse,
1553 2960 1644 3014 sed
1674 2958 1891 3012 alterius
1920 2954 2005 3009 dei
2036 2954 2134 3022 ipsi
2167 2966 2297 3004 con-

731 3061 908 3123 trarii;
933 3068 987 3113 ut
1019 3072 1202 3112 eorum
1229 3055 1484 3109 insaniam
1522 3050 1792 3120 reprimat,
1828 3048 1894 3100 ita
1936 3045 2098 3098 inulta
2136 3044 2300 3096 mira-

729 3151 844 3204 cula
887 3151 996 3204 edit
1041 3164 1106 3201 ex
1151 3145 1402 3215 subjectis
1441 3141 1769 3197 substantiis.
1827 3137 1956 3192 Nam
2007 3137 2049 3189 si
2092 3143 2302 3189 creator

732 3241 827 3308 ipsi
854 3237 1148 3293 contrarius
1177 3244 1338 3302 esset,
1367 3248 1472 3288 non
1511 3231 1695 3286 alienis
1735 3236 1969 3283 uteretur
2003 3225 2066 3280 ad
2109 3233 2298 3293 poten-

734 3331 856 3383 tiam
893 3343 1040 3382 suam
1075 3323 1560 3381 demonstrandam.
1606 3319 1754 3375 Nouc
1798 3319 1953 3389 igitur
1991 3314 2298 3377 ostendens,

732 3437 791 3475 se
813 3419 1055 3475 eumdem
1084 3419 1252 3487 ipsum
1275 3430 1415 3480 esse,
1442 3414 1527 3484 qui
1554 3427 1744 3483 aquam
1767 3411 1818 3464 in
1841 3411 2009 3464 vincis
2038 3417 2223 3471 mutat,
2249 3415 2303 3458 et

732 3511 960 3580 pluviam
987 3524 1079 3580 per
1106 3507 1333 3562 radicem
1365 3506 1415 3558 in
1454 3505 1631 3558 vinum
1665 3501 1946 3566 convertit,
1981 3499 2034 3555 id
2070 3497 2210 3569 quod
2249 3497 2300 3550 in

736 3601 848 3669 ipsa
879 3600 1052 3669 planta
1094 3596 1315 3664 longiori
1343 3604 1582 3665 tempore
1609 3593 1751 3657 facit,
1783 3592 1835 3647 id
1863 3600 2080 3660 repente
2121 3591 2171 3642 in
2202 3605 2302 3643 nuc

738 3689 860 3759 ptiis
887 3695 1134 3758 operatus
1175 3696 1274 3740 est.
1311 3687 1590 3755 Postquam
1637 3693 1810 3737 autem
1862 3682 2169 3750 implessent
2209 3677 2306 3746 by-

737 3781 899 3845 drias,
929 3779 1001 3831 ait
1031 3795 1044 3827 :
1076 3778 1128 3834 8.
1172 3777 1384 3830 Hanrite
1421 3785 1574 3839 nunc,
1606 3785 1650 3828 et
1693 3774 1816 3841 ferte
1839 3770 2200 3825 arclritriclino.
2240 3766 2306 3820 Et

741 3870 976 3923 tulerunt.
1021 3867 1073 3922 9.
1133 3865 1198 3921 Ut
1237 3876 1404 3919 autem
1454 3865 1669 3935 gustavit
1706 3861 2080 3916 arclritriclinns
2124 3875 2305 3928 aquam

740 3961 904 4011 uinum
935 3962 1137 4026 factam,
1168 3966 1212 4009 et
1251 3955 1490 4009 nesciebat
1529 3954 1661 4007 unde
1693 3962 1851 4017 esset;
1890 3951 2102 4004 ministri
2140 3959 2306 4002 autem

742 4048 977 4110 sciebant,
1011 4045 1098 4114 qui
1136 4046 1402 4096 hauserant
1437 4059 1617 4112 aquam
1649 4052 1825 4096 :vacat
1864 4057 2102 4110 sponsum
2136 4041 2306 4092 archi-

745 4139 988 4202 trictinus,
1023 4139 1104 4191 10.
1130 4147 1174 4190 et
1201 4137 1320 4188 dicit
1346 4135 1390 4188 ei
1421 4151 1439 4188 :
1469 4135 1642 4187 Omnis
1691 4134 1835 4185 homo
1875 4133 2093 4201 primum
2127 4132 2310 4183 bonum

745 4226 913 4277 riuum
941 4225 1096 4291 ponit,
1131 4235 1174 4276 et
1211 4239 1322 4274 cunt
1357 4221 1587 4274 incbriuti
1614 4221 1817 4290 fuerint,
1852 4231 1966 4271 tunc
1991 4219 2044 4270 id
2063 4218 2195 4287 quod
2222 4217 2311 4270 de-

748 4315 900 4367 terius
931 4324 1022 4366 est.
1059 4311 1138 4365 Tu
1169 4313 1373 4365 servasti
1402 4311 1584 4364 bonum
1623 4311 1788 4364 vinum
1817 4326 1969 4378 usque
1998 4309 2183 4361 adhuc.
2217 4307 2314 4362 llic

749 4421 955 4458 rursum
982 4405 1193 4474 quidam
1220 4404 1529 4457 cavillantur
1555 4397 1812 4464 dicentes,
1842 4402 2170 4454 cbriosmum
2205 4415 2312 4455 cm-

750 4508 858 4551 tum
883 4496 1060 4561 fuisse,
1094 4496 1332 4549 hebetem
1353 4494 1675 4564 gustantium
1702 4508 1939 4558 sensum,
1959 4495 2044 4562 qui
2070 4509 2177 4546 rem
2208 4508 2312 4548 non

750 4597 964 4658 possent
1000 4603 1207 4657 capere,
1250 4603 1346 4642 nec
1394 4587 1645 4655 judicium
1677 4585 1836 4648 ferre,
1873 4585 1940 4637 ita
1970 4594 2024 4636 ut
2051 4587 2317 4640 nescirent

749 4697 816 4734 an
844 4681 1020 4732 vinum
1060 4694 1124 4731 an
1155 4693 1288 4746 aqua
1329 4678 1380 4730 id
1410 4686 1552 4732 esset
1579 4693 1591 4730 :
1624 4691 1744 4730 nam
1784 4676 1923 4745 quod
1955 4676 2086 4730 ebrii
2116 4687 2315 4739 essent,

753 4773 863 4840 ipse
906 4769 1292 4824 architriclinus
1329 4767 1634 4821 declaravit.
1673 4765 1969 4819 Ridiculum
1999 4765 2154 4833 plane
2192 4765 2317 4818 illud

750 4873 831 4914 est
865 4879 878 4915 :
913 4874 1094 4912 verum
1141 4857 1273 4910 hanc
1313 4857 1519 4910 illorqu
1567 4855 1918 4926 suspicionem
1962 4856 2068 4921 jam
2109 4855 2322 4908 sustulit

753 4950 1090 5019 evangelista.
1127 4946 1240 5000 Non
1272 4946 1409 4999 enim
1435 4947 1684 5000 Convivas
1711 4946 1785 4999 ait
1810 4945 1876 4999 de
1903 4962 1958 5000 re
1991 4945 2074 4998 illa
2107 4955 2321 4999 senten-

757 5042 878 5091 tiam
926 5039 1126 5102 tulisse,
1171 5037 1266 5090 sed
1306 5036 1740 5099 architriclinum,
1781 5037 1867 5104 qui
1908 5036 2112 5089 Sobrius
2151 5034 2323 5088 adhuc

758 5134 882 5189 nihil
912 5143 1225 5203 gustaverat.
1267 5129 1422 5185 Scitis
1451 5131 1645 5200 quippe
1670 5146 1870 5192 omnes,
1911 5131 2103 5199 quibus
2140 5129 2321 5182 eonvi-

756 5228 960 5277 viorum
1002 5238 1126 5276 cura
1161 5223 1503 5277 committitur
1533 5238 1649 5276 esse
1693 5225 1923 5275 omnium
1963 5223 2193 5275 maxime
2230 5236 2322 5276 so-

759 5315 919 5376 brios,
951 5328 1104 5364 unam
1138 5313 1271 5364 hanc
1299 5326 1474 5365 curam
1507 5311 1780 5374 habentes,
1819 5324 1874 5364 ut
1907 5328 2024 5365 cum
2063 5322 2209 5364 recto
2239 5327 2324 5363 or-

755 5402 879 5455 dine
900 5403 1071 5456 omnia
1092 5401 1452 5469 disponantur.
1474 5399 1700 5471 Ideoque
1720 5417 1929 5456 sensum
1950 5403 2092 5454 illum
2113 5403 2321 5469 vigil-tn

757 5503 812 5546 et
840 5491 1075 5546 sobrium
1119 5491 1184 5544 ad
1215 5491 1290 5545 rei
1321 5499 1480 5558 gestae
1508 5493 1863 5546 testimonimn
1907 5493 2168 5546 evocavit.
2211 5491 2320 5544 Non

760 5584 897 5635 ruint
934 5583 1086 5645 dixit,
1124 5581 1381 5636 Infnndite
1411 5583 1650 5636 Convivis
1676 5585 1872 5648 vinum,
1903 5585 2026 5647 sed,
2051 5583 2200 5636 Ferte
2237 5596 2321 5636 ar-

762 5673 1055 5728 rttitriclino.
1084 5673 1148 5731 Ut
1165 5685 1327 5728 autem
1344 5673 1552 5748 gustavit
1573 5676 1937 5729 are/titrirtinns
1958 5694 2134 5744 (tt/num
2160 5677 2321 5728 rinam

1464 310 1517 365 S.
1557 301 1832 394 JQANNIS
1856 293 2321 357 CIIRYSOSTOMI
2362 295 2677 351 AliCIIIlil‘.
2718 294 3247 351 CONS'I‘ANTINOP.

3863 297 3956 352 138

2379 415 2584 480 factum,
2616 423 2660 467 et
2680 412 2921 466 nesciebat
2947 412 3078 465 unde
3099 420 3261 476 esset;
3280 412 3490 464 ministri
3513 423 3679 464 autem
3700 415 3786 464 sci.
3803 415 3959 467 bunt:

2377 516 2519 558 vocat
2547 523 2786 571 sponsum
2811 505 3197 558 arcltitriclinns.
3228 505 3337 559 Cur
3378 518 3480 557 non
3521 503 3794 558 ministros
3827 505 3958 558 allo~

2377 598 2597 666 quitur?
2627 596 2703 651 sic
2739 596 2880 651 enim
2923 595 3235 649 miraculum
3287 594 3577 650 revelatum
3616 604 3780 649 esset.
3827 595 3958 657 Quia

2379 704 2445 742 ne
2477 690 2591 758 ipse.
2624 687 2834 756 quidem
2861 686 3015 741 .lesus
3060 685 3197 754 quod
3241 687 3431 739 factum
3476 684 3645 738 fuerat
3683 685 3958 746 revelavit,

2377 779 2470 833 sed
2499 779 2696 832 sensim
2738 777 3096 846 paulatimque
3122 777 3328 831 volebat
3362 776 3465 829 vim
3502 775 3876 829 miraculorum
3910 775 3959 828 in

2381 870 2621 921 notitiam
2645 870 2843 922 venire.
2871 867 2926 922 Si
2954 884 3079 920 vero
3107 878 3228 920 tunc
3248 867 3574 921 declaratum
3604 866 3807 931 fuisset,
3855 883 3961 921 non

2382 959 2517 1014 fides
2547 957 2786 1012 habenda
2820 949 2946 1011 'erat
2975 957 3230 1011 ministris
3274 957 3643 1022 narrantibus;
3689 957 3783 1012 sed
3823 957 3964 1010 insa-

2382 1051 2496 1106 nire
2519 1051 2683 1121 putati
2708 1051 2946 1114 fuissent,
2975 1065 3093 1105 cum
3121 1049 3343 1115 homini,
3376 1051 3465 1119 qtti
3495 1051 3743 1119 opinione
3767 1051 3961 1102 multo:

2382 1157 2498 1196 rum
2540 1156 2572 1196 e
2621 1141 2782 1209 vulgo
2823 1149 2958 1206 erat,
3006 1139 3128 1194 talia
3177 1139 3562 1194 adscriberent.
3601 1139 3700 1208 Ipsi
3747 1139 3964 1208 quidem

2382 1233 2709 1302 experientia
2738 1247 2847 1285 rem
2873 1233 3017 1286 clare
3046 1241 3304 1286 noverant
3328 1248 3341 1292 ;
3371 1245 3541 1300 neque
3571 1239 3816 1300 poterant
3857 1232 3970 1284 suis

2383 1322 2626 1376 manibus
2657 1321 2815 1375 fidem
2861 1336 3095 1392 negare;
3129 1336 3232 1375 non
3283 1329 3456 1373 tamen
3507 1319 3679 1374 idonei
3713 1330 3868 1374 erant
3911 1331 3970 1373 nt

2383 1413 2501 1466 aliis
2524 1412 2681 1467 fidem
2715 1412 2969 1467 facerent.
3000 1411 3121 1466 Ideo
3150 1426 3254 1465 non
3286 1411 3532 1464 omnibus
3554 1409 3837 1471 revelavit;
3873 1411 3969 1464 sed

2385 1508 2431 1561 ei
2458 1507 2546 1577 qui
2584 1507 2813 1561 maxime
2863 1515 3040 1575 posset
3085 1504 3134 1559 id
3185 1505 3507 1573 perspicere,
3557 1503 3840 1558 clariorem
3890 1505 3970 1556 rei

2387 1595 2624 1650 notitiam
2654 1595 2708 1649 in
2739 1603 3006 1664 posterum
3039 1608 3338 1649 reservans.
3368 1593 3497 1646 Nam
3547 1604 3663 1661 post
3693 1593 3794 1646 alia
3835 1608 3970 1646 con-

2386 1689 2565 1757 spicua
2614 1687 2794 1755 signa,
2864 1686 2965 1740 hoc
3019 1687 3178 1740 etiam
3225 1683 3479 1739 credibile
3537 1682 3772 1736 futurum
3833 1693 3971 1737 erat.

2387 1777 2609 1844 Quando
2631 1778 2771 1832 enim
2801 1775 2964 1831 tilium
2998 1775 3159 1843 reguli
3189 1783 3370 1844 postea
3401 1774 3625 1834 curavit,
3653 1789 3746 1844 per
3768 1790 3828 1827 ea
3853 1791 3922 1842 qu
3944 1792 3974 1828 e

2391 1880 2515 1923 ttmc
2541 1869 2668 1924 dicit
2697 1870 3018 1939 evangelista
3068 1867 3265 1923 indicat
3295 1869 3394 1922 hoc
3435 1869 3590 1922 etiam
3634 1868 3974 1924 manifestius

2393 1959 2572 2014 fuisse.
2623 1959 2746 2013 Ideo
2793 1960 2933 2013 enim
2979 1960 3208 2014 maxime
3253 1961 3468 2028 regulus
3521 1960 3692 2026 ipsum
3739 1972 3974 2022 vocavit,

2389 2050 2510 2118 quia
2541 2049 2674 2119 signi
2706 2049 2857 2104 istius
2877 2064 3073 2119 gnarus
3100 2059 3234 2114 erat,
3265 2059 3323 2102 ut
3350 2049 3482 2102 dixi.
3517 2048 3667 2116 Quod
3695 2047 3980 2103 declarans

2390 2139 2622 2196 Joannes
2651 2140 2904 2195 dicebat:
2945 2138 3089 2194 Venit
3130 2138 3280 2194 Iesus
3322 2141 3373 2193 in
3417 2140 3555 2194 Cana
3603 2139 3850 2205 Catinam,
3893 2140 3980 2194 ubi

2395 2233 2510 2301 fecit
2539 2249 2720 2302 aquant
2759 2233 2968 2286 vinum:
2996 2247 3168 2302 neque
3211 2231 3368 2286 modo
3415 2231 3619 2295 vinum,
3656 2231 3750 2286 sed
3797 2232 3981 2285 vinum

2395 2322 2673 2389 optimum.

2465 2411 2516 2465 '5.
2542 2410 2691 2464 Talia
2719 2422 2841 2464 sunt
2881 2409 3077 2464 Christi
3124 2409 3397 2475 miracula,
3430 2425 3548 2479 quae
3575 2424 3662 2464 res
3705 2410 3984 2464 naturales

2398 2501 2700 2569 prmstantia
2750 2501 2902 2569 longe
2946 2508 3216 2568 superent.
3251 2499 3339 2554 Sic
3384 2509 3436 2554 et
3479 2500 3529 2552 in
3576 2499 3697 2554 aliis
3742 2515 3985 2567 quoque,

2398 2590 2606 2658 quando
2637 2591 2930 2643 membrum
2962 2589 3241 2643 distortum
3273 2589 3521 2652 restituit,
3554 2589 3852 2643 sanioribus
3889 2605 3988 2642 va-

2398 2679 2560 2733 lidius
2587 2680 2781 2733 cffecit.
2829 2679 2980 2745 Quod
3027 2694 3154 2749 ergo
3197 2679 3400 2744 vinum,
3429 2687 3480 2732 ct
3510 2679 3686 2733 vinum
3719 2680 3988 2748 optimum

2399 2770 2525 2824 illud
2553 2780 2714 2832 esset,
2749 2784 2854 2823 non
2883 2769 3042 2823 modo
3068 2769 3316 2833 ministri,
3347 2768 3440 2823 sed
3485 2778 3540 2824 et
3583 2767 3988 2823 arcbitriclinns

2400 2872 2454 2916 et
2478 2875 2708 2931 sponsus
2739 2861 3067 2915 testiticaluri
3094 2869 3283 2925 erant;
3313 2860 3453 2929 quod
3499 2869 3676 2914 autem
3705 2875 3734 2913 a
3765 2858 3992 2914 Christo

2404 2951 2599 3005 factum
2631 2958 2794 3015 esset,
2823 2952 2912 3022 qui
2945 2965 3136 3021 aquam
3182 2950 3490 3006 hauserant.
3526 2950 3600 3004 Ita
3629 2961 3687 3005 ut
3729 2950 3828 3005 etsi
3863 2961 3993 3008 tunc

2403 3043 2714 3098 miraculum
2735 3059 2837 3098 non
2862 3043 3153 3097 revelatum
3182 3042 3386 3108 fuisset,
3414 3058 3519 3096 non
3543 3041 3611 3097 ad
3636 3043 3796 3097 linem
3820 3057 3994 3111 usque

2400 3134 2547 3190 sileri
2580 3144 2758 3204 posset
2787 3151 2799 3188 :
2832 3135 2909 3188 sic
2941 3135 3102 3188 multa
3132 3136 3539 3203 necessariaque
3561 3136 3992 3203 'prmtnitteban-

2403 3234 2492 3288 tut:
2515 3225 2566 3278 in
2591 3224 2821 3279 futurum
2853 3234 3060 3295 tempus
3091 3224 3412 3280 testimonia.
3443 3224 3594 3291 Quod
3621 3227 3760 3279 enim
3792 3241 3994 3295 aquam

2402 3317 2582 3371 vinum
2607 3316 2839 3382 fecisset,
2869 3317 3139 3370 ministros
3167 3325 3328 3371 testes
3351 3317 3533 3370 habuit
3565 3336 3577 3371 :
3611 3317 3749 3387 quod
3791 3319 3995 3371 bomnn

2403 3411 2583 3462 viuum
2624 3418 2784 3473 esset,
2827 3408 3243 3462 arebitriclinum
3284 3418 3337 3462 et
3367 3423 3641 3478 sponsum.
3692 3409 3999 3465 Verisimile

2403 3511 2580 3555 autem
2607 3511 2688 3555 est
2716 3516 2969 3569 sponsum
3009 3501 3202 3569 aliquid
3235 3501 3301 3554 ad
3333 3500 3446 3556 haee
3484 3502 3826 3571 respondisse
3854 3519 3866 3554 :
3904 3517 3998 3554 \e-

2407 3606 2522 3644 rum
2549 3591 2869 3658 evangelista
2901 3590 2966 3643 ad
3010 3590 3174 3657 magis
3207 3591 3503 3644 necessaria
3542 3605 3855 3661 properans,
3895 3593 4002 3645 hoc

2410 3689 2608 3733 tantum
2630 3679 2892 3734 recensito
2916 3679 3087 3748 signo,
3115 3687 3305 3733 cietera
3337 3680 3692 3746 praetermisit.
3736 3680 4005 3734 Necessa-

2411 3770 2542 3822 rium
2574 3769 2765 3836 quippe
2795 3777 2909 3822 crat
2943 3776 2999 3820 nt
3025 3768 3252 3822 sciretur
3281 3769 3451 3836 ipsum
3479 3785 3669 3839 aquam
3707 3771 3760 3823 in
3811 3769 4001 3825 vinum

2411 3859 2733 3921 mutavism;
2774 3860 2897 3928 quid
2944 3874 3069 3913 vero
3099 3859 3460 3914 architricliun
3491 3875 3720 3927 sponsus
3768 3877 4004 3932 respou-

2410 3950 2565 4012 derit,
2599 3948 2801 4004 referre
2832 3948 3190 4003 necessarium
3221 3965 3325 4003 non
3359 3950 3584 4019 putavit.
3613 3950 3774 4004 Multa
3800 3953 4008 4022 quippe

2413 4043 2557 4110 signa
2587 4043 2811 4110 primum
2836 4042 3166 4106 obscuriora,
3190 4055 3474 4109 progressu
3499 4047 3754 4110 temporis
3769 4046 4006 4099 Clarium

2416 4131 2549 4186 facta
2577 4142 2715 4193 sunt,
2751 4132 2814 4184 iis
2855 4144 3102 4183 accurate
3147 4132 3488 4186 narrantibus
3529 4129 3616 4201 qui
3659 4148 3689 4186 a
3737 4135 4010 4202 principio

2419 4221 2674 4274 viderant.
2727 4221 2875 4275 Tune
2925 4222 3084 4289 igitur
3126 4222 3304 4275 vinum
3354 4238 3418 4275 ex
3457 4237 3592 4291 aqua
3639 4221 3759 4276 fecit
3811 4223 4008 4291 Jesus;

2422 4321 2544 4365 tunc
2572 4321 2626 4365 et
2654 4325 2794 4364 nunc
2817 4312 3114 4365 voluntates
3134 4313 3318 4366 molles
3341 4321 3393 4367 et
3419 4313 3702 4367 dissolutas
3730 4315 3778 4366 in
3808 4315 4013 4371 melius

2419 4413 2622 4457 mutare
2649 4418 2752 4456 non
2781 4401 2992 4456 desinit.
3029 4401 3163 4456 Sunt
3190 4404 3354 4464 enim,
3385 4411 3528 4468 sunt,
3563 4403 3796 4472 inquam,
3832 4403 4013 4461 homi-

2423 4511 2538 4560 nes,
2587 4495 2674 4563 qui
2721 4493 2849 4547 nihil
2899 4495 2966 4546 ab
3005 4509 3140 4562 aqua
3190 4492 3470 4557 differunt;
3519 4497 3586 4548 ita
3637 4505 3760 4548 sunt
3801 4495 4011 4566 frigidi,

2421 4589 2607 4640 molles
2636 4597 2689 4639 et
2729 4601 3012 4652 numquam
3044 4584 3414 4638 consistentes.
3446 4586 3568 4639 Illos
3605 4598 3780 4641 autem
3804 4589 3895 4656 qui
3936 4591 4016 4643 sic

2420 4675 2590 4729 affecti
2621 4683 2742 4727 sunt
2784 4675 2847 4727 ad
2895 4676 3172 4729 Dominum
3205 4674 3549 4741 adducamus,
3580 4686 3634 4728 ut
3665 4676 3880 4731 illorum
3916 4695 4020 4732 Vo-

2420 4761 2673 4817 luutalem
2719 4763 2770 4816 in
2822 4764 2926 4816 vini
2966 4763 3326 4817 conditionem
3369 4773 3567 4826 mutet,
3613 4774 3670 4817 ut
3717 4780 3822 4818 non
3868 4767 4016 4821 ultra

2421 4855 2679 4921 diffluunt,
2729 4855 2822 4910 scd
2864 4856 3143 4910 solidiores
3181 4855 3306 4918 sint,
3346 4869 3409 4909 ac
3446 4869 3567 4910 cum
3614 4855 3713 4910 sibi
3747 4865 3859 4912 tum
3889 4861 4018 4915 aliis

2423 4950 2614 5003 laetitia:
2644 4965 2800 5004 causa
2824 4950 3070 5003 evadant.

2498 5040 2716 5092 Terrena
2767 5041 2936 5092 omnia
2963 5041 3106 5109 ﬂuxa
3136 5050 3252 5093 sunt
3277 5083 3291 5105 ,
3321 5052 3362 5094 et
3390 5057 3664 5112 numquam
3706 5044 4021 5101 consistunt.

2432 5130 2606 5183 Mensa
2655 5131 2869 5198 frugalis
2900 5130 3197 5183 valetudinis
3224 5140 3295 5184 est
3323 5141 3500 5186 mater.
3533 5132 3846 5198 —Qninam
3883 5150 4028 5188 vero

2427 5231 2547 5273 sunt
2592 5222 2664 5274 illi
2697 5220 2907 5289 frigidi,
2942 5221 3038 5274 nisi
3093 5221 3125 5273 ii
3178 5222 3264 5290 qui
3298 5220 3452 5276 (luxis
3497 5221 3657 5290 hujus
3685 5222 3807 5276 vitae
3852 5226 4032 5278 rebus

2430 5313 2713 5373 iubmrent,
2747 5312 2835 5380 qui
2869 5312 3049 5365 mundi
3083 5311 3305 5366 delicias
3335 5329 3440 5365 non
3473 5312 3749 5377 derident,
3781 5315 3869 5382 qui
3895 5315 4027 5385 glov

2429 5405 2557 5456 riam
2590 5411 2643 5457 et
2671 5403 2959 5472 potentiam
2993 5402 3217 5455 amant?
3251 5401 3371 5456 llaec
3402 5403 3598 5470 quippe
3623 5404 3802 5457 omnia
3832 5403 3987 5462 ﬂuxa
4009 5449 4028 5474 ,

2430 5511 2714 5564 numquam
2771 5496 3108 5559 consistunt,
3143 5509 3260 5562 qua‘.
3309 5494 3358 5547 in
3408 5509 3646 5564 praeceps
3692 5509 3914 5566 semper
3977 5510 4028 5553 et

2429 5602 2548 5640 cum
2598 5588 2794 5654 impetu
2840 5586 3099 5639 feruntur.
3156 5585 3284 5637 Nam
3324 5586 3410 5654 qui
3461 5585 3617 5641 hodie
3660 5587 3851 5656 dives,
3903 5605 4030 5644 cras

2434 5693 2630 5746 pauper
2661 5686 2740 5732 cst
2771 5693 2781 5727 :
2816 5677 2902 5740 qui
2950 5676 3106 5729 hodie
3135 5691 3254 5729 cutn
3297 5693 3541 5745 praecone
3564 5719 3575 5741 ,
3606 5676 3785 5734 balteo
3809 5719 3826 5747 ,
3862 5697 4032 5734 curru
