4162 6326
158 397 247 454 ιδ·
1204 376 1269 433 IN
1318 370 1634 432 JOANNEM
1676 369 1905 427 IlO.\llL.
1950 366 2145 424 XXIII.
2186 366 2258 422 al.
2303 361 2474 420 XXII.

154 512 441 579 multisque
472 502 761 560 lictoribus
785 515 842 554 se
872 495 1024 553 elTert
1047 536 1062 559 ,
1096 507 1237 562 srcpe
1260 488 1504 560 sequenti
1536 487 1621 542 die
1644 501 1764 540 car-

153 607 265 663 ceri
322 600 694 669 mancipatur,
730 594 930 662 aliique
962 588 1161 643 invitus
1192 585 1334 638 hunc
1366 582 1559 636 fastum
1591 579 1760 635 relin-

154 697 298 767 quit.
330 692 425 760 Qui
451 687 712 746 delicatis
742 683 876 741 cibis
907 679 1120 736 deditus
1151 685 1235 731 est
1259 716 1272 737 ,
1308 682 1589 743 postquam
1624 684 1765 724 ven-

157 762 305 843 trem
333 784 544 854 crapula
576 780 809 849 disrupit
831 819 845 840 ,
880 790 947 828 ne
991 789 1097 825 uno
1134 768 1349 839 quidem
1379 765 1466 819 die
1506 770 1683 833 potest
1712 762 1763 815 in

156 882 355 939 eadem
382 875 717 933 abundantia.
760 880 1111 940 permanere;
1144 861 1236 917 sed
1271 860 1357 914 illa
1408 859 1459 913 iu
1514 870 1767 925 vaporem

158 987 325 1028 versa
347 1012 361 1036 ,
393 966 732 1040 cogituraha
763 972 1088 1030 congerere,
1120 953 1359 1022 nihilque
1388 946 1566 1003 tliﬂert
1594 963 1622 999 a
1655 957 1768 999 tor-

158 1036 491 1134 rente.Nam
523 1054 971 1131 quemadmodum
1004 1050 1072 1103 ibi
1104 1047 1282 1117 priore
1328 1041 1619 1098 ret-edente
1667 1036 1771 1092 llu-

159 1169 279 1221 Clu,
317 1156 403 1210 alii
436 1167 625 1208 rursus
657 1150 893 1211 instant,
925 1146 1002 1198 sic
1048 1152 1103 1196 et
1149 1155 1247 1194 nos
1298 1139 1403 1191 alio
1448 1146 1563 1203 post
1607 1134 1769 1187 alimn

160 1250 291 1302 cibo
327 1248 645 1313 indigemus.
695 1234 1011 1307 IInjnsmodi
1045 1241 1126 1287 est
1160 1244 1339 1285 rerum
1381 1226 1540 1297 hujus
1591 1223 1771 1278 s:rculi

163 1350 362 1394 natura
389 1354 402 1400 ;
437 1346 726 1402 numquam
758 1336 940 1392 stant,
980 1323 1073 1377 sed
1105 1337 1318 1389 semper
1347 1317 1517 1371 ﬂuunt
1561 1325 1615 1371 et
1663 1326 1773 1367 tra-

164 1431 396 1487 huntur.
429 1424 647 1481 Doliche
694 1434 823 1475 vero
852 1417 1095 1471 ciborum
1144 1429 1247 1466 non
1301 1409 1462 1464 modo
1508 1407 1679 1461 fitntnt
1723 1414 1777 1459 et

173 1524 626 1591 pranercurruut,
657 1512 751 1566 sed
779 1509 942 1564 multa
969 1506 1121 1560 nobis
1151 1504 1252 1557 alia
1276 1499 1484 1570 negotia
1509 1500 1775 1567 ingerunt.

167 1614 313 1667 Dum
356 1611 499 1665 enim
531 1623 652 1661 cmn
683 1606 883 1672 impetu
914 1597 1165 1653 difﬂuunt
1189 1637 1204 1661 ,
1240 1604 1348 1647 tum
1382 1591 1545 1646 robur
1576 1602 1775 1657 corpo—

167 1709 268 1774 ris,
304 1717 412 1761 tum
446 1706 641 1758 animte
669 1701 919 1755 virtutem
953 1692 1272 1749 abstrahunt
1305 1708 1317 1743 :
1353 1702 1528 1758 neque
1557 1687 1627 1739 ita
1655 1685 1777 1739 vio-

170 1799 308 1855 lenti
340 1796 622 1851 lluminum
662 1791 855 1846 ﬂuctus
900 1790 1043 1856 ripas
1076 1783 1337 1841 excedere
1364 1781 1541 1835 solent
1570 1820 1583 1844 ,
1615 1786 1674 1832 ut
1701 1777 1781 1831 ci-

173 1893 369 1947 borum
419 1888 629 1943 delicia:
660 1880 982 1938 valetudinis
1030 1877 1377 1932 funlamcnla
1409 1886 1595 1928 secum
1641 1869 1773 1925 sub—

173 1983 417 2038 trahunt.
468 1979 526 2035 Si
568 1976 834 2033 medieum
864 1972 1026 2026 adeas
1056 1980 1109 2024 et
1161 1967 1490 2038 perconteris
1515 2004 1529 2028 ,
1564 1976 1782 2018 omnem

172 2073 492 2129 morborum
537 2084 751 2124 causam
796 2065 920 2120 hinc
952 2063 1167 2135 prodire
1196 2060 1392 2113 disces.
1438 2054 1572 2110 Nam
1606 2053 1783 2107 tenuis

174 2177 226 2219 et
273 2166 396 2219 vilis
441 2176 669 2225 mensa,
708 2155 1026 2211 valetudinis
1068 2162 1240 2206 mater
1270 2159 1370 2205 εει.
1421 2146 1547 2203 Ideo
1590 2144 1783 2199 medici

178 2261 258 2313 sic
308 2258 454 2310 illam
508 2261 785 2309 vocarunt.
820 2248 938 2303 Non
970 2245 1152 2301 satiari
1196 2243 1247 2299 id
1300 2241 1658 2296 vafeludinem
1686 2252 1782 2291 vo-

174 2358 344 2403 cant:
377 2345 496 2400 Cibi
528 2345 670 2398 enim
704 2341 935 2412 parcitas
958 2380 973 2403 ,
1006 2338 1247 2400 sanitas;
1293 2331 1515 2400 frugalis
1550 2342 1739 2382 mensa
1768 2368 1783 2392 ,

175 2449 351 2494 mater
372 2436 722 2498 valetudinis,
758 2432 1023 2502 inquiunt.
1052 2426 1207 2495 Quod
1236 2425 1279 2480 si
1310 2423 1588 2494 frugalitas
1615 2431 1787 2475 mater

175 2542 262 2587 est
310 2515 675 2593 valetudinis,
711 2526 868 2595 plane
914 2522 1132 2578 satietas
1171 2525 1343 2574 mater
1382 2525 1466 2570 est
1512 2513 1688 2569 morbi
1732 2521 1789 2568 et

177 2624 554 2679 inﬁrmitatis:
591 2619 836 2690 paritque
878 2613 1224 2687 {egritudines
1252 2613 1421 2681 ipsam
1452 2606 1787 2663 medicorum

174 2725 350 2771 autem
401 2721 759 2783 superantes;
794 2708 989 2779 pedum
1014 2748 1030 2774 ,
1059 2704 1249 2774 capitis
1272 2743 1288 2767 ,
1323 2700 1602 2756 oculorum
1624 2739 1639 2764 ,
1674 2713 1789 2753 ma-

177 2825 344 2863 nuum
376 2808 601 2863 morbos
624 2847 639 2873 ,
675 2814 934 2860 tremores
960 2843 975 2868 ,
1007 2798 1272 2871 paralysin
1294 2836 1310 2860 ,
1339 2795 1542 2849 icteron
1564 2833 1580 2858 ,
1610 2789 1787 2846 febres

177 2902 469 2957 diuturnas
518 2911 571 2956 et
621 2898 910 2959 ardentes,
956 2894 1174 2962 aliaque
1228 2889 1386 2958 longe
1434 2885 1621 2957 plura,
1667 2898 1789 2954 quae

180 3008 471 3051 recensere
514 3007 623 3047 non
669 3000 821 3044 vacat
853 3006 867 3043 :
917 2986 1030 3040 ha-c
1058 3000 1162 3039 non
1194 2998 1262 3037 ex
1312 2978 1607 3049 indigentia
1631 3018 1645 3043 ,
1681 2988 1783 3031 nec

3390 357 3486 414 138

1878 501 1943 537 ex
1978 477 2359 551 philosophieo
2405 477 2549 529 victu
2579 515 2594 540 ,
2638 472 2734 529 sed
2762 488 2826 527 ex
2875 470 3124 527 satietate
3171 480 3225 527 et
3267 480 3485 541 crapula

1871 585 2221 647 generantur.
2256 570 2408 640 Quod
2441 570 2487 625 si
2521 568 2656 623 velis
2687 566 2814 622 hinc
2851 576 3001 621 ortos
3028 564 3221 621 anima:
3267 565 3489 619 morbos

1873 668 2161 738 explorare
2188 708 2203 730 ,
2236 661 2614 733 deprehendes
2644 659 2770 714 inde
2816 659 2964 712 nasci
2997 658 3278 712 avaritiam
3305 698 3322 724 ,
3356 657 3493 710 mol-

1876 759 2046 813 litiem
2074 798 2088 821 ,
2114 766 2286 809 atram
2319 754 2480 808 bilem
2510 793 2523 817 ,
2553 750 2821 823 pigritiam
2845 790 2861 817 ,
2893 749 3170 803 libidinem
3198 791 3212 811 ,
3246 764 3493 810 ommut-

1875 868 1982 922 que
2030 849 2410 921 ignorantiam.
2467 847 2562 901 llis
2601 844 2900 915 gaudentes
2927 843 3130 897 mensis
3159 843 3354 896 animm
3383 859 3433 896 ιιι
3459 858 3491 895 ιι

1879 947 2045 1000 asinis
2074 945 2325 999 meliores
2361 940 2635 1004 evadunt,
2669 954 2789 1008 qum
2820 952 2848 989 a
2895 936 3090 990 talibus
3123 935 3253 989 feris
3293 935 3496 989 dist-er—

1860 1040 2095 1107 'pantur.
2135 1036 2243 1090 Nec
2277 1034 2466 1088 Iacobo
2493 1044 2544 1085 et
2570 1031 2783 1085 fastidia
2814 1031 3010 1098 quibus
3042 1028 3261 1083 obnoxii
3291 1040 3417 1082 sunt
3458 1028 3493 1081 ii

1880 1132 1969 1199 qui
2020 1145 2079 1183 se
2111 1127 2236 1183 huic
2279 1127 2539 1181 addixere
2572 1124 2761 1178 tnorbo
2784 1165 2798 1187 ,
2833 1138 2951 1192 qua:
2982 1122 3162 1175 omnia
3205 1135 3495 1175 recensete

1883 1241 1986 1277 non
2020 1237 2305 1291 possumus
2334 1238 2349 1275 :
2381 1234 2547 1274 unum
2575 1215 2718 1287 quod
2742 1226 2821 1271 est
2849 1226 3011 1284 caput
3035 1216 3277 1269 omnimn
3298 1213 3499 1269 decla-

1884 1319 2035 1368 rabo.
2072 1314 2241 1370 Lauta
2271 1328 2454 1366 mensa
2477 1353 2492 1377 ,
2524 1310 2590 1365 dc
2622 1324 2723 1378 qna
2752 1308 3021 1377 loquimur
3046 1346 3061 1374 ,
3097 1321 3387 1377 numquam
3420 1305 3497 1362 illi

1883 1426 2003 1463 (‘utn
2031 1409 2305 1475 voluptate
2336 1405 2609 1459 fruuntur.
2644 1402 2944 1471 Frugalitas
2977 1401 3177 1471 quippe
3202 1412 3254 1454 ιιι
3284 1400 3495 1454 valetu-

1837 1526 1840 1533 ι
1884 1501 2027 1553 diuis
2052 1540 2067 1564 ,
2101 1500 2170 1551 ita
2200 1506 2255 1551 et
2284 1496 2571 1564 voluptatis
2624 1505 2796 1547 mater
2822 1502 2899 1547 est
2928 1510 2941 1557 ;
2976 1494 3196 1545 satietas
3242 1507 3371 1546 vero
3395 1534 3409 1557 ,
3442 1501 3500 1545 ut

1886 1592 2241 1655 morborum,
2276 1588 2347 1641 ita
2396 1586 2593 1641 fastidii
2630 1584 2749 1638 fons
2789 1595 2872 1639 est
2918 1593 2972 1637 et
3018 1583 3190 1637 radix.
3243 1583 3373 1637 Nam
3403 1584 3494 1638 tibi

1884 1683 2105 1737 satietas
2134 1691 2249 1746 est,
2279 1680 2348 1735 ibi
2381 1678 2814 1748 concupiscentia
2848 1691 2968 1730 esse
2993 1677 3175 1746 nequit
3202 1694 3213 1728 :
3251 1675 3340 1729 ubi
3372 1689 3501 1729 vero

1887 1776 2325 1842 concupiscentia
2360 1790 2463 1827 non
2493 1782 2575 1827 est
2603 1814 2615 1835 ,
2651 1771 2924 1840 quomodo
2951 1771 3194 1840 voluptas
3224 1785 3345 1825 esse
3377 1785 3502 1838 pos.

1888 1868 2001 1921 sit?
2056 1868 2178 1921 Ideo
2212 1882 2317 1920 non
2370 1866 2531 1919 modo
2566 1865 2942 1934 prudentiores
2973 1874 3024 1919 et
3056 1864 3382 1918 valentiores
3413 1863 3499 1918 di-

1888 1962 2086 2015 vitibus
2114 1974 2380 2030 pauperes
2418 1956 2663 2012 videmus
2686 1999 2700 2022 ,
2730 1956 2825 2011 sed
2874 1957 3063 2025 majori
3098 1956 3278 2009 lmtitia
3322 1955 3501 2009 fruen-

1891 2063 1991 2109 tes.
2041 2053 2171 2120 Qua:
2221 2052 2401 2106 omnia
2448 2052 2745 2121 cogitantes
2796 2048 3114 2103 ebrietatem
3171 2047 3503 2117 deliciasque

1890 2145 2198 2215 fugiamus;
2235 2159 2341 2198 non
2385 2157 2590 2197 mensa:
2623 2152 2828 2194 tantum
2856 2139 3082 2195 delicias
3109 2182 3122 2203 ,
3152 2139 3249 2194 sed
3287 2149 3341 2194 et
3365 2140 3505 2193 alias

1878 2250 2120 2300 ~oumes,
2150 2251 2269 2305 qua:
2315 2235 2368 2289 in
2403 2234 2564 2287 rebus
2608 2232 2956 2287 saecularibus
3004 2231 3190 2286 haberi
3235 2242 3501 2301 possunt;

1891 2342 2186 2395 earumque
2215 2326 2337 2380 loco
2363 2325 2700 2395 spiritualem
2730 2323 3109 2379 nanciscentur
3134 2323 3463 2393 voluptatem
3485 2362 3501 2385 ,

1890 2428 1947 2475 et
1991 2418 2387 2475 delectabimur
2416 2419 2468 2471 in
2518 2418 2747 2471 Domino
2793 2418 3091 2472 secundum
3141 2417 3456 2488 prophetam
3484 2456 3500 2481 ,

1892 2516 1982 2585 qui
2012 2514 2143 2569 dicit
2173 2532 2192 2568 :
2240 2512 2504 2566 Delectare
2535 2513 2585 2565 in
2614 2511 2839 2565 Domino
2863 2554 2878 2579 ,
2910 2522 2955 2567 et
2984 2510 3066 2566 det
3109 2512 3196 2566 tibi
3238 2511 3507 2583 petitiones

1892 2607 2060 2660 cordis
2086 2608 2159 2660 tui
2186 2605 2205 2678 (
2231 2605 2374 2659 Psal.
2408 2606 2496 2661 56.
2532 2604 2634 2677 4);
2668 2616 2723 2658 nt
2748 2614 2802 2659 et
2846 2605 3202 2674 prmsentibus
3233 2614 3287 2659 et
3314 2604 3507 2661 futtu'is

1893 2697 2136 2753 fruamur
2178 2698 2334 2752 bouis
2361 2740 2376 2763 ,
2406 2697 2577 2766 gratia
2607 2706 2660 2753 et
2704 2697 3038 2766 benignitate
3088 2697 3297 2751 Domini
3332 2695 3503 2749 nostri

1892 2791 2020 2848 Jesu
2056 2792 2254 2846 Christi
2280 2833 2296 2856 ,
2325 2806 2421 2861 per
2447 2805 2606 2861 quem
2636 2799 2688 2844 et
2733 2804 2854 2845 cum
2882 2804 2990 2860 quo
3021 2789 3163 2844 Patri
3193 2789 3362 2859 gloria
3384 2830 3402 2853 ,
3432 2786 3509 2841 si-

1894 2885 2112 2967 mulque
2138 2892 2327 2939 sancto
2354 2882 2596 2953 Spiritui,
2632 2881 2684 2937 in
2711 2881 2906 2937 saacula
2936 2880 3279 2937 saeculorum.
3308 2882 3504 2936 Amen.

182 3098 3490 3141 _____________________.__———————-—.-———————

1536 3182 1889 3247 HOMlLIA
1936 3180 2179 3242 XXIII.

289 3350 375 3403 Η.
427 3346 539 3400 Hoc
569 3343 686 3416 fecit
716 3342 914 3396 initium
971 3338 1233 3410 signorum
1258 3331 1408 3386 Iesus
1454 3331 1505 3383 in
1537 3326 1680 3383 Cana

860 3431 1106 3488 (Ialiltt'a'.

259 3622 311 3676 ι.
328 3618 699 3673 Vehementer
713 3614 877 3668 instat
894 3607 1157 3671 diabolus,
1173 3614 1226 3660 et
1244 3602 1398 3658 saluti
1418 3608 1613 3655 nostra:
1632 3597 1791 3653 undi-

186 3728 292 3783 que
341 3707 654 3764 insidiatur.
702 3700 1036 3774 Vigilandum
1093 3698 1289 3765 itaque,
1326 3703 1380 3748 et
1411 3691 1649 3762 undique
1691 3689 1791 3759 ipsi

185 3781 367 3858 aditus
393 3795 836 3855 intercludendos
863 3803 964 3848 est.
1016 3788 1151 3845 Nam
1186 3787 1229 3843 si
1263 3786 1345 3841 vel
1381 3797 1599 3853 parvam
1639 3781 1793 3835 inve-

184 3896 327 3952 nerit
350 3890 717 3951 occasionem,
744 3886 908 3939 latum
945 3882 1046 3937 sibi
1071 3887 1256 3950 postea
1283 3874 1561 3948 apparabit
1590 3873 1797 3942 ingres-

184 4002 329 4051 sum,
358 3992 419 4040 et
457 3982 563 4036 vim
601 3993 753 4034 suam
779 3985 946 4030 totam
986 3972 1242 4044 paulatim
1274 3968 1510 4022 inducet.
1538 3963 1593 4019 Si
1617 3964 1797 4034 itaque

185 4076 382 4131 salutis
414 4082 615 4127 nostra:
660 4070 891 4141 aliqu-m
946 4064 1207 4121 rationem
1257 4059 1593 4121 habeamus,
1642 4070 1710 4110 ne
1741 4055 1792 4107 in

189 4170 373 4241 parvis
402 4166 619 4239 quidem
649 4163 811 4218 rebus
850 4160 1022 4231 ipsum
1056 4156 1314 4211 accedere
1336 4153 1594 4213 sinamus,
1614 4158 1671 4203 ut
1704 4163 1799 4217 per

188 4240 309 4317 hree
331 4258 629 4329 majoribus
650 4265 1017 4309 occurramus.
1036 4247 1169 4302 Nam
1198 4255 1454 4301 extremm
1477 4240 1799 4311 insipientia:

190 4363 361 4417 esset,
394 4351 441 4407 si
468 4350 597 4405 dum
627 4356 830 4402 tantam
863 4344 951 4399 ille
976 4338 1305 4411 diligentiam
1329 4334 1569 4398 adhibet,
1601 4344 1653 4387 ut
1685 4331 1803 4385 ani—

191 4462 338 4502 mam
367 4442 564 4515 perdat
596 4448 857 4503 nostram,
885 4450 984 4490 nos
1011 4448 1111 4505 pro
1131 4431 1303 4485 salute
1348 4438 1527 4484 nostra
1561 4441 1667 4480 non
1700 4440 1797 4494 pa-

194 4554 311 4595 rem
336 4537 693 4592 adhibeamus
722 4528 1165 4585 sollicitudinem.
1211 4525 1335 4577 Haee
1360 4537 1390 4576 a
1422 4537 1507 4575 me
1549 4535 1655 4574 non
1683 4518 1801 4573 sine

191 4644 356 4686 causa
384 4629 529 4684 dicta
574 4632 721 4686 sunt,
740 4622 832 4678 sed
856 4622 977 4691 quia
1017 4620 1179 4673 timeo
1209 4632 1276 4672 ne
1323 4616 1377 4670 in
1422 4613 1596 4668 media
1650 4610 1801 4665 caula

194 4738 342 4779 nunc
363 4722 455 4779 ille
488 4722 645 4789 lupus
672 4717 849 4772 adstet
874 4714 1134 4775 occultus,
1167 4722 1429 4778 ovemque
1458 4705 1648 4775 rapiat,
1682 4718 1802 4773 qua:

193 4833 254 4874 se
287 4816 375 4873 vel
422 4831 492 4871 ex
530 4811 755 4883 segnitie
781 4808 867 4865 vel
897 4808 1023 4863 dolo
1065 4804 1206 4858 malo
1233 4819 1260 4856 a
1295 4815 1457 4872 grege
1495 4797 1801 4851 auditorum

194 4910 516 4965 seruaverit.
544 4905 679 4961 Nam
706 4904 926 4957 vulnera
957 4900 1001 4954 si
1024 4898 1123 4953 sub
1148 4911 1366 4951 sensum
1397 4892 1674 4953 eaderent,
1712 4898 1806 4945 aut

195 5006 238 5056 si
287 5015 493 5071 corpus
539 4999 726 5070 plagas
770 4994 1062 5063 acciperet,
1108 5004 1213 5044 non
1243 5001 1381 5058 opus
1411 4993 1557 5040 esset
1582 4981 1805 5038 insidias

198 5099 365 5152 hasce
397 5102 607 5148 tantum
637 5101 966 5161 prmeavere.
995 5084 1127 5151 Quia
1155 5096 1286 5137 vero
1316 5078 1600 5135 invisibilis
1626 5076 1805 5131 anima

193 5198 302 5253 est,
338 5188 563 5256 ipsaque
594 5180 906 5236 vulneribus
932 5174 1261 5239 confoditur,
1293 5170 1461 5227 multa
1491 5168 1649 5223 nobis
1671 5180 1808 5237 opus

193 5290 281 5338 est.
326 5276 632 5349 vigilantia,
675 5282 734 5329 ut
774 5270 1142 5341 unusquisque
1181 5280 1300 5322 sese
1330 5263 1595 5334 exploret.
1642 5258 1808 5314 Nemo

196 5377 338 5430 alim
364 5371 501 5426 novit
529 5386 588 5423 ea
613 5382 730 5438 qua
748 5373 866 5423 sunt
893 5362 1109 5417 hominis
1126 5404 1140 5426 ,
1162 5369 1220 5413 ut
1247 5359 1459 5426 spiritus
1481 5353 1699 5408 hominis
1722 5353 1811 5422 qui

197 5469 250 5522 in
282 5469 400 5535 ipso
429 5473 499 5519 est
526 5462 605 5535 (l.
634 5459 754 5515 Cor.
782 5457 838 5512 2.
874 5455 988 5526 il).
1010 5454 1193 5511 Oratio
1218 5451 1359 5507 enim
1383 5448 1449 5502 ad
1471 5462 1660 5531 omnes
1690 5460 1812 5514 per-

199 5557 375 5621 vadit,
407 5565 461 5610 et
486 5566 779 5609 commune
806 5548 1057 5603 omnibus
1076 5544 1231 5600 otfert
1256 5539 1551 5595 remedium
1581 5556 1593 5592 :
1620 5537 1712 5593 sed
1742 5535 1810 5589 ad

203 5646 451 5719 singulos
480 5644 758 5699 auditores
794 5638 1025 5708 pertinet
1060 5636 1148 5691 illa
1174 5633 1442 5700 accipere,
1473 5643 1593 5698 quae
1624 5628 1812 5681 morbo

203 5717 315 5795 suo,
362 5734 683 5809 depclleudo
710 5740 838 5787 sunt
864 5726 1237 5799 congruentia.
1271 5723 1470 5793 [Egros
1517 5736 1621 5775 non
1661 5717 1809 5781 novi,

210 5848 315 5890 nec
344 5831 476 5889 bene
503 5835 767 5887 valentes.
803 5822 925 5881 Ideo
952 5822 1016 5878 dc
1043 5820 1205 5877 rebus
1233 5816 1482 5874 omnibus
1509 5815 1718 5885 loquor,
1751 5826 1809 5867 ea

1900 3339 2020 3394 qua:
2068 3323 2229 3376 animi
2286 3322 2489 3377 morbis
2532 3322 2758 3392 singulis
2818 3324 3208 3392 competant’:
3243 3324 3404 3379 modo
3444 3323 3513 3380 de

1900 3416 2143 3480 avaritia,
2178 3432 2300 3468 uon
2334 3415 2400 3467 de
2444 3429 2644 3469 mensa:
2672 3410 2905 3479 deliciis‘,
2941 3413 3068 3470 hinc
3112 3415 3388 3471 libidinem
3418 3434 3510 3487 ag.

1900 3508 2117 3579 gredior
2152 3525 2163 3560 :
2201 3514 2387 3577 postea
2415 3522 2544 3559 vero
2571 3507 2974 3579 elecmosynam
3012 3506 3192 3571 laudo,
3241 3507 3307 3561 ad
3340 3508 3515 3562 illatu-

1902 3616 2006 3672 que
2041 3599 2368 3669 erogandam
2418 3597 2627 3661 hortor,
2690 3597 2815 3651 hinc
2841 3597 3105 3651 honorum
3144 3613 3369 3669 operum
3404 3599 3509 3653 alia

1903 3705 2120 3762 genera.
2144 3690 2333 3743 Timeo
2365 3688 2506 3742 enim
2542 3704 2607 3743 uc
2634 3687 2759 3741 dum
2796 3688 2884 3741 uni
2938 3689 3129 3743 morbo
3160 3689 3402 3744 curando
3436 3689 3517 3743 iu-

1904 3783 2121 3849 cumho,
2153 3782 2239 3837 alii
2266 3781 2567 3835 remedium
2600 3780 2843 3842 all‘eram,
2870 3780 2998 3835 dum
3026 3796 3124 3835 vos
3154 3783 3274 3837 aliis
3302 3784 3519 3852 a-grito-

1905 3875 2122 3930 dinibus
2166 3873 2420 3928 laboratis
2449 3875 2490 3927 ¹.
2525 3873 2580 3928 Si
2614 3887 2751 3927 unus
2797 3883 3002 3927 tantmu
3037 3873 3122 3927 hic
3143 3873 3243 3928 ade
3277 3886 3379 3939 set,
3405 3890 3513 3929 non

1907 3968 2270 4021 necessarium
2299 3964 2552 4019 ducerem
2584 3964 2930 4033 multiplicem
2958 3964 3157 4019 habere
3188 3980 3517 4021 sermonem.

1907 4060 2041 4127 Quia
2074 4074 2203 4112 vero
2242 4058 2294 4111 in
2330 4066 2475 4110 tanta
2524 4055 2867 4110 multitudine
2909 4057 3106 4110 lllllllOS
3148 4071 3268 4111 esse
3296 4059 3518 4112 morbos

1907 4148 2201 4207 verisimile
2224 4158 2327 4211 cst,
2360 4165 2464 4203 non
2508 4151 2625 4203 sine
2673 4164 2834 4203 causa
2866 4149 3167 4203 doctrinam
3202 4152 3469 4205 variamus
3502 4168 3519 4207 :

1908 4258 2092 4299 sermo
2116 4242 2315 4312 quippe
2344 4240 2396 4294 in
2425 4254 2615 4295 omnes
2636 4239 2865 4306 effusus,
2901 4255 3051 4294 suam
3070 4250 3218 4296 certe
3233 4242 3519 4297 utilitatem

1909 4337 2148 4393 habebit.
2173 4335 2406 4406 Ideoque
2438 4334 2717 4405 Scriptura
2752 4334 2864 4404 ipsa
2892 4335 3038 4388 varia
3072 4344 3179 4399 est,
3212 4349 3275 4390 ac
3306 4335 3374 4390 de
3400 4350 3524 4390 sex-

1910 4429 2084 4485 centis
2110 4431 2274 4484 rebus
2304 4427 2574 4492 edisserit,
2608 4427 2733 4497 quia
2767 4427 2829 4481 ad
2863 4442 3209 4483 communem
3241 4427 3519 4484 hominum

1912 4532 2157 4578 naturam
2186 4536 2493 4578 sermonem
2526 4520 2728 4591 dirigit.
2753 4520 2806 4575 lu
2844 4530 2989 4575 tanta
3018 4537 3151 4577 vero
3179 4522 3524 4578 multitudine

1911 4630 2137 4671 necesse
2190 4627 2272 4671 est
2300 4630 2491 4671 omnes
2519 4615 2680 4668 animi
2726 4614 2944 4669 morbos
2975 4614 3227 4685 reperiri,
3258 4615 3379 4671 licet
3414 4632 3520 4671 non

1913 4723 2103 4763 omnes
2133 4709 2184 4761 in
2216 4708 2426 4761 cunctis
2456 4702 2654 4761 adsint.
2684 4706 2776 4761 llis
2801 4707 2980 4776 itaque
3010 4723 3108 4761 nos
3135 4718 3522 4779 expurgantes,

1914 4801 2092 4854 divina
2124 4800 2287 4855 verba
2319 4816 2437 4869 qua:
2468 4798 2628 4853 hodie
2666 4798 2798 4852 lecta
2829 4808 2955 4852 sunt
2980 4798 3201 4853 intentis
3231 4798 3522 4854 admodum

1913 4895 2109 4948 animis
2136 4893 2156 4924 ³
2186 4893 2490 4947 audiamus.
2516 4892 2774 4960 Quarnam
2824 4893 2913 4946 illa
2942 4892 3111 4947 sunt?
3146 4891 3257 4947 IIoc
3284 4895 3405 4966 fecit
3426 4894 3547 4955 ini-7

1915 4986 2042 5040 tium
2088 4986 2355 5056 signoruni
2407 4985 2563 5040 Iesus
2608 4986 2659 5037 in
2714 4984 2856 5038 Cana
2906 4982 3156 5039 Galila'at.
3195 4984 3311 5039 Dixi
3358 5001 3529 5055 nuper

1914 5077 2177 5150 quosdam
2203 5092 2311 5132 non
2344 5076 2446 5131 hoc
2474 5075 2686 5130 initium
2721 5090 2843 5131 esse
2866 5083 3075 5145 putare.
3104 5074 3241 5143 Quid
3265 5077 3431 5135 enim.
3451 5077 3529 5129 in.

1955 5257 1997 5328 ,⁸
2037 5256 2108 5305 Ita
2126 5263 2235 5328 uss.
2261 5252 2405 5328 ειη-ἓξ
2433 5255 2686 5328 ιιιιικξιν..ἒ
2704 5253 2892 5328 loquor,
2918 5263 2964 5304 et
2987 5253 3208 5328 oumib’us
3231 5254 3532 5328 auintintor.

1919 5318 1989 5369 bis
2013 5322 2309 5368 curationem
2328 5317 2495 5380 affero.
2542 5316 2791 5367 Morel.....
2816 5320 3002 5379 loquor,
3024 5316 3241 5367 omm'bus
3264 5317 3533 5369 hominibus

1917 5392 2189 5431 sermonem
2213 5378 2601 5429 accommodans.

1982 5444 2003 5513 ξ
2039 5441 2387 5513 Interpret‘atio
2413 5443 2573 5513 latina
2589 5440 2827 5513 Francisci
2851 5438 3042 5513 Aretini
3066 5442 3138 5492 sic
3162 5440 3345 5513 habet:
3379 5440 3537 5509 7imrjo

1918 5502 2046 5574 enim
2069 5502 2327 5574 nequando
2350 5502 2435 5552 tmi
2457 5502 2591 5552 nobis
2615 5502 2779 5574 morbo
2801 5502 3100 5563 vacantibus,
3127 5504 3231 5574 alii.
3258 5516 3351 5566 quo
3376 5502 3533 5564 magis

1919 5566 2118 5620 laboret,
2144 5562 2441 5615 medicinam
2483 5577 2576 5615 non
2617 5562 2898 5615 adhibeam.
2925 5574 3113 5615 't‘extns
3149 5562 3350 5615 (ira-cus
3382 5562 3533 5625 quem

1922 5628 2005 5678 ille
2032 5626 2173 5689 legit,
2200 5628 2263 5676 ab
2288 5626 2559 5690 illuditi‘ert
2584 5639 2735 5690 quem
2764 5640 2854 5676 nos
2876 5628 3202 5690 adhibuimus.
3233 5635 3468 5690 utpatet.

1985 5692 2005 5722 ³
2028 5685 2183 5759 ⁸ιιιίιιςι
2202 5689 2343 5759 sax-il.
2372 5685 2637 5759 legendum
2662 5696 2837 5759 esset,_
2856 5685 3059 5759 contrita
3098 5696 3269 5745 mente,
3301 5685 3423 5759 loco,
3456 5688 3533 5737 inn

1922 5760 1999 5863 ἕνᾶι
2021 5751 2347 5877 ξαιέιιέεέιιωι
2370 5750 2563 5802 animis.
2584 5752 2674 5802 sed
2692 5750 2800 5801 haec
2826 5751 2972 5801 lectio
2994 5760 3161 5801 contra
3186 5751 3399 5801 omnium
3428 5760 3529 5802 uss.

1990 5830 2016 5863 e
2094 5829 2107 5876 ι
2279 5845 2292 5860 .

1990 5829 2065 5863 em
2094 5829 2107 5876 ι
2125 5829 2292 5876 uguat.
