4162 6326
655 358 768 418 l39

658 478 891 540 quinnt,
921 472 964 525 si
991 469 1195 525 dicatur
1226 464 1276 520 id
1303 466 1368 520 de
1393 464 1537 520 Cana
1566 463 1798 519 Galilzeze
1824 461 2067 518 tantum?
2121 474 2242 517 nam

663 564 709 621 ll
730 582 785 620 oc
806 562 1021 627 initium,
1053 557 1242 630 inquit,
1261 557 1378 626 fecit
1406 557 1456 611 in
1485 556 1645 611 Cana.
1675 554 1789 627 Ego
1813 568 1944 611 vero
1970 554 2069 609 hac
2096 552 2163 607 de
2189 566 2247 607 re

666 674 776 714 non
807 654 1073 710 curiosius
1125 650 1451 716 edisseram;
1492 648 1584 703 sed
1630 648 1750 703 dico
1801 646 1971 718 ipsum
2011 654 2128 717 post
2154 645 2246 698 ba-

668 750 859 817 ptisma
887 746 1035 815 signa
1062 741 1227 799 edere
1246 741 1504 811 cmpisse;
1533 748 1656 793 ante
1686 738 1947 808 baptisma
1975 752 2103 792 vero
2123 739 2244 790 nul-

668 840 774 893 lmn
799 836 1010 902 fecisse,
1040 836 1148 905 iam
1184 831 1593 889 declaravimus.
1625 828 1754 885 Sive
1776 837 1954 884 autem
1982 828 2104 892 hoc,
2133 826 2246 882 sive

667 931 812 985 aliud
841 938 960 1002 post
988 928 1247 999 baptisma
1268 926 1496 995 primum
1514 925 1721 996 signum
1748 923 1922 991 fuerit,
1951 922 2246 992 disquirere

667 1038 776 1078 non
827 1036 1002 1091 operte
1049 1020 1281 1091 pretium
1330 1032 1451 1074 esse
1491 1016 1761 1073 existimo.
1802 1015 1869 1070 Et
1910 1014 2245 1084 manifestata

666 1115 878 1185 gloriam
899 1128 1063 1166 suam.
1091 1112 1206 1177 Quo
1230 1110 1386 1165 modo
1408 1118 1462 1165 et
1488 1123 1589 1179 qua
1614 1107 1862 1163 ratione?
1890 1105 2073 1175 Neque
2101 1104 2245 1161 enim

669 1206 816 1261 mulli
861 1205 936 1259 rei
987 1214 1151 1275 gesta:
1201 1202 1575 1271 attendebant,
1621 1201 1715 1256 sed
1747 1200 1976 1254 ministri
2016 1208 2243 1263 tantum,

664 1297 1060 1351 architriclimts
1101 1303 1155 1350 et
1181 1308 1430 1363 sponsus.
1459 1293 1736 1360 Quomodo
1765 1306 1894 1362 ergo
1941 1288 2246 1345 manifesta-

664 1388 977 1458 vitgloriam
1005 1387 1193 1442 suam?
1214 1380 1481 1454 Quantum
1510 1385 1563 1438 in
1592 1385 1707 1454 ipso
1728 1391 1862 1438 erat.
1894 1381 2044 1449 Quod
2071 1381 2114 1435 si
2138 1395 2243 1436 non

662 1488 812 1544 tunc,
840 1487 987 1534 certe
1025 1487 1210 1548 postea
1237 1491 1426 1531 omnes
1450 1474 1766 1530 miraculum
1794 1471 2019 1527 audituri
2048 1480 2201 1527 erant
2227 1489 2242 1525 :

664 1584 789 1624 nam
814 1568 878 1624 ad
909 1568 1009 1623 huc
1036 1582 1205 1637 usque
1235 1575 1444 1635 tempus
1468 1564 1789 1627 celebratur,
1809 1562 2070 1618 nectatet.
2093 1559 2245 1630 Quod

665 1667 842 1712 autem
877 1657 965 1711 illo
994 1656 1082 1711 die
1111 1670 1213 1710 nos»
1243 1668 1433 1711 omnes
1464 1654 1513 1709 id
1532 1654 1797 1717 noverint,
1819 1668 1883 1708 ex
1903 1651 2247 1723 sequentibus

662 1749 838 1821 palam
860 1757 959 1803 est.
995 1748 1280 1818 Postquam
1322 1747 1465 1802 enim
1487 1746 1714 1811 dixerat,
1762 1743 2108 1816 Hanifestavit
2135 1747 2248 1816 glo-

663 1841 793 1893 riam
816 1856 980 1901 suam,
1003 1838 1241 1895 subdidit
1270 1855 1285 1892 :
1320 1837 1386 1892 Et
1415 1837 1737 1892 crediderunt
1764 1837 1817 1891 in
1848 1853 1964 1892 eum
2008 1836 2247 1906 discipuli

661 1941 791 2005 ejus,
820 1935 905 2005 qui
938 1935 1084 2004 prius
1111 1933 1461 1989 mirabantur.
1489 1931 1675 1988 Viden’
1723 1940 1848 1986 tunc
1875 1930 2107 1986 maxime
2151 1946 2248 1986 ne.

660 2023 1150 2095 cessariumgfuisse
1198 2031 1256 2078 ut
1285 2021 1544 2077 miracula
1592 2020 1899 2087 ederentur,
1941 2035 2061 2075 cum
2093 2019 2245 2090 probi

662 2113 931 2181 homines,
965 2113 1054 2183 qui
1085 2112 1248 2168 dictis
1289 2110 1653 2179 attendebant,
1680 2110 1946 2166 aderant?
1992 2109 2057 2165 Hi
2101 2110 2245 2165 enim

664 2215 722 2260 et
750 2204 957 2261 facilius
978 2202 1229 2259 credituri
1259 2210 1432 2269 erant,
1455 2210 1509 2256 et
1522 2211 1670 2272 gesta
1698 2210 1947 2257 accurate
1989 2201 2245 2257 observa-

665 2299 792 2354 turi.
825 2299 887 2354 Et
908 2296 1178 2369 quomodo
1206 2307 1364 2352 notus
1391 2284 1578 2351 luisset
1610 2295 1727 2351 sine
1755 2294 2066 2350 miraculis?
2090 2294 2248 2351 Certe

664 2391 794 2445 satis
814 2397 966 2443 erant
990 2387 1253 2452 doctrina,
1282 2396 1336 2443 et
1364 2386 1642 2457 prophetia
1671 2401 1790 2441 cum
1817 2385 2078 2441 miraculo
2113 2400 2247 2441 cou-

661 2480 865 2551 juncta,
900 2488 958 2534 ut
1003 2495 1064 2533 ca
1107 2479 1159 2533 in
1202 2478 1503 2532 auditorum
1546 2477 1753 2532 animos
1788 2476 2140 2541 insinuarcnt,
2190 2484 2251 2531 ut

663 2571 771 2639 iam
802 2569 1022 2633 assueti,
1070 2569 1236 2639 gestis
1281 2568 1444 2625 rebus
1480 2581 1600 2623 cum
1645 2568 1838 2621 all'cctu
1888 2566 2246 2623 attenderent.

667 2660 791 2717 Ideo
812 2662 935 2715 alibi
951 2674 1095 2731 stupe
1115 2661 1301 2715 dicunt
1319 2660 1682 2730 evangelistm,
1702 2660 1873 2730 ipsum
1896 2674 2001 2714 non
2018 2659 2249 2716 edidisse

666 2753 838 2821 signa,
871 2759 1086 2821 propter
1117 2749 1392 2805 hominum
1445 2749 1655 2805 illorum
1688 2750 2118 2819 perversitatem.
2156 2749 2244 2803 12.

665 2840 733 2896 Et
760 2853 870 2911 post
893 2842 998 2896 lucc
1015 2841 1270 2895 descendit
1295 2840 1347 2894 in
1366 2839 1689 2910 Capernaum
1714 2841 1823 2910 ipse
1848 2849 1894 2894 et
1916 2848 2079 2895 mater
2115 2841 2242 2910 ejus,

666 2942 713 2986 et
741 2936 944 3002 fratres,
978 2941 1024 2986 et
1050 2931 1285 3003 discipuli
1324 2933 1433 3003 ejus
1464 2948 1483 2986 :
1509 2942 1554 2987 et
1578 2933 1644 2987 ibi
1675 2941 1962 2986 manserunt
1995 2948 2095 2986 non
2121 2933 2251 2987 ntul-

668 3025 731 3076 lis
757 3024 947 3077 diebus.
979 3021 1087 3078 Cur
1114 3037 1233 3077 cum
1262 3034 1437 3078 matre
1465 3023 1800 3093 Capernaum
1851 3024 2039 3079 venit?
2066 3023 2252 3094 Neque

666 3113 809 3168 enim
839 3113 909 3167 ibi
962 3112 1127 3167 ullum
1158 3111 1283 3167 fecit
1315 3113 1676 3179 miraculum;
1714 3112 1889 3183 u'eqnc
1926 3113 2074 3169 urbis
2100 3113 2252 3169 istius

667 3204 855 3258 incnlzc
877 3203 1042 3273 probe
1069 3219 1193 3273 erga
1222 3203 1368 3258 illum
1392 3202 1565 3258 at'fccti
1595 3214 1748 3259 erant
1776 3223 1789 3259 :
1823 3204 1916 3259 sed
1961 3203 2248 3259 admodum

667 3296 924 3366 corrupti.
969 3274 1483 3364 llludquetihristns
1510 3294 1830 3366 signiﬁcavit
1851 3295 2038 3350 dicens
2066 3313 2079 3350 ε
2105 3295 2173 3349 tu
2197 3305 2251 3350 tu

670 3389 984 3457 Cnpcrnamn
1013 3404 1165 3458 usque
1188 3387 1256 3440 ad
1284 3387 1461 3442 mlum
1503 3389 1636 3443 elata
1654 3419 1671 3453 ,-
1702 3404 1858 3459 usque
1884 3390 1953 3442 ad
1997 3388 2253 3459 infernum

667 3478 965 3550 deprimet-is
990 3480 1142 3553 (Luc.
1174 3481 1261 3547 10,
1296 3480 1406 3550 15).
1434 3480 1540 3535 Cur
1562 3481 1799 3551 crgoillo
1822 3496 1881 3536 se
1906 3480 2153 3537 confert?
2185 3480 2254 3537 Ut

671 3573 796 3630 mihi
828 3573 1042 3642 quidem
1068 3572 1300 3636 videtur,
1329 3572 1451 3641 quia
1474 3572 1635 3642 paulo
1669 3581 1791 3642 post
1818 3573 1987 3627 iturus
2015 3580 2131 3628 erat
2160 3571 2251 3627 Je-

670 3667 1015 3736 r0solvmam,
1066 3665 1187 3721 ideo
1223 3676 1347 3719 tunc
1383 3665 1534 3729 abiit,
1580 3680 1648 3721 ne
1701 3674 1930 3721 matrem
1959 3673 2014 3719 et
2062 3664 2253 3719 fratres

672 3761 866 3828 ultique
887 3773 1067 3813 secum
1094 3759 1348 3814 traheret.
1378 3758 1579 3813 Abiens
1610 3758 1769 3827 igitur
1803 3757 2017 3828 illicque
2044 3758 2097 3812 iu
2142 3772 2252 3811 ma-

674 3852 768 3907 tris
798 3849 1051 3905 honorem
1084 3849 1300 3919 paulum
1353 3860 1733 3914 commoratus,
1779 3849 1971 3903 iterum
2000 3846 2252 3902 miracula

666 3940 992 4011 aggreditur,
1013 3954 1136 3995 cum
1168 3939 1310 3994 illam
1334 3938 1404 3994 ibi
1427 3939 1749 4009 reliquisset.
1778 3939 1902 3994 Ideo
1930 3938 2059 3994 dicit
2080 3936 2253 4008 ipsum

673 4047 778 4086 non
803 4032 981 4098 paucis
996 4031 1188 4099 elapsis
1203 4029 1576 4100 diebus(Joan.
1595 4030 1650 4082 ‘2.
1678 4030 1789 4099 1⁸5),
1813 4030 2023 4086 venisse
2039 4029 2257 4086 Jeroso—

674 4121 890 4190 lvmatn.
912 4114 1099 4174 Paucis
1116 4134 1241 4189 ergo
1262 4129 1384 4174 ante
1406 4118 1607 4174 Pascha
1627 4119 1813 4174 diebus
1835 4120 2129 4191 baptizatus
2146 4128 2249 4177 est.

675 4214 742 4267 Et
767 4204 1115 4284 Jerosolymse
1144 4211 1267 4282 quid
1300 4211 1439 4281 agit?
1478 4211 1615 4266 Item
1652 4227 1856 4282 magna
1900 4214 2251 4268 auctoritatis.

673 4303 803 4357 Nam
824 4304 1178 4373 negotiatores
1195 4301 1335 4367 illos,
1350 4302 1750 4366 nummularios,
1768 4316 1861 4358 eos
1879 4303 1965 4373 qui
1982 4303 2257 4360 columbas

679 4394 982 4449 vendebant
1010 4402 1063 4449 et
1083 4394 1248 4451 boves
1268 4402 1323 4450 et
1338 4409 1484 4461 oves,
1506 4392 1731 4465 ideoque
1757 4396 1864 4452 illic
1886 4397 2249 4462 versabantur,

670 4488 851 4556 ejecil.

745 4573 798 4630 2.
822 4579 968 4633 Alius
983 4585 1159 4633 autem
1178 4572 1497 4650 evangelista
1518 4577 1728 4649 (Matth.
1744 4578 1831 4634 2t.
1854 4580 1938 4635 15.
1956 4589 2003 4634 et
2019 4579 2114 4652 at.)
2132 4597 2257 4636 nar-

674 4682 755 4722 rat
795 4670 1095 4738 cjicienlem
1142 4669 1291 4724 illum
1343 4670 1563 4735 dixisse,
1608 4669 1780 4726 Nolite
1814 4670 1989 4727 facere
2039 4671 2253 4727 domum

678 4758 851 4813 Patris
893 4759 995 4813 mei
1036 4759 1341 4828 speluncam
1387 4759 1683 4823 latronum;
1717 4761 1802 4815 hic
1830 4776 1957 4817 vero
1986 4762 2132 4831 dicit,
2171 4764 2253 4819 16.

679 4849 896 4905 Domum
916 4850 1263 4922 negotiationis
1284 4866 1301 4904 :
1319 4867 1424 4907 non
1445 4852 1705 4906 contraria
1729 4851 2028 4923 loquentes,
2052 4854 2145 4910 sed
2164 4854 2259 4911 de-

678 4953 1037 5000 monstrantes
1062 4943 1231 5013 ipsum
1260 4943 1311 5000 id
1342 4944 1423 4999 bis
1452 4944 1669 5011 fecisse,
1701 4956 1755 5001 et
1780 4947 1894 5001 haec
1924 4962 2030 5002 non
2061 4948 2251 5005 eodem

672 5046 817 5102 gesta
839 5045 1075 5105 tempore
1095 5034 1277 5101 fuisse,
1302 5036 1393 5092 sed
1418 5046 1471 5091 et
1496 5052 1635 5092 nunc
1665 5039 1812 5093 initio
1841 5040 2251 5111 prccdicationis,

673 5138 831 5198 atque
867 5129 1024 5182 etiam
1059 5143 1178 5182 cum
1209 5128 1275 5183 ad
1308 5130 1606 5197 passionem
1634 5132 1981 5199 pervenisset.
2016 5132 2256 5205 Quapro-

674 5232 792 5290 pter
813 5221 1298 5277 vehementioribus
1315 5237 1440 5277 usns
1465 5223 1660 5289 verbis,
1679 5224 1987 5293 speluncam
2008 5230 2212 5283 vocavit
2238 5248 2251 5284 :

679 5328 785 5369 non
823 5313 947 5367 item
982 5327 1123 5367 nunc
1148 5314 1316 5380 initio,
1368 5314 1463 5370 sed
1492 5315 1850 5373 moderatiore
1892 5319 2253 5390 increpatione

674 5405 879 5458 utitur:
929 5393 1068 5459 unde
1094 5406 1375 5461 verisimile
1424 5408 1494 5462 sit
1540 5408 1767 5479 idipsnm
1817 5411 1897 5466 bis
1944 5412 2152 5469 fecisse.
2191 5416 2254 5470 Et

673 5512 787 5561 cur,
820 5497 1049 5567 inquies,
1083 5497 1133 5552 id
1157 5499 1395 5555 Christus
1419 5510 1474 5555 et
1500 5517 1619 5556 cum
1646 5513 1785 5559 tanta
1811 5506 2145 5563 vehementia
2172 5510 2250 5566 fe-

676 5589 765 5655 cit,
791 5599 981 5657 quanta
1012 5605 1269 5660 nusquam
1287 5606 1442 5661 agere
1456 5592 1893 5664 deprehenditur,
1911 5609 1964 5654 et
1993 5599 2106 5655 haec
2131 5618 2249 5658 cum

674 5681 1008 5736 contumeliis
1062 5691 1115 5736 et
1166 5684 1420 5738 conviciis
1468 5683 1727 5753 affectus,
1786 5690 2151 5750 Samaritanus
2200 5707 2253 5751 et

678 5771 1034 5827 da‘tnoniacus
1076 5770 1142 5827 ab
1180 5773 1276 5830 illis
1320 5780 1638 5833 vocaretur?
1684 5780 1863 5851 Neque
1891 5785 2031 5840 enim
2074 5788 2247 5845 verbis

1396 354 1452 410 S.
1483 348 1758 407 JO.\NNlS
1793 344 2265 440 CllRYSOSTOlIl
2294 345 2610 405 ARCIIIEP.
2641 349 3174 415 CONSTANTINOP.

3847 368 3953 426 iw

2358 471 2657 531 contentus,
2679 479 2798 521 cum
2819 466 3026 538 flagello
3046 470 3207 525 etiam
3228 468 3349 527 illos
3367 471 3593 543 expulit.
3615 472 3806 544 Judazi,
3822 494 3949 535 cum

2355 552 2473 610 aliis
2525 553 2842 615 beneficium
2887 559 3181 626 confertur,
3227 572 3479 620 accusant
3522 574 3578 621 et
3616 566 3948 638 eflcrumur;

2355 645 2569 715 quando
2617 656 2794 703 autem
2826 665 2923 720 par
2966 665 3089 707 esse
3145 651 3424 709 videbatur
3468 655 3588 712 illos
3639 661 3950 730 exasperari

2358 738 2667 809 castigatos,
2703 755 2808 795 non
2841 742 2910 796 ita
2941 758 3132 813 aspere
3156 748 3345 816 agunt.
3376 746 3561 819 Neque
3589 751 3731 806 enim
3764 753 3947 809 incre-

2357 839 2565 899 parunt,
2590 841 2685 886 aut
2706 834 3026 890 contumelia
3048 836 3365 904 affecerunt,
3389 840 3483 895 sed
3507 844 3633 912 quid
3662 844 3952 901 dixerunt?

2356 921 2441 977 18.
2474 923 2623 989 Quod
2648 924 2850 995 signum
2873 928 3092 983 ostendis
3114 930 3275 996 nobis,
3323 934 3444 1003 quia
3474 936 3597 990 (alia
3643 939 3772 1008 facis
3792 938 3819 992 .’
3859 938 3954 995 νὶ-

2354 1015 2474 1071 den’
2499 1016 2717 1073 livorem
2749 1017 3040 1090 ingentem,
3066 1032 3125 1079 et
3144 1026 3414 1095 quomodo
3443 1027 3562 1084 aliis
3601 1029 3745 1085 illata
3775 1032 3949 1089 bene-

2354 1106 2471 1164 ficia
2504 1110 2770 1183 indignius
2792 1113 3032 1172 ferrent?
3060 1118 3359 1189 Aliquando
3389 1122 3550 1192 igitur
3571 1124 3831 1196 templum
3878 1124 3950 1181 ab

2359 1198 2467 1255 illis
2491 1202 2800 1270 speluncam
2832 1204 3096 1262 latronum
3127 1208 3321 1265 factum
3352 1227 3472 1268 esse
3492 1213 3722 1283 dicebat,
3762 1227 3950 1272 osten-

2351 1292 2486 1348 dens
2512 1294 2599 1350 illa
2629 1312 2748 1367 quae
2770 1299 3158 1370 vendebantur,
3184 1301 3326 1359 furto
3369 1316 3520 1375 parta
3568 1308 3752 1377 fuisse,
3781 1321 3950 1382 atque

2356 1402 2425 1441 ex
2457 1389 2641 1457 rapina
2679 1398 2735 1445 et
2780 1391 2999 1447 avaritia
3044 1393 3279 1464 prodire,
3325 1397 3577 1469 ipsosque
3618 1416 3686 1457 ex
3715 1402 3950 1460 aliorum

2353 1478 2661 1541 calamitate
2679 1480 2971 1547 ditescere;
3013 1485 3299 1556 aliquando
3322 1497 3500 1545 autem
3530 1490 3747 1548 domum
3777 1510 3953 1566 nego-

2354 1570 2585 1626 tiationis
2604 1571 2752 1637 dicit,
2786 1571 3151 1643 impudentem
3171 1581 3588 1649 negotiationem
3616 1584 3950 1656 significans.

2351 1662 2456 1717 Sed
2481 1678 2583 1718 cur
2604 1665 2708 1719 hoc
2732 1665 2893 1719 fecit?
2922 1665 3057 1733 Quia
3086 1669 3321 1727 futurum
3365 1683 3484 1730 erat
3535 1687 3591 1732 ut
3621 1678 3673 1734 in
3720 1680 3953 1736 sabbato

2350 1767 2585 1824 curaret,
2616 1768 2673 1813 et
2692 1760 2857 1815 multa
2902 1761 3202 1832 huiusmodi
3243 1765 3464 1836 faceret,
3510 1785 3630 1841 quae
3658 1772 3757 1843 ipsi
3791 1783 3950 1844 puta-

2351 1846 2483 1902 bant
2535 1852 3015 1919 transgressionem
3044 1869 3166 1911 esse
3211 1856 3371 1927 legis;
3416 1876 3485 1916 ne
3531 1862 3805 1919 videretur
3831 1865 3951 1921 Deo

2351 1937 2689 1995 adversarius
2709 1956 2848 2009 csso,
2877 1944 2963 2014 qui
2992 1958 3180 2003 contra
3210 1948 3420 2006 Patrem
3466 1952 3517 2008 id
3568 1954 3810 2011 faciendo
3866 1959 3954 2014 in-

2353 2042 2616 2101 surgeret,
2640 2034 2751 2101 jam
2797 2034 2923 2091 hinc
2971 2037 3181 2093 illorum
3235 2040 3538 2111 bujnsmodi
3578 2048 3948 2115 suspicionem

2351 2124 2584 2194 corrigit.
2622 2125 2754 2180 Nam
2784 2127 2872 2197 qui
2896 2142 2993 2197 pro
3022 2132 3203 2200 templi
3236 2133 3438 2191 honore
3468 2144 3667 2192 tantam
3694 2139 3953 2195 ostende-

2350 2224 2435 2270 rat
2458 2213 2899 2288 indignationem,
2923 2214 3107 2289 templi
3129 2222 3372 2289 Domino,
3404 2227 3566 2296 quiin
3595 2227 3711 2298 ipso
3726 2229 3950 2285 coleba-

2353 2314 2461 2373 tur,
2476 2320 2582 2362 uon
2604 2307 2979 2366 adversaturus
2999 2321 3133 2369 erat.
3153 2312 3295 2369 Satis
3315 2327 3469 2373 erant
3487 2318 3796 2388 superiores
3816 2322 3951 2378 anni

2351 2398 2547 2469 quibus
2594 2400 2886 2457 secundum
2919 2402 3093 2475 legem
3122 2404 3347 2474 vixerat,
3377 2415 3439 2463 ut
3461 2408 3779 2479 probaretur
3826 2412 3953 2483 ejus

2354 2505 2479 2562 erga
2512 2491 2876 2561 legislatorcm
2906 2497 3231 2562 reverentia,
3262 2498 3545 2571 ipsumque
3575 2516 3680 2557 non
3720 2503 3823 2575 legi
3845 2504 3953 2559 ad-

2355 2591 2687 2639 versaturum
2718 2599 2856 2641 esse.
2880 2585 3013 2654 Quia
3054 2595 3230 2643 autem
3259 2589 3337 2644 illi
3379 2593 3506 2646 anui
3538 2592 3591 2648 in
3618 2592 3953 2651 oblivionem

2353 2676 2563 2729 venturi
2589 2684 2762 2741 erant,
2786 2678 2910 2748 quia
2933 2679 3182 2735 omnibus
3205 2681 3316 2735 noti
3346 2697 3453 2738 non
3481 2692 3656 2751 erant,
3692 2700 3759 2740 eo
3801 2685 3953 2756 quod

2354 2764 2406 2819 in
2436 2780 2665 2836 paupere
2694 2766 2855 2823 domo
2879 2771 3147 2827 enutritus
3171 2772 3381 2841 fuisset,
3415 2776 3663 2833 omnibus
3708 2793 3955 2849 przesen-

2356 2858 2515 2926 tibus,
2548 2869 2731 2933 utpote
2756 2862 2845 2919 die
2894 2863 3030 2920 festo
3070 2868 3554 2939 appropinquante,
3592 2869 3642 2925 id
3674 2869 3817 2939 facit,
3846 2887 3956 2929 nec

2355 2951 2470 3006 sine
2499 2953 2760 3022 periculo.
2786 2954 2969 3027 Neque
2990 2958 3163 3012 solum
3190 2959 3332 3013 enim
3360 2959 3538 3029 ejecit,
3572 2960 3664 3016 sed
3694 2970 3749 3017 et
3796 2978 3958 3019 men-

2355 3055 2442 3096 sas
2466 3043 2677 3111 evertit,
2694 3054 2972 3114 argentum
2992 3047 3199 3117 etl'udit,
3222 3060 3280 3104 ut
3300 3049 3374 3104 illi
3404 3064 3586 3105 secum
3614 3063 3954 3122 reputarent,

2356 3149 2477 3190 eum
2504 3136 2594 3206 qui
2618 3137 2687 3191 ob
2718 3137 2971 3194 decorem
3003 3139 3195 3196 domus
3224 3155 3345 3197 sese
3371 3143 3427 3197 in
3456 3143 3688 3213 pericula
3714 3144 3960 3215 conjice-

2355 3234 2454 3292 ret,
2490 3227 2769 3282 Dominum
2796 3228 2988 3285 domus
3029 3246 3136 3286 non
3177 3231 3477 3302 despicere.
3524 3232 3580 3289 Si
3611 3234 3755 3289 enim
3783 3235 3835 3290 id
3871 3236 3958 3291 si-

2355 3317 2556 3372 mulate
2598 3328 2799 3373 tantum
2846 3320 3080 3385 fecisset,
3136 3320 3338 3377 hortari
3370 3323 3545 3377 solum
3574 3325 3911 3395 oportuisset
3940 3343 3954 3379 :

2355 3423 2477 3463 nam
2500 3424 2558 3465 se
2583 3408 2635 3463 in
2659 3410 2893 3481 pericula
2923 3412 3211 3482 conjicere,
3243 3413 3416 3468 audax
3446 3412 3654 3470 facinus
3674 3426 3809 3471 erat.
3836 3417 3958 3475 Ne-

2357 3514 2460 3570 que
2486 3500 2629 3555 enim
2677 3501 2795 3557 leve
2842 3502 2970 3557 illud
3015 3512 3133 3558 erat
3178 3518 3298 3561 sese
3328 3504 3622 3562 forensium
3652 3506 3818 3563 furori
3848 3509 3960 3563 ob-

2353 3590 2541 3662 jicere,
2568 3601 2622 3647 et
2648 3593 2922 3648 brutorum
2949 3593 3248 3661 hominum,
3282 3606 3641 3653 mercatorum
3678 3599 3958 3666 videlicet,

2361 3681 2571 3737 turbam
2598 3683 2938 3738 contumeliis
2969 3696 3197 3740 onerare
3226 3694 3279 3741 et
3305 3686 3588 3744 adversum
3614 3704 3675 3746 se
3720 3706 3959 3763 esaSpe-

2361 3787 2512 3838 rare;
2556 3772 2607 3827 id
2639 3789 2744 3828 non
2787 3774 3087 3830 simulantis
3110 3786 3248 3845 erat,
3276 3778 3369 3834 sed
3399 3795 3495 3850 pro
3538 3780 3731 3838 domus
3753 3783 3963 3843 decore

2360 3864 2594 3935 pericula
2626 3866 2803 3921 omnia
2829 3866 3101 3923 adeuntis.
3132 3868 3489 3937 Quamobrem
3513 3886 3619 3928 non
3650 3875 3813 3944 gestis
3857 3891 3962 3933 so-

2360 3954 2492 4023 lum,
2521 3955 2613 4011 sed
2653 3957 2813 4011 etiam
2844 3956 3001 4013 dictis
3026 3960 3432 4017 ostenditsuam
3464 3978 3587 4019 cum
3634 3964 3789 4022 Patre
3819 3982 3961 4023 con-

2363 4044 2599 4101 cordiam
2636 4066 2649 4102 :
2678 4062 2784 4101 non
2810 4048 2946 4103 dixit
2974 4050 3141 4117 enim,
3173 4051 3398 4107 Domum
3431 4062 3692 4121 sanctam,
3715 4057 3810 4112 sed
3841 4057 3963 4115 Do-

2362 4154 2498 4191 mum
2515 4137 2687 4194 Patris
2713 4140 2828 4194 mei.
2856 4139 2994 4195 Ecce
3014 4140 3227 4197 Patrem
3250 4152 3425 4209 vocat,
3445 4159 3546 4199 nec
3574 4146 3958 4217 indignantur:

2364 4229 2618 4298 putabant
2668 4230 2810 4286 enim
2859 4231 3034 4301 ipsum
3086 4232 3400 4304 simpliciter
3449 4234 3616 4307 loqui.
3672 4238 3777 4293 Sed
3825 4244 3960 4312 quia

2362 4319 2555 4377 deinde
2582 4322 2776 4376 clarius
2804 4322 3050 4393 loquutus
3074 4334 3175 4392 est,
3201 4334 3258 4381 ut
3282 4342 3432 4382 suam
3451 4343 3571 4384 cum
3591 4329 3748 4386 Patre
3771 4348 3964 4404 mqua-

2365 4410 2566 4465 litatem
2601 4411 2916 4481 declararet,
2946 4423 3071 4470 tunc
3107 4417 3159 4471 in
3206 4416 3440 4474 furorem
3487 4422 3589 4477 acti
3632 4432 3779 4479 sunt.
3812 4424 3962 4493 Quid

2363 4502 2521 4571 igitur
2549 4503 2623 4557 illi
2645 4502 2669 4556 ?
2704 4505 2856 4571 Quod
2874 4509 3077 4578 signum
3101 4510 3243 4564 nobis
3262 4512 3506 4580 ostendis,
3542 4514 3808 4584 inquiunt,
3831 4520 3965 4589 quia

2362 4594 2469 4649 lucc
2500 4596 2628 4667 facis
2649 4595 2675 4648 ?
2703 4595 2747 4651 Ο
2796 4612 3061 4653 summam
3092 4603 3416 4657 amentiam!
3450 4603 3568 4670 Quo
3615 4606 3769 4676 signo
3816 4624 3959 4679 opus

2362 4697 2511 4754 erat,
2549 4698 2605 4743 nt
2645 4704 2673 4744 a
2726 4690 2864 4745 male
2913 4689 3158 4748 faciendo
3188 4694 3537 4763 desinerent,
3584 4708 3640 4753 et
3666 4697 3893 4756 domum
3930 4718 3963 4757 a

2366 4790 2506 4835 tanta
2538 4783 2861 4851 turpitudine
2890 4784 3219 4842 liberarent?
3247 4789 3336 4845 ille
3364 4799 3540 4846 tantus
3563 4799 3658 4862 pro
3676 4793 3839 4849 domo
3858 4795 3962 4852 Dei

2362 4873 2528 4938 zelus,
2558 4889 2736 4928 nonne
2780 4876 3070 4931 maximum
3101 4880 3312 4933 Virtutis
3354 4882 3562 4951 signum
3588 4886 3747 4939 erat?
3791 4884 3963 4943 Probi

2362 4974 2537 5018 autem
2565 4965 2664 5018 viri
2688 4965 2811 5020 hinc
2839 4967 3004 5037 agniti
3032 4979 3159 5023 sunt
3188 4987 3201 5023 :
3249 4986 3371 5025 nam
3400 4974 3486 5027 17.
3518 4974 3791 5029 Rccordati
3833 4992 3963 5033 sunt

2362 5056 2599 5126 discipuli
2626 5058 2735 5123 eius
2764 5066 2902 5123 tunc,
2932 5060 3049 5129 quia
3075 5061 3322 5131 scriptum
3351 5073 3442 5127 est,
3467 5064 3622 5119 Zelus
3648 5067 3828 5121 domus
3853 5078 3969 5125 tua

2363 5148 2578 5201 comedit
2625 5164 2721 5202 nte.
2755 5152 2824 5202 At
2864 5164 2967 5205 non
2998 5151 3071 5205 illi
3103 5152 3393 5221 prophetite
3427 5157 3803 5221 meminerunt,
3855 5163 3964 5217 sed

2360 5239 2630 5306 dicebant,
2665 5241 2813 5308 Quod
2842 5244 3041 5313 signum
3067 5246 3289 5300 ostendis
3315 5246 3497 5301 nobis?
3515 5247 3583 5303 de
3602 5251 3967 5320 turpiamisso

2360 5332 2513 5387 lucro
2557 5332 2824 5401 dolentes,
2881 5346 3265 5407 sperantesque
3296 5352 3355 5394 se
3384 5339 3461 5394 sic
3497 5355 3656 5409 posse
3682 5341 3835 5398 illum
3861 5346 3969 5399 alr-

2360 5423 2579 5491 ducere,
2607 5424 2673 5479 ad
2702 5425 3016 5481 miraculum
3045 5430 3367 5497 patrandum
3399 5442 3647 5499 evocant,
3674 5444 3731 5489 ut
3754 5436 3966 5497 factum

2361 5516 2476 5583 ejus
2500 5525 2810 5585 coarguant.
2846 5515 2969 5573 Ideo
3014 5519 3225 5588 signum
3256 5536 3359 5575 non
3390 5522 3483 5577 dat
3515 5523 3637 5579 illis.
3674 5524 3787 5582 lmo
3831 5544 3963 5587 cum

2364 5608 2508 5675 prius
2530 5608 2889 5664 accessissent
2935 5610 3147 5679 signum
3196 5622 3457 5681 petentes,
3497 5616 3599 5671 hoc
3624 5621 3908 5687 respondit
3948 5641 3963 5678 :

2363 5696 2630 5752 Generalio
2661 5716 2819 5769 prava
2847 5712 2893 5754 et
2936 5702 3167 5757 adultera
3204 5705 3404 5776 signum
3446 5711 3646 5778 quierit,
3672 5712 3726 5764 ct
3751 5714 3969 5784 signum

2366 5806 2464 5846 non
2488 5792 2687 5847 dabitur
2713 5794 2778 5863 ci,
2812 5793 2909 5848 nisi
2937 5795 3135 5867 signum
3178 5794 3331 5855 Iona
3360 5798 3571 5872 (Matth.
3606 5801 3683 5861 l0,
3720 5802 3800 5877 1).
3849 5804 3969 5862 Sed
