4162 6326
200 365 282 422 III
1230 359 1296 415 IN
1334 356 1649 415 JOANNBM
1691 356 1922 412 IIOMIL.
1966 355 2151 411 XXIII.
2196 355 2266 410 al.
2309 353 2475 410 XXII.

198 489 314 529 tunc
354 474 597 537 clarius;
656 486 798 528 nunc
829 480 1005 526 autem
1053 473 1221 541 magis
1273 470 1628 539 tenigtnatice.
1658 465 1795 521 Illud

194 578 367 620 autem
421 566 528 635 agit
569 564 640 617 ob
682 572 977 617 extremam
1028 562 1243 617 illorum
1277 562 1560 615 insaniam.
1611 557 1796 628 Neque

195 659 332 711 enim
360 656 447 711 ille
468 654 558 724 qui
592 670 699 709 non
723 662 972 725 petentes
1001 652 1363 722 pmveniebat
1392 661 1447 707 et
1502 652 1652 721 signa
1693 651 1793 705 da-

202 750 311 810 bat,
362 755 613 818 petentes
661 746 971 816 repulisset,
1026 744 1125 798 nisi
1159 744 1279 798 illos
1330 758 1490 814 prava
1518 752 1573 798 et
1606 742 1792 797 dolosa

194 848 374 893 mente
418 837 582 893 fuisse
625 837 891 892 scivisset.
944 834 1077 889 Nam
1125 835 1211 891 vel
1270 836 1382 904 ipsa
1443 834 1793 904 interrogatio

191 939 387 999 quanta
439 930 673 1000 nequitia
704 930 858 999 plena
883 937 1026 983 esset
1046 969 1060 992 ,
1084 926 1399 982 consideres
1428 926 1609 980 velim.
1657 926 1790 980 Cum

190 1024 331 1078 enim
381 1022 711 1092 oportuisset
740 1018 858 1089 ejus
887 1019 1121 1075 studium
1170 1034 1231 1073 ac
1263 1018 1437 1073 zelum
1467 1016 1785 1088 approbare,

187 1121 348 1184 atque
378 1113 782 1181 obstupescere,
814 1110 958 1181 quod
989 1112 1147 1166 talem
1195 1110 1389 1165 domus
1418 1124 1602 1163 curam
1633 1124 1789 1179 gere-

187 1215 303 1267 ret;
337 1203 420 1258 illi
450 1213 724 1269 accusant,
749 1218 812 1257 ac
838 1202 1075 1258 vendere
1114 1202 1213 1257 sibi
1248 1202 1408 1257 licere
1433 1201 1787 1267 contendunt,

185 1310 361 1363 neque
394 1295 557 1349 licere
594 1295 696 1349 sibi
725 1308 755 1347 a
786 1292 1066 1349 vendendo
1096 1293 1379 1354 desistere,
1424 1294 1522 1347 nisi
1572 1294 1671 1362 ipsi
1710 1294 1788 1348 si—

184 1402 347 1453 gnum
379 1385 647 1441 ostendat.
671 1386 808 1451 Quid
834 1401 965 1456 ergo
988 1386 1279 1441 Christus?
1330 1385 1415 1441 I9.
1448 1385 1643 1440 Solvite
1664 1397 1789 1440 tem-

185 1480 322 1546 plum
348 1482 464 1546 hoc,
489 1489 535 1533 et
580 1480 631 1533 in
663 1480 821 1534 tribus
850 1481 1025 1534 diebus
1051 1480 1278 1534 excitabo
1311 1481 1464 1534 illud.
1498 1481 1658 1536 Multa
1690 1482 1788 1535 ltu—

183 1573 413 1641 jusmodi
440 1574 693 1642 loquitur,
724 1587 842 1642 quas
871 1572 1211 1627 audientibus
1263 1574 1370 1628 sint
1397 1574 1647 1639 obscura,
1681 1573 1781 1629 sed

185 1672 301 1732 post
352 1663 547 1717 futuris
597 1663 762 1718 clara.
810 1662 918 1718 Cur
967 1664 1211 1719 hocilJt
1239 1680 1361 1720 cum
1408 1664 1485 1719 rei
1515 1664 1786 1734 praedicta:

185 1754 300 1807 ﬁnis
344 1753 642 1819 adveniret,
676 1755 993 1824 probaretur
1024 1755 1194 1825 ipsum
1229 1755 1339 1825 jam
1391 1756 1519 1809 olim
1568 1754 1619 1809 id
1650 1771 1788 1826 prm-

182 1847 339 1901 Seivis
372 1861 437 1911 e;
487 1844 632 1916 quod
686 1847 739 1900 iu
772 1848 871 1901 hac
917 1846 1198 1916 prophetia
1225 1846 1438 1901 accidit.
1482 1846 1615 1905 Nam
1664 1847 1782 1903 ait:

180 1937 267 1990 9.2.
285 1936 415 1993 Cum
436 1938 792 1992 resurrexisset
812 1954 842 1989 a
866 1940 1096 2004 mortuis,
1120 1939 1370 1992 recordati
1398 1948 1515 1993 sunt
1546 1938 1787 2006 discipuli

180 2034 285 2099 ejus
311 2030 435 2099 quia
466 2031 560 2083 hoc
586 2030 784 2083 dicebat
815 2046 833 2083 :
860 2038 904 2082 et
941 2030 1265 2083 crediderunt
1296 2029 1584 2100 Scripturte
1606 2039 1651 2083 et
1678 2045 1787 2083 ser-

179 2123 315 2176 moni
343 2139 495 2191 quem
520 2122 647 2175 dixit
675 2121 845 2176 Jesus.
878 2120 1012 2176 Cum
1047 2122 1161 2175 haec
1185 2121 1515 2183 dicerentur,
1563 2121 1651 2175 alii
1691 2120 1783 2175 dtt-

181 2214 419 2267 bitabaut
445 2212 786 2282 quandonam
817 2212 865 2266 id
892 2222 1209 2268 eventurum
1245 2221 1409 2277 esset,
1442 2213 1534 2265 alii
1558 2222 1785 2267 conten-

178 2303 372 2356 debant
405 2302 651 2357 dicentes
690 2321 702 2356 :
732 2303 821 2359 20.
860 2302 1215 2373 Quadraginta
1239 2303 1506 2357 sexennis
1550 2304 1783 2371 wdiﬁca-

177 2404 279 2446 tum
309 2403 386 2447 est
426 2395 671 2463 templum
699 2394 814 2458 hoc,
860 2404 908 2447 et
948 2402 1003 2446 tu
1038 2394 1089 2446 in
1136 2393 1294 2446 tribus
1338 2392 1512 2447 diebus
1542 2394 1783 2447 excitabis

176 2487 348 2541 illud!
393 2487 755 2556 Quadraginta
790 2502 883 2541 sex
925 2486 1083 2541 annis
1130 2485 1398 2550 dicentes,
1452 2494 1778 2555 postremam

179 2578 358 2648 templi
382 2578 841 2633 constructionem
870 2578 1209 2650 significant;
1241 2579 1389 2649 prior
1413 2578 1559 2633 enim
1596 2578 1779 2649 viginti

178 2670 326 2725 annis
353 2669 601 2724 absoluta
632 2669 747 2725 fuit.

246 2761 297 2814 '5.
329 2760 438 2815 Cur
460 2776 591 2831 ergo
613 2762 835 2831 aenigma
873 2760 1000 2816 illud
1037 2775 1142 2817 non
1170 2760 1360 2829 solvit,
1396 2776 1570 2832 neque
1596 2760 1729 2816 dixit
1764 2780 1776 2816 :

176 2852 284 2907 Non
315 2852 387 2908 de
414 2854 517 2908 hoc
550 2855 750 2923 templo
775 2855 984 2924 loquor,
1005 2855 1098 2910 sed
1129 2854 1196 2910 de
1220 2870 1381 2910 carne
1411 2870 1560 2921 mea;
1591 2872 1776 2911 verum

175 2945 524 3014 evangelista,
555 2943 644 2999 diu
683 2955 863 3014 postea
905 2946 1145 3001 scribens
1172 2946 1507 3017 evangelium
1528 2988 1543 3012 ,
1576 2947 1777 3002 dictum

176 3034 299 3090 illud
331 3035 654 3104 explicavit,
684 3037 770 3090 ille
794 3052 922 3091 vero
951 3036 1149 3093 tacuit?
1190 3038 1400 3105 Quare?
1436 3038 1570 3106 Quia
1599 3040 1778 3095 verbis

174 3126 286 3195 ejus
324 3127 487 3181 Iidem
515 3141 621 3181 non
652 3126 982 3183 habuissent.
1015 3127 1070 3184 Si
1098 3131 1240 3184 enim
1273 3145 1339 3183 ne
1365 3130 1580 3200 quidem
1611 3131 1776 3187 disci-

174 3217 277 3285 puli
322 3226 577 3287 poterant
626 3227 753 3271 tunc
797 3219 1096 3289 intelligere
1119 3261 1135 3285 ,
1169 3219 1339 3273 multo
1368 3220 1545 3275 minus
1582 3222 1773 3277 turbae.

174 3312 295 3365 Cum
322 3312 649 3375 surrexisset,
674 3312 862 3380 inquit,
886 3310 918 3365 J
925 3329 1039 3366 esus
1060 3329 1092 3365 a
1122 3313 1352 3376 mortuis,
1379 3323 1498 3365 tunc
1522 3314 1779 3367 recordati

172 3411 283 3454 sunt
305 3442 322 3465 ,
354 3410 404 3453 et
444 3401 766 3454 crediderunt
790 3402 1009 3455 sermoni
1040 3411 1087 3454 et
1118 3401 1424 3471 Scriptum.
1480 3404 1592 3456 Duo
1631 3405 1775 3458 enim

173 3493 298 3563 ipsis
320 3502 449 3549 tunc
481 3494 935 3563 proponebantur,
966 3495 1293 3550 resurrectio
1319 3536 1333 3561 ,
1366 3505 1449 3559 et.
1478 3496 1619 3565 quod
1655 3512 1767 3549 ma-

170 3586 253 3651 jus
277 3591 418 3649 erat,
454 3599 581 3638 num
612 3584 751 3639 Deus
779 3594 922 3640 esset
950 3586 993 3639 is
1023 3587 1110 3655 qui
1148 3586 1288 3640 intus
1316 3585 1624 3650 habitabat;
1655 3603 1774 3658 quae

172 3675 328 3731 ambo
355 3675 718 3730 subindicavit
740 3677 924 3732 dicens
954 3698 965 3732 :
992 3676 1189 3731 Soluite
1214 3677 1458 3746 templum
1480 3678 1575 3731 hoc
1598 3720 1611 3742 ,
1648 3688 1694 3732 et
1722 3680 1774 3732 in

172 3769 327 3821 tribus
372 3767 549 3821 diebus
592 3767 817 3821 excitabo
858 3767 991 3821 illud
1021 3784 1040 3821 :
1069 3768 1210 3838 quod
1260 3769 1455 3823 Paulus
1500 3769 1624 3823 dicit
1669 3784 1773 3824 non

172 3874 393 3927 parvum
425 3873 547 3913 esse
576 3858 865 3913 divinitatis
892 3860 1125 3927 signum,
1158 3859 1240 3913 his
1269 3860 1449 3913 verbis
1475 3878 1487 3911 :
1516 3860 1615 3927 Qui
1638 3876 1772 3929 prte-

172 3950 449 4002 destinatus
491 3958 564 4001 est
605 3947 771 4001 Filius
804 3948 897 4001 Dei
921 3950 971 4001 in
1002 3949 1184 4002 virtute
1210 3948 1487 4002 secundum
1518 3950 1774 4016 Spiritum

171 4042 587 4108 sanctiﬁcationis
608 4082 621 4103 ,
654 4056 719 4095 ex
746 4042 1107 4095 resurrectione
1135 4050 1449 4095 mortuorum
1473 4040 1598 4095 Jesu
1620 4041 1772 4096 Chri-

171 4134 233 4186 sti
256 4136 272 4202 (
298 4133 454 4188 Rom.
494 4134 544 4187 I.
588 4133 679 4201 4).
712 4133 819 4187 Cur
848 4140 903 4187 et
929 4133 1035 4187 illic
1061 4142 1117 4188 et
1143 4132 1228 4189 hic
1261 4143 1317 4189 et
1348 4134 1541 4203 ubique
1568 4136 1669 4189 hoc
1698 4136 1773 4189 si-

169 4244 327 4299 gnum
355 4228 469 4293 dat,
496 4228 657 4281 modo
681 4226 887 4291 dicens,
911 4224 1037 4281 Cum
1064 4228 1313 4282 excitatus
1335 4231 1477 4299 fuero
1502 4244 1519 4292 ;
1547 4237 1621 4293 et,
1646 4228 1773 4282 Cum

172 4321 513 4375 emitoreritis
546 4318 591 4372 F
594 4319 740 4372 ilium
767 4320 986 4375 hominis
1004 4359 1021 4384 ,
1054 4328 1173 4373 tunc
1200 4320 1511 4390 cognoscetis
1535 4321 1652 4389 quia
1682 4336 1773 4389 ego

172 4429 276 4464 sum
304 4412 487 4480 (Joan.
516 4411 597 4466 I2.
621 4410 709 4466 32.
743 4420 787 4464 et
811 4411 865 4466 8.
884 4410 993 4483 28)
1017 4428 1031 4475 ;
1064 4411 1223 4465 modo
1250 4421 1451 4473 autem,
1477 4410 1543 4464 Et
1573 4413 1774 4482 signant

172 4520 265 4557 non
298 4503 509 4556 dabitur
536 4502 674 4555 vobis
693 4543 707 4567 ,
752 4502 849 4555 nisi
875 4502 1075 4572 signum
1100 4500 1251 4555 Jona:
1276 4501 1488 4571 (Matth.
1517 4501 1603 4555 I2.
1628 4502 1696 4558 39
1720 4502 1771 4572 );

172 4606 329 4664 atque
376 4594 466 4648 hic
512 4608 724 4647 rursum
749 4633 765 4659 ,
803 4591 868 4646 In
902 4594 1063 4647 tribus
1111 4592 1282 4647 diebus
1334 4594 1561 4648 excitabo
1602 4594 1776 4648 illud?

172 4686 300 4755 Quia
324 4687 429 4741 hoc
454 4686 687 4741 maxime
712 4696 1028 4756 argumento
1050 4686 1441 4741 ostendebatur
1466 4686 1637 4757 ipsum
1663 4703 1771 4742 non

172 4795 286 4835 esse
317 4794 517 4849 purum
546 4778 816 4833 hominem
841 4777 1024 4847 ,quod
1050 4788 1229 4847 posset
1254 4778 1513 4833 adversus
1541 4788 1771 4834 mortem

174 4880 431 4939 tropmum
480 4871 723 4940 erigere,
772 4885 835 4924 ac
880 4870 1187 4925 diuturnam
1241 4872 1381 4925 illius
1431 4870 1770 4941 tyrannidem

173 4961 498 5033 dilticileque
541 4964 736 5017 bellum
775 4962 904 5018 illud
948 4972 1051 5016 tam
1096 4964 1202 5017 cito
1243 4963 1471 5017 solvere.
1526 4962 1649 5017 Ideo
1676 4963 1769 5026 ait,

179 5052 314 5108 Tunc
334 5056 523 5108 scietis.
544 5052 707 5115 Tunc,
730 5053 1106 5122 quandonam?
1132 5054 1263 5109 Cum
1289 5062 1567 5123 postquam
1591 5069 1773 5108 resur-

179 5160 386 5209 rexero,
418 5146 685 5200 attraham
734 5154 902 5199 totum
948 5148 1154 5210 orbem,
1201 5155 1327 5201 tunc
1366 5146 1547 5200 scietis
1592 5163 1676 5199 me
1720 5154 1775 5199 ιιι

183 5235 338 5288 Deum
366 5247 417 5289 et
447 5250 635 5291 verum
673 5236 766 5291 Dei
796 5235 983 5291 Filium
1008 5237 1057 5291 id
1083 5238 1291 5302 fecisse,
1315 5237 1381 5291 arl
1412 5237 1771 5292 ulciscendam

186 5328 315 5382 Patri
345 5328 547 5383 illatam
580 5330 981 5385 contumeliam.
1011 5328 1118 5385 Cur
1144 5340 1319 5385 autem
1346 5345 1451 5384 non
1482 5331 1631 5395 dicit,
1657 5332 1773 5400 qui-

184 5421 275 5473 bus
294 5437 425 5490 opus
450 5431 599 5477 esset
628 5423 818 5491 signis,
848 5421 915 5476 ad
947 5423 1087 5477 male
1115 5422 1308 5477 factum
1340 5423 1654 5483 tollendum.
1678 5423 1772 5477 sed

187 5526 241 5564 se
266 5514 471 5582 signum
509 5513 761 5569 daturum
790 5529 909 5571 esse
940 5516 1212 5585 pollicitus
1237 5517 1353 5571 est?
1383 5516 1516 5584 Quia
1546 5517 1622 5571 sic
1655 5517 1773 5571 illos

192 5607 343 5675 magis
380 5607 681 5671 irritasset;
729 5607 831 5661 hoc
872 5618 1050 5662 autem
1092 5610 1251 5664 modo
1280 5611 1448 5679 magis
1487 5612 1768 5665 exterruit.

195 5698 421 5755 Attamen
467 5702 597 5756 nihil
628 5700 695 5753 ad
727 5700 828 5756 hoc
860 5702 1251 5772 responderunt
1280 5723 1295 5759 :
1326 5704 1600 5760 videbatur
1630 5711 1771 5761 enim

196 5787 286 5844 illis
324 5792 635 5847 incredibile
674 5792 948 5862 quidpiam
990 5794 1205 5861 dicere,
1242 5812 1339 5853 nec
1370 5798 1507 5852 ultra
1539 5796 1773 5853 interro—

494 5887 771 5949 ΡΔτιιοτ..
820 5890 935 5947 Cn.
992 5893 1145 5954 LIX.

3416 359 3516 413 ΗΞ

1904 482 2031 535 gare
2058 466 2375 531 valuerunt;
2410 476 2463 520 et
2491 468 2642 535 quasi
2675 480 2761 520 res
2792 464 2907 521 fieri
2932 479 3037 520 non
3068 474 3268 536 posset,
3294 468 3511 525 missam

1905 556 2049 609 illam
2089 556 2350 612 fecerunt.
2382 555 2535 623 Quod
2564 556 2608 610 si
2640 564 2819 611 mente
2847 556 3176 623 valuissent,
3204 557 3413 614 etiamsi
3453 561 3512 613 il-

1906 646 1993 701 lud
2022 646 2341 703 incredibile
2373 647 2647 702 videretur
2674 662 2815 711 esse,
2848 656 3132 718 pastquam
3167 651 3330 703 multa
3363 650 3512 720 signa

1903 737 2124 803 fecerat,
2156 749 2283 795 tunc
2315 739 2739 809 interrogassent
2773 739 2920 792 illum
2947 778 2960 802 ,
2997 748 3121 794 tunc
3149 742 3348 809 precati
3384 740 3512 795 fuis-

1902 840 2024 886 sent
2044 842 2101 886 ut
2126 832 2342 887 illorum
2363 831 2753 888 dubitationem
2778 832 3047 896 solveret;
3080 834 3173 887 sed
3198 835 3370 888 insani
3390 850 3516 890 cun

1900 932 2102 989 essent,
2136 924 2255 979 aliis
2276 923 2436 980 dictis
2462 939 2531 980 ne
2558 924 2839 978 minimum
2872 923 3090 993 quidem
3123 925 3465 981 attenderant
3502 942 3513 975 :

1899 1015 2001 1069 alia
2031 1030 2161 1069 vero
2189 1030 2313 1070 cum
2353 1016 2490 1070 mala
2520 1025 2701 1070 mente
2727 1015 3037 1069 audiebant.
3087 1016 3321 1087 Ideoque
3347 1016 3511 1073 Chri-

1899 1119 2011 1163 stus
2043 1111 2379 1181 aenigmatice
2402 1112 2532 1183 ipsis
2562 1111 2900 1181 loquebatur.

1971 1201 2073 1255 Cur
2086 1202 2315 1257 Christus
2328 1220 2429 1257 non
2442 1204 2540 1257 nisi
2552 1204 2871 1274 aanigmatice
2881 1203 3145 1275 discipulis
3158 1204 3221 1258 de
3232 1221 3327 1258 sua
3339 1207 3512 1274 futura

1898 1295 2262 1349 resurrectione
2284 1296 2482 1349 locutus
2505 1297 2675 1365 fuerit.
2708 1296 3069 1367 Apostolorum
3109 1299 3267 1352 virtus
3292 1308 3508 1371 quanta.

1899 1384 2236 1457 Eleemosyna
2260 1388 2666 1442 commendatur.
2685 1420 2757 1429 —
2778 1389 2885 1445 Sed
2915 1390 3057 1461 quod
3086 1390 3195 1461 jam
3222 1394 3520 1473 quaeritur"

1899 1476 2000 1532 hoc
2028 1489 2110 1532 est
2136 1519 2149 1544 ,
2184 1494 2282 1533 cur
2311 1478 2561 1548 discipuli
2594 1495 2698 1535 non
2734 1482 2981 1535 noverint
3012 1483 3187 1550 ipsum
3217 1498 3247 1537 a
3278 1486 3512 1540 mortuis

1896 1578 2324 1624 resurrecturum
2354 1572 2509 1625 esse?
2535 1570 2669 1639 Quia
2700 1571 2935 1625 nondum
2967 1571 3201 1642 Spiritus
3230 1574 3403 1642 gratia
3428 1573 3510 1628 di-

1895 1660 2039 1729 gnati
2079 1658 2314 1717 fuerant.
2357 1661 2703 1734 Quapropter
2731 1664 2797 1719 de
2828 1664 3228 1721 resurrectione
3257 1665 3504 1737 frequen-

1897 1759 1978 1806 ter
2001 1750 2283 1807 audientes
2302 1794 2316 1818 ,
2352 1754 2485 1809 nihil
2513 1754 2889 1826 intelligehaut
2918 1773 2931 1808 :
2966 1755 3061 1811 sed
3091 1756 3395 1825 cogitabant
3421 1758 3502 1812 in-

1896 1852 1973 1899 tra
2006 1859 2066 1900 se
2095 1846 2221 1915 quid
2248 1846 2351 1901 hoc
2374 1857 2538 1903 esset.
2570 1847 2703 1901 Nam
2734 1848 3059 1917 stupendum
3083 1859 3137 1905 et
3169 1853 3509 1919 inexspecta-

1896 1945 2006 1990 tum
2038 1946 2175 2003 erat,
2203 1937 2345 2008 quod
2370 1938 2671 2005 dicebatur,
2706 1940 2847 2010 quod
2879 1934 3075 2010 nempe
3096 1940 3365 2011 quiSpiam
3385 1956 3507 1996 sese

1892 2036 2074 2097 posset
2106 2028 2460 2094 resuscitare,
2493 2038 2653 2100 atque
2684 2030 2773 2085 illo
2801 2031 2965 2085 modo
2992 2034 3337 2088 resnscitare.
3371 2032 3498 2088 Ideo

1895 2116 2084 2173 Petrus
2114 2119 2423 2190 increpatus
2450 2120 2567 2183 fuit,
2594 2122 2735 2191 quod
2780 2136 2901 2175 cum
2941 2122 3074 2177 nihil
3102 2132 3285 2179 nosset
3318 2123 3385 2178 de
3420 2140 3503 2178 re-

1882 2210 2227 2265 surrectione
2248 2252 2261 2275 ,
2306 2213 2509 2267 diceret
2542 2232 2554 2267 :
2591 2211 2853 2282 Propitius
2882 2222 2986 2267 esto
3020 2215 3108 2268 tibi
3144 2214 3374 2284 (Matth.
3417 2216 3501 2269 16.

1891 2302 2003 2373 2‘2).
2035 2302 2221 2373 Neque
2248 2303 2493 2359 Christus
2523 2314 2648 2361 ante
2679 2321 2794 2359 rem
2824 2306 2994 2375 ipsam
3023 2306 3124 2360 hoc
3153 2306 3262 2362 illis
3292 2308 3502 2363 revela-

1890 2395 1984 2455 vit.
2017 2411 2085 2450 ne
2114 2395 2219 2449 illis
2240 2395 2566 2451 offendicqu
2595 2405 2772 2463 esset,
2806 2397 2896 2466 qui
2924 2397 3077 2451 initio
3101 2399 3185 2451 vix
3212 2397 3371 2453 fidem
3405 2397 3500 2451 ha-

1890 2486 2089 2541 bebant
2114 2488 2177 2541 iis
2192 2504 2311 2558 qua:
2333 2488 2670 2555 dicebantur,
2686 2490 2829 2560 quod
2855 2504 2915 2543 ea
2938 2490 3228 2545 admodum
3253 2493 3502 2562 Inexspe-

1888 2588 2029 2633 elata
2060 2588 2261 2640 essent,
2293 2594 2469 2650 neque
2496 2581 2644 2636 clare
2670 2582 2876 2636 scirent
2900 2582 3021 2648 quis
3051 2591 3195 2637 esset
3220 2582 3399 2637 Iesus.
3435 2583 3502 2638 Iis

1828 2676 1835 2691 ‘
1887 2670 2030 2722 enim
2072 2684 2191 2739 qua:
2231 2670 2487 2739 operibus
2521 2670 2651 2740 ipsis
2682 2671 2826 2726 clare
2865 2673 3304 2742 comprobantur,
3340 2689 3501 2728 nemo

1890 2758 2047 2814 fidem
2091 2762 2397 2831 negaverit;
2443 2760 2550 2815 illis
2578 2776 2708 2816 vero
2740 2777 2858 2830 quae
2887 2762 3069 2817 verbis
3105 2764 3279 2818 solum
3319 2763 3500 2833 profe-

1888 2850 2165 2914 rebantur,
2196 2851 2488 2905 verisimile
2511 2859 2624 2905 erat
2657 2850 2920 2920 quosdam
2950 2850 3107 2907 fidem
3134 2867 3255 2907 esse
3277 2863 3500 2923 negatu-

1888 2955 1998 2994 ros.
2030 2941 2235 2995 Idcirco
2255 2942 2466 2996 sinebat
2493 2942 2643 2996 initio
2668 2957 2779 2996 rem
2804 2942 3066 2997 occultam
3093 2958 3330 2999 manere.
3363 2944 3495 3000 Cum

1886 3040 2064 3084 autem
2093 3031 2465 3100 experimento
2494 3032 2635 3087 dicta
2663 3046 2760 3087 sua
2783 3048 2909 3086 vera
2937 3034 3346 3104 comprobahat,
3374 3045 3499 3091 tunc

1886 3122 2173 3177 verborum
2215 3123 2377 3177 dabat
2419 3123 2865 3194 intelligentiam,
2909 3132 3221 3193 tantamque
3263 3125 3496 3195 Spiritus

1884 3215 2133 3284 gratiam,
2161 3224 2219 3269 ttt
2244 3214 2529 3269 confestim
2556 3216 2734 3269 omnia
2760 3217 3087 3285 acciperent.
3121 3215 3221 3271 Ille
3240 3218 3393 3281 enim,
3417 3218 3497 3271 iu-

1884 3307 1998 3376 quit
2018 3345 2032 3368 ,
2066 3307 2202 3360 vobis
2229 3308 2638 3361 commemorabit
2664 3309 2856 3362 omnia.
2900 3308 3032 3363 Nam
3062 3310 3150 3379 qui
3180 3320 3495 3380 conceptam

1884 3397 1951 3452 de
1978 3397 2067 3451 illo
2100 3398 2487 3464 reverentiam,
2516 3414 2620 3453 una
2651 3414 2875 3469 vespera
2902 3398 3293 3469 deposuerunt,
3322 3417 3387 3456 ac
3414 3400 3489 3456 fu-

1881 3496 2097 3558 gerunt,
2130 3488 2222 3559 qui
2250 3503 2309 3544 se
2338 3486 2593 3544 dicebant
2614 3504 2719 3543 nou
2746 3504 2910 3545 nosse
2939 3490 3110 3554 illum,
3138 3492 3223 3545 vix
3254 3495 3494 3547 omnium

1883 3594 2001 3647 qua:
2028 3579 2197 3633 multo
2231 3591 2474 3648 tempore
2502 3578 2641 3633 facta
2668 3580 2918 3648 dictaque
2948 3580 3159 3634 fuerant
3178 3622 3192 3645 ,
3228 3582 3495 3637 recordati

1882 3665 2141 3733 fuissent,
2184 3667 2286 3721 nisi
2328 3684 2577 3737 magnam
2626 3669 2945 3737 consequuti
2995 3670 3224 3725 fuissent
3262 3671 3498 3741 Spiritus

1880 3762 2129 3831 gratiam.
2179 3760 2235 3815 Si
2282 3776 2409 3815 vero
2435 3800 2449 3823 ,
2484 3760 2727 3830 inquies,
2758 3776 2789 3815 a
2816 3762 3018 3831 Spiritu
3046 3763 3275 3818 audituri
3305 3776 3456 3819 erant
3478 3807 3493 3831 ,

1882 3852 2009 3920 quid
2036 3866 2174 3922 opus
2202 3861 2318 3906 erat
2350 3851 2472 3906 illos
2499 3866 2621 3905 cum
2652 3852 2870 3906 Christo
2900 3854 3124 3918 versari,
3153 3870 3259 3909 non
3288 3856 3496 3913 intelle-

1881 3953 2063 3999 cturos
2086 3959 2148 3998 ea
2180 3959 2298 4013 quae
2325 3943 2680 3999 dicebantur?
2700 3944 2963 4012 Quo:;iam
2997 3945 3229 4015 Spiritus
3257 3963 3365 4003 non
3393 3947 3494 4003 do-

1882 4036 2011 4103 cuit,
2061 4036 2155 4091 sed
2208 4036 2259 4088 in
2307 4037 2623 4090 memoriam
2671 4038 2942 4091 remeavit
2983 4052 3044 4091 ea
3086 4055 3205 4108 qua:
3251 4040 3496 4095 Christus

1880 4127 2110 4183 dixerat.
2158 4128 2271 4182 Non
2301 4144 2489 4195 parum
2521 4138 2700 4183 autem
2728 4129 2793 4183 ad
2822 4129 3047 4199 gloriam
3076 4130 3275 4185 Christi
3306 4132 3495 4189 confe-

1883 4222 2055 4287 rebat,
2083 4221 2224 4291 quod
2257 4220 2489 4292 Spiritus
2517 4221 2820 4276 mitteretur
2840 4221 2908 4276 ad
2932 4223 3299 4279 renovandam
3319 4225 3492 4278 dicto-

1883 4332 2001 4371 rum
2030 4331 2247 4372 suorum
2276 4317 2615 4403 memoriam.
2661 4314 2818 4371 Initio
2848 4319 3069 4390 quidem
3098 4334 3164 4374 ex
3200 4320 3289 4374 Dei
3325 4320 3491 4374 bene-

1885 4411 2004 4467 ﬁcio
2037 4411 2165 4478 fuit,
2196 4410 2339 4482 quod
2373 4409 2608 4481 Spiritus
2638 4412 2810 4481 gratia
2844 4412 3145 4475 involaret,
3176 4413 3244 4467 ita
3275 4412 3493 4481 copiosa

1882 4512 1938 4558 ct
1980 4505 2189 4571 ampla;
2240 4502 2436 4557 deinde
2476 4517 2663 4557 eorum
2696 4504 2909 4557 virtutis
2948 4502 3067 4569 fuit,
3107 4502 3249 4575 quod
3292 4504 3492 4558 donum

1884 4604 2088 4648 tantum
2136 4596 2451 4648 retinerent.
2487 4592 2659 4647 Vitam
2704 4594 2903 4663 quippe
2948 4596 3232 4650 sanctitate
3274 4596 3490 4665 conspi-

1881 4701 2036 4739 cuam
2076 4686 2364 4749 ducebant,
2400 4685 2732 4754 multamque
2774 4687 3093 4755 sapientiam
3131 4688 3492 4751 exhibebant,

1883 4780 2203 4851 laboresque
2226 4793 2449 4849 magnos
2473 4796 2486 4833 :
2514 4779 2680 4833 vitam
2706 4790 3025 4848 praesentem
3050 4780 3491 4846 contemnebant,

1885 4873 2114 4928 humana
2164 4872 2313 4926 nihili
2358 4870 2686 4942 pendebant,
2742 4871 2837 4925 sed
2884 4876 3193 4940 superiores
3240 4873 3494 4927 omnibus

1882 4964 2065 5031 fuere;
2095 4980 2158 5019 ac
2178 4965 2315 5019 sicut
2342 4963 2538 5033 aquila:
2568 4963 2715 5017 leves
2746 4964 2797 5017 in
2828 4963 2993 5017 altum
3019 4964 3283 5027 volantes,
3314 4966 3493 5033 cperi-

1882 5060 1982 5113 bns
2011 5058 2077 5112 ad
2107 5059 2281 5127 ipsum
2311 5057 2502 5111 ctelum
2535 5056 2948 5126 pertingebant,
2984 5072 3185 5127 perque
3212 5072 3372 5125 opera
3408 5057 3491 5109 in.

1880 5161 2096 5222 gentem
2125 5149 2357 5220 Spiritus
2380 5149 2608 5219 gratiam
2643 5148 2976 5203 obtinebant.
3032 5148 3141 5204 llos
3184 5148 3363 5217 itaque
3397 5164 3493 5203 nos

1882 5260 2091 5314 quoque
2116 5244 2387 5297 imitemur
2407 5260 2419 5297 :
2442 5258 2509 5296 ne
2525 5244 2932 5311 exstinguamus
2954 5241 3230 5311 lampades
3258 5249 3482 5313 nostras,

1881 5337 1973 5390 sed
1997 5336 2199 5390 lucidas
2223 5351 2319 5404 per
2340 5335 2741 5405 eleemosynam
2768 5334 3074 5388 reddamus.
3102 5334 3333 5403 Ilujusce
3357 5334 3490 5403 ignis

1885 5432 2060 5484 lumen
2092 5430 2160 5483 ita
2191 5438 2457 5483 servatur.
2486 5429 2817 5499 Colligamus
2848 5428 3007 5499 igitur
3036 5428 3215 5484 oleum
3243 5431 3293 5482 in
3327 5428 3492 5486 vasis.

1882 5521 2007 5575 dum
2040 5519 2289 5573 vivimus.
2332 5519 2515 5588 Neque
2543 5520 2685 5573 enim
2722 5527 2842 5587 post
2880 5519 3178 5573 discessum
3222 5520 3362 5573 hunc
3392 5532 3489 5573 no-

1882 5620 2052 5664 strum
2094 5626 2381 5681 possumus
2413 5610 2543 5664 illud
2582 5624 2763 5665 emere
2786 5653 2799 5675 ,
2831 5626 2931 5665 nec
2970 5611 3187 5665 aliunde
3215 5611 3487 5679 accipere,

1884 5703 1984 5757 nisi
2016 5718 2109 5772 per
2133 5717 2322 5757 manus
2345 5718 2657 5773 pauperum.
2690 5702 2843 5769 Illud,
2870 5704 3107 5775 inquam,
3129 5704 3252 5771 hinc
3272 5701 3489 5757 abunde

1886 5796 2222 5867 colligamus,
2253 5796 2296 5850 si
2330 5796 2555 5853 velimus
2592 5811 2713 5852 cum
2742 5809 2941 5867 sponso
2978 5798 3181 5867 ingredi
3214 5815 3225 5849 :
3254 5797 3337 5851 sin
3381 5796 3485 5850 mi-

3117 5891 3156 5951 0
