4162 6326
691 429 794 487 ηε

1465 410 1520 464 8.
1563 400 1836 463 JOANNIS
1869 387 2337 455 ειιιιῖεοετοω
2378 384 2693 444 ABCIIIEP.
2733 375 3268 438 CONSTANTINOP.

3875 369 3974 423 «ιι

691 556 791 595 nus
815 580 829 604 ,
859 545 1008 593 extra
1036 529 1330 588 thalamum
1353 518 1655 578 necessario
1685 509 2040 604 manebimus.

2424 505 2437 551 ι
2475 492 2828 550 ineﬁ'abilihus
2858 490 3098 546 fruamur
3134 489 3290 545 bonis
3309 530 3324 554 ,
3353 501 3474 556 que
3503 486 3702 540 utinam
3733 498 3834 538 nos
3859 499 3974 538 om-

2434 599 2475 604 _-
2514 599 2631 604 _-__
2655 597 2898 604 -__--_.__-
2950 580 3111 604 ..-η-ε-
3140 592 3184 604 Α.
3216 579 3541 604 ιυ...ζ.-..τί.ιι,ι
3572 575 3778 604 “Iuni”:
3803 576 3973 604 ...ιριιᾶ

693 592 848 686 nihile
870 592 1015 681 enim
1039 666 1054 688 ,
1095 613 1454 689 impossibile,
1487 614 1726 679 inquam,
1757 612 1857 669 est,
1887 595 2100 689 etiamsi
2130 592 2278 689 mille

697 685 831 778 ωιτη
861 685 1079 772 edamus
1104 685 1292 780 opera,
1325 706 1441 760 sine
1470 702 1810 769 eleemOsyna
1833 693 1897 749 ad
1919 690 2068 762 regni
2095 685 2278 742 limina

698 806 919 879 ingredi.
954 803 1078 858 Ideo
1108 801 1253 855 illam
1282 794 1569 851 admodum
1602 787 1892 846 liberaliter
1912 780 2279 840 exhibeamus,

2384 599 2479 642 nes
2505 597 2920 654 consequamur,
2947 580 3115 651 gratia
3137 592 3190 635 et
3215 579 3542 647 benignitate
3572 575 3778 630 Domini
3803 576 3975 628 nostri

2384 675 2512 733 Jesu
2536 667 2756 741 Christi,
2788 674 2872 728 cui
2901 672 3066 742 gloria
3095 681 3148 726 et
3180 670 3462 739 imperium
3491 668 3719 738 ubique,
3756 682 3899 723 nunc
3928 676 3984 723 et

2386 783 2622 839 semper,
2645 778 2700 824 et
2728 768 2781 822 in
2811 766 3007 822 saecula
3034 764 3376 821 sa'culorum.
3412 764 3602 817 Amen.

697 892 3968 947 _______________________________.________.

2024 977 2372 1046 HOMILIA
2413 975 2652 1038 XXIV.

701 1155 790 1209 25.
821 1152 945 1208 Cum
965 1159 1129 1204 autem
1157 1154 1281 1200 esset
1301 1136 1633 1209 Jerosalgmis
1653 1135 1706 1188 in
1728 1129 1999 1186 Paschain
2021 1126 2102 1181 die
2127 1126 2255 1196 [esto
2271 1160 2285 1187 ,

1128 1235 1274 1291 multi
1301 1231 1620 1288 crediderunt
1648 1227 1700 1281 in
1725 1239 1862 1279 eum.

779 1338 831 1392 1.
874 1333 1025 1387 Tunc
1043 1344 1110 1385 ex
1150 1325 1457 1384 hominibus
1506 1320 1612 1376 illis
1643 1316 1733 1372 alii
1765 1312 1980 1385 quidem
2024 1309 2074 1364 in
2107 1317 2289 1360 errore

708 1423 1038 1498 perstabant,
1070 1418 1158 1474 alii
1183 1415 1465 1472 veritatem
1503 1405 1982 1498 amplexabantur;
2015 1410 2200 1498 verum
2224 1408 2288 1448 ex

708 1488 791 1572 bis
817 1513 1058 1570 nonnulli
1087 1509 1235 1566 brevi
1282 1513 1484 1561 tantum
1515 1497 1817 1558 retinebant
1846 1495 2011 1555 illam,
2043 1497 2099 1546 et
2134 1488 2201 1542 ab
2229 1499 2293 1540 ea

663 1625 670 1634 ·
709 1606 924 1662 demum
946 1599 1278 1656 excidebant.
1299 1595 1409 1651 llos
1424 1592 1666 1648 Christus
1684 1581 2054 1646 subiudicavit,
2082 1576 2297 1651 quando

712 1699 856 1767 ipsos
909 1692 1200 1748 seminibus
1249 1683 1617 1757 comparavit,
1676 1697 1795 1751 qua:
1852 1692 1956 1732 non
2009 1670 2298 1745 profundas

714 1786 985 1841 mitterent
1014 1779 1218 1835 radices
1242 1819 1256 1843 ,
1297 1776 1391 1831 sed
1423 1788 1516 1830 eas
1544 1775 1596 1827 in
1624 1769 1906 1840 superficie
1935 1776 2092 1822 terra:
2122 1776 2297 1834 pone-

715 1883 856 1940 rent,
883 1886 1016 1943 quos
1043 1871 1149 1926 cito
1177 1867 1351 1939 perire
1379 1864 1532 1921 dixit.
1567 1863 1674 1918 Hos
1701 1873 1912 1932 quoque
1948 1857 2038 1912 hic
2063 1869 2303 1911 comme-

715 1974 889 2020 morat
909 1961 1232 2032 evangelista
1261 1974 1381 2014 cum
1409 1957 1480 2011 ait
1507 1975 1520 2008 :
1550 1954 1677 2010 Cum
1704 1962 1869 2006 autem
1895 1959 2019 2005 esset
2039 1947 2298 2016 Jerosoly-

717 2058 810 2110 mis
848 2055 901 2108 in
951 2051 1153 2107 Pascha
1178 2050 1341 2104 indie
1370 2045 1695 2122 [eum/multi
1733 2045 2052 2098 crediderunt
2076 2042 2129 2095 in
2168 2055 2300 2105 eum,

718 2147 935 2200 uidentes
964 2145 1073 2213 ejus
1099 2143 1244 2212 signa
1272 2154 1384 2210 qua:
1423 2138 1658 2207 faciebat.
1686 2137 1778 2191 24.
1812 2134 1934 2204 Ipse
1961 2143 2126 2187 autem
2153 2130 2306 2185 Iesus

719 2251 819 2287 non
845 2249 897 2288 se
923 2233 1152 2286 credebat
1181 2232 1272 2283 eis.
1298 2227 1588 2283 Firmiores
1611 2233 1764 2281 erant
1789 2223 2052 2293 discipuli,
2082 2223 2171 2292 qui
2197 2236 2303 2275 non

721 2324 885 2395 signis
910 2331 1112 2378 tantum
1134 2362 1147 2386 ,
1179 2319 1274 2375 sed
1318 2319 1478 2373 etiam
1513 2317 1754 2372 doctrina
1795 2314 2022 2385 permoti
2062 2325 2306 2368 accesse-

723 2422 865 2468 runt.
896 2411 1200 2467 Crassiores
1235 2409 1431 2479 quippe
1469 2408 1615 2478 signa
1640 2405 2025 2476 pertrahebant
2046 2445 2059 2469 ,
2102 2403 2309 2457 ratione

725 2502 974 2572 prseditos
1002 2499 1297 2572 prophetiae
1338 2509 1392 2555 et
1433 2499 1696 2554 doctrina.
1720 2496 1992 2565 Quotquot
2030 2495 2190 2564 igitur
2217 2508 2311 2562 per

724 2595 1015 2652 doctrinam
1045 2591 1183 2662 capti
1213 2599 1355 2656 sunt,
1379 2589 1430 2642 bi
1463 2590 1736 2658 signorum
1761 2586 2081 2656 sequacibus
2108 2584 2312 2638 ﬁrmio-

727 2702 813 2742 res
841 2694 1025 2750 eratut;
1073 2697 1206 2754 quos
1244 2689 1298 2737 et
1345 2679 1590 2735 Christus
1628 2679 1815 2734 beatos
1863 2675 2186 2746 praedicabat
2230 2675 2313 2730 his

730 2777 907 2833 verbis
940 2793 953 2831 :
982 2774 1124 2828 Beati
1150 2774 1236 2843 qui
1265 2789 1366 2826 non
1403 2772 1655 2836 uiderunt,
1679 2778 1723 2823 et
1750 2768 2076 2821 crediderunt
2103 2767 2121 2836 (
2153 2765 2310 2819 Joan.

729 2866 820 2921 20.
851 2864 984 2933 29).
1011 2863 1162 2932 Quod
1197 2871 1372 2916 autem
1405 2861 1479 2914 illi
1517 2875 1622 2914 non
1662 2858 1771 2912 veri
1807 2865 1986 2912 essent
2031 2855 2311 2926 discipuli,

731 2956 919 3027 probat
950 2954 1000 3009 id
1027 2951 1167 3022 quod
1195 2951 1532 3021 subjungitur
1564 2966 1577 3001 :
1608 2948 1728 3019 Ipse
1751 2946 1901 3002 Iesus
1929 2963 2030 3002 non
2071 2962 2124 3002 se
2146 2946 2318 3001 crede-

732 3047 814 3102 bat
843 3048 932 3102 eis.
965 3045 1179 3114 Quare?
1207 3043 1340 3108 Quia
1359 3043 1532 3096 omnia
1550 3043 1567 3074 ι
1598 3051 1822 3106 nouerat,
1853 3040 1945 3095 25.
1978 3049 2024 3095 et
2044 3041 2164 3113 quia
2193 3056 2319 3105 Opus

735 3155 835 3192 non
861 3146 966 3190 erat
987 3146 1040 3190 ut
1061 3137 1171 3204 quis
1193 3134 1526 3188 testimonium
1550 3133 1828 3202 perhiberet
1855 3133 1918 3186 de
1947 3132 2148 3186 homine
2171 3172 2186 3198 ,
2214 3133 2321 3202 ipse

738 3229 866 3282 enim
887 3227 1069 3281 sciebat
1089 3225 1212 3297 quid
1232 3233 1353 3278 esset
1379 3225 1430 3277 in
1453 3224 1672 3277 homine.
1701 3222 1755 3277 ld
1772 3229 1875 3288 est,
1901 3222 2062 3276 verba
2092 3237 2196 3277 non
2230 3237 2325 3278 cu-

737 3318 907 3380 rabat,
933 3316 1021 3387 qui
1052 3316 1104 3369 in
1133 3316 1245 3384 ipsa
1274 3315 1434 3369 corda
1477 3321 1722 3384 penetrat
1762 3322 1816 3368 et
1846 3324 2083 3379 mentes;
2121 3323 2174 3368 et
2202 3328 2320 3368 cum

739 3407 1003 3462 fervorem
1027 3405 1236 3460 illorum
1267 3413 1666 3473 temporaneum
1690 3418 1810 3459 esse
1834 3405 2000 3459 sciret
2020 3446 2034 3470 ,
2064 3419 2168 3458 non
2193 3405 2323 3460 ﬁde-

742 3497 833 3550 bat
879 3495 959 3550 eis
1007 3503 1063 3547 ut
1095 3492 1344 3563 perlectis
1377 3493 1687 3562 discipulis:
1719 3507 1825 3548 non
1861 3494 2040 3547 omnia
2071 3495 2200 3564 ipsis
2228 3493 2322 3549 do-

739 3592 912 3655 gmata
943 3584 1199 3651 tradebat,
1243 3585 1389 3654 quasi
1427 3583 1580 3637 ﬁdem
1613 3583 1837 3638 ﬁrmiter
1863 3592 2044 3640 essent
2071 3585 2319 3654 amplexi.

741 3677 910 3732 Nosse
937 3686 1115 3732 autem
1142 3692 1201 3731 ea
1234 3692 1353 3746 quae
1382 3677 1435 3731 in
1481 3677 1645 3731 corde
1672 3676 1946 3731 hominum
1984 3685 2144 3742 sunt,
2186 3676 2326 3731 illius

745 3775 946 3822 tantum
975 3777 1075 3832 est,
1106 3766 1204 3833 Qui
1225 3767 1643 3836 ﬁnaitsigillatim
1669 3766 1824 3820 corda
1857 3766 2042 3838 (Psal.
2068 3767 2156 3822 52.
2189 3766 2288 3840 15)
2311 3809 2325 3834 ,

747 3873 938 3927 nempe
964 3857 1130 3911 solius
1164 3856 1278 3910 Dei.
1323 3855 1455 3910 Nam
1501 3855 1597 3921 Tu,
1631 3857 1823 3926 inquit,
1875 3858 2135 3928 cognoscis
2176 3858 2330 3911 corda

745 3952 883 4004 solus
913 3949 933 4021 (
959 3950 1011 4004 5.
1047 3947 1171 4019 Reg.
1211 3947 1263 4003 8.
1296 3945 1363 4003 59
1389 3949 1429 4018 ).
1475 3947 1590 4003 Νοη
1613 3950 1802 4019 egebat
1847 3949 2102 4017 testibus,
2143 3957 2203 4003 ut
2239 3964 2330 4005 eas

748 4057 879 4113 quas
907 4040 1234 4095 formaverat
1273 4050 1480 4095 mentes
1511 4049 1888 4111 cognosceret;
1935 4040 2162 4111 ideoque
2192 4048 2330 4097 tem-

750 4130 1240 4202 poraneseipsorum
1258 4129 1378 4184 fidei
1399 4145 1503 4184 non
1521 4130 2098 4186 conlldebat.Homines
2113 4131 2328 4202 quippe,

749 4222 834 4291 qui
866 4234 1040 4291 neque
1079 4220 1360 4290 praesentia
1397 4235 1572 4291 neque
1603 4221 1774 4276 futura
1806 4231 2034 4288 norunt,
2067 4236 2210 4292 saepe
2235 4222 2332 4276 do-

753 4315 865 4369 lose
892 4311 1267 4367 accedentibus
1296 4322 1350 4366 et
1376 4314 1533 4381 paulo
1551 4321 1671 4380 post
1697 4313 1988 4366 reeessuris
2017 4313 2198 4367 omnia
2219 4312 2334 4366 sine

753 4405 861 4459 ullo
892 4413 1035 4458 metu
1056 4403 1239 4459 dicunt
1263 4413 1318 4458 et
1351 4402 1585 4457 tradunt.
1609 4402 1854 4458 Christus
1877 4417 2007 4458 vero
2040 4418 2147 4458 non
2180 4403 2330 4468 item;

755 4509 877 4550 nam
902 4507 1092 4549 arcana
1120 4508 1304 4549 eorum
1333 4495 1511 4548 omnia
1553 4492 1722 4563 probe
1752 4494 1973 4550 sciebat.
2013 4494 2166 4549 Tales
2193 4510 2334 4549 nunc
2414 4498 2424 4508 '

752 4595 876 4641 sunt
905 4584 1078 4653 multi,
1116 4586 1207 4656 qui
1249 4585 1482 4640 ﬁdelium
1510 4585 1725 4656 quidem
1755 4600 1948 4642 nomen
1979 4586 2208 4654 habent,
2238 4587 2331 4642 sed

751 4679 1029 4734 versatiles
1069 4686 1123 4734 et
1150 4679 1515 4734 inconstantes
1541 4685 1684 4734 sunt.
1715 4677 1841 4734 Ideo
1867 4677 2116 4734 Christus
2141 4694 2248 4733 non
2276 4694 2333 4733 se

753 4769 920 4824 credit
965 4769 1064 4832 eis,
1095 4769 1189 4823 sed
1243 4768 1464 4837 plurima
1497 4769 1625 4838 ipsis
1659 4771 1908 4824 occultat.
1945 4770 2014 4827 Ut
2057 4772 2198 4826 enim
2237 4785 2335 4825 nos

756 4873 862 4912 non
917 4858 1104 4914 amicis
1148 4857 1493 4928 quibuslibet,
1545 4859 1638 4913 sed
1689 4860 1829 4914 veris
1873 4860 2120 4926 ﬁdimus;
2175 4861 2244 4914 ita
2283 4869 2336 4916 et

757 4950 894 5002 Deus
924 4953 965 5002 ⁸.
998 4947 1135 5002 Audi
1180 4948 1356 5018 itaque
1398 4949 1523 5019 quid
1555 4949 1800 5005 Christus
1833 4950 2107 5020 discipulis
2151 4952 2334 5010 dicat:

755 5039 875 5092 Non
912 5039 1026 5109 jam
1066 5040 1180 5093 dico
1223 5055 1308 5094 eos
1342 5055 1506 5094 servos
1531 5059 1549 5094 :
1577 5056 1661 5095 vos
1700 5042 1833 5095 enim
1873 5043 2024 5096 amici
2062 5043 2160 5097 mei
2196 5045 2332 5098 estis.

757 5130 927 5196 llude,
951 5141 1004 5188 et
1033 5133 1240 5203 quare?
1270 5131 1400 5197 Quia
1427 5133 1617 5199 omnia,
1641 5151 1754 5198 qua
1773 5136 1943 5189 audivi
1963 5153 1992 5188 a
2022 5133 2179 5190 Patre
2203 5153 2332 5202 meo,

755 5234 873 5277 noto
915 5225 1009 5293 feci
1036 5225 1171 5280 vobis
1202 5227 1220 5293 (
1248 5224 1403 5279 Joau.
1428 5224 1512 5280 15.
1548 5227 1617 5281 14
1638 5225 1681 5296 ).
1713 5227 1912 5282 Idcirco
1937 5243 2111 5299 neque
2139 5228 2336 5283 Judaeis

756 5318 905 5385 signa
933 5317 1235 5384 petentibus
1265 5315 1457 5384 dabat,
1489 5317 1612 5388 quia
1657 5318 1731 5372 illi
1763 5327 2030 5374 tentantes
2061 5320 2335 5390 petebant.

756 5413 946 5461 Annon
979 5416 1036 5461 ut
1064 5407 1212 5473 olim,
1236 5407 1313 5462 sic
1334 5424 1472 5463 nunc
1501 5424 1711 5480 quoque
1738 5411 1884 5481 signa
1916 5421 2099 5481 petere
2130 5421 2334 5467 tentan-

757 5502 888 5554 tium
915 5499 1040 5554 est?
1068 5498 1197 5553 Nam
1221 5508 1344 5554 sunt
1370 5499 1631 5571 hodieque
1660 5503 1748 5573 qui
1777 5515 2019 5572 quaerunt
2048 5520 2110 5560 ac
2131 5505 2332 5572 dicunt,

759 5593 862 5645 Cur
894 5606 1000 5646 non
1025 5591 1182 5646 etiam
1215 5607 1356 5648 nunc
1385 5592 1531 5662 signa
1564 5595 1730 5649 tiunt?
1759 5594 1815 5651 Si
1846 5595 2018 5652 ﬁdelis
2048 5611 2107 5653 es
2138 5606 2193 5658 ut
2220 5612 2336 5655 esse

823 5723 838 5786 ξ
878 5720 969 5786 Alli
992 5721 1192 5786 habent,
1206 5734 1389 5786 eomes.
1409 5722 1535 5786 loco,
1560 5723 1736 5774 omnia.

824 5783 841 5811 ⁸
877 5779 986 5842 Alit,
1011 5781 1075 5833 ita
1097 5791 1141 5834 et
1158 5779 1387 5839 Christus.

2399 1118 2583 1188 debes,
2617 1119 2660 1174 si
2688 1134 2837 1175 amas
2857 1119 3130 1175 Christum
3152 1128 3212 1175 ut
3241 1134 3425 1175 amare
3458 1134 3552 1190 par
3587 1125 3691 1185 est,
3718 1133 3828 1174 non
3857 1133 3990 1188 Opus

2399 1210 2566 1267 babes
2591 1211 2755 1282 signis
2799 1229 2812 1266 :
2863 1211 2978 1267 hazc
3002 1213 3144 1266 enim
3174 1210 3494 1266 inﬁdelibus.
3522 1210 3735 1265 dantur.
3764 1208 3872 1264 Cur
3895 1208 3992 1266 Ju-

2401 1303 2553 1368 daeis,
2606 1305 2833 1375 inquies,
2877 1321 2982 1360 non
3023 1305 3144 1360 data
3194 1304 3363 1360 sunt?
3395 1304 3522 1359 Data
3554 1313 3700 1359 certe
3743 1313 3916 1358 sunt:
3951 1304 3994 1358 si

2403 1395 2618 1467 quando
2647 1411 2776 1452 vero
2809 1407 3055 1468 petentes
3081 1413 3185 1452 non
3233 1397 3559 1465 acceperint,
3594 1395 3724 1451 illud
3754 1396 3878 1452 ideo
3923 1395 3998 1451 fa-

2402 1497 2546 1545 ctum
2573 1497 2673 1555 est,
2700 1490 2842 1560 quod
2867 1504 2970 1544 non
2999 1500 3055 1544 ut
3076 1490 3143 1544 ab
3171 1488 3486 1544 inﬁdelitate
3509 1488 3868 1544 liberarentur
3885 1487 4000 1543 bmc

2406 1579 2705 1648 petiissent,
2727 1579 2821 1634 sed
2850 1589 2905 1634 ut
2935 1595 3053 1634 sese
3076 1581 3245 1650 magis
3268 1580 3319 1633 in
3343 1579 3575 1650 nequitia
3593 1578 3998 1635 conﬁrmarent.

2407 1670 2558 1743 (Cap.
2588 1672 2646 1742 ὅ)
2675 1673 2725 1727 1.
2751 1671 2817 1726 Et
2853 1682 2960 1726 erat
2990 1673 3139 1726 homo
3168 1689 3230 1725 ea:
3259 1670 3534 1726 Pharisatis
3563 1670 3881 1726 Nicodemus
3914 1687 4001 1725 no-

2407 1763 2560 1827 mine,
2581 1763 2814 1832 princeps
2830 1762 2864 1816 Ι
2869 1765 3128 1818 admorunt
3151 1781 3169 1817 :
3189 1763 3243 1817 2.
3270 1762 3351 1816 hic
3379 1765 3507 1818 venit
3537 1762 3605 1815 ad
3627 1761 3806 1817 Iesum
3836 1773 4000 1816 nocte.

2410 1853 2507 1909 Hic
2535 1864 2590 1910 et
2612 1855 2663 1908 in
2696 1854 2873 1908 medio
2903 1854 3191 1926 Evangelio
3232 1854 3503 1909 Christum
3536 1853 3827 1909 defendere
3851 1853 4005 1908 vide-

2412 1957 2532 2010 tur;
2567 1946 2640 1999 ait
2664 1946 2806 2000 enim
2843 1966 2857 2002 :
2888 1944 2990 2000 Lex
3018 1956 3190 2000 nostra
3214 1946 3462 2000 neminem
3484 1945 3705 2015 judicat,
3729 1946 3829 1998 nisi
3855 1944 4001 2013 prius

2411 2040 2583 2093 audiat
2606 2039 2670 2092 ab
2693 2055 2750 2093 eo
2777 2037 2951 2107 (Joan.
2983 2038 3035 2091 7.
3068 2039 3180 2109 51).
3215 2037 3485 2092 Adversus
3513 2037 3653 2091 hunc
3680 2035 3848 2091 Judaei
3873 2034 4009 2090 indic

2410 2129 2710 2200 gnabantur
2747 2129 2986 2184 dicentes
3019 2148 3032 2183 :
3067 2128 3338 2200 Interroga
3380 2139 3427 2183 et
3475 2130 3588 2182 uide
3615 2130 3736 2199 quia
3761 2127 4011 2199 propheta

2412 2240 2474 2279 ex
2501 2223 2716 2279 Galilwa
2756 2239 2856 2276 non
2901 2224 3120 2277 surrexit
3150 2223 3167 2293 (
3200 2221 3336 2276 Ibid.
3367 2238 3414 2275 υ.
3449 2222 3519 2277 52
3547 2219 3588 2292 ).
3633 2222 3758 2275 Post
3790 2234 4010 2274 crucem

2413 2315 2574 2370 etiam
2603 2330 2846 2385 magnam
2868 2330 2966 2384 pro
2985 2314 3245 2369 Dominici
3269 2315 3510 2384 corporis
3529 2313 3801 2382 sepultura
3824 2327 4012 2367 curant

2416 2407 2676 2461 adhibuit.
2721 2405 2886 2473 Venit,
2938 2407 3131 2476 inquit,
3181 2404 3521 2468 Nicodemus,
3567 2406 3652 2476 qui
3697 2415 3900 2460 uenerat
3950 2404 4015 2456 ad

2423 2499 2696 2554 Dominum
2747 2509 2912 2564 nocte,
2965 2499 3132 2569 ferens
3182 2499 3456 2551 mixturam
3509 2498 3755 2568 unguenti
3795 2505 3840 2551 et
3877 2497 4017 2550 aloes

2418 2593 2565 2664 quasi
2593 2594 2746 2647 libras
2767 2602 2965 2646 centum
2993 2590 3173 2661 (Joan.
3198 2589 3287 2645 19.
3317 2587 3431 2662 59).
3457 2589 3553 2644 Hic
3578 2589 3686 2658 jam
3712 2602 3851 2642 nunc
3881 2587 4018 2643 bene

2422 2686 2645 2740 allectus
2667 2695 2783 2741 erat
2806 2700 2930 2755 erga
2961 2684 3258 2748 Christum,
3299 2698 3396 2738 nec
3427 2692 3603 2736 tamen
3627 2693 3888 2751 quantum
3926 2695 4019 2750 par

2419 2785 2554 2842 erat,
2586 2791 2757 2845 neque
2783 2791 2849 2829 eo
2889 2790 2995 2844 quo
3025 2773 3307 2843 oportebat
3348 2774 3548 2835 animo,
3591 2771 3684 2826 sed
3723 2770 3901 2825 adhuc
3929 2769 4021 2825 Ju-

2422 2869 2571 2924 daica
2600 2867 2962 2922 imbecillitate
2987 2866 3346 2921 detinebatur.
3375 2864 3498 2918 ideo
3521 2873 3680 2918 noctu
3708 2862 3874 2928 venit,
3895 2862 4020 2931 quia

2424 2960 2656 3016 interdiu
2683 2959 2733 3016 id
2765 2959 2939 3015 facere
2967 2957 3307 3015 formidabat.
3327 2955 3434 3010 Sed
3453 2955 3713 3025 benignus
3738 2954 3879 3008 Deus
3898 2968 4021 3009 eum

2428 3067 2603 3122 neque
2629 3052 2844 3121 repulit.
2879 3066 3050 3120 neque
3079 3049 3373 3119 redarguit,
3404 3062 3502 3102 nec
3525 3047 3768 3100 doctrina
3797 3060 3896 3100 sua
3925 3046 4024 3115 pri.

2429 3143 2571 3196 vavit
2601 3159 2614 3196 :
2639 3157 2822 3196 verum
2855 3157 2975 3196 cum
3008 3137 3423 3194 mansuetudine
3454 3151 3645 3206 magna
3677 3136 3849 3206 ipsum
3887 3135 4026 3190 allo-

2426 3234 2625 3303 quitur,
2655 3231 3010 3300 sublimiaque
3033 3231 3133 3300 ipsi
3162 3230 3409 3299 dogmata
3438 3227 3650 3298 aperit;
3682 3227 4027 3296 :enigmatico

2426 3322 2640 3394 quidem
2666 3362 2680 3387 ,
2711 3323 2989 3392 aperitque
3017 3330 3218 3375 tamen.
3263 3319 3427 3374 Multo
3465 3319 3636 3388 magis
3670 3319 3813 3372 enim
3874 3319 4028 3372 venia

2426 3414 2619 3484 dignus
2647 3413 2738 3468 ille
2758 3422 2894 3479 erat,
2919 3428 3076 3482 quam
3101 3412 3134 3467 ii
3163 3411 3253 3482 qui
3279 3410 3753 3480 maligneidipsum
3772 3408 4026 3479 agebant.

2433 3505 2510 3560 Illi
2539 3507 2682 3562 enim
2705 3507 2850 3561 omni
2874 3515 2998 3560 sunt
3021 3505 3369 3560 excusatione
3388 3502 3624 3572 indigni;
3659 3501 3745 3556 hic
3773 3517 3906 3556 vero
3933 3502 4031 3557 im-

2433 3595 2740 3666 probandus
2768 3595 2983 3666 quidem
3005 3604 3143 3661 erat,
3173 3592 3266 3650 sed
3291 3609 3398 3648 non
3436 3601 3739 3661 tantopere.
3768 3590 3880 3647 Cur
3901 3608 4032 3663 ergo

2433 3688 2754 3757 evangelista
2784 3686 2917 3740 nihil
2948 3686 3050 3740 tale
3071 3685 3138 3740 de
3161 3686 3250 3739 illo
3272 3684 3448 3739 dixit?
3478 3682 3852 3753 Dixitquidem
3881 3684 4029 3746 alibi,

2435 3792 2500 3832 ex
2531 3776 2859 3846 principibus
2887 3777 3082 3830 mullos
3106 3775 3155 3829 in
3187 3775 3333 3829 illum
3378 3775 3674 3829 credidisse
3707 3773 3912 3844 (Joan.
3942 3775 4031 3829 12.

2433 3870 2560 3939 48);
2592 3868 2684 3924 sed
2714 3878 2929 3938 propter
2953 3868 3166 3923 Judazos
3188 3883 3292 3922 non
3324 3867 3472 3922 illum
3496 3866 3773 3922 confessos
3795 3881 3941 3933 esse,
3970 3883 4036 3922 ne

2435 3971 2584 4017 extra
2611 3975 2933 4032 synagogam
2961 3960 3298 4029 ejicerentur.
3326 3960 3422 4024 llic
3448 3975 3578 4014 vero
3605 3961 3786 4013 omnia
3815 3961 3917 4014 ista
3945 3975 4037 4030 per

2437 4053 2582 4107 illum
2637 4064 2797 4126 npctu
2845 4052 3046 4106 aditum
3108 4052 3486 4105 subindicavit.
3535 4051 3675 4120 Quid
3733 4065 3865 4121 ergo
3917 4052 4037 4106 ait?

2438 4145 2620 4209 Rabbi,
2644 4148 2831 4199 scimus
2857 4144 2993 4214 quod
3018 4162 3049 4197 a
3070 4143 3179 4197 Deo
3199 4144 3376 4197 venisti
3407 4145 3643 4213 magister
3674 4160 3692 4198 :
3723 4161 3870 4197 nemo
3903 4147 4039 4198 enim

2437 4247 2596 4306 potest
2617 4243 2785 4306 facere
2829 4239 2937 4290 luet:
2978 4237 3124 4306 signa
3165 4252 3278 4305 qua:
3313 4246 3365 4288 tu
3392 4237 3540 4306 facis,
3570 4237 3670 4289 nisi
3712 4238 3868 4306 fuerit
3903 4236 4040 4292 Deus

2438 4344 2551 4381 cum
2571 4344 2648 4382 εο.

2509 4419 2563 4474 2.
2598 4419 2786 4475 Adhuc
2810 4418 3132 4475 Nicodemus
3161 4418 3306 4474 humi
3340 4419 3507 4487 repit,
3535 4417 3712 4474 adhuc
3742 4419 4040 4474 humanam

2438 4514 2505 4569 de
2534 4514 2750 4569 Christo
2778 4513 3099 4569 sententiam
3131 4512 3308 4576 habet,
3339 4520 3395 4566 et
3422 4512 3490 4567 de
3523 4511 3612 4567 illo
3639 4511 3793 4583 quasi
3823 4512 3894 4569 de
3919 4529 4044 4583 pro-

2440 4607 2602 4678 pheta
2661 4607 2928 4676 loquitur,
2982 4604 3116 4659 nihil
3172 4605 3338 4659 altum
3381 4620 3446 4660 ex
3488 4605 3654 4676 signis
3697 4605 4039 4674 coniectans.

2441 4700 2676 4763 Scimus,
2708 4698 2917 4766 inquit,
2969 4697 3106 4765 quod
3153 4711 3183 4749 α
3227 4693 3335 4748 Deo
3379 4695 3555 4749 venisti
3609 4696 3870 4766 magister.
3934 4695 4043 4751 Cur

2442 4805 2568 4859 ergo
2600 4799 2757 4842 noctu
2783 4796 2838 4842 et
2863 4787 3000 4842 clam
3027 4786 3175 4840 venis
3202 4786 3268 4840 ad
3301 4803 3421 4841 eum
3454 4787 3542 4856 qui
3568 4787 3746 4845 divina
3775 4786 4040 4857 loquitur,

2442 4881 2563 4950 quia
2617 4895 2647 4934 a
2702 4879 2808 4934 Deo
2846 4879 3026 4934 venit?
3067 4894 3163 4933 cur
3195 4894 3299 4933 non
3340 4895 3461 4932 cum
3505 4878 3697 4934 ﬁducia
3751 4879 4044 4951 loqueris?

2443 4971 2638 5027 Verum
2669 4971 2769 5026 hoc
2797 4985 2902 5025 non
2933 4971 3068 5025 dixit
3092 4969 3247 5026 Jesus
3275 4971 3316 5036 ί,
3346 4986 3519 5040 neque
3546 4970 3820 5041 redarguit
3845 4971 4003 5026 illum
4031 4991 4042 5023 :

2446 5063 2710 5118 Calamam
2741 5063 2874 5116 enim
2898 5073 3288 5132 conquassatum
3311 5079 3412 5116 non
3430 5066 3736 5134 confringet,
3766 5062 3966 5131 inquit,
3999 5073 4044 5115 rt

2442 5157 2635 5226 lignum
2663 5154 2919 5226 fumigans
2969 5169 3068 5208 non
3110 5153 3390 5223 exstinguet
3439 5152 3589 5224 (Isai.
3629 5153 3720 5208 42.
3757 5155 3809 5208 5.
3847 5152 4041 5206 Matth.

2442 5247 2527 5302 12.
2557 5245 2689 5318 20).
2724 5245 2864 5301 Idem
2893 5259 3104 5316 quoque
3135 5259 3346 5300 rursum
3366 5287 3380 5310 ,
3426 5242 3547 5298 Non
3595 5245 3864 5298 contendet
3891 5286 3906 5309 ,
3961 5246 4043 5300 in-

2440 5340 2584 5409 quit,
2621 5355 2778 5407 neque
2804 5337 3040 5392 clamabit
3070 5338 3301 5406 (Matth.
3350 5336 3437 5392 12.
3487 5336 3592 5406 19)
3623 5354 3637 5401 ;
3672 5351 3735 5390 ac
3781 5351 4002 5392 rursum
4031 5379 4044 5403 ,

2451 5432 2572 5487 Non
2601 5432 2714 5486 ueni
2743 5441 2796 5484 ut
2812 5431 3040 5502 judicent
3068 5432 3345 5493 mundum;
3373 5429 3460 5482 sed
3506 5439 3559 5482 ut
3607 5429 3804 5482 salsum
3850 5430 4044 5498 faciam

2443 5523 2688 5578 mundum
2718 5522 2910 5592 (Joan.
2942 5522 3027 5576 12.
3057 5523 3122 5577 47
3142 5525 3180 5591 ).
3214 5521 3378 5574 Nemo
3409 5531 3570 5591 potest
3597 5521 3704 5574 haec
3726 5520 3877 5590 signa
3909 5523 4045 5590 fare-

2449 5631 2536 5684 re,
2561 5631 2672 5684 qua:
2701 5623 2752 5668 tu
2784 5616 2909 5684 facis
2934 5616 3051 5679 ,nisi
3085 5615 3233 5683 fuerit
3267 5612 3405 5666 Deus
3430 5629 3542 5665 cum
3591 5629 3666 5665 eo.
3718 5611 3916 5669 Adhuc
3961 5613 4046 5667 ille

2509 5790 2525 5822 ⁸
2565 5787 2622 5838 In
2642 5785 2783 5838 Savil.
2812 5788 3010 5850 legitur,
3036 5784 3155 5834 nihil
3181 5783 3353 5833 horum
3376 5781 3503 5833 dixit
3527 5788 3679 5832 πως.
