4162 6326
172 368 261 425 its
1159 314 1227 407 tu
1268 348 1586 409 JOANNEM
1627 344 1860 402 noun.
1907 343 2100 400 xstv.
2144 343 2212 399 al.
2259 344 2447 401 χχιιι.

172 476 453 537 secundum
488 472 874 529 haereticorum
904 466 1225 523 sementium
1258 463 1520 535 loquitur,
1552 459 1641 532 qui
1683 458 1768 514 di-

170 578 237 630 cit
257 616 270 639 ,
297 570 366 627 ab
392 569 501 624 alio
524 568 733 623 moveri
759 608 774 633 ,
805 574 859 619 et
883 562 1108 617 aliorum
1135 574 1237 629 ope
1265 558 1506 628 indigere
1528 598 1543 624 ,
1574 564 1632 609 ut
1668 552 1771 608 hoc

170 665 349 721 faciat.
385 661 526 731 Quid
561 675 691 731 ergo
731 654 1015 711 Christus?
1059 652 1193 707 Vide
1236 649 1582 720 indulgentia:
1630 646 1770 701 illius

176 754 621 827 magnitudinem.
652 750 767 805 Non
799 749 952 814 dixit,
984 745 1230 800 Aliorum
1258 743 1463 797 auxilio
1490 756 1595 794 non
1613 752 1764 809 egeo,

174 845 263 900 sed
293 861 419 900 cum
453 850 722 913 potestate
752 839 930 894 omnia
962 836 1098 892 facio
1133 853 1146 889 :
1180 849 1303 889 nam
1331 847 1489 889 verus
1513 845 1631 887 sum
1676 830 1770 885 Dei

171 940 360 1006 Filius,
393 949 447 995 et
477 934 723 993 eamdem
756 948 915 1003 quam
947 930 1173 987 Genitor
1200 936 1522 999 potestatem
1556 924 1767 980 habeo:

170 1032 385 1088 interim
416 1043 548 1084 vero
578 1026 630 1081 id
662 1025 859 1082 efferre
884 1023 1088 1088 noluit,
1136 1029 1193 1075 ut
1239 1018 1475 1075 audienti
1519 1031 1637 1072 sese
1680 1030 1769 1071 ac-

170 1122 560 1181 commodaret.
590 1121 723 1178 Nam
753 1118 892 1190 quod
917 1132 1135 1188 semper
1163 1117 1285 1172 dico
1311 1157 1324 1181 ,
1364 1114 1465 1170 hoc
1492 1127 1635 1168 nunc
1681 1125 1770 1167 re-

170 1210 346 1287 petam'
374 1256 389 1279 ,
419 1214 473 1268 id
500 1212 774 1268 Christum
803 1210 1014 1265 interim
1043 1208 1312 1264 studuisse
1331 1248 1346 1274 ,
1376 1220 1481 1261 non
1516 1213 1572 1259 ut
1598 1203 1772 1274 digni-

170 1320 329 1363 tatem
363 1320 517 1360 suam
546 1305 845 1370 revelaret,
892 1302 986 1357 sed
1032 1309 1090 1356 ut
1134 1298 1483 1372 persuaderet
1532 1312 1590 1352 se
1637 1296 1769 1351 nihil

169 1408 357 1455 contra
390 1398 566 1453 Patris
599 1396 927 1451 voluntatem
959 1392 1160 1449 facere.
1206 1392 1442 1463 Ideoque
1486 1392 1538 1445 in
1592 1390 1770 1446 verbis

168 1505 309 1560 sape
336 1489 653 1545 moderatus
678 1485 1101 1556 deprehenditur
1122 1526 1137 1551 ,
1172 1484 1224 1539 in
1251 1483 1417 1539 rebus
1460 1498 1566 1538 non
1617 1482 1765 1537 item.

168 1581 299 1637 Cum
329 1581 480 1636 enim
508 1578 767 1633 miracula
796 1576 906 1632 edit
930 1616 946 1643 ,
975 1591 1097 1631 cum
1128 1583 1395 1645 potestate
1424 1572 1603 1628 omnia
1644 1572 1773 1628 facit

165 1674 352 1727 dicens
384 1688 398 1724 :
441 1669 589 1735 Volo,
619 1667 885 1722 mundare.
919 1666 1122 1721 Talitha
1144 1706 1158 1731 ,
1187 1682 1338 1737 surge
1363 1664 1557 1737 (Marc.
1592 1665 1643 1720 1.
1676 1664 1769 1719 Li.

164 1775 207 1817 et
257 1763 310 1819 5.
343 1763 471 1834 41).
516 1760 751 1815 Extende
795 1775 1020 1813 manum.
1054 1758 1393 1813 Dimittuntur
1438 1758 1527 1812 tibi
1564 1766 1769 1830 peccata

165 1852 397 1918 (Matth.
431 1853 517 1921 η.
550 1853 636 1907 15.
674 1860 720 1906 et
749 1851 802 1907 9.
833 1850 924 1922 5).
958 1850 1110 1918 Tace,
1134 1850 1435 1905 obmutesce.
1463 1848 1611 1905 Tolle
1647 1867 1769 1921 gra-

164 1947 336 1999 batum
380 1954 542 2012 tuum,
571 1954 617 1998 et
641 1943 769 1999 uade
804 1944 858 1997 in
883 1943 1090 1998 domum
1130 1950 1267 1996 tuam
1299 1940 1505 2015 (Marc.
1529 1942 1582 1997 4.
1607 1941 1695 1998 59.
1725 1950 1771 1996 et

162 2040 215 2093 2.
242 2038 357 2107 11).
381 2037 495 2093 Tibi
513 2037 649 2100 dico,
669 2036 860 2091 malum
884 2036 1210 2101 dcemonium,
1232 2034 1335 2089 Exi
1358 2034 1421 2089 ab
1445 2036 1554 2105 ipso
1572 2032 1767 2105 (Marc.

163 2130 213 2184 5.
249 2130 327 2200 8).
365 2128 486 2184 Fiat
516 2130 605 2183 tibi
627 2128 758 2184 sicut
782 2128 855 2183 vis
879 2128 896 2200 (
918 2126 1107 2182 Matth.
1135 2127 1222 2182 15.
1255 2124 1371 2199 28).
1403 2125 1464 2182 Si
1492 2126 1605 2195 quis
1634 2123 1771 2180 vobis

161 2222 353 2276 dixerit
402 2221 635 2290 aliquid,
690 2219 840 2274 dicite
881 2219 1003 2290 quia
1044 2216 1298 2273 Dominus
1329 2218 1408 2271 his
1438 2233 1567 2288 apus
1596 2217 1762 2272 habet.

160 2320 175 2378 ί
208 2310 385 2366 Μαι-ς.
417 2313 502 2366 11.
532 2311 628 2382 5).
668 2308 833 2365 Hodie
876 2326 1070 2364 mecum
1097 2310 1197 2364 eris
1224 2309 1276 2363 in
1314 2308 1557 2380 paradiso
1594 2306 1766 2381 (Luc.

154 2400 251 2456 25.
286 2401 360 2457 15
382 2404 429 2473 ).
454 2401 683 2455 Audistis
714 2401 833 2472 quia
853 2400 1045 2455 dictum
1068 2409 1142 2456 est
1165 2400 1387 2471 antiquis
1407 2442 1422 2467 ,
1470 2398 1592 2454 Non
1632 2400 1767 2453 occi-

156 2493 246 2546 des
272 2510 291 2545 .'
310 2508 405 2564 ego
426 2501 595 2547 autem
625 2491 740 2546 dico
764 2491 900 2546 vobis
920 2532 935 2559 ,
963 2492 1086 2563 quia
1117 2493 1202 2564 qui
1226 2494 1471 2547 irascitur
1497 2491 1646 2562 fratri
1677 2507 1770 2545 suo

154 2599 363 2652 temere,
385 2602 502 2641 reus
516 2588 608 2640 erit
620 2586 821 2656 judicio
840 2584 1054 2659 (Κακὴ.
1082 2586 1169 2642 15.
1190 2584 1278 2640 21.
1311 2584 1425 2657 22).
1459 2583 1631 2639 Venite
1655 2597 1765 2655 post

154 2696 258 2746 me,
287 2688 335 2734 et
361 2680 554 2752 faciam
595 2695 681 2735 vos
722 2680 993 2751 piscatores
1028 2680 1289 2735 hominum
1321 2678 1535 2749 (Matth.
1559 2678 1614 2734 4.
1646 2677 1767 2752 19).

158 2771 372 2843 Ubique
402 2782 553 2829 certe
580 2788 827 2845 magnam
860 2773 1106 2830 videmus
1132 2774 1250 2843 ejus
1271 2772 1666 2828 auctoritatem.
1714 2773 1768 2828 in

155 2861 322 2918 rebus
367 2863 515 2919 enim
562 2879 723 2918 nemo
767 2878 829 2919 ea
874 2878 995 2934 qua:
1034 2862 1173 2918 facta
1218 2873 1343 2919 sunt
1369 2862 1769 2932 reprehendere

158 2956 357 3023 possit.
388 2954 675 3022 Quomodo
707 2957 919 3025 possit?
948 2955 1080 3010 Nam
1108 2956 1153 3011 si
1185 2971 1246 3011 ea
1273 2971 1393 3026 quas
1425 2956 1517 3013 ille
1556 2956 1770 3013 dicebat

156 3062 261 3101 non
286 3046 545 3103 eﬂ'ectum
573 3054 627 3101 et
658 3046 818 3102 finem
861 3056 1192 3117 consequuta
1239 3057 1458 3113 essent,
1507 3048 1769 3119 potuisset

154 3140 275 3207 quis
328 3137 519 3193 dicere
568 3146 839 3208 praecepta
892 3138 980 3192 illa
1026 3154 1092 3195 ex
1116 3140 1423 3210 arrogantia
1455 3138 1762 3209 prodiisse:

153 3232 275 3300 quia
307 3244 443 3285 vero
470 3228 826 3294 eveniebant,
867 3231 944 3286 rei
975 3232 1174 3286 veritas
1198 3232 1317 3286 illos
1351 3232 1431 3287 vel
1466 3231 1659 3286 invitos
1700 3231 1767 3287 ad

156 3321 438 3376 silentium
472 3321 852 3391 compellebat.
888 3322 941 3377 In
970 3323 1149 3377 verbis
1173 3335 1350 3378 autem
1375 3366 1390 3389 ,
1423 3324 1764 3394 impudentes

153 3427 273 3467 cum
300 3422 530 3478 essent,
563 3421 812 3482 poterant
843 3413 992 3468 illum
1037 3424 1093 3467 ut
1127 3424 1469 3485 arrogantem
1520 3431 1764 3486 carpere.

223 3504 329 3560 Cur
356 3505 593 3561 Christus
621 3507 938 3578 (etrigntatice
975 3506 1260 3563 Nicodemo
1299 3508 1575 3580 loquatur;
1609 3512 1767 3580 ipsius

154 3600 419 3655 verborum
436 3600 905 3670 wplanatio.—lta
928 3616 1069 3657 nunc
1094 3601 1442 3658 Nicodemum
1465 3602 1766 3674 alloquens,

154 3691 283 3747 nihil
311 3692 547 3747 sublime
575 3700 761 3762 aperte
789 3692 949 3761 dicit,
989 3692 1085 3749 sed
1128 3708 1225 3763 per
1264 3696 1548 3766 aenigmata
1591 3696 1765 3766 ipsum

152 3783 218 3838 ab
246 3784 435 3839 humili
473 3784 739 3840 sententia
782 3783 1030 3852 deducit,
1079 3785 1372 3841 ostendens
1417 3800 1475 3841 se
1514 3786 1615 3841 sibi
1666 3786 1766 3856 ipsi

151 3874 405 3933 sufﬁcere
442 3876 512 3931 ad
556 3877 809 3931 miracula
858 3877 1136 3947 patranda.
1184 3877 1486 3933 Perfectum
1528 3879 1671 3934 enim
1703 3879 1767 3935 il-

153 3970 262 4024 lum
302 3970 472 4026 Pater
514 3972 731 4039 genuit,
765 3970 976 4041 sibique
1009 3971 1105 4041 ipsi
1138 3970 1520 4040 sufficientem,
1555 3981 1608 4028 et
1635 3972 1767 4027 nihil

152 4061 532 4135 imperfectum
583 4063 886 4118 habentem.
957 4064 1061 4119 Sed
1108 4064 1386 4120 videamus
1442 4081 1549 4136 quo
1614 4075 1767 4136 pacto

154 4154 255 4211 hoc
290 4155 389 4210 ille
419 4153 723 4210 confirmet.
758 4155 906 4211 Dixit
934 4156 1021 4211 ille
1055 4173 1067 4208 :
1102 4155 1266 4211 Rabbi
1288 4197 1301 4221 ,
1350 4152 1535 4211 scimus
1576 4159 1698 4228 quia
1734 4176 1767 4213 a

150 4243 262 4301 Deo
284 4246 472 4301 venisti
500 4248 757 4316 magister,
788 4257 833 4300 et
856 4247 992 4317 quod
1018 4264 1165 4302 nemo
1194 4258 1353 4318 potest
1385 4253 1551 4321 facere
1579 4266 1691 4319 qua:
1716 4260 1770 4304 tu

156 4339 283 4403 facis
304 4380 319 4402 ,
348 4339 450 4392 nisi
478 4337 632 4407 fuerit
660 4337 797 4392 Deus
826 4355 942 4393 cum
981 4355 1058 4393 eo.
1102 4340 1439 4397 Existimavit
1474 4357 1533 4397 se
1576 4357 1766 4412 magna

151 4430 421 4502 quapiam
468 4428 538 4486 de
582 4429 800 4486 Christo
846 4431 1065 4488 dixisse.
1120 4433 1257 4501 Quid
1302 4450 1434 4505 ergo
1482 4434 1769 4491 Christus?

151 4521 462 4581 Ostendens
508 4523 654 4579 illum
704 4539 770 4579 ne
813 4524 881 4579 ad
928 4525 1111 4580 limina
1152 4527 1367 4596 quidem
1412 4543 1549 4583 verte
1587 4529 1771 4598 cogni-

153 4614 317 4670 tionis
347 4616 682 4681 accessisse,
712 4631 814 4671 nec
842 4617 923 4671 vel
955 4616 1006 4671 in
1036 4617 1299 4673 vestibulo
1323 4633 1465 4686 esse,
1494 4619 1587 4674 sed
1614 4630 1769 4675 extra

152 4710 358 4777 regiam
382 4707 660 4773 aberrare,
684 4716 737 4763 et
763 4723 887 4763 eum
913 4717 969 4763 et
993 4710 1154 4763 alium
1178 4712 1422 4781 quemvis
1453 4710 1569 4766 inec
1596 4711 1771 4767 dicen-

154 4811 268 4855 tem
287 4844 302 4867 ,
335 4800 573 4855 necdum
596 4800 663 4854 ad
695 4816 876 4856 veram
902 4802 1364 4872 appropinquasse
1391 4804 1654 4871 notitiam,
1678 4804 1767 4875 qui

156 4894 320 4949 talem
353 4893 423 4948 de
463 4891 753 4962 Unigeuito
779 4893 1084 4963 opinionem
1116 4893 1338 4950 haberet
1369 4912 1381 4949 :
1412 4895 1536 4966 quid
1569 4896 1678 4951 ait?
1714 4898 1767 4951 5.

152 4988 341 5051 Anien,
372 5001 525 5039 amen
546 4985 659 5037 dico
683 4985 788 5051 tibi,
814 4986 910 5039 nisi
931 4987 1042 5056 quis
1063 4996 1213 5040 natus
1234 4989 1385 5058 fuerit
1411 4988 1645 5058 desuper,
1672 5006 1772 5043 non

152 5088 322 5148 potest
352 5078 529 5133 videre
554 5094 767 5147 regnum
799 5076 928 5142 Dii;
962 5078 1062 5132 hoc
1091 5086 1209 5145 est,
1244 5078 1353 5133 Nisi
1384 5089 1437 5133 tu
1470 5092 1626 5134 nutus
1654 5079 1773 5135 fue-

152 5174 237 5228 ris
269 5171 523 5243 desuper,
550 5182 602 5225 et
628 5182 928 5227 accuratam
961 5172 1271 5243 dogmatum
1298 5175 1657 5243 cognitionem
1685 5190 1775 5230 ac-

150 5263 392 5335 ceperis,
427 5265 559 5319 foris
583 5263 821 5329 aherras,
849 5275 902 5319 et
931 5266 1113 5334 procul
1147 5280 1205 5320 es
1234 5282 1262 5318 a
1300 5282 1465 5336 regno
1495 5266 1771 5322 cmlorum.

156 5356 363 5410 Verum
394 5355 444 5410 id
474 5357 586 5409 'non
618 5355 763 5410 clare
792 5355 956 5422 dicit;
997 5366 1052 5411 et
1091 5366 1147 5412 ut
1177 5359 1352 5411 minus
1387 5372 1676 5413 onerosum
1724 5358 1774 5414 id

151 5447 308 5519 quod
332 5448 617 5504 dicebatur
642 5458 817 5514 esset,
870 5464 976 5503 non
1018 5450 1189 5518 ipsum
1234 5459 1419 5519 aperte
1461 5450 1772 5520 alloquitur,

152 5538 257 5595 sed
293 5538 708 5595 iudeterminate
737 5540 899 5605 dicit,
935 5538 1055 5594 Nisi
1082 5543 1198 5611 quis
1228 5554 1379 5596 natus
1410 5543 1602 5613 fuerit;
1632 5558 1695 5598 ac
1730 5542 1774 5596 si

156 5634 371 5687 diceret
418 5650 429 5686 :
471 5632 598 5688 Sive
629 5642 716 5701 tu,
748 5634 864 5695 sive
892 5634 1065 5705 quivis
1096 5635 1231 5690 alios
1264 5634 1378 5691 lucc
1420 5636 1487 5692 de
1527 5652 1616 5693 me
1655 5653 1776 5693 sen-

160 5736 199 5773 it
222 5733 262 5775 ll
288 5764 303 5784 ,
352 5722 397 5777 is
435 5733 586 5779 extra
628 5740 852 5796 regnum
891 5734 992 5781 est.
1025 5725 1132 5780 Nisi
1166 5728 1307 5782 enim
1341 5726 1455 5783 htcc
1484 5728 1568 5783 illa
1600 5740 1778 5786 mente

164 5822 433 5887 dixisset,
483 5821 763 5899 rcsponsio
808 5836 909 5875 non
939 5821 1001 5875 ad
1034 5829 1363 5891 proposuum
1393 5832 1536 5877 esset
1591 5822 1702 5879 lioc
1731 5826 1773 5879 si

3376 348 3477 405 11νὸ

1880 457 2048 514 Judzni
2076 456 2393 524 audiissent,
2413 459 2721 517 deridentes
2750 460 3041 518 discessuri
3062 471 3234 517 erant.
3260 463 3356 518 ilic
3380 480 3477 519 au-

1878 559 1984 606 tem
2016 549 2256 607 discendi
2286 551 2521 608 studium
2548 568 2661 625 pra:
2686 568 2745 609 se
2768 556 2909 609 tulit.
2937 554 3062 611 ideo
3088 554 3229 611 enim
3253 554 3481 611 obscuro

1878 660 2021 714 saepe
2067 643 2301 715 loquitur
2350 644 2628 709 Christus.
2680 654 2739 703 ut
2780 647 3053 702 auditores
3098 657 3152 702 et
3201 646 3267 703 ad
3317 646 3482 703 inter-

1877 736 2171 807 rogandum
2218 739 2611 809 promptiores,
2674 749 2727 795 et
2769 738 2837 795 ad
2887 740 3216 809 operandum
3261 739 3484 811 expedi‘

1879 829 2043 884 tiores
2065 829 2273 885 reddat.
2295 830 2429 887 Nam
2449 831 2591 903 quod
2614 832 2760 888 clare
2779 832 2994 900 dicitur,
3015 831 3314 887 auditorem
3338 848 3483 901 saepe

1875 919 2043 992 fugit;
2071 922 2215 992 quod
2247 931 2426 978 autem
2456 924 2746 979 obscurum
2771 932 2874 990 est,
2905 926 3247 980 attentiorem
3276 924 3482 980 studio-

1874 1014 2184 1085 sioremque
2213 1015 2408 1071 reddit.
2449 1015 2560 1072 Hoc
2601 1026 2779 1072 autem
2823 1018 3089 1088 significat
3123 1035 3135 1071 :
3170 1017 3280 1073 Nisi
3325 1026 3484 1073 natus

1877 1106 2043 1164 fueris
2070 1108 2323 1179 desuper,
2356 1109 2459 1165 nisi
2492 1125 2588 1181 per
2614 1111 2884 1166 lavacrum
2912 1110 3337 1183 regenerationis
3363 1111 3477 1182 Spio

1876 1200 2036 1255 ritum
2067 1200 2359 1271 acceperis,
2394 1217 2500 1257 non
2529 1210 2684 1273 potes
2709 1202 2776 1257 ad
2806 1212 3008 1259 rectam
3045 1202 3114 1259 de
3156 1219 3244 1258 me
3273 1200 3484 1273 opinio.

1876 1308 1998 1349 nem
2027 1295 2330 1364 pervenire.
2366 1294 2493 1350 Hzec
2534 1303 2621 1350 tua
2662 1294 2846 1365 opinio
2884 1312 2992 1351 non
3018 1295 3345 1365 spiritualis,
3388 1294 3481 1351 seei

1875 1386 2123 1442 animalis
2148 1395 2234 1443 est
2258 1386 2297 1440 ³.
2330 1386 2447 1443 Non
2479 1396 2656 1444 tamen
2685 1388 2767 1443 his
2799 1386 2977 1443 verbis
3002 1402 3133 1443 usus
3161 1398 3243 1443 est
3264 1428 3279 1453 ,
3321 1402 3390 1442 ne
3416 1386 3482 1441 il-

1874 1476 1984 1533 lum
2027 1492 2124 1548 pro
2165 1476 2422 1535 facultate
2469 1494 2566 1535 sua
2612 1480 2918 1550 loquentem
2964 1487 3230 1545 terreret;
3277 1477 3373 1535 sed
3415 1479 3484 1534 ad

1876 1568 2138 1641 majorem
2186 1570 2335 1626 illum
2375 1572 2739 1643 cognitionem
2785 1572 2903 1628 sine
2944 1572 3254 1642 suspicione
3291 1572 3446 1643 erith
3470 1615 3482 1636 .

1875 1675 1998 1717 cum
2030 1661 2185 1730 dicit,
2218 1661 2339 1719 Nisi
2362 1666 2475 1735 quis
2501 1674 2707 1721 renatus
2731 1667 2889 1738 fuerit
2925 1667 3160 1737 desuper.
3209 1665 3342 1722 Illud
3374 1662 3483 1719 De~

1874 1770 2048 1826 super,
2084 1755 2335 1826 quidam,
2368 1756 2437 1813 de
2465 1757 2621 1824 cmlo,
2654 1758 2842 1813 dicunt
2869 1744 3208 1831 signiﬁcare;
3237 1758 3326 1814 alii
3357 1772 3484 1814 vero
3530 1788 3531 1791 η

1876 1861 1905 1901 a
1937 1846 2224 1919 principio.
2259 1848 2309 1904 ls
2338 1849 2482 1904 enim
2516 1850 2608 1921 qui
2640 1866 2745 1905 non
2775 1852 2855 1906 sic
2884 1859 3043 1906 natus
3074 1849 3254 1917 fuerit,
3288 1849 3483 1922 inquit,

1876 1955 1983 1995 non
2015 1949 2191 2011 potest
2222 1943 2403 2000 videre
2431 1959 2654 2015 regnum
2699 1944 2827 2009 Dei;
2861 1945 3099 2016 scipsum
3139 1943 3447 2016 significans
3469 1985 3482 2007 ,

1875 2044 1927 2089 et
1955 2034 2250 2092 ostendens
2276 2036 2327 2093 id
2358 2053 2462 2093 non
2486 2053 2608 2095 esse
2627 2040 2768 2110 quod
2792 2038 2967 2096 solum
2989 2038 3226 2105 videtur,
3245 2038 3339 2095 sed
3367 2038 3487 2093 aliis

1876 2140 2012 2195 Opus
2037 2141 2158 2183 esse
2184 2128 2374 2196 oculis,
2406 2138 2464 2185 ut
2492 2129 2739 2186 Christus
2766 2130 3029 2186 videatur.
3058 2130 3149 2186 liis
3177 2130 3373 2186 auditis
3397 2129 3489 2185 Ni-

1874 2218 2135 2275 codemus
2164 2222 2239 2275 ait
2271 2241 2284 2276 :
2318 2222 2371 2277 4.
2408 2222 2676 2290 Quomodo
2703 2232 2865 2295 potest
2892 2224 3044 2277 homo
3073 2223 3246 2290 nasci,
3282 2239 3396 2277 cum
3424 2224 3487 2279 sit

1876 2316 2066 2370 senex?
2106 2315 2275 2370 Rabbi
2305 2332 2431 2372 eum
2458 2316 2701 2387 appellas
2722 2360 2737 2385 ,
2780 2326 2835 2373 et
2864 2332 2895 2373 a
2923 2316 3033 2373 Deo
3061 2316 3275 2372 venisse
3313 2315 3451 2371 dicis
3471 2356 3484 2381 ,

1877 2421 1976 2462 nec
2004 2407 2123 2476 ejus
2150 2407 2317 2464 verba
2344 2407 2604 2476 admittis,
2631 2408 2942 2481 dictumque
2967 2408 3178 2480 profers
3207 2407 3484 2479 magistro,

1874 2496 2016 2569 quod
2060 2499 2229 2569 possit
2268 2514 2515 2572 magnam
2556 2500 2749 2556 afferre
2788 2500 3292 2571 perturbationem?
3347 2498 3485 2554 Illud

1875 2591 2019 2647 enim
2040 2632 2055 2658 ,
2105 2590 2373 2658 Quomodo
2394 2636 2408 2660 ,
2443 2609 2549 2649 non
2580 2593 2868 2650 admodum
2899 2592 3238 2651 credentium
3270 2592 3486 2648 dubita-

1877 2687 2074 2741 tionem
2103 2684 2280 2753 effert,
2314 2686 2409 2741 sed
2438 2701 2624 2743 eorum
2656 2686 2749 2759 qui
2778 2686 2956 2743 adhuc
2985 2687 3213 2744 terrenis
3252 2686 3482 2741 bat-rent.

1874 2778 2006 2834 Nam
2040 2777 2171 2834 Sara
2200 2778 2323 2835 ideo
2349 2780 2503 2846 risit,
2544 2780 2700 2851 quia,
2740 2781 3027 2853 quomodo,
3070 2780 3205 2837 dixit
3239 2799 3253 2836 :
3286 2778 3486 2849 aliique

1876 2870 2026 2925 multi
2057 2869 2157 2926 hac
2185 2872 2606 2941 interrogatione
2636 2872 2749 2937 usi,
2783 2887 2811 2925 a
2846 2871 2953 2927 fide
2980 2871 3318 2927 exciderunt.

1935 2965 1986 3021 5.
2004 2963 2068 3019 1η
2086 2964 2232 3020 rebus
2245 2966 2428 3020 divinis
2443 2982 2543 3020 non
2561 2967 2770 3021 nimiam
2785 2967 3126 3022 curiositatem
3143 2966 3487 3021 adhibendam

1873 3058 2233 3127 esse,exemplo
2248 3055 2516 3111 Nicodemi
2538 3058 3082 3129 comprobatur.——Sic
3103 3068 3158 3115 et
3174 3057 3408 3116 hmretici
3430 3062 3481 3115 in

1873 3164 1969 3205 sua
1994 3159 2233 3220 perstant
2263 3150 2475 3217 ha‘rcsi,
2505 3152 2621 3221 pari
2652 3151 2813 3207 modo
2839 3152 3269 3222 interrogantes;
3298 3152 3485 3208 dicunt

1872 3244 2015 3298 enim
2038 3242 2150 3311 alii,
2173 3244 2455 3313 Quomodo
2473 3244 2781 3299 incarnatus
2800 3244 2916 3300 est?
2944 3244 3055 3311 alii,
3075 3245 3358 3313 Quomodo
3379 3262 3446 3300 na
3462 3276 3480 3286 ο

1876 3339 1995 3395 tus?
2016 3339 2509 3411 cogitationumque
2526 3354 2744 3395 suarum
2767 3338 3062 3394 infirmitati
3093 3340 3410 3395 immensam
3430 3340 3481 3394 ii-

1874 3430 1978 3485 Iam
2002 3430 2291 3500 subjiciunt
2316 3430 2692 3486 substantiam.
2710 3429 2840 3499 Qua:
2862 3444 2982 3484 cum
3011 3429 3267 3494 sciamus,
3287 3429 3451 3486 intem
3468 3462 3483 3473 -

1876 3524 2131 3593 pestivam
2152 3523 2293 3578 illam
2311 3525 2678 3580 curiositatem
2694 3525 2859 3580 vitare
2880 3530 3113 3595 oportet.
3130 3525 3315 3594 Neque
3337 3526 3479 3579 enim

1871 3616 2144 3688 quomodo
2170 3615 2286 3672 bzcc
2324 3614 2464 3673 facta
2517 3618 2625 3673 sint
2654 3617 2827 3673 scient
2854 3634 3106 3689 umquam
3135 3618 3169 3673 ii
3197 3618 3286 3689 qui
3317 3618 3481 3673 hasce

1872 3719 2092 3766 movent
2110 3710 2459 3783 quaestiones,
2479 3718 2533 3767 et
2553 3726 2579 3765 a
2599 3720 2743 3767 recta
2764 3709 2867 3765 fide
2888 3709 3158 3766 excident.
3180 3710 3305 3766 Ideo
3323 3709 3481 3765 Nico-

1875 3804 2067 3861 demus
2090 3806 2220 3861 dum
2245 3805 2440 3861 dubius
2464 3806 2680 3861 modum
2708 3806 2900 3876 quccrit
2925 3805 2943 3873 (
2966 3805 3228 3862 intellexit
3252 3807 3394 3861 enim
3419 3824 3479 3863 ea

1873 3914 1993 3968 qua:
2018 3896 2267 3953 Christus
2292 3897 2501 3953 dicebat
2535 3896 2603 3952 ad
2632 3912 2692 3953 se
2720 3897 3029 3968 spectare),
3063 3896 3329 3962 turbatur,
3362 3900 3482 3952 eali-

1871 3991 1995 4061 gine
2022 3989 2257 4061 repletus
2284 3989 2481 4056 lueret,
2510 3998 2697 4060 utpote
2735 3990 2824 4061 qui
2867 4005 2926 4046 se
2966 3988 3244 4045 hominem
3280 3986 3483 4043 adiisse

1873 4090 2051 4152 putet,
2086 4090 2142 4137 et
2169 4081 2373 4151 majora
2404 4081 2587 4137 audiat
2616 4098 2775 4152 quam
2803 4096 2923 4152 quae
2957 4081 3023 4137 ad
3057 4083 3331 4138 hominem
3355 4100 3485 4157 per-

1875 4175 2048 4231 linere
2108 4175 2351 4245 possint,
2400 4188 2628 4245 qumque
2674 4189 2850 4258 nemo.
2879 4189 3134 4245 umquam
3184 4172 3416 4227 audierit
3465 4193 3480 4230 :

1875 4278 2110 4323 mentem
2138 4266 2355 4338 quidem
2384 4266 2541 4337 erigit
2562 4264 2630 4320 ad
2653 4264 2920 4321 dictorum
2948 4264 3357 4331 sublimitatem,
3386 4266 3483 4321 sed

1875 4359 2280 4426 obtenebralur,
2312 4375 2410 4415 nec
2432 4361 2729 4416 consistere
2752 4368 2927 4430 potest
2952 4378 2966 4415 :
2989 4358 3226 4432 undique
3250 4361 3484 4415 circum-

1878 4452 2063 4517 fertur,
2091 4461 2146 4506 et
2172 4451 2479 4523 frequenter
2502 4466 2568 4506 ex
2600 4450 2705 4507 fide
2730 4452 2945 4507 excidit.
2985 4451 3217 4522 Ideoque
3247 4453 3487 4519 persistit

1877 4545 2227 4614 impossibilia
2270 4552 2487 4599 teutans
2513 4585 2527 4611 ,
2570 4554 2627 4599 ut
2654 4543 2839 4600 Jesum
2868 4544 2933 4599 ad
2966 4543 3249 4601 clariorem
3279 4544 3484 4601 dOCii'i-

1878 4653 1999 4692 nam
2029 4644 2235 4693 evocet.
2270 4635 2538 4705 Numquid
2570 4646 2748 4706 potest,
2786 4637 2977 4707 inquit,
2998 4638 3149 4692 homo
3180 4638 3232 4691 in
3264 4648 3492 4693 ventrem

1878 4731 2057 4784 matris
2090 4744 2197 4785 sure
2237 4730 2417 4783 iterato
2461 4729 2673 4783 introire
2707 4739 2753 4785 et
2792 4729 2978 4784 nasci?
3023 4730 3448 4786 Animativertite
3472 4775 3485 4798 ,

1876 4819 2092 4892 quando
2109 4820 2229 4891 quis
2249 4818 2481 4891 propriis
2503 4822 2918 4893 cogitationibus
2939 4821 3249 4891 spiritualia»
3268 4825 3489 4893 permit-

1879 4914 1972 4981 tit,
2014 4912 2286 4984 quomodo
2323 4913 2545 4967 ridicula
2590 4912 2850 4982 proferat;
2887 4929 2949 4969 ac
2980 4912 3214 4970 delirare
3245 4914 3491 4970 videatur

1879 5017 1935 5061 ut
1960 5007 2161 5072 ebrius,
2185 5004 2397 5075 quando
2420 5017 2614 5075 praeter
2636 5004 2730 5061 De’i
2755 5005 3029 5075 placitum,
3054 5005 3195 5060 dicta
3222 5006 3489 5062 curiosius

1880 5106 2173 5160 scrutatur,
2207 5112 2380 5166 neque
2411 5097 2533 5153 fidei
2564 5112 2842 5151 assensum
2872 5097 3116 5170 praebet?
3146 5098 3363 5152 Audivit
3393 5114 3486 5169 ge-

1882 5190 2216 5245 nerationem
2237 5231 2252 5255 ,
2284 5205 2384 5245 nec
2413 5189 2672 5244 intellexit
2696 5204 2814 5244 eam
2844 5188 3174 5258 spiritualetn
3206 5205 3361 5256 esse;
3394 5192 3486 5247 sed

1882 5284 1934 5338 in
1968 5283 2146 5337 carnis
2177 5283 2432 5336 vilitatem
2464 5282 2662 5337 dictum
2700 5283 2989 5351 pertraxit,
3033 5291 3347 5351 tantumque
3381 5293 3487 5337 tam

1882 5377 2111 5431 sublime
2140 5377 2333 5446 dogma
2364 5377 2427 5431 ad
2463 5378 2754 5432 naturalem
2788 5392 2966 5433 rerum
3008 5378 3200 5434 seriem
3241 5378 3484 5434 deduxit.

1885 5470 2006 5525 Ideo
2030 5485 2197 5542 nugas
2218 5479 2272 5526 et
2294 5471 2544 5525 ridiculas
2564 5471 2893 5541 quaestiones
2913 5473 3022 5539 jam
3042 5472 3487 5526 comminiscitur.

1887 5562 2089 5617 idcirco
2121 5561 2317 5615 Paulus
2344 5561 2559 5616 dicebat
2603 5578 2615 5613 :
2662 5562 2914 5618 Animalis
2955 5562 3105 5616 homo
3148 5578 3248 5616 non
3282 5562 3491 5631 percipit

1886 5671 1943 5707 ea
1972 5667 2087 5724 qua:
2114 5662 2231 5707 sunt
2274 5651 2501 5721 Spiritus
2532 5654 2618 5722 (f.
2668 5652 2784 5706 Car.
2832 5653 2885 5706 2.
2936 5652 3061 5723 li).
3110 5652 3491 5707 Verumtamen

1952 5770 1966 5800 ί
1995 5767 2270 5832 suspicatur
2294 5763 2496 5832 sarilius
2522 5765 2807 5832 legendum,
2823 5778 2913 5815 non
2936 5765 3161 5818 animalis
3181 5776 3267 5825 est,
3289 5773 3371 5817 sea
3398 5783 3491 5832 spi-

1890 5828 2100 5881 ritualis?
2128 5828 2230 5892 Ego
2258 5830 2373 5878 nihil
2402 5828 2681 5877 mutandum
2708 5841 2909 5878 censeo.
