4162 6326
686 326 785 379 H7

684 440 770 495 hic
799 438 961 493 etiam
990 432 1315 490 Nicodetnus
1339 430 1691 486 reverentiam
1715 436 1836 499 erga
1862 427 2131 482 Christum
2156 443 2261 481 ser-

684 538 791 582 vat.
822 526 1005 595 Neque
1029 524 1171 578 enim
1198 519 1394 577 dictum
1428 520 1625 585 irrisit,
1656 518 1750 574 sed
1794 517 2118 588 impossibile
2145 531 2266 572 esse

680 629 871 688 putans
898 614 1061 669 siluit.
1098 613 1212 668 Duo
1242 626 1470 682 namque
1495 611 1877 666 dubitationem
1903 609 2095 664 aliene
2123 619 2263 679 pote-

680 718 793 765 rant
815 749 831 775 ,
862 706 1139 777 generatio
1169 704 1309 770 talis,
1337 714 1391 760 et
1416 719 1655 775 regnum.
1686 701 1927 759 Nondum
1954 704 2093 759 enim
2118 705 2261 773 regni

679 814 873 853 nomen
897 797 1037 869 apud
1065 795 1280 852 Judmos
1303 795 1539 850 auditum
1569 793 1757 860 fuerat,
1787 809 1961 863 neque
1990 793 2262 865 generatio

678 889 1003 961 lmjusmodi.
1034 889 1139 945 Sed
1165 887 1376 944 interim
1410 886 1461 941 in
1492 886 1655 958 priori
1681 886 1953 953 consistit,
1981 885 2120 957 quod
2146 885 2261 954 ejus

679 994 912 1039 tuentem
941 985 1174 1039 maxime
1198 982 1514 1053 exagitabat.

746 1073 932 1128 Divina
954 1074 1216 1127 ratiocinio
1239 1089 1336 1126 non
1358 1071 1648 1125 scrutando.
1685 1068 1840 1124 Praei
1860 1086 2020 1124 mores
2045 1081 2258 1123 mentem

670 1164 959 1218 σείσω-σπι.
1006 1162 1309 1216 Diuitiarum
1350 1162 1570 1225 damna;
1626 1160 1757 1215 bona
1806 1161 2149 1230 eleemosynte.
2184 1188 2257 1200 —

670 1255 797 1309 llmc
836 1270 955 1310 cum
995 1255 1256 1319 sciamus,
1295 1269 1361 1308 ne
1397 1253 1673 1308 ratiocinio
1712 1252 1895 1307 divuna
1921 1263 2249 1317 scrutentur,

673 1362 846 1416 neque
887 1344 953 1400 ad
998 1345 1292 1400 naturalem
1344 1360 1520 1400 rerum
1566 1345 1758 1398 seriem
1802 1343 1889 1397 illa
1929 1343 2249 1409 referamus,

672 1437 754 1492 vei
794 1438 1021 1491 naturali
1066 1437 1366 1492 necessitati
1413 1434 1792 1504 subjiciamus;
1836 1432 1929 1489 sed
1962 1432 2045 1501 pie
2075 1433 2251 1487 omnia

669 1531 985 1600 cogitemus,
1016 1528 1296 1584 credentes
1325 1527 1613 1597 Scriptura:
1643 1528 1828 1603 dictis.
1849 1526 1977 1580 Nam
2009 1526 2254 1581 curiosus

672 1621 949 1691 indagator
976 1620 1104 1674 nihil
1132 1621 1386 1684 lucratur,
1414 1634 1478 1674 ac
1500 1628 1852 1688 prmterquam
1874 1617 2013 1695 quod
2038 1616 2087 1671 id
2108 1618 2248 1687 quod

667 1712 857 1781 qumrit
887 1727 992 1766 non
1024 1712 1290 1777 inveniet,
1338 1719 1606 1765 extremas
1649 1710 1806 1765 etiam
1855 1708 2003 1763 dabit
2041 1724 2246 1779 pinnas.

666 1803 833 1856 Audis
859 1803 1068 1857 Patrem
1096 1803 1342 1873 genuisse
1371 1820 1383 1856 :
1416 1802 1465 1857 id
1496 1800 1635 1872 quod
1664 1799 1859 1856 audisti
1886 1800 2079 1866 crede;
2111 1818 2243 1867 quo-

663 1892 822 1950 modo
864 1905 1040 1950 autem
1066 1936 1080 1961 ,
1130 1910 1197 1950 ne
1225 1909 1432 1965 quazras
1454 1936 1469 1961 ,
1502 1909 1673 1963 neque
1700 1893 1820 1948 ideo
1848 1895 2245 1964 generationem

660 1985 897 2055 abneges
920 2005 933 2040 :
960 1987 1061 2040 hoc
1090 1987 1230 2040 enim
1260 1995 1515 2041 extrema:
1542 1983 1892 2053 improbitatis
1921 1993 2086 2040 esset.
2113 1984 2244 2039 Nam

644 2079 703 2131 si
746 2077 1065 2132 Nicodcmus
1090 2078 1266 2132 audita
1297 2075 1673 2147 generatione,
1707 2091 1811 2130 non
1841 2075 1926 2131 illa
1958 2075 2205 2131 incﬂ‘abili
2226 2118 2240 2142 ,

660 2169 754 2224 sed
798 2168 896 2251 hac
933 2169 1277 2241 generatione
1307 2166 1596 2223 secundum
1634 2168 1895 2238 gratiam;
1945 2169 2069 2239 quia
2110 2169 2241 2223 nihil

659 2276 906 2331 magnum
950 2260 1019 2318 de
1065 2261 1150 2316 illa
1196 2260 1476 2330 cogitavit,
1529 2258 1623 2314 sed
1670 2260 1899 2314 lmmana
1943 2269 2143 2314 tantum
2188 2270 2243 2315 et

659 2365 868 2409 terrena
896 2362 1229 2410 commentus
1259 2363 1337 2408 est
1355 2393 1369 2417 ,
1408 2353 1459 2407 in
1487 2352 1704 2407 dubium
1732 2360 1785 2407 et
1811 2352 2089 2423 caliginem
2115 2369 2243 2408 con-

652 2447 827 2517 jectus
857 2457 939 2503 est
964 2466 975 2499 :
999 2449 1086 2517 qui
1118 2446 1443 2502 tremendam
1478 2445 1619 2500 illam
1651 2446 2088 2514 generationem,
2122 2461 2241 2515 quae

653 2547 706 2595 et
748 2540 1007 2595 rationem
1048 2548 1101 2595 et
1145 2549 1378 2594 mentem
1410 2553 1623 2593 omnem
1669 2546 1985 2606 exsuperat,
2029 2540 2241 2597 curiose

653 2639 955 2684 scrutantur
986 2638 1040 2685 et
1067 2630 1381 2698 explorant,
1415 2636 1614 2697 quanto
1641 2627 1902 2697 supplicio
1932 2628 2076 2697 digni
2122 2628 2241 2685 fue-

650 2722 790 2776 rint?
830 2720 970 2775 Nihil
1000 2721 1139 2775 enim
1171 2730 1342 2774 tantas
1375 2720 1513 2789 parit
1540 2719 1785 2774 tenebras
1808 2760 1824 2785 ,
1872 2730 2097 2789 quantas
2135 2719 2234 2801 hu-

650 2828 803 2868 mana
833 2813 989 2875 ratio,
1018 2827 1135 2881 qua:
1166 2821 1375 2866 terrena
1405 2826 1618 2880 semper
1648 2811 1881 2877 loquitur
1900 2851 1913 2873 ,
1946 2826 2120 2880 neque
2146 2826 2237 2865 su-

651 2919 866 2974 pernam
890 2902 1328 2957 illutninationem
1352 2900 1602 2956 admittit.
1625 2899 1819 2955 Luteas
1840 2902 2037 2971 quippe
2058 2912 2236 2959 versat

645 3005 704 3050 et
730 3006 969 3049 terrenas
1002 2993 1366 3063 cogitationes.
1415 2992 1538 3046 Ideo
1568 2992 1812 3060 supernis
1838 2992 1992 3047 nobis
2022 2992 2234 3049 fluentis

645 3095 730 3141 est
754 3101 908 3156 opus,
940 3092 999 3137 ut
1028 3084 1142 3138 luto
1172 3083 1435 3152 deposito,
1470 3082 1723 3152 quidquid
1751 3083 1801 3136 in
1835 3092 2015 3138 mente
2043 3100 2231 3153 purum

644 3188 728 3233 cst
756 3192 967 3231 sursum
1002 3175 1232 3240 feratur,
1264 3182 1316 3228 et
1346 3188 1463 3227 cum
1493 3172 1686 3226 divinis
1714 3172 2052 3242 dogmatibus
2077 3189 2231 3229 com-

647 3269 954 3323 misecatur.
988 3264 1119 3319 illud
1153 3279 1276 3325 vero
1308 3272 1432 3318 tunc
1457 3262 1737 3333 contingit,
1767 3278 1886 3317 cum
1914 3273 1965 3318 et
1996 3265 2227 3322 animam

645 3359 864 3427 probam
912 3364 965 3411 et
1010 3366 1209 3410 rectam
1241 3356 1400 3407 vitam
1433 3352 1769 3408 exhibemus.
1822 3353 2007 3409 Potest
2047 3357 2225 3423 enim,

642 3459 817 3520 potest
848 3449 1029 3518 utique
1059 3462 1162 3502 non
1191 3462 1255 3501 ex
1284 3446 1654 3514 intempestiva
1693 3444 1851 3499 modo
1881 3446 2188 3504 curiositate
2208 3492 2222 3515 ,

637 3542 732 3597 sed
760 3542 916 3597 etiam
936 3556 1001 3596 ex
1031 3555 1237 3595 morum
1268 3539 1524 3607 pravitate
1549 3552 1699 3592 mens
1721 3546 1899 3593 nostra
1924 3540 2220 3596 obscurari.

641 3634 841 3688 Idcirco
882 3632 1075 3686 Paulus
1117 3630 1408 3686 Corinthiis
1450 3628 1704 3683 dicebat:
1739 3628 1841 3681 Lac
1870 3630 2007 3683 vobis
2051 3642 2224 3699 potum

1427 318 1483 372 S.
1524 314 1798 370 JUANNIS
1835 312 2311 369 CllliYSOS'l'OMI
2354 312 2667 368 AltCiilEl‘.
2708 304 3246 372 CONSTAN'i‘lNOP.

3863 322 3962 375 ΗΒ

2376 426 2525 491 dedi,
2565 443 2663 480 non
2691 443 2875 480 escam.
2913 426 3154 502 Nondum
3183 429 3315 481 enim
3340 428 3610 498 poteratis;
3642 430 3728 484 sed
3750 447 3809 483 ne
3833 450 3960 485 nunc

2361 518 2571 584 quidem
2621 518 3056 588 potestismdltuc
3101 520 3234 571 enim
3282 518 3513 572 carnales
3556 521 3691 574 estis.
3735 522 3861 575 Cum
3901 523 3959 575 sit

2370 608 2503 663 inter
2527 625 2612 663 vos
2634 612 2771 664 zelus
2800 622 2844 663 et
2868 614 3140 675 contentio,
3164 626 3334 664 nonne
3358 613 3587 666 carnales
3604 611 3721 666 estis
3741 616 3758 680 (
3776 614 3791 665 Ι
3806 652 3819 664 .
3841 613 3955 667 (ζον.

2371 701 2422 756 5.
2472 701 2522 754 9..
2560 702 2657 771 5)?
2702 702 2757 756 lu
2801 702 3037 771 Epistula
3083 717 3295 772 quoque
3337 702 3404 756 ad
3448 702 3704 758 llehmos
3740 712 3793 758 et
3836 704 3955 757 alibi

2368 807 2512 863 smpe
2541 794 2678 863 apud
2728 795 2949 849 Paulum
2995 794 3109 848 brec
3137 794 3335 849 dicitur
3377 810 3497 850 esse
3545 810 3829 864 pravorum
3861 796 3955 851 do-

2366 892 2599 952 gmatum
2616 899 2796 938 causa.
2814 884 3002 938 Anima
3019 885 3159 939 enim
3174 884 3449 939 aliectibus
3468 886 3648 940 dedita
3664 903 3768 939 non
3785 874 3954 955 potest

2364 974 2491 1043 quid
2521 990 2767 1044 magnum
2790 985 2880 1029 aut
2900 990 3219 1045 generosum
3241 977 3433 1031 intueri
3455 994 3469 1041 ;
3497 978 3594 1031 sed
3612 992 3707 1033 ceu
3726 977 3954 1047 quadatu

2366 1066 2683 1135 lippitudine
2711 1069 3017 1137 perturbata
3039 1112 3054 1132 ,
3087 1069 3424 1125 densissimis
3452 1071 3687 1126 tenebris
3713 1072 3952 1141 subjecta

2362 1164 2467 1211 est.
2516 1156 2888 1229 Expurgemus
2932 1162 3107 1231 itaque
3152 1162 3545 1231 nosmetipsos,
3592 1163 3951 1218 illumioemus

2362 1247 2511 1302 luce’
2541 1250 2882 1320 cognitionis,
2910 1267 2977 1308 ne
2998 1267 3180 1307 semen
3211 1253 3261 1306 in
3288 1254 3469 1323 spinas
3490 1254 3771 1322 jaciattttts.
3797 1259 3953 1323 Qum-

2362 1353 2481 1391 uam
2515 1338 2629 1395 inec
2646 1341 2713 1394 sit
2736 1343 3006 1411 spinarum
3030 1345 3182 1414 copia
3209 1346 3395 1409 nostis,
3418 1346 3518 1400 etsi
3543 1361 3640 1401 nos
3660 1328 3949 1401 taceamus.

2359 1428 2513 1500 Sa'pe
2544 1447 2774 1503 namque
2802 1434 3072 1491 Christum
3103 1437 3327 1492 audistis
3356 1440 3635 1508 prresentis
3657 1440 3779 1493 vitae
3804 1438 3951 1493 solli-

2356 1522 2670 1593 citudinem,
2703 1527 3115 1599 divitiarumque
3144 1531 3402 1585 fallaciam
3430 1533 3704 1601 spinarum
3733 1532 3950 1586 nomine

2356 1628 2675 1685 meantem;
2706 1632 2757 1675 et
2780 1622 2903 1691 jure
2925 1623 3159 1692 quidem.
3186 1623 3646 1691 Quemadmodum
3677 1625 3818 1679 enim
3847 1624 3949 1679 illa:

2356 1705 2697 1765 infructuosa:
2729 1722 2883 1777 sunt,
2915 1713 2982 1767 ita
3012 1723 3065 1767 et
3091 1714 3317 1779 divitite;
3366 1726 3421 1769 ut
3451 1715 3555 1769 ilhc
3588 1725 3867 1785 tangentes
3891 1731 3950 1772 se

2353 1798 2609 1867 lacerant,
2639 1802 2717 1857 sic
2743 1811 2797 1857 et
2826 1803 2939 1859 inec
2966 1804 3089 1858 vitia
3112 1807 3343 1861 animam
3369 1824 3382 1861 :
3405 1821 3467 1862 ac
3492 1808 3945 1877 quemadmodum

2351 1891 2521 1961 spina:
2567 1893 2688 1963 igne
2729 1894 2886 1951 facile
2926 1895 3313 1964 absumuntur,
3363 1906 3420 1953 et
3466 1898 3667 1954 odiosa:
3697 1900 3948 1969 agricolis

2351 1992 2512 2048 sunt,
2562 1984 2630 2037 ita
2662 1997 2716 2039 et
2742 2000 2829 2041 res
2856 1986 3266 2043 mundamezac
3294 1989 3432 2044 sicut
3479 1990 3530 2044 in
3571 1990 3739 2058 spinis
3784 1988 3943 2053 ferr,

2347 2076 2563 2145 viperzn,
2596 2079 2793 2147 scorpii
2825 2082 3177 2147 occultantur,
3210 2083 3280 2137 ita
3302 2093 3355 2137 et
3383 2084 3434 2137 in
3460 2083 3765 2138 divitiarum
3791 2082 3942 2139 falla-

2345 2168 2448 2221 cia.
2483 2169 2677 2225 Verum
2713 2173 3060 2227 immittamus
3090 2173 3320 2244 Spiritus
3353 2160 3561 2246 ignem,
3594 2186 3649 2231 ut
3678 2186 3730 2232 et
3760 2178 3945 2247 spinas

2344 2275 2754 2327 consumamus,
2796 2274 2851 2319 et
2892 2264 3033 2320 feras
3061 2265 3332 2335 fugentus,
3362 2277 3419 2321 ut
3459 2282 3648 2337 purum
3692 2284 3945 2337 paremus

2344 2350 2592 2419 agricolae
2635 2367 2854 2419 arvum;
2897 2354 3091 2409 deinde
3119 2372 3247 2410 vero
3278 2357 3640 2425 spiritualibus
3667 2359 3839 2426 ipsum
3872 2359 3945 2413 ri-

2343 2453 2527 2508 gemus
2558 2442 2745 2497 alveis.
2772 2444 3084 2500 Plantemus
3104 2446 3301 2500 olivam
3334 2446 3684 2513 fruetiferam,
3719 2449 3943 2505 mitissi-

2346 2546 2484 2583 mam
2517 2532 2764 2587 arborcrn
2795 2550 3113 2607 semperque
3153 2539 3455 2606 virentem,
3505 2540 3902 2597 illuminantem
3924 2584 3941 2609 ,

2342 2623 2691 2691 nutrientem,
2723 2628 3011 2683 valetudini
3042 2638 3242 2698 aptum.
3277 2632 3401 2687 Haec
3421 2634 3598 2688 omnia
3621 2634 3672 2688 in
3695 2650 3752 2688 se
3774 2634 3944 2690 habet

2330 2717 2700 2789 elecmosyna,
2732 2738 2850 2791 qua:
2878 2725 3025 2793 quasi
3049 2725 3280 2795 sigillum
3302 2738 3384 2781 est
3412 2728 3579 2797 ipsam
3606 2729 3940 2799 possidenti-

2337 2806 2457 2862 bus.
2505 2809 2650 2865 llanc
2680 2813 2926 2869 arborem
2970 2832 3037 2870 ne
3082 2832 3226 2871 mors
3269 2820 3481 2889 quidem
3528 2822 3641 2890 ipsa
3670 2820 3938 2877 arefacit:

2336 2899 2430 2954 sed
2457 2910 2559 2957 stat
2584 2903 2667 2957 illa
2692 2919 2903 2975 semper
2922 2918 3155 2964 mentem
3176 2910 3499 2980 illuntinans,
3526 2929 3720 2968 nervos
3739 2916 3943 2969 anima:

2338 2989 2546 3059 fovens,
2578 2995 2718 3050 vires
2746 2995 2978 3068 integras
3001 3014 3243 3066 servans,
3270 3003 3733 3076 robustioremque
3760 3006 3943 3063 reddit

2336 3083 2588 3139 animam.
2620 3086 2674 3140 Si
2703 3099 2958 3158 perpetuo
2986 3092 3128 3146 illam
3154 3094 3469 3161 habeamus,
3496 3099 3787 3166 poterimus
3808 3114 3938 3153 cum

2338 3172 2523 3226 tizlueia
2542 3175 2807 3245 Sponsum
2826 3180 3026 3246 videre,
3054 3192 3109 3237 et
3127 3184 3178 3238 in
3199 3183 3488 3241 thalamum
3510 3188 3742 3253 intrare;
3765 3204 3936 3258 quem

2333 3277 2431 3315 nos
2479 3279 2667 3320 omnes
2712 3271 2923 3339 assequi
2975 3272 3248 3343 contingat
3294 3276 3459 3344 gratia
3506 3285 3560 3331 et
3603 3276 3944 3347 benignitate

2334 3352 2543 3409 Domini
2576 3360 2741 3412 nostri
2771 3359 2898 3415 Jesu
2946 3362 3186 3430 Christi,
3233 3368 3445 3434 quicum
3483 3368 3623 3423 Patri
3654 3369 3824 3439 gloria
3854 3373 3940 3425 si-

2333 3445 2551 3513 mulque
2578 3448 2797 3517 Spiritui
2826 3465 3034 3522 sancto,
3067 3470 3210 3511 nunc
3230 3466 3284 3512 et
3304 3473 3541 3529 semper,
3570 3469 3623 3515 et
3650 3461 3702 3514 itt
3730 3462 3942 3518 saecula
3982 3502 3985 3503 ν

2331 3537 2669 3593 saeculorum.
2700 3541 2892 3597 Amen.

2394 3650 2410 3680 ι
2449 3657 2576 3702 Unus
2598 3653 2764 3717 habet,
2789 3654 3156 3721 illuminatione,
3184 3674 3289 3725 pro,
3308 3662 3431 3712 luce.

640 3746 3931 3884 ψ

639 3955 691 4011 5.
726 3956 1005 4023 Respondit
1039 3954 1188 4009 Jestts
1217 3970 1233 4008 :
1262 3956 1417 4007 Amen
1463 3952 1574 4007 dico
1613 3952 1699 4006 tibi
1725 3968 1744 4005 :
1776 3952 1891 4007 Nisi
1924 3956 2035 4022 quis
2072 3969 2222 4014 natus

708 4048 858 4117 fuerit
898 4062 961 4100 ea:
984 4063 1116 4116 aqua
1145 4054 1191 4099 et
1232 4044 1430 4115 Spiritu
1451 4086 1463 4108 ,
1496 4060 1595 4098 non
1623 4052 1783 4114 potest
1818 4045 2029 4103 introire
2053 4050 2106 4103 in
2135 4067 2217 4104 re-

706 4157 861 4213 gnum
887 4139 1001 4195 Dei.

708 4298 759 4351 Ι.
793 4294 1006 4350 Pueruli
1036 4292 1276 4363 quotidie
1304 4290 1587 4360 magistros
1617 4287 1891 4355 adeuntes,
1922 4290 2219 4350 doctrinam

640 4387 905 4457 accipiunt
950 4395 1004 4441 et
1030 4386 1277 4451 recitant,
1307 4392 1360 4439 et
1389 4395 1677 4452 numquam
1704 4381 1806 4436 hoc
1835 4386 2027 4453 agendi
2058 4388 2217 4445 tinem

633 4480 870 4542 faciunt,
914 4477 1022 4532 imo
1066 4490 1467 4547 nonnumquam
1508 4471 1754 4528 noctibus
1791 4472 1905 4528 dies
1928 4478 2214 4548 adjiciunt,

635 4570 791 4639 idque
840 4584 936 4639 pro
978 4569 1135 4625 ﬂuxis
1164 4573 1323 4628 rebus
1352 4573 1528 4629 facere
1557 4589 1585 4629 a
1617 4576 1768 4631 vobis
1799 4580 2076 4645 coguntur.
2112 4571 2218 4628 Nos

634 4670 809 4714 autem
839 4676 942 4715 non
971 4676 1002 4715 a
1030 4663 1202 4729 vobis,
1226 4663 1315 4733 qui
1339 4663 1390 4718 in
1413 4665 1734 4734 perfectiore
1756 4675 1912 4722 aetate
1938 4665 2087 4729 estis,
2118 4667 2219 4722 lzoc

637 4750 953 4821 requirimus
973 4790 986 4815 ,
1038 4752 1178 4822 quod
1213 4767 1307 4807 vos
1335 4768 1364 4807 a
1397 4754 1520 4810 filiis
1549 4757 1744 4811 vestris
1774 4757 2005 4826 exigitis.
2036 4756 2219 4825 Neque

634 4844 775 4897 enim
799 4844 1055 4912 quotidie,
1076 4844 1165 4899 sed
1188 4845 1264 4899 his
1285 4854 1486 4901 tantum
1513 4847 1917 4903 in‘hehdomada
1938 4848 2040 4918 (a),
2062 4848 2219 4917 idque

634 4949 726 5002 per
757 4934 971 4990 brevem
1012 4934 1114 4989 diei
1158 4945 1356 5005 partem
1383 4978 1397 5001 ,
1447 4948 1501 4993 ut
1548 4938 1782 4993 laborem
1810 4938 2049 4995 levemus
2072 4981 2085 5003 ,
2123 4952 2218 4992 vos

632 5026 873 5081 concioni
900 5025 1090 5082 adesse
1111 5034 1160 5079 et
1184 5026 1458 5082 attendere
1486 5028 1777 5082 hortamur.
1812 5028 1935 5084 Ideo
1966 5028 2215 5098 paulatim

634 5118 785 5172 vobis
808 5118 1203 5188 Seripturarum
1231 5118 1372 5174 dicta
1400 5118 1738 5190 decerpimus
1762 5162 1777 5187 ,
1825 5128 1885 5175 ut
1920 5136 1982 5175 ca
2014 5120 2218 5175 facilius

632 5226 823 5282 capere
849 5253 863 5277 ,
894 5222 948 5267 et
990 5212 1041 5267 in
1082 5213 1274 5268 mentis
1315 5220 1506 5268 vestra:
1552 5215 1903 5284 receptaculis
1948 5213 2218 5283 deponere

634 5305 852 5359 valeatis
874 5346 887 5369 ,
922 5313 1081 5373 atque
1120 5304 1171 5358 in
1205 5306 1463 5361 memoria
1490 5306 1756 5371 retinere,
1808 5316 1860 5361 ut
1910 5305 2123 5376 possitis
2155 5320 2217 5359 ea

630 5396 747 5449 aliis
774 5395 993 5450 referre.
1023 5394 1133 5449 Nisi
1162 5395 1384 5451 fortasse
1410 5398 1670 5466 quispiam
1698 5397 1985 5452 admodum
2016 5398 2216 5451 somni-

632 5488 846 5540 culosns
874 5488 943 5540 sit
969 5496 1021 5540 et
1050 5485 1269 5555 ignavus
1301 5488 1621 5557 puernloque
1653 5487 1913 5542 hebetior.
1948 5487 2214 5542 Dictorum

632 5580 809 5648 itaque
843 5578 1036 5634 seriem
1067 5580 1426 5650 arripiamus;
1464 5579 1751 5635 Nicodemo
1776 5595 2004 5649 namque
2036 5581 2085 5635 in
2116 5581 2213 5635 bu-

696 5736 769 5797 (a)
804 5736 1165 5800 Chrysostomus
1186 5736 1259 5786 bis
1277 5738 1323 5785 in
1350 5734 1647 5786 hebdomade
1668 5738 2047 5785 eoneionahatur.

2330 3968 2536 4023 utiliora
2567 3969 2867 4039 decidente,
2903 3984 2957 4030 et
2984 3975 3180 4031 Christi
3210 3976 3409 4032 dictum
3439 3979 3503 4033 ad
3534 3989 3803 4036 terrenam
3829 4000 3941 4055 ge-

2330 4060 2659 4116 nerationem
2690 4063 3023 4134 deprimente
3046 4109 3062 4133 ,
3096 4084 3158 4123 ac
3191 4069 3405 4125 dicente
3438 4072 3767 4141 impossibile
3799 4092 3943 4132 esse

2326 4168 2508 4208 senem
2547 4155 2727 4210 denuo
2758 4161 2939 4223 nasci,
2974 4161 3220 4216 Christus
3247 4164 3603 4230 generationis
3634 4166 3777 4221 illius
3809 4184 3944 4225 mo-

2326 4243 2451 4297 dum
2478 4246 2675 4301 clarius
2702 4249 2950 4317 explicat,
2985 4252 3073 4317 qui
3101 4252 3318 4307 difficile
3343 4255 3558 4324 quidem
3588 4257 3941 4329 intelligere-

2328 4345 2412 4388 tur
2436 4336 2501 4391 ab
2532 4352 2614 4402 eo,
2646 4340 2733 4408 qtti
2762 4341 2974 4395 animali
3010 4343 3169 4396 modo
3199 4345 3597 4417 interrogasset,
3628 4362 3945 4422 possetque

2326 4436 2501 4483 tamen
2545 4431 2613 4484 ab
2641 4430 2739 4486 hac
2765 4432 2969 4501 ahjecta
3002 4436 3329 4504 cogitatione
3362 4439 3779 4510 interrogantem
3817 4448 3945 4501 eri.

2321 4535 2465 4588 gere.
2498 4522 2634 4588 Quid
2663 4525 3000 4579 enintdieit?
3030 4527 3188 4582 Amen
3219 4530 3330 4583 dico
3357 4529 3474 4595 tibi,
3510 4532 3608 4597 nisi
3630 4534 3742 4599 quis
3769 4549 3945 4592 natus

2325 4615 2476 4684 fuerit
2507 4632 2570 4668 ea:
2595 4633 2725 4684 aqua
2754 4628 2799 4671 et
2828 4619 3028 4688 Spiritu
3054 4661 3068 4680 .
3099 4637 3199 4674 non
3228 4632 3390 4691 potest
3417 4624 3607 4677 intrare
3627 4626 3679 4679 in
3703 4642 3945 4698 regnum

2323 4704 2451 4770 Dei;
2496 4706 2547 4761 id
2590 4720 2665 4763 est
2696 4730 2708 4764 :
2735 4710 2814 4765 Tu
2841 4712 3051 4782 quidem
3086 4713 3189 4768 hoc
3236 4716 3565 4783 impossibile
3592 4732 3713 4773 esse
3742 4719 3897 4776 dicis
3929 4740 3944 4775 :

2322 4814 2421 4870 ego
2448 4815 2573 4854 vero
2603 4801 2889 4857 admodum
2924 4804 3178 4873 possibile
3207 4806 3355 4871 dico;
3392 4816 3447 4861 ut
3472 4808 3631 4864 etiam
3662 4826 3949 4867 nece-55a-

2324 4895 2457 4946 rium
2485 4894 2581 4958 sit,
2614 4906 2668 4950 et
2696 4897 2813 4951 sine
2845 4898 2934 4951 illo
2964 4913 3121 4951 nemo
3148 4898 3326 4953 salvus
3352 4915 3473 4956 esse
3504 4902 3687 4970 possit.
3719 4903 3945 4961 Neces-

2322 4987 2458 5038 saria
2488 4988 2626 5040 enim
2650 5030 2665 5051 ,
2713 4987 2867 5043 nobis
2897 4990 3185 5044 admodum
3219 4990 3390 5046 facilia
3439 4993 3562 5048 fecit
3592 4994 3752 5051 Deus.
3784 4997 3949 5057 Nam

2322 5084 2531 5132 terrena
2578 5078 2791 5147 quidem
2837 5086 3149 5149 generatio,
3195 5082 3488 5138 secundum
3539 5101 3754 5141 carnem
3782 5130 3804 5155 ,
3870 5107 3949 5147 ex

2322 5168 2537 5237 pulvere
2568 5181 2649 5224 est
2672 5189 2684 5221 :
2710 5181 3038 5241 quapropter
3066 5189 3094 5227 a
3124 5172 3428 5228 ea-lestibus
3460 5175 3547 5231 illa
3594 5176 3950 5238 intercludi—

2324 5269 2408 5314 tur
2430 5279 2442 5315 :
2467 5262 2589 5330 quid
2621 5265 2762 5317 enim
2795 5264 2951 5318 habet
2988 5275 3126 5318 terra
3158 5280 3279 5319 cum
3306 5268 3439 5322 ca‘lo
3466 5272 3800 5325 commune?
3836 5272 3949 5329 Illa

2321 5370 2446 5409 vero
2476 5371 2541 5410 ex
2574 5356 2771 5424 Spiritu
2815 5354 2969 5411 facile
3022 5356 3177 5411 nobis
3218 5358 3463 5414 ca‘lestes
3512 5359 3634 5415 illos
3679 5359 3954 5423 fornices

2321 5447 2510 5515 aperit.
2562 5447 2755 5502 Audite
2809 5458 3063 5517 quotquot
3115 5448 3349 5503 nondum
3402 5450 3680 5505 illuntiuati
3740 5459 3953 5514 estis:

2322 5536 2710 5603 exhorrescite,
2742 5538 2937 5608 gemite
2958 5559 2971 5593 :
2995 5538 3269 5593 tremenda
3294 5541 3490 5610 quippe
3514 5550 3593 5595 est
3620 5548 3957 5605 committa-

2324 5630 2430 5693 tio,
2462 5630 2714 5683 terribilis
2753 5631 3046 5687 sententia:
3087 5629 3203 5684 Non
3236 5642 3417 5699 potest,
3451 5632 3652 5702 inquit.
3697 5638 3791 5705 qui
3830 5658 3958 5697 non

2326 5734 2465 5773 unius
2510 5733 2577 5773 est
2608 5739 2667 5775 ex
2694 5739 2823 5789 aqua
2867 5732 2910 5777 ct
2940 5722 3141 5793 Spiritu
3166 5767 3177 5789 ,
3219 5726 3406 5779 intrare
3438 5726 3489 5780 in
3518 5740 3734 5795 regnum
3767 5735 3957 5790 retio-
