4162 6326
172 396 261 455 ΗΘ
1256 392 1320 451 ΙΝ
1356 389 1669 450 ΙΟΑΝΝΕΜ
1710 388 1780 444 11(

1888 386 1943 451 [Α.
1988 386 2154 444 XXV.
2197 390 2269 445 al.
2312 390 2507 447 XXIV.

176 532 295 571 runt.
321 514 461 582 Quia
490 516 693 570 mortis
720 514 1091 570 indumentum
1114 520 1310 583 gestat,
1336 525 1529 581 nempe
1557 504 1777 561 maledi-

180 606 361 664 ctionis
390 616 448 660 et
476 606 855 678 corruptionis
885 624 897 659 :
926 603 1161 660 nondum
1207 601 1542 657 Dominicum
1576 598 1781 667 accepit

185 698 517 771 symbolum;
547 699 869 769 peregrinus
897 703 983 753 est
1013 705 1065 751 et
1090 694 1329 759 alienus;
1362 708 1468 748 non
1503 691 1667 745 habet
1692 704 1780 743 re-

182 792 316 863 gium
345 790 585 861 signum.
615 790 735 846 Nisi
766 791 879 860 quis
905 799 1057 844 natus
1084 789 1270 860 fuerit,
1313 786 1515 857 inqttit,
1559 802 1623 840 ea:
1650 800 1783 853 aqua

184 892 227 935 et
267 882 468 949 Spiritu
493 925 509 947 ,
562 899 665 937 non
708 891 871 952 potest
906 881 1120 935 introire
1163 880 1217 934 in
1258 895 1470 951 regnum
1514 877 1779 931 (telorum.

187 972 382 1027 Verum
412 970 739 1028 Nicodemus
786 985 964 1041 neque
1011 970 1090 1025 sic
1131 969 1417 1025 intellexit.
1460 967 1605 1023 Nihil
1637 968 1779 1022 enim

184 1062 460 1131 deterius,
501 1078 659 1133 quam
706 1061 960 1117 humanis
1004 1061 1299 1116 ratiociniis
1328 1060 1629 1131 spiritualia
1658 1074 1783 1131 pcr-

185 1155 418 1210 mittere.
451 1154 564 1211 Hoc
595 1152 896 1225 impedivit,
928 1152 1219 1224 quominus
1251 1151 1341 1206 ille
1369 1150 1599 1205 sublime
1626 1149 1782 1221 quid-

184 1250 320 1319 piam
350 1259 405 1305 et
429 1264 684 1320 magnum
711 1232 992 1319 cogitaret.
1025 1246 1152 1303 ideo
1176 1262 1275 1302 nos
1297 1245 1484 1302 fideles
1505 1259 1779 1311 vocamur,

185 1352 235 1396 ut
263 1341 622 1395 humanarum
653 1342 922 1395 rationum
957 1339 1325 1396 imbecillitate
1354 1346 1682 1407 contempta,
1714 1336 1782 1391 ad

187 1431 304 1488 iidei
346 1432 734 1487 sublimitatem
766 1431 1155 1497 ascendamus,
1188 1441 1244 1486 et
1272 1430 1537 1486 bonorum
1570 1437 1785 1483 nostro-

183 1537 290 1578 rum
342 1537 613 1579 summam
659 1522 969 1593 huiusmodi
1019 1522 1280 1579 doctrinae
1337 1520 1779 1577 committamus:

179 1612 315 1684 quod
349 1616 397 1669 si
429 1616 647 1671 fecisset
671 1614 995 1671 Nicodemus
1021 1656 1036 1681 ,
1083 1629 1173 1671 res
1200 1630 1306 1669 non
1335 1614 1407 1668 illi
1439 1610 1783 1683 impossibilia

181 1705 282 1761 visa
310 1705 527 1763 fuisset.
555 1706 693 1775 Quid
723 1721 851 1779 ergo
881 1706 1162 1762 Christus?
1184 1704 1257 1762 Ut
1287 1705 1437 1760 illum
1459 1702 1690 1760 abducat
1717 1702 1784 1757 ab

180 1797 273 1855 hac
300 1801 633 1871 cogitatione
663 1800 809 1854 humi
837 1810 1089 1871 repente,
1138 1809 1189 1856 et
1218 1797 1469 1856 ostendat
1492 1812 1552 1853 se
1581 1811 1687 1851 non
1715 1795 1784 1849 de

181 1888 273 1945 hac
315 1890 673 1960 generatione
708 1890 889 1961 loqui,
935 1892 1047 1947 ait:
1075 1889 1193 1945 Nisi
1220 1890 1333 1961 quis
1363 1899 1510 1943 natus
1540 1888 1694 1960 fuerit
1722 1904 1786 1942 ea:

177 1999 304 2053 aqua
327 1992 378 2037 et
402 1983 627 2053 Spiritu,
660 1999 763 2037 non
789 1992 947 2055 potest
970 1984 1183 2038 introire
1206 1984 1257 2037 in
1279 1999 1488 2053 regnum
1510 1981 1776 2038 calorum.

176 2075 261 2131 Sic
288 2085 479 2130 autem
518 2075 774 2146 loquutus
799 2083 902 2143 est,
935 2084 991 2130 ut
1017 2091 1114 2147 per
1144 2075 1285 2130 hanc
1306 2074 1782 2130 comminationem

177 2168 350 2236 ipsum
379 2166 448 2221 ad
475 2166 633 2222 fidem
664 2166 1022 2235 pertraheret,
1052 2165 1413 2236 suaderetque
1444 2167 1543 2236 ipsi
1576 2180 1643 2220 ne
1668 2180 1781 2219 rem

173 2272 292 2313 esse
318 2257 718 2329 impossibilem
746 2258 1107 2323 existimaret,
1136 2268 1297 2328 atque
1318 2258 1466 2313 illum
1494 2273 1523 2312 a
1552 2256 1784 2313 carnalis

172 2350 541 2420 generationis
564 2349 891 2420 cogitatione
917 2349 1278 2407 abstraheret.
1311 2350 1389 2405 De
1416 2350 1519 2405 alia
1541 2391 1557 2416 ,
1588 2349 1779 2419 inquit,

172 2439 363 2511 loquor
400 2440 761 2511 generatione
779 2482 795 2509 ,
825 2456 860 2495 ο
897 2439 1225 2507 Nicodeme;
1254 2456 1352 2497 cur
1382 2455 1689 2496 sermonem
1716 2440 1781 2494 ad

173 2543 371 2588 terram
402 2532 680 2589 detrahis?
724 2547 822 2588 cur
863 2520 1071 2588 natura:
1117 2533 1427 2589 necessitati
1474 2548 1588 2587 rem
1635 2532 1782 2587 illam

172 2623 427 2694 subjicis?
459 2624 558 2680 Hic
583 2635 767 2695 partus
787 2624 995 2695 vulgari
1018 2624 1111 2679 illo
1133 2625 1381 2693 superior
1400 2633 1504 2692 est,
1530 2639 1631 2680 nec
1654 2623 1781 2695 quid

172 2730 463 2772 commune
507 2715 787 2771 nobiscum
831 2716 1020 2772 habet.
1074 2715 1202 2771 Harc
1251 2730 1468 2787 quoque
1508 2716 1784 2787 generatio

172 2819 424 2875 vocatur,
475 2808 572 2864 sed
613 2809 835 2865 nomine
863 2816 1069 2866 tantum
1112 2809 1440 2876 communis,
1484 2824 1545 2864 re
1579 2807 1781 2863 differt.

172 2897 420 2955 Alneede
464 2913 496 2953 a
543 2897 748 2969 vulgari
792 2913 945 2955 more
972 2881 1180 2954 :‘alium
1222 2898 1419 2954 induco
1469 2906 1678 2968 partum
1730 2899 1782 2953 in

175 2988 434 3045 mundum
469 3007 487 3046 :
518 2989 626 3044 alio
677 2988 839 3044 modo
893 2989 1039 3060 gigni
1089 2988 1338 3045 homines
1381 2988 1506 3044 volo
1538 3006 1551 3042 :
1586 3003 1782 3042 novum

173 3080 567 3152 procreationis
618 3080 837 3136 modum
888 3080 1080 3136 affero.
1128 3079 1382 3143 Formavi
1428 3095 1497 3135 ex
1541 3088 1683 3135 terra
1730 3087 1785 3133 et

171 3187 336 3243 aqua;
371 3186 483 3227 non
511 3172 641 3227 utile
670 3170 983 3242 figmentum
1010 3169 1147 3237 fuit,
1186 3170 1283 3226 sed
1315 3185 1412 3227 vas
1439 3170 1678 3226 deterius
1706 3169 1784 3224 fa-

170 3274 313 3319 ctum
368 3273 477 3318 est.
530 3262 647 3319 Non
697 3262 832 3319 ultra
880 3278 948 3319 ex
1002 3272 1143 3319 terra
1195 3271 1251 3318 et
1302 3277 1439 3333 aqua
1495 3260 1785 3318 effer-mare

173 3357 321 3423 volo,
367 3355 468 3412 sed
510 3372 576 3412 ex
622 3371 758 3427 aqua
791 3367 844 3411 et
872 3354 1099 3427 Spiritu.
1143 3354 1297 3424 Quod
1324 3356 1369 3411 si
1399 3355 1522 3427 quis
1548 3355 1783 3410 interro-

170 3460 274 3521 get,
328 3448 611 3521 quomodo
658 3463 722 3505 ex
771 3448 947 3521 aqua?
992 3449 1339 3520 interrogabo
1378 3458 1432 3504 et
1468 3463 1570 3519 ego
1611 3448 1779 3514 illum,

172 3541 457 3609 Quomodo
482 3555 549 3596 ex
580 3540 764 3596 terra?
806 3539 1081 3610 quomodo
1109 3539 1281 3595 lutum
1313 3540 1492 3596 varias
1518 3542 1571 3595 in
1603 3548 1784 3610 partes

171 3633 522 3688 distributum
567 3632 695 3686 esti
735 3631 1007 3703 quomodo
1050 3632 1208 3687 unius
1249 3631 1449 3703 speciei
1492 3641 1609 3686 erat
1651 3631 1781 3687 illud

169 3723 308 3795 quod
340 3723 651 3794 subjectum
684 3724 801 3779 est?
830 3724 999 3779 Terra
1031 3734 1239 3779 tantum
1272 3731 1423 3789 erat;
1451 3739 1572 3793 quae
1599 3733 1779 3778 autem

170 3831 229 3871 ex
262 3814 357 3870 illa
390 3814 533 3871 facta
565 3823 714 3882 sunt,
747 3814 975 3870 diversa:
1021 3825 1147 3871 sunt
1185 3814 1409 3885 speciei.
1443 3814 1594 3872 Unde
1620 3830 1741 3870 ossa
1763 3856 1778 3880 ,

171 3908 335 3969 nervi.
360 3908 607 3973 arteriae,
622 3908 813 3964 vente?
832 3908 973 3963 unde
994 3907 1346 3971 membranar,
1362 3923 1488 3962 vasa
1506 3908 1778 3979 organica,

168 4001 543 4070 cartilagines,
580 4001 794 4066 tunica-,
830 4001 1019 4070 hepar,
1051 4001 1226 4070 splen,
1256 4000 1387 4056 cor?
1417 4001 1557 4056 unde
1586 4002 1778 4071 pellis,

170 4092 423 4163 sanguis,
458 4092 683 4163 pituita,
726 4091 884 4147 bilis?
926 4092 1069 4148 unde
1113 4101 1192 4148 tot
1230 4093 1613 4163 operationes?
1640 4094 1781 4150 unde

169 4183 295 4237 varii
320 4180 578 4237 colores?
609 4182 739 4236 haec
763 4182 907 4237 enim
950 4198 1056 4237 non
1086 4198 1152 4237 ex
1193 4191 1338 4238 terra
1366 4184 1449 4238 vel
1477 4183 1590 4238 luto
1619 4184 1780 4254 proli.

170 4276 469 4330 ciscuntnr.
499 4273 787 4342 Quomodo
817 4282 958 4329 terra
990 4283 1213 4345 accepto
1241 4274 1448 4330 semine
1478 4276 1779 4346 germinat,

172 4380 289 4420 caro
315 4373 506 4420 autem
545 4364 664 4422 hare
706 4374 929 4435 accepta
960 4365 1294 4436 corrumpit?
1332 4366 1603 4436 quomodo
1636 4376 1778 4423 terra

166 4456 300 4524 iacta
328 4456 542 4512 semina
574 4458 763 4522 nutrit,
791 4469 920 4512 caro
949 4464 1129 4511 autem
1159 4458 1228 4511 ab
1254 4456 1359 4512 illis
1386 4458 1639 4524 nutritur,
1670 4474 1777 4513 non

173 4548 249 4603 illa
274 4549 492 4607 nutriti
536 4549 785 4621 Exempli
831 4564 1014 4615 causa,
1053 4559 1195 4605 terra
1243 4564 1436 4621 aquam
1466 4550 1773 4620 excipiens,

172 4642 348 4698 vinum
378 4642 543 4706 fecit;
590 4655 719 4697 caro
743 4656 888 4711 serpe
926 4642 1108 4696 vinum
1140 4642 1448 4712 accipiens,
1491 4642 1543 4696 in
1583 4656 1776 4713 aquam

172 4735 457 4791 convertit.
492 4732 649 4790 Unde
677 4747 809 4805 ergo
852 4734 1020 4804 liquet
1044 4732 1159 4789 ha-c
1186 4749 1250 4788 ex
1286 4742 1425 4789 terra
1458 4747 1579 4789 esse
1600 4777 1613 4799 ,
1655 4724 1776 4788 eum

174 4832 306 4883 terra
349 4824 684 4881 contrariam
711 4824 967 4882 exhibeat
995 4825 1366 4894 eperationem
1391 4865 1407 4893 ,
1457 4834 1516 4879 ut
1543 4823 1694 4879 dixi?
1723 4823 1776 4880 Id

173 4916 450 4972 ratiocinio
476 4917 692 4986 assequi
737 4918 983 4985 nequeo;
1028 4915 1139 4970 sola
1174 4914 1279 4970 fide
1307 4915 1534 4986 accipio.
1563 4915 1618 4971 Si
1650 4929 1779 4987 ergo

168 5011 251 5067 illa
280 5025 405 5083 qua:
426 5010 670 5081 quotidie
693 5009 829 5064 fiunt
850 5018 905 5065 et
925 5018 1235 5081 tanguntur,
1262 5008 1367 5064 [ide
1389 5023 1525 5080 opus
1544 5008 1775 5063 habent:

173 5103 332 5157 multo
349 5104 525 5172 magis
543 5101 628 5156 illa
647 5100 935 5156 admodum
954 5115 1149 5156 arcana
1170 5109 1224 5156 et
1240 5100 1559 5169 spiritualia.
1579 5099 1777 5167 Quem-

172 5193 453 5249 admodum
492 5192 635 5248 enim
685 5201 827 5247 terra
870 5192 1197 5259 inanimata,
1249 5194 1505 5257 immota,
1548 5193 1661 5248 Deo
1699 5195 1777 5250 sic

172 5285 376 5341 volente
422 5286 678 5339 virtutem
724 5284 955 5354 accepit,
1002 5293 1060 5339 ut
1105 5292 1213 5338 tam
1261 5283 1525 5339 mirabilia
1572 5299 1637 5340 ex
1686 5285 1776 5339 illa

174 5374 445 5445 prodirent
477 5395 492 5434 :
522 5378 595 5432 ita
624 5392 689 5433 ex
717 5376 918 5447 Spiritu
944 5385 999 5431 ct
1024 5390 1161 5446 aqua
1184 5376 1341 5432 simul
1370 5376 1488 5432 bmc
1514 5376 1778 5433 mirabilia

170 5478 223 5521 et
251 5470 515 5526 rationem
545 5473 856 5538 superantia
878 5471 1063 5523 omnia
1087 5469 1244 5525 facile
1272 5478 1554 5540 parantur.

241 5560 294 5615 2.
323 5562 591 5629 Quomodo
631 5560 971 5618 Nicodamum
998 5562 1269 5616 instituerit
1304 5563 1555 5617 Christus.
1587 5561 1779 5618 Discri-

174 5668 283 5706 men
310 5654 435 5709 inter
471 5656 692 5725 primum
726 5652 946 5706 hominis
973 5654 1275 5707 creationem
1295 5664 1343 5707 et
1363 5653 1637 5707 secundum
1668 5670 1781 5725 quae

175 5745 233 5809 ﬁt
256 5761 335 5815 per
348 5744 602 5816 Spiritum
622 5753 873 5802 sanctum.
893 5743 1006 5799 Vita
1022 5744 1127 5799 alia
1148 5746 1306 5801 multo
1322 5746 1497 5801 melior
1520 5756 1779 5816 exspecta-

176 5846 275 5903 tur.
312 5837 559 5912 Baptismi
600 5839 905 5894 sublimitas.
958 5838 1061 5894 Cur
1098 5854 1230 5911 aqua
1260 5838 1328 5894 ad
1354 5838 1777 5895 illuminationem

3391 394 3497 451 150

1891 505 2195 559 necessaria.
2217 535 2287 547 --
2306 505 2383 563 Ne
2406 507 2585 578 itaque
2611 506 2868 579 quoniam
2895 508 2985 564 illa
3004 523 3114 564 non
3140 508 3311 576 vides,
3339 510 3499 567 fidem

1889 611 2070 667 neges.
2099 597 2235 654 Nam
2262 615 2361 656 nec
2386 600 2624 656 animam
2671 600 2826 657 rides
2846 642 2862 668 ,
2894 611 2948 657 et
2972 610 3153 658 tamen
3174 603 3354 659 credis
3379 608 3498 659 ani-

1888 706 2031 745 mam
2078 706 2229 758 esse,
2259 702 2314 748 et
2343 691 2611 761 diversam
2638 708 2668 747 a
2695 708 2945 764 corpore.
2998 694 3196 751 Verum
3253 693 3503 751 Christus

1889 797 1995 837 non
2032 782 2135 839 hoc
2158 784 2409 856 exemplo
2432 783 2783 841 Nicodemum
2811 785 3074 855 instituit,
3106 786 3199 843 sed
3230 788 3354 843 alio.
3388 787 3501 844 Hoc

1888 874 2031 930 enim
2058 916 2072 940 ,
2097 891 2291 947 nempe
2315 877 2495 932 anima
2514 920 2530 946 ,
2551 893 2673 933 cum
2704 878 3083 950 incorporeum
3112 885 3181 935 sit
3200 921 3215 943 ,
3244 879 3365 937 ideo
3393 898 3499 935 non

1889 964 1941 1018 in
1972 964 2203 1019 medium
2230 967 2473 1033 adduxit,
2496 967 2619 1038 quia
2645 967 2737 1024 ille
2757 967 2935 1023 adhuc
2958 968 3147 1025 rudior
3172 979 3311 1025 erat.
3341 969 3500 1025 Aliud

1889 1071 2017 1127 ergo
2037 1059 2351 1129 exemplum
2384 1061 2557 1131 ponit,
2579 1059 2722 1131 quod
2746 1076 2869 1116 cum
2910 1076 3198 1133 corporum
3240 1064 3499 1117 crassitu-

1888 1147 2014 1203 dine
2041 1151 2477 1207 communionem
2508 1152 2726 1222 quidem
2755 1153 2958 1209 nullam
2992 1152 3217 1217 haheat,
3248 1170 3421 1225 neque
3448 1159 3500 1211 in

1890 1242 2266 1312 incorpoream
2287 1243 2530 1299 ascendit
2555 1253 2800 1300 naturam
2829 1261 2843 1309 ;
2880 1244 2932 1301 id
2960 1255 3063 1311 est,
3090 1256 3371 1302 ventorum
3397 1248 3501 1302 im-

1889 1342 2093 1403 petum.
2128 1334 2192 1389 Et
2220 1335 2449 1406 primum
2481 1335 2549 1391 ab
2574 1351 2712 1406 aqua
2759 1336 3002 1403 orditur,
3032 1353 3152 1407 qua:
3180 1338 3395 1394 tenuior
3417 1350 3502 1396 est

1887 1439 2047 1495 quam
2096 1422 2236 1479 terra
2259 1467 2273 1490 ,
2306 1425 2541 1481 crassior
2585 1442 2744 1497 quam
2792 1437 3007 1484 ventus.
3041 1426 3502 1494 Quemadmodum

1890 1516 2031 1570 enim
2057 1532 2086 1571 a
2121 1516 2382 1587 principio
2411 1518 2742 1573 elementum
2765 1528 2910 1574 terra
2933 1519 3176 1590 subjecta
3200 1528 3304 1581 est.
3330 1529 3503 1576 totmn

1888 1616 2069 1661 autem
2096 1607 2307 1677 opificis
2335 1608 2434 1663 fuit
2460 1629 2473 1665 :
2497 1609 2575 1665 sic
2596 1618 2651 1665 et
2671 1624 2818 1665 nunc
2845 1624 2984 1680 aqua
3016 1611 3344 1667 elementum
3374 1612 3507 1667 sub-

1884 1697 2069 1769 jicitur
2098 1719 2110 1754 :
2143 1707 2313 1753 totum
2341 1708 2519 1755 autem
2565 1710 2650 1756 est
2678 1716 2744 1757 ex
2781 1700 3013 1772 Spiritus
3054 1702 3224 1773 gratia
3254 1720 3269 1756 :
3297 1710 3352 1757 et
3379 1712 3507 1759 tunc

1888 1788 2105 1859 quidem
2133 1787 2327 1845 Factus
2358 1800 2431 1846 est
2458 1791 2609 1845 homo
2639 1792 2692 1845 in
2724 1792 2953 1846 animam
2982 1792 3227 1846 viventem
3252 1791 3415 1866 (Gen.
3446 1793 3504 1849 2.

1892 1881 1924 1935 7
1952 1882 1993 1950 );
2026 1897 2171 1937 nunc
2196 1897 2324 1937 vero
2354 1884 2405 1937 in
2432 1882 2692 1953 Spiritum
2725 1881 3109 1939 vivificantem.
3152 1883 3378 1939 Multum
3402 1900 3502 1939 au-

1892 1985 1999 2029 tem
2025 1984 2107 2029 est
2130 1975 2271 2030 inter
2292 1984 2581 2046 utrumque
2601 1975 2893 2030 discrimen
2925 1992 2941 2030 :
2968 1975 3147 2030 anima
3172 1978 3316 2031 enim
3343 1976 3506 2033 vitam

1889 2068 2046 2122 alteri
2070 2082 2178 2122 non
2199 2067 2321 2134 dat;
2350 2066 2585 2139 Spiritus
2616 2084 2747 2124 vero
2775 2083 2883 2123 non
2917 2084 3014 2138 per
3039 2084 3098 2125 se
3122 2077 3327 2124 tantum
3354 2069 3507 2137 vivit,

1890 2156 1984 2213 sed
2018 2167 2070 2212 et
2100 2157 2221 2212 aliis
2262 2158 2425 2213 vitam
2470 2158 2696 2229 prmbet.
2753 2157 2843 2214 Sic
2888 2168 3133 2214 mortuos
3177 2159 3511 2215 suscitarunt

1890 2250 2137 2319 apostoli.
2173 2247 2240 2304 Et
2269 2249 2398 2305 olim
2443 2247 2663 2319 quidem
2695 2259 2815 2320 past
2859 2251 3190 2306 creationem
3221 2248 3385 2306 homo
3410 2249 3511 2308 de-

1891 2355 2037 2395 mum
2060 2338 2352 2407 formatur;
2376 2355 2518 2396 nunc
2544 2355 2675 2397 vero
2696 2349 2883 2396 contra
2907 2349 3033 2395 ante
3055 2355 3247 2395 novam
3271 2342 3505 2397 creatio~

1890 2445 2014 2485 nem
2044 2443 2214 2485 novus
2242 2429 2407 2485 homo
2434 2439 2670 2486 creatur.
2725 2429 2858 2485 Nam
2889 2430 2976 2486 hic
3014 2432 3165 2501 prior
3189 2442 3507 2503 generatur,

1890 2520 2085 2576 deinde
2112 2521 2345 2578 mundus
2392 2522 2828 2578 transformatur.
2882 2522 2948 2577 Et
2978 2531 3093 2577 uta
3127 2523 3395 2593 principio
3426 2533 3508 2579 to-

1893 2623 2005 2667 tum
2034 2612 2302 2682 formavit,
2322 2614 2401 2671 sic
2426 2624 2481 2671 et
2512 2630 2654 2671 nunc
2681 2623 2851 2670 totum
2880 2617 3054 2686 ipsum
3083 2627 3252 2673 creat.
3285 2616 3352 2671 Et
3376 2626 3509 2673 tunc

1889 2706 2107 2779 quidem
2153 2708 2265 2763 ait:
2297 2706 2577 2763 Faciamus
2624 2709 2672 2763 ei
2721 2709 3039 2777 adiutorium
3067 2708 3241 2782 (Ibid.
3275 2726 3325 2763 υ.
3358 2709 3505 2781 18);

1892 2800 1978 2854 hic
2008 2815 2139 2856 vero
2166 2800 2293 2854 nihil
2323 2801 2519 2857 simile.
2561 2800 2694 2856 Nam
2719 2801 2808 2872 qui
2831 2801 3063 2871 Spiritus
3090 2801 3320 2872 gratiam
3350 2815 3505 2858 acce-

1891 2894 1989 2964 pit,
2015 2909 2121 2964 quo
2143 2893 2316 2949 altero
2345 2892 2524 2964 egebit
2574 2892 2866 2964 adjutorel
2894 2894 2984 2965 qui
3016 2893 3069 2948 in
3097 2908 3326 2965 corpore
3352 2892 3507 2949 Chri-

1890 2986 1956 3040 sti
1995 2985 2280 3052 consistit,
2303 2999 2407 3055 qua
2431 2984 2630 3041 deinde
2655 2985 2837 3056 egebit
2866 2986 3015 3055 opel
3042 2986 3195 3042 Tunc
3224 2985 3289 3039 ad
3319 2986 3507 3056 imagi-

1892 3093 2016 3133 nem
2050 3078 2142 3133 Dei
2173 3076 2300 3133 fecit
2325 3077 2636 3147 hominem,
2680 3093 2824 3133 nunc
2872 3078 2973 3148 ipsi
3023 3078 3134 3134 Deo
3176 3079 3457 3149 conjunxit
3492 3098 3506 3133 :

1893 3179 2020 3225 tunc
2040 3169 2204 3240 jussit
2231 3169 2381 3226 illum
2438 3170 2709 3240 imperare
2756 3168 2998 3239 piscibus
3024 3178 3080 3226 et
3104 3169 3328 3236 bestiis,
3362 3186 3505 3227 nunc

1888 3276 2052 3332 supra
2077 3262 2242 3319 αειοε
2272 3262 2536 3333 primitias
2552 3273 2765 3317 nostras
2780 3263 3111 3332 assumpsit:
3141 3271 3268 3317 tunc
3298 3262 3508 3333 paradi-

1890 3369 2009 3429 sum
2041 3354 2389 3410 ltabitandum
2420 3354 2610 3421 dedit,
2643 3368 2788 3410 nunc
2824 3356 3019 3411 caelum
3062 3356 3221 3411 nobis
3246 3356 3455 3424 aperuit
3492 3374 3505 3410 :

1890 3456 2020 3502 tunc
2046 3445 2308 3502 formatus
2346 3444 2510 3501 homo
2535 3455 2617 3501 est
2646 3445 2733 3501 die
2761 3454 2911 3501 sexta
2934 3487 2950 3514 ,
2978 3446 3102 3517 quia
3127 3446 3507 3519 complendum

1890 3549 2008 3595 erat
2061 3540 2359 3606 smculum;
2402 3552 2545 3595 nunc
2588 3539 2761 3609 prima
2806 3537 2894 3594 die
2923 3538 3071 3594 etab
3097 3538 3272 3605 initio,
3305 3548 3507 3594 etcum

1891 3633 2029 3689 luce.
2053 3632 2134 3687 Ex
2157 3632 2351 3703 quibus
2370 3630 2623 3686 omnibus
2643 3632 2834 3702 liquet,
2858 3646 2921 3687 ea
2942 3646 3064 3702 qua:
3088 3630 3508 3701 perficiebatuur

1887 3726 1954 3781 ad
1974 3726 2134 3781 aliam
2157 3725 2437 3781 meliorem
2456 3724 2617 3779 vitam
2640 3724 2935 3795 pertinere,
2954 3731 3009 3778 et
3030 3723 3098 3778 ad
3121 3731 3323 3779 statum
3347 3739 3505 3779 num-

1889 3834 2047 3891 quam
2080 3816 2501 3874 tcrminandum.
2536 3816 2714 3873 Prima
2743 3817 2925 3888 itaque
2952 3815 3208 3872 formatio
3234 3815 3365 3870 Adae
3391 3824 3503 3889 ter-

1890 3927 2016 3967 rena
2040 3920 2143 3975 est,
2167 3918 2222 3966 et
2246 3917 2369 3980 post
2387 3908 2526 3965 hanc
2549 3924 2617 3963 ex
2641 3907 2773 3963 Adae
2795 3907 2988 3974 latere,
3013 3906 3286 3973 mulieris,
3308 3914 3365 3961 et
3385 3917 3509 3978 post

1889 4006 2035 4061 illaut
2076 4020 2143 4060 ex
2172 4005 2400 4068 semine,
2433 4002 2637 4058 Abelis.
2686 4003 2939 4057 Attamen
2978 4000 3180 4056 nullam
3220 3999 3508 4069 explorare

1890 4114 2199 4171 possumus,
2229 4110 2331 4153 nec
2350 4110 2607 4153 sermone
2635 4093 2968 4161 describere,
2992 4093 3091 4148 etsi
3117 4092 3207 4148 illa
3238 4091 3503 4146 crassiora

1887 4193 2015 4249 sint.
2057 4188 2342 4259 Quomodo
2364 4203 2496 4259 ergo
2527 4185 2830 4257 spirituaiis
2860 4200 2957 4256 per
2983 4184 3306 4255 baptismum
3338 4196 3501 4252 gene-

1888 4282 2112 4338 rationis
2150 4296 2271 4351 quat
2292 4281 2450 4349 longe
2491 4277 2773 4334 sobiimior
2797 4285 2920 4343 est,
2952 4276 3215 4329 rationem
3246 4273 3375 4327 dare
3405 4287 3501 4342 po-

1889 4373 2157 4429 terimus?
2181 4387 2290 4443 quo
2336 4379 2492 4443 pacto
2513 4368 2766 4441 stupendi
2797 4376 2980 4439 partus
3011 4365 3148 4421 ratio
3174 4381 3201 4418 a
3227 4366 3382 4421 nobis
3408 4380 3503 4421 ex—

1887 4476 2100 4537 petatur
2122 4464 2181 4520 “?
2210 4480 2333 4519 nam
2362 4471 2417 4519 et
2442 4462 2619 4533 angeli
2646 4460 2771 4515 huic
2797 4456 3129 4530 generationi
3160 4456 3402 4511 adfuere.
3434 4458 3504 4511 At

1886 4573 2017 4615 vero
2038 4557 2257 4613 modum
2282 4555 2553 4627 explicare
2581 4552 2844 4608 mirabilis
2874 4551 3017 4606 illius
3045 4565 3143 4621 per
3170 4548 3497 4619 baptismum

1885 4649 2287 4723 generationis,
2320 4661 2483 4703 nemo
2530 4644 2789 4717 potuerit.
2841 4640 3145 4699 Adfuerunt
3194 4641 3304 4707 illi,
3366 4638 3499 4696 nihil

1886 4744 2206 4805 efficientes,
2234 4740 2327 4795 sed
2354 4755 2417 4797 ea
2444 4754 2565 4810 quae
2592 4738 2793 4794 fiebant
2819 4736 2994 4791 solum
3020 4735 3286 4789 videntes.
3318 4733 3497 4799 Pater,

1886 4840 2054 4897 Filius
2079 4849 2133 4894 et
2151 4837 2385 4908 Spiritus
2404 4845 2622 4892 sanctus
2648 4833 2830 4888 omnia
2854 4839 3110 4901 operatur
3133 4827 3208 4901 (a)
3237 4872 3250 4884 .
3278 4828 3499 4884 Obtem-

1888 4945 2138 5003 peremus
2163 4943 2294 4998 ergo
2316 4929 2409 4983 Dei
2431 4925 2738 4990 sententiae,
2758 4938 2877 4992 qua:
2895 4930 2977 4977 est
2998 4920 3117 4991 ipso
3140 4922 3254 4975 visu
3288 4919 3497 4974 :ertior.

1886 5026 2021 5081 Nam
2044 5024 2191 5078 visus
2221 5036 2364 5093 saepe
2386 5019 2586 5075 fallitur
2614 5036 2627 5071 :
2655 5018 2742 5071 illa
2773 5016 2880 5071 falli
2913 5011 3494 5085 nequit.0btempcra-

1888 5131 2009 5171 mus
2040 5116 2219 5185 itaque
2247 5113 2368 5183 ipsi.
2424 5110 2557 5166 Nam
2602 5124 2723 5181 qum
2764 5107 2853 5161 illa
2898 5122 3018 5175 quae
3047 5120 3153 5160 non
3184 5113 3337 5159 erant
3365 5119 3495 5175 prn-

1885 5207 2060 5274 dnxit,
2087 5206 2155 5261 de
2185 5219 2371 5260 eorum
2401 5212 2593 5257 natura
2622 5202 2851 5271 loquens
2884 5197 3041 5253 fidem
3072 5206 3329 5251 meretur.
3359 5196 3495 5263 Quid

1888 5301 2048 5372 igitur
2072 5299 2158 5353 illa
2177 5296 2349 5352 dicit?
2382 5295 2435 5351 Id
2470 5294 2614 5365 quod
2642 5291 2874 5347 efficitur
2913 5304 3035 5346 esse
3062 5288 3493 5361 generationem.

1953 5474 1968 5503 ί
2008 5470 2177 5533 Morel.
2199 5472 2271 5533 sic
2296 5468 2445 5518 effert
2474 5468 2608 5533 hunc
2632 5465 2914 5533 imum......
2940 5463 3194 5533 Crassiora
3215 5464 3327 5533 sint.
3354 5466 3490 5533 ονφᾴ

1886 5531 1932 5585 si
1954 5533 2016 5600 de
2047 5531 2146 5583 illis
2178 5531 2420 5600 disserere
2443 5527 2831 5600 sitimpossibile.
2860 5526 3098 5600 quomodo
3118 5537 3237 5600 ergo
3268 5532 3329 5577 de
3349 5526 3498 5589 spiri-

1886 5594 2005 5647 tttali
2026 5597 2351 5658 generatione,
2365 5605 2475 5658 qua
2494 5591 2570 5643 Itis
2592 5588 2663 5658 est
2680 5589 2831 5658 multo
2852 5588 3117 5646 sidils'mior,
3134 5588 3381 5639 disserere
3396 5601 3493 5640 non

1887 5652 2345 5720 eritimpossibilius
2365 5656 2389 5705 2'
2410 5654 2653 5720 Quomodo
2693 5652 2840 5703 etiam
2886 5664 2982 5701 non
3001 5662 3416 5713 supervacaneum
3458 5661 3489 5700 α

1887 5719 2020 5771 nobis
2042 5715 2276 5769 rationem
2299 5716 2542 5779 matutine
2567 5715 2592 5765 .9

1959 5783 2012 5843 (α
2074 5782 2138 5830 Ad
2180 5782 2272 5831 tria
2301 5774 2554 5842 'suprosita
2585 5777 2822 5840 singulari
2858 5776 3010 5827 verbo
3044 5774 3233 5836 utitur,
3256 5784 3309 5828 ut
3360 5786 3496 5829 notat

1959 5784 2114 5898 villus.
2140 5856 2238 5898 quo
2271 5840 2459 5893 scilicet
2481 5842 2641 5891 unitas
2662 5840 2950 5889 substantia
2970 5836 3267 5887 declaratur.

1888 5836 2114 5908 savillus,
2140 5856 2238 5906 quo
2271 5836 2459 5893 scilicet
2481 5842 2641 5891 unitas
2662 5836 2950 5889 substantia
2970 5836 3267 5887 declaratur.
