4162 6326
681 309 773 364 451
1401 291 1456 350 S.
1499 288 1772 348 JOANNIS
1817 278 2265 342 CllliYS'JSTO.“

2384 279 2652 335 DCIIIEP.
2694 276 3235 334 CONSTANTINUP.

677 419 830 488 Quod
870 417 913 472 si
962 414 1053 470 tibi
1100 409 1358 482 quispiam
1390 406 1602 465 dixerit,
1625 398 1946 470 Quomodo?
1972 413 2038 452 ex
2064 393 2258 451 Christi
2298 436 2304 450 ν,

677 509 939 566 sententia
967 521 1029 560 os
1056 505 1171 574 ejus
1215 501 1433 555 obstrue
1454 539 1468 561 ,
1497 511 1616 566 qua:
1659 507 1848 562 magna
1888 491 2135 558 claraque
2178 494 2260 541 est

679 597 1080 656 demonstratio.
1131 592 1185 647 Si
1212 590 1330 661 quis
1361 602 1493 644 vero
1523 584 1931 655 interrogaverit
1952 624 1966 646 ,
1992 595 2089 634 cur
2125 593 2258 648 aqua

678 699 1008 752 assumatur;
1059 685 1291 741 vicissim
1338 684 1730 752 interrogemus
1755 685 1810 732 et
1833 673 1932 730 nos
1953 715 1967 739 ,
1995 689 2091 728 cur
2118 683 2257 727 terra

677 782 743 837 ab
769 781 918 835 initio
943 778 1008 832 ad
1038 778 1267 832 hominis
1297 774 1669 829 formationem
1699 769 1956 840 producta
1987 769 2077 822 sit.
2125 764 2257 819 Nam

675 874 816 946 quod
857 875 972 929 sine
1013 881 1152 926 terra
1208 878 1385 938 posset
1438 864 1708 920 ho‘miuem
1759 862 2028 924 formare,
2062 856 2260 914 nemini

679 983 782 1021 non
829 966 1169 1033 conspicuum
1197 969 1299 1014 est.
1346 958 1423 1012 Ne
1456 959 1634 1026 itaque
1687 951 1951 1010 curiosius
2003 948 2259 1019 inquiras.

677 1056 827 1122 Quod
854 1058 993 1110 enim
1023 1040 1322 1106 necessaria
1344 1049 1411 1102 sit
1432 1061 1566 1118 aqua
1590 1046 1712 1100 hinc
1738 1043 1944 1099 ediscas
1968 1058 1981 1093 :
2008 1055 2129 1095 cum
2161 1038 2261 1093 ali-

678 1145 888 1216 quando
943 1143 1175 1212 Spiritus
1217 1150 1341 1194 ante
1370 1153 1560 1208 aquam
1612 1134 2012 1195 descendisset,
2043 1147 2148 1186 non
2175 1129 2260 1185 hic

679 1237 820 1291 stetit
849 1234 1143 1303 apostolus,
1176 1231 1268 1286 sed
1317 1240 1373 1284 ut
1418 1226 1666 1284 ostendat
1721 1226 1857 1281 hanc
1903 1223 2260 1285 necessariam

680 1342 775 1382 nec
794 1324 1112 1394 stiperfluam
1135 1311 1276 1389 esse,
1300 1321 1420 1375 vide
1435 1318 1559 1390 quid
1579 1317 1719 1372 dicat
1748 1336 1761 1372 :
1787 1314 2052 1382 Numquid
2075 1329 2260 1382 aquam

675 1419 788 1486 quis
817 1416 1076 1485 prohibere
1102 1422 1291 1484 potest,
1319 1421 1372 1464 ut
1399 1427 1498 1464 non
1528 1411 1844 1477 baptizentur
1872 1407 1944 1471 lii,
1973 1408 2056 1473 qui
2088 1403 2261 1472 Spiri-

678 1518 782 1560 tum
802 1519 1027 1560 sanctum
1049 1512 1343 1573 acceperunt
1368 1501 1498 1555 sicut
1518 1510 1564 1552 et
1579 1497 1702 1570 nos(
1723 1498 1832 1551 Act.
1858 1498 1944 1550 10.
1962 1498 2028 1550 47
2047 1495 2104 1565 )?
2127 1492 2262 1561 Quid

678 1613 805 1667 ergo
833 1611 965 1668 Opus
992 1605 1072 1650 est
1096 1593 1272 1664 aqua?
1302 1593 1414 1648 Hoc
1433 1591 1542 1661 jam
1572 1591 1742 1644 dicant
1773 1597 1826 1641 ut
1850 1587 2113 1641 occultum
2143 1601 2262 1656 my-

677 1691 898 1744 sterium
931 1689 1075 1742 vobis
1101 1689 1362 1758 aperiam.
1388 1686 1523 1741 Sunt
1548 1685 1762 1755 quidem
1793 1682 1891 1736 hac
1913 1681 1979 1735 de
2003 1697 2059 1735 re
2084 1680 2264 1733 arcani

679 1779 890 1848 quidam
911 1780 996 1831 alii
1022 1793 1296 1833 sermones
1319 1795 1332 1841 ;
1356 1777 1568 1831 interim
1590 1785 1764 1829 autem
1795 1774 1944 1828 vobis
1982 1788 2049 1827 ex
2085 1771 2264 1824 multis

679 1884 838 1924 unum
866 1869 1057 1923 dicam.
1086 1870 1215 1936 Quis
1246 1869 1333 1922 ille
1357 1868 1470 1921 est?
1500 1867 1692 1920 Divina
1722 1865 2058 1919 celebrantur
2087 1863 2137 1916 in
2166 1862 2266 1916 hoc

678 1960 920 2031 symbolo
951 1978 962 2011 :
997 1961 1292 2028 sepultura,
1331 1955 1664 2010 mortificatio
1687 1996 1701 2019 ,
1734 1954 2056 2009 resurrectio
2077 1994 2090 2017 ,
2122 1953 2225 2004 vita
2248 1992 2262 2017 ,

681 2060 735 2105 et
761 2051 874 2104 h.ec
905 2051 1058 2104 simul
1090 2049 1219 2103 fiunt
1241 2050 1439 2103 omnia.
1497 2046 1552 2101 In
1582 2061 1719 2116 aqua
1749 2046 1889 2099 enim
1918 2053 2184 2112 tamquam
2213 2043 2262 2095 in

680 2142 924 2209 sepulcro
951 2151 1108 2207 caput
1132 2137 1569 2208 immergentihus
1599 2137 1773 2199 nobis,
1815 2145 1966 2189 vetus
1996 2135 2156 2188 homo
2179 2147 2265 2187 se-

683 2231 873 2299 pelitur
896 2245 958 2284 ac
985 2229 1307 2299 demergitur
1353 2237 1492 2283 totus
1527 2246 1538 2282 :
1569 2227 1764 2283 deinde
1795 2225 1947 2280 nobis
1980 2240 2262 2295 emergen-

683 2321 840 2384 tibus,
873 2336 1040 2374 novus
1066 2320 1319 2389 exsurgit.
1352 2319 1418 2376 Ut
1446 2319 1589 2374 enim
1644 2317 1797 2371 nobis
1843 2315 1996 2370 facile
2040 2323 2121 2368 cst
2164 2314 2265 2366 im-

683 2414 846 2482 niergi
874 2421 928 2466 et
955 2423 1135 2481 postea
1163 2426 1436 2482 emergere
1466 2429 1477 2464 :
1507 2412 1584 2465 sic
1608 2411 1718 2464 Deo
1750 2409 1903 2463 facile
1924 2419 2004 2462 est
2034 2415 2264 2461 veterem

683 2503 908 2572 sepelire
937 2503 1227 2569 hominem,
1257 2513 1311 2558 et
1341 2519 1536 2557 novum
1595 2501 1869 2556 inducere.
1923 2501 2028 2555 Ter
2057 2500 2158 2554 hoc
2188 2499 2264 2564 fit,

685 2603 741 2647 ut
781 2594 953 2648 discas
997 2594 1243 2648 virtutem
1299 2594 1467 2649 Patris
1497 2603 1550 2648 et
1582 2593 1708 2648 Filii
1736 2600 1790 2646 et
1817 2591 2047 2660 Spiritus
2099 2592 2266 2644 sancti

688 2686 802 2740 htec
840 2687 1016 2740 omnia
1049 2687 1288 2755 implere.
1339 2685 1491 2753 Quod
1533 2695 1709 2740 autem
1743 2685 1856 2739 tunc
1884 2699 1988 2739 non
2018 2700 2112 2755 per
2137 2699 2266 2738 eon-

682 2777 941 2846 jecturam
969 2778 1104 2832 dicta
1137 2781 1280 2842 sint,
1314 2780 1434 2832 audi
1479 2779 1698 2833 Paulum
1731 2797 1744 2832 :
1775 2777 2067 2847 Conseputti
2096 2793 2268 2830 sumas

685 2884 800 2921 cum
829 2869 916 2922 illo
946 2886 1033 2939 per
1056 2871 1354 2937 baptismum
1381 2871 1432 2924 in
1463 2881 1668 2924 mortem
1695 2869 1925 2941 (Coloss.
1949 2868 2002 2923 2.
2036 2868 2135 2939 i9)
2159 2886 2172 2930 ;
2205 2885 2268 2924 ac

688 2978 919 3029 rursum,
958 2964 1108 3019 Vetus
1136 2967 1283 3019 homo
1310 2977 1476 3019 noster
1507 2967 1657 3019 simul
1687 2965 1960 3032 cruciﬁxus
1981 2975 2051 3017 est
2081 2965 2265 3031 (Rom.

693 3056 745 3108 6.
775 3055 807 3107 6
827 3054 876 3123 );
903 3065 955 3109 et
983 3056 1172 3110 iterum
1195 3098 1207 3119 ,
1241 3055 1579 3124 Complantati
1606 3056 1728 3123 facti
1753 3072 1923 3109 sumus
1951 3057 2270 3110 similitudini

689 3146 861 3198 mortis
881 3146 987 3215 ejus
1008 3144 1219 3209 (lbid.v.
1239 3145 1315 3217 5).
1339 3146 1450 3200 Non
1479 3147 1635 3201 modo
1656 3147 1830 3201 autem
1854 3147 2112 3218 baptisma
2139 3163 2269 3203 crux

689 3235 900 3301 dicitur,
932 3235 1023 3290 sed
1053 3252 1180 3290 crux
1209 3253 1420 3307 quoque
1449 3238 1726 3307 baptisma.
1759 3236 2022 3306 Baptismo
2051 3255 2148 3308 quo
2177 3256 2268 3310 ego

689 3326 934 3392 buptizor,
957 3341 1040 3380 vos
1061 3325 1434 3391 baptizubimini
1454 3332 1469 3389 (
1480 3327 1639 3381 Marc.
1668 3327 1755 3383 10.
1778 3327 1882 3398 39)
1907 3344 1920 3392 ;
1950 3343 2012 3382 ac
2035 3343 2265 3397 rursum,

691 3411 952 3483 Buptismo
982 3417 1137 3470 habeo
1163 3417 1428 3486 baptizari,
1476 3435 1618 3488 quem
1646 3436 1729 3473 vos
1755 3421 1954 3472 nescitis
1977 3420 1995 3488 (
2019 3419 2142 3473 Luc.
2179 3421 2263 3474 12.

690 3505 821 3574 50).
866 3507 1322 3572 Quemadmodum
1354 3512 1495 3565 enim
1529 3526 1625 3566 nos
1668 3511 1818 3566 facile
1860 3513 2189 3582 baptizamur
2215 3523 2269 3570 et

688 3599 1026 3666 emergimus,
1047 3599 1123 3653 sic
1147 3609 1199 3653 et
1223 3601 1309 3655 ille
1336 3611 1571 3656 mortuus
1593 3617 1712 3656 cum
1738 3604 1922 3668 voluit,
1943 3603 2265 3669 resurreiit;

690 3688 797 3740 imo
839 3689 995 3757 longe
1024 3689 1248 3755 facilius,
1282 3695 1488 3746 etiamsi
1539 3695 1710 3749 triduo
1739 3710 1832 3764 per
1864 3702 2174 3766 mysterium
2216 3707 2272 3754 et

690 3793 1042 3834 (PCOllOﬂllalll
1073 3793 1346 3837 tnattsertt.

760 3871 812 3924 3.
855 3868 1146 3938 Baptizatos
1176 3882 1230 3924 ut
1259 3873 1408 3944 digne
1436 3873 1685 3938 baptismo
1710 3886 1882 3945 agant,
1927 3879 2148 3932 nondum
2189 3882 2269 3934 ba-

696 3961 908 4028 ptizatos
954 3974 1007 4014 ut
1039 3980 1184 4031 quant
1226 3966 1441 4033 primunt
1474 3965 1789 4035 baptizentur
1831 3968 2079 4024 hortatur.
2124 3970 2270 4026 Cute-

689 4052 920 4105 eltumeni
962 4053 1191 4118 ﬁdrltbus
1229 4057 1452 4109 extranei
1480 4067 1614 4110 sunt.
1645 4055 1959 4126 Baptismum
2008 4078 2165 4131 usque
2201 4065 2269 4116 ad

693 4153 897 4195 mortem
939 4143 1224 4218 cli/ferentes
1269 4148 1659 4216 redarguuntur.
1697 4148 2089 4202 Commendatur
2135 4153 2266 4206 else-

691 4249 918 4302 mosgna.
960 4263 1028 4272 ——
1068 4234 1286 4289 Talibus
1338 4252 1468 4305 ergo
1506 4237 1706 4305 dignati
1755 4240 2054 4307 mysteriis,
2106 4242 2268 4295 vitam

693 4337 839 4379 tanto
861 4328 1000 4380 dono
1026 4328 1237 4397 dignam
1262 4330 1629 4396 exltibeamus,
1655 4332 1913 4400 optimum
1949 4333 2266 4388 institutum.

691 4416 787 4482 Qui
819 4432 945 4471 vero
973 4420 1207 4472 nondum
1238 4420 1320 4472 his
1354 4421 1551 4490 dignati
1595 4423 1742 4483 estis,
1789 4423 1966 4476 omnia
2014 4422 2173 4478 facite
2215 4433 2270 4478 ut

694 4510 754 4560 iis
782 4505 1094 4576 dignemini,
1141 4520 1194 4563 ut
1227 4526 1386 4563 unum
1412 4525 1608 4579 corpus
1639 4511 1955 4574 efficiamur,
2007 4523 2064 4567 ut
2101 4515 2270 4570 simus

690 4597 905 4652 fratres.
957 4600 1218 4665 Quamdiu
1273 4605 1412 4654 enim
1458 4605 1534 4655 sic.
1586 4618 1930 4670 separamur,
1973 4605 2071 4658 etsi
2117 4615 2269 4676 pater

688 4688 808 4755 quis
855 4687 1030 4754 fuerit,
1073 4691 1171 4743 etsi
1224 4690 1384 4756 filius,
1441 4693 1539 4745 etsi
1588 4692 1788 4756 frater,
1833 4696 2006 4762 quivis
2054 4696 2267 4750 tandem

690 4783 868 4842 fuerit,
911 4781 1145 4836 nondum
1193 4799 1321 4838 vere
1360 4795 1616 4854 cognatus
1658 4796 1759 4849 est,
1814 4801 1934 4840 cum
1974 4803 2000 4839 a
2034 4803 2268 4856 superna

686 4872 1006 4940 cognatione
1033 4873 1101 4927 sit
1129 4873 1447 4928 abstractus.
1478 4875 1606 4942 Quae
1637 4877 1780 4930 enim
1811 4877 2012 4930 utilitas
2044 4893 2109 4932 ex
2141 4879 2268 4934 lutei

688 4965 895 5032 generis
934 4964 1331 5033 conjunctione,
1374 4980 1494 5019 cum
1533 4967 1878 5036 spiritualiter
1928 4983 2035 5022 non
2083 4983 2270 5025 sumus

689 5056 997 5122 conjuncti?
1034 5056 1171 5127 quod
1216 5057 1420 5111 lucrmn
1470 5068 1693 5112 terrene
1739 5058 2035 5123 affinitatis,
2062 5075 2181 5114 cum
2215 5062 2268 5115 in

689 5145 834 5198 melis
881 5160 1063 5200 sumus
1108 5149 1381 5203 extranei?
1445 5149 1744 5204 Extraneus
1787 5151 1981 5218 quippe
2012 5159 2095 5204 est.
2125 5159 2269 5206 cate-

689 5237 986 5290 chumenus
1032 5239 1189 5292 fideli.
1221 5239 1400 5309 Neque
1430 5242 1571 5294 enim
1609 5241 1746 5295 idem
1777 5242 1948 5309 ipsum
1981 5253 2142 5309 caput
2170 5242 2266 5296 ha-

695 5326 803 5389 bet,
846 5342 950 5380 non
997 5328 1243 5382 eumdem
1285 5338 1510 5396 patrem,
1543 5347 1645 5386 neu
1684 5332 1925 5386 eamdem
1973 5333 2262 5399 civitatem,

695 5433 798 5470 non
826 5432 1026 5479 escam,
1062 5433 1166 5472 non
1198 5417 1580 5486 indumentum,
1623 5438 1726 5476 non
1753 5439 2011 5484 mensam,
2031 5423 2122 5476 sed
2152 5439 2266 5477 om-

693 5511 776 5562 nia
809 5517 1102 5579 segregata.
1158 5508 1369 5564 Etenim
1399 5509 1520 5566 huic
1550 5515 1726 5567 omnia
1757 5516 1805 5567 in
1841 5527 1998 5578 terra,
2052 5515 2128 5568 illi
2155 5530 2266 5568 om-

693 5604 776 5655 nia
805 5602 857 5655 in
884 5603 1017 5656 caalo
1043 5619 1056 5657 :
1086 5601 1208 5658 huic
1241 5601 1487 5657 Christus
1516 5621 1606 5660 rex
1639 5615 1737 5670 est,
1787 5607 1859 5660 illi
1909 5615 2183 5676 peccaturo
2215 5617 2267 5661 et

699 5696 941 5752 diabolus
972 5713 983 5749 :
1009 5695 1136 5752 huic
1182 5697 1431 5752 Christus
1456 5696 1680 5763 deliciw,
1731 5699 1802 5754 illi
1843 5699 2136 5769 corruptio.
2187 5698 2266 5754 ln-

3858 280 3958 335 152

2367 391 2676 446 dnmentutn
2715 405 2926 460 quoque
2959 387 3031 442 illi
3068 390 3326 444 vermium
3358 403 3519 459 opera
3544 431 3558 452 ,
3589 387 3714 444 huic
3738 391 3948 458 angelw

2368 498 2483 536 rum
2516 483 2770 538 Dominus
2804 499 2817 536 :
2850 482 3042 536 civitas
3069 481 3192 535 huic
3219 481 3434 548 czelum,
3487 481 3564 536 illi
3612 493 3774 536 terra.
3827 481 3951 536 Cutn

2366 591 2495 646 ergo
2526 576 2654 630 nihil
2681 589 2970 629 commune
2997 573 3309 636 habeamus,
3339 573 3391 626 in
3423 589 3547 643 quo,
3578 589 3786 642 qumso,
3821 587 3959 628 com-

2367 666 2795 723 municabimus?
2849 665 2953 720 Sed
3005 664 3195 720 eodem
3250 673 3530 733 partu,_ex
3571 665 3757 720 eadem
3803 665 3958 717 vulva

2367 760 2677 832 prodimus?
2723 759 2919 821 Verum
2965 772 3142 829 neque
3178 757 3280 812 hoc
3325 756 3523 811 sufficit
3564 759 3629 810 ad
3671 759 3958 827 genuinam

2368 855 2763 925 cognationem.
2797 851 3120 907 Studeamus
3147 832 3346 920 igitur:
3364 859 3422 904 ut
3451 864 3698 920 superum
3728 850 3960 905 civitatis

2367 947 2511 1001 cives
2555 948 2742 1001 simus.
2789 943 3078 1011 Quousque
3129 942 3181 995 in
3238 941 3428 994 exsilio
3482 955 3780 1003 manemus,
3837 955 3960 994 eum

2367 1045 2640 1108 oporteret
2669 1046 2900 1090 veterem
2933 1043 3175 1103 repetere
3197 1032 3422 1102 patriam
3448 1031 3472 1084 ?
3509 1029 3692 1100 Neque
3722 1032 3863 1086 enim
3893 1031 3966 1086 de

2369 1146 2427 1185 re
2459 1132 2655 1185 nullius
2693 1129 2844 1200 pretii
2877 1127 3168 1198 perieulum
3199 1135 3302 1182 est.
3337 1125 3443 1181 Sed
3469 1126 3513 1180 si
3545 1126 3772 1190 accidat,
3817 1125 3962 1192 quod

2372 1224 2512 1278 Dens
2556 1232 2782 1288 avertat,
2825 1222 3186 1292 inexspectata
3230 1231 3404 1274 morte
3435 1233 3541 1274 non
3573 1219 3809 1275 initiatos
3842 1219 3966 1274 hinc

2369 1313 2563 1384 abripi,
2607 1316 2765 1369 etiam
2813 1314 2856 1368 si
2901 1313 3044 1368 mille
3093 1311 3247 1366 bonis
3297 1312 3540 1367 instructi
3577 1311 3764 1373 simus,
3829 1309 3964 1365 nihil

2371 1407 2513 1460 aliud
2543 1421 2640 1462 nos
2673 1405 2927 1475 excipiet,
2958 1419 3118 1474 quam
3145 1401 3388 1474 gehenna
3417 1411 3473 1458 et
3499 1402 3696 1458 vermis
3733 1415 3963 1457 venena-

2374 1506 2480 1561 tus,
2514 1498 2646 1568 ignis
2679 1494 3146 1564 inexstinguibilis,
3180 1493 3389 1547 vincula
3419 1489 3965 1546 insoluiiilia.Verum

2371 1591 2509 1644 absit
2536 1599 2590 1643 ut
2620 1588 2882 1659 quispiam
2910 1587 3211 1640 auditorum
3254 1585 3574 1655 supplicium
3624 1583 3752 1639 illud
3798 1599 3968 1654 expe-

2371 1683 2560 1738 riatur.
2591 1681 2742 1750 Quod
2792 1680 3094 1741 vitabimus,
3145 1679 3186 1734 si
3219 1678 3388 1733 sacris
3429 1679 3701 1749 mysteriis
3727 1677 3966 1744 dignati,

2371 1789 2590 1840 aurum,
2635 1784 2914 1842 argentum
2956 1784 3010 1827 et
3055 1771 3256 1840 lapides
3303 1771 3570 1840 pretiosos
3625 1785 3722 1839 pro
3772 1769 3966 1823 funda-

2373 1874 2554 1920 mento
2594 1880 2873 1935 ponamus.
2925 1863 3013 1918 Sic
3053 1864 3194 1917 enim
3227 1862 3521 1932 poterimus
3550 1862 3640 1915 illo
3665 1863 3931 1916 abeuntes
3953 1901 3966 1919 .

2374 1957 2566 2011 divites
2597 1971 2878 2026 apparere,
2923 1953 3138 2024 quando
3182 1968 3286 2007 non
3338 1952 3424 2007 hic
3450 1953 3704 2023 pecunias
3736 1953 3972 2022 relique—

2375 2051 2562 2113 rimus,
2614 2048 2706 2103 sed
2752 2047 2816 2102 ad
2858 2057 2999 2102 tutos
3045 2046 3163 2101 illos
3206 2045 3485 2100 thesauros
3517 2046 3973 2100 transmiserimus

2377 2159 2470 2210 per
2495 2157 2684 2198 manus
2717 2156 3007 2210 pauperum
3035 2155 3050 2204 ;
3100 2139 3314 2209 quando
3342 2137 3560 2193 Christo
3587 2147 3830 2191 mututtm
3877 2137 3974 2192 de-

2373 2235 2632 2291 derimus.
2692 2233 2851 2288 Multa
2895 2233 3156 2287 debemus
3198 2231 3330 2297 illic,
3383 2245 3486 2284 non
3537 2233 3821 2301 pecunias,
3874 2230 3972 2308 scd

2375 2336 2613 2395 peccata.
2647 2327 2828 2380 Mutuo
2855 2326 3015 2395 igitur
3043 2324 3117 2377 illi
3153 2323 3406 2392 pecunias
3433 2322 3646 2386 demus,
3698 2331 3756 2376 ut
3801 2322 3974 2390 impe-

2378 2429 2578 2471 trrmus
2603 2417 2974 2471 remissionem
3009 2425 3368 2485 peccatorum.
3417 2415 3534 2484 Ipse
3581 2415 3723 2468 enim
3753 2423 3840 2470 est
3881 2416 3974 2484 qni

2373 2509 2597 2578 judicat.
2639 2511 2714 2564 Ne
2742 2509 3098 2579 deSpiciamus
3127 2508 3274 2564 illum
3302 2507 3388 2560 hic
3417 2507 3766 2573 esurientem,
3815 2516 3875 2561 ut
3921 2517 3976 2563 et

2378 2603 2491 2671 ipse
2531 2615 2630 2655 nos
2675 2600 2744 2654 ibi
2787 2599 3006 2654 nutriat.
3052 2597 3149 2652 ilic
3195 2596 3477 2651 induamus
3517 2597 3713 2666 ipsum,
3762 2605 3820 2650 ut
3866 2612 3975 2653 non

2379 2691 2640 2759 relinquat
2668 2703 2765 2743 nos
2792 2687 2965 2743 nudos
2996 2686 3295 2758 patrocinio
3326 2701 3444 2742 suo.
3490 2685 3546 2742 Si
3571 2685 3659 2741 hic
3689 2685 3762 2740 illi
3787 2696 3976 2756 potum

2375 2781 2703 2848 dederimus,
2734 2795 2839 2834 non
2871 2781 3111 2836 dicemus
3132 2794 3254 2834 cum
3282 2778 3446 2834 divite
3480 2799 3493 2833 :
3524 2776 3673 2832 Mitte
3689 2777 3975 2846 Lazarum,

2375 2884 2430 2926 ut
2468 2874 2686 2943 intingat
2716 2881 2991 2927 extremum
3028 2871 3176 2941 digiti
3213 2871 3292 2924 sui
3334 2870 3386 2923 in
3417 2886 3568 2939 aqua,
3619 2879 3673 2923 ut
3712 2871 3980 2940 refrigere.

2378 2965 2606 3036 linguam
2633 2973 2857 3016 nostram
2904 2964 3142 3015 adustam
3191 2961 3340 3032 (Luc.
3377 2960 3463 3015 16.
3492 2959 3606 3028 24).
3655 2959 3710 3015 Si
3739 2958 3827 3013 Itic
3852 2977 3978 3014 cum

2377 3057 2523 3112 domi
2566 3056 2911 3125 accipiamus,
2960 3055 3068 3109 illic
3094 3053 3289 3108 multas
3313 3053 3468 3107 nobis
3500 3053 3708 3122 parabit
3737 3054 3978 3109 mansio-

2380 3163 2493 3202 nes.
2539 3145 2594 3201 Si
2644 3145 2935 3200 invisamus
2969 3159 3090 3199 eum
3137 3145 3188 3196 in
3237 3157 3456 3197 carcere
3505 3141 3803 3206 detentum,
3863 3143 3982 3212 ipse

2377 3255 2586 3310 quoque
2618 3253 2716 3293 nos
2760 3253 2789 3291 a
2821 3238 3047 3293 vinculis
3088 3235 3357 3290 liberabit.
3412 3235 3466 3290 Si
3505 3235 3653 3288 illum
3707 3234 3980 3306 hospitem

2376 3329 2769 3399 exceperimus,
2795 3344 2899 3382 non
2926 3327 3185 3397 desiiiciet
3217 3342 3333 3389 nos,
3362 3327 3450 3397 qui
3482 3327 3746 3395 peregrini
3789 3337 3849 3381 et
3880 3329 3981 3382 ho.

2378 3422 2543 3491 spites
2569 3435 2755 3475 sumus
2786 3422 2837 3474 in
2882 3435 3052 3489 regno
3085 3419 3362 3483 calorum,
3390 3417 3482 3472 sed
3510 3433 3756 3487 superruo
3781 3420 3982 3474 civita-

2381 3515 2446 3566 tis
2476 3522 2756 3566 eonsortes
2783 3511 2990 3565 reddet.
3052 3510 3105 3565 Si
3137 3510 3409 3564 infirmum
3463 3509 3612 3563 illum
3657 3511 3982 3575 invisamus,

2379 3604 2486 3657 cito
2528 3617 2626 3657 nos
2665 3602 2753 3656 ille
2784 3601 3032 3655 liberabit
3079 3600 3146 3653 ab
3195 3599 3600 3653 infirmitatibus
3641 3601 3866 3653 nostris.
3916 3601 3983 3656 L't

2379 3709 2504 3762 ergo
2547 3693 2636 3760 qui
2679 3707 2868 3760 magna
2904 3705 2998 3759 pro
3046 3691 3222 3763 parvis
3261 3689 3415 3747 donis
3463 3691 3813 3763 accipiamus,
3868 3694 3982 3751 sal—

2381 3793 2484 3839 tem
2518 3783 2603 3838 illa
2635 3782 2822 3854 exigua
2851 3781 3058 3846 demus,
3105 3792 3165 3836 ut
3202 3784 3431 3837 maxima
3464 3800 3791 3838 mercemur.
3845 3786 3982 3841 Dum

2377 3877 2549 3931 adhuc
2595 3887 2801 3944 tempus
2844 3884 2945 3939 est,
2991 3875 3355 3939 seminemus,
3412 3884 3468 3929 ut
3509 3885 3795 3931 metamus.
3843 3877 3982 3933 Cum

2377 3969 2519 4023 enim
2551 3967 2723 4023 hiems
2749 3967 3049 4030 advenerit,
3083 3983 3204 4021 eum
3240 3983 3386 4022 mare
3436 3982 3540 4022 non
3575 3969 3710 4022 ultra
3758 3974 3984 4043 naviga-

2379 4061 2485 4115 bile
2533 4061 2653 4123 erit,
2713 4070 2840 4114 tunc
2888 4076 2994 4114 non
3044 4075 3207 4129 penes
3252 4074 3350 4114 nos
3380 4061 3482 4114 erit
3533 4062 3816 4130 negotiari.
3871 4063 3981 4119 Sed

2379 4152 2592 4220 quando
2629 4151 2732 4205 erit
2779 4150 2992 4203 hiems?
3042 4151 3174 4204 Cum
3217 4151 3498 4205 advenerit
3544 4151 3661 4206 dies
3711 4153 3800 4208 ille
3860 4171 3982 4209 ma-

2380 4258 2514 4311 gnus
2561 4251 2616 4296 et
2663 4241 3004 4308 conspicuus.
3055 4240 3209 4294 Tunc
3230 4241 3373 4294 enim
3407 4256 3512 4296 non
3543 4241 3644 4296 hoc
3680 4259 3829 4299 mare
3862 4260 3981 4300 ma-

2379 4351 2543 4405 gnum
2612 4343 2666 4388 et
2734 4335 3027 4404 spatiosum
3090 4334 3512 4402 navigabimus:
3557 4335 3688 4390 mari
3744 4352 3984 4408 namque

2379 4441 2616 4496 pnesens
2644 4425 2746 4479 vita
2773 4425 2964 4479 similis
3005 4434 3105 4479 est.
3163 4424 3314 4479 Nunc
3351 4425 3563 4480 serendi
3612 4436 3828 4497 tempus
3874 4441 3981 4497 est,

2379 4530 2503 4573 tunc
2535 4517 2768 4574 metendi
2820 4527 2874 4572 et
2905 4517 3168 4572 lucrandi.
3200 4517 3254 4573 Si
3284 4519 3403 4588 quis
3433 4522 3691 4576 sementis
3723 4531 3978 4593 tempore

2378 4612 2582 4664 Semina
2615 4625 2720 4663 non
2765 4610 2976 4678 jecerit,
3019 4609 3063 4663 si
3106 4617 3350 4678 tempore
3397 4612 3588 4666 messis
3627 4624 3777 4668 serat
3816 4615 3977 4671 inuti.

2380 4702 2522 4765 liter,
2566 4717 2694 4754 sane
2722 4699 2978 4755 ridicalus
3020 4701 3143 4754 erit.
3178 4699 3235 4756 Si
3267 4700 3480 4756 serendi
3511 4704 3580 4756 sit
3608 4714 3842 4773 tempus,
3873 4723 3982 4760 non

2375 4796 2483 4864 jam
2529 4794 2907 4864 colligendum,
2959 4793 3054 4849 sed
3103 4793 3390 4849 serendum
3439 4803 3543 4850 est.
3585 4777 3984 4866 'Dispergamus

2379 4889 2538 4958 igitur
2584 4897 2641 4940 ut
2670 4886 3019 4956 colligamus;
3067 4900 3134 4940 ne
3171 4885 3284 4955 jam
3323 4885 3578 4956 colligere
3623 4897 3983 4958 satagamus,

2378 4997 2444 5034 ne
2471 4995 2702 5036 messem
2750 4979 3056 5049 perdamus.
3100 4978 3233 5034 Nam
3266 4980 3369 5034 hoc
3409 4988 3658 5049 tempus,
3713 4989 3772 5035 ιιι
3819 4982 3980 5050 dixi,

2378 5072 2444 5126 ad
2472 5071 2763 5126 serendum
2792 5081 3004 5134 evocat,
3051 5078 3109 5126 et
3150 5070 3215 5125 ad
3243 5071 3596 5141 erogandum,
3626 5087 3732 5129 non
3763 5074 3832 5128 ad
3863 5077 3982 5131 col-

2385 5163 2655 5232 ligendum
2687 5173 2740 5218 et
2765 5161 3187 5218 recondendum.
3216 5161 3292 5217 Ne
3314 5163 3493 5233 itaque
3514 5167 3982 5234 opportunitatem

2383 5255 2721 5318 amittamus,
2760 5253 2854 5309 sed
2909 5253 3139 5308 ubertim
3187 5269 3370 5309 semen
3414 5256 3699 5324 jaciamus,
3748 5272 3857 5312 nec
3905 5260 3982 5315 rei

2380 5344 2628 5398 familiari
2673 5345 2780 5398 ullo
2822 5344 2980 5399 modo
3029 5359 3333 5415 parcamus,
3385 5353 3441 5398 tit
3479 5361 3596 5399 eam
3625 5361 3747 5400 cum
3777 5362 3984 5421 magno

2376 5437 2698 5504 recipiamus
2727 5436 2952 5497 foenore.
2986 5437 3153 5506 gratia
3186 5446 3240 5491 et
3273 5436 3604 5505 benignitate
3635 5437 3856 5496 Domini
3894 5457 3982 5497 no

2377 5528 2472 5582 stri
2512 5527 2638 5583 Jesu
2665 5526 2886 5592 Christi,
2916 5529 3128 5598 quicum
3152 5527 3294 5582 Patri
3322 5527 3512 5598 gloria,
3541 5545 3755 5600 unaque
3785 5529 3968 5603 Spiri~

2377 5619 2447 5673 tui
2476 5629 2679 5683 sancto,
2712 5619 2762 5673 in
2795 5619 2986 5673 secula
3020 5618 3362 5674 szeculorum.
3394 5621 3585 5676 Amen.
