4162 6326
231 381 324 441 Ιδδ

1270 378 1334 433 ΙΝ
1372 374 1685 434 ΙΟΑΝΝΕΜ
1731 370 1961 430 ιιολιη..
2008 373 2199 428 XXVI.
2246 374 2320 431 al.
2360 366 2532 429 XXV.

3446 366 3547 425 ll“

242 506 3547 536 ——___._____________——-—————————-—————_—__———————-

1587 590 1936 653 HOMILIA
1976 590 2216 651 XXVI.

226 750 277 804 6.
319 744 464 810 Quod
495 756 679 799 natum
708 755 779 798 est
812 762 875 799 ex
914 761 1093 808 carne,
1125 759 1244 798 caro
1272 753 1376 804 est;
1402 751 1447 795 et
1491 738 1628 807 quod
1656 745 1832 791 natum

623 848 697 891 est
737 853 799 892 at
841 836 1061 907 Spiritu,
1092 832 1413 903 spiritus'est.

303 954 359 1029 I.
398 973 604 1045 Magnis
654 989 754 1029 nos
796 954 1069 1045 mysteriis
1099 972 1349 1043 dignatus
1395 978 1480 1027 est
1526 968 1832 1040 unigenitus

228 1064 398 1121 Filius
442 1067 575 1131 Dei;
622 1065 869 1137 magnis,
916 1077 969 1122 et
1016 1066 1214 1137 quibus
1240 1065 1384 1136 digni
1423 1079 1530 1118 non
1578 1078 1817 1128 eramus,

230 1155 325 1211 sed
358 1171 477 1226 quae
506 1155 736 1211 decebat
776 1157 923 1211 illum
971 1157 1121 1213 dare.
1156 1156 1288 1211 Nam
1340 1156 1384 1210 si
1418 1155 1608 1210 merita
1648 1164 1830 1209 nostra

228 1249 350 1318 quis
381 1257 613 1316 reputet,
662 1263 767 1303 non
798 1248 971 1303 solum
1016 1248 1160 1303 dono
1202 1263 1419 1303 eramus
1464 1246 1690 1318 indigni,
1736 1244 1829 1300 sed

226 1341 497 1411 supplicio
535 1353 591 1395 et
633 1341 819 1399 ultioni
864 1342 1102 1398 obnoxii.
1147 1342 1252 1398 Sed
1298 1341 1349 1397 id
1400 1357 1506 1396 non
1539 1341 1832 1410 respiciens

226 1433 319 1489 ille
344 1475 360 1496 ,
391 1449 503 1489 non
550 1435 715 1491 modo
741 1451 838 1491 nos
863 1452 892 1490 a
924 1435 1189 1506 supplicio
1220 1436 1484 1503 liberavit,
1528 1434 1624 1491 sed
1667 1436 1829 1489 vitam

224 1526 456 1597 largitus
472 1537 554 1582 est
582 1528 744 1597 priori
769 1529 926 1598 longe
952 1529 1257 1594 clariorem;
1284 1529 1335 1583 in
1366 1527 1529 1583 alium
1560 1542 1658 1582 nos
1676 1543 1833 1581 mun-

221 1617 353 1671 dum
382 1618 611 1684 induxit,
644 1619 799 1674 aliam
830 1620 1067 1675 condidit
1096 1630 1399 1675 creaturam
1427 1637 1439 1674 :
1473 1619 1535 1675 Si
1563 1636 1664 1689 qua
1696 1621 1831 1675 enim

223 1711 275 1763 in
304 1708 514 1765 Christo
556 1726 685 1764 naua
723 1722 957 1765 creatura
988 1710 1062 1784 (2.
1097 1715 1213 1765 Cor.
1247 1713 1301 1767 5.
1326 1712 1447 1782 i7),
1484 1711 1672 1781 inquit.
1700 1711 1833 1779 Qum

224 1816 367 1857 nova
394 1800 681 1857 creatura?
724 1801 861 1857 Audi
890 1804 1065 1871 ipsum
1094 1821 1106 1855 ε
1137 1801 1258 1857 Nisi
1278 1805 1389 1873 quis
1418 1812 1569 1857 natus
1588 1805 1741 1874 fuerit
1770 1819 1834 1858 ea:

220 1912 358 1961 aqua
381 1904 430 1950 et
460 1893 685 1967 Spiritu,
719 1910 819 1948 non
845 1896 1025 1965 poterit
1055 1895 1245 1949 intrare
1265 1896 1317 1947 in
1344 1911 1557 1966 regnum
1589 1894 1707 1950 Dei.
1734 1895 1833 1950 Pa-

222 1987 440 2042 radisus
472 1986 631 2042 nobis
649 1985 995 2043 concreditus
1025 1987 1120 2043 fuit
1153 1990 1169 2020 ³
1196 2031 1211 2055 ,
1247 2004 1422 2059 neque
1455 1988 1601 2058 digni
1634 1986 1832 2043 fuimus

221 2080 312 2149 qui
337 2078 454 2134 illic
483 2093 847 2146 versaremur,
875 2091 927 2135 et
957 2081 1010 2135 in
1041 2081 1230 2136 ca-lum
1249 2097 1347 2137 nos
1367 2083 1585 2137 extulit.
1611 2081 1669 2137 lu
1688 2082 1833 2153 prio-

223 2172 374 2227 ribus
397 2172 587 2227 fideles
603 2187 709 2228 non
733 2173 1026 2240 fueramus,
1049 2183 1104 2229 et
1131 2174 1334 2246 majora
1364 2186 1542 2232 tamen
1568 2178 1784 2233 tradidit
1813 2194 1827 2230 :

223 2277 328 2318 non
365 2262 643 2333 potuimus
682 2264 751 2320 ab
786 2280 894 2319 uno
922 2266 1195 2322 abstinere
1232 2267 1380 2337 ligno
1403 2308 1418 2334 ,
1466 2275 1523 2322 et
1570 2283 1833 2338 supernas

224 2355 458 2425 praebuit
490 2354 759 2414 delicias:
794 2357 846 2412 in
889 2358 1138 2428 paradiso
1181 2374 1287 2414 non
1331 2359 1828 2429 perscveravimus,

223 2456 277 2502 et
307 2447 479 2503 czelos
510 2447 667 2502 nobis
686 2449 915 2518 aperuit.
937 2447 1067 2504 Jure
1098 2449 1234 2504 dixit
1257 2450 1455 2506 Paulus
1488 2469 1501 2504 :
1537 2449 1583 2506 0
1611 2451 1831 2505 altitudo

222 2544 524 2598 diuitiarum
553 2543 822 2614 sapientiw
860 2553 906 2598 et
943 2545 1168 2599 scientia
1200 2544 1294 2600 Dei
1340 2547 1529 2618 (Rom.
1560 2548 1647 2603 Η.
1677 2547 1787 2617 55)
1814 2549 1828 2604 !

222 2633 338 2690 Non
375 2634 517 2690 ultra
558 2644 751 2699 mater,
784 2650 891 2690 non
935 2636 1071 2691 ultra
1103 2646 1326 2706 partus,
1357 2652 1463 2692 non
1486 2638 1696 2704 somni,
1724 2654 1831 2694 non

222 2727 547 2784 Concubitus
572 2739 626 2784 et
654 2729 934 2799 amplexus
967 2746 980 2783 :
1015 2745 1229 2785 sursum
1258 2730 1473 2785 tandem
1500 2742 1706 2786 natura:
1728 2747 1828 2791 no:

222 2828 350 2875 stre:
384 2821 589 2875 texitur
614 2820 888 2890 Opiﬁcium
915 2837 978 2875 ex
998 2820 1200 2892 Spiritu
1222 2832 1276 2877 et
1296 2837 1453 2890 aqua.
1480 2824 1632 2892 Aqua
1649 2832 1829 2878 autem

221 2922 505 2983 assumpta
535 2920 622 2967 cst
644 2952 660 2977 ,
694 2922 877 2982 partus
900 2914 1083 2984 genito
1112 2912 1272 2969 facta.
1302 2914 1454 2981 Quod
1496 2922 1582 2968 est
1631 2918 1828 2970 matrix

220 3002 533 3075 embryoni,
568 3003 669 3058 hoc
700 3014 785 3059 est
812 3020 947 3076 aqua
972 3004 1114 3059 lidcli
1142 3022 1155 3059 :
1184 3005 1237 3058 in
1269 3020 1404 3075 aqua
1437 3005 1581 3061 enim
1616 3004 1832 3076 fingitur

218 3108 271 3153 et
298 3096 590 3150 formatur.
619 3095 856 3152 Primum
892 3095 1208 3152 dicebatur:
1241 3095 1534 3152 Producant
1571 3114 1720 3170 aqute
1746 3114 1828 3153 re-

217 3189 340 3261 ptile
363 3188 558 3243 anima
582 3189 789 3243 uiuentis
813 3187 967 3259 (Gen.
988 3190 1041 3243 i.
1059 3188 1152 3258 20)
1178 3206 1191 3255 ;
1221 3205 1285 3244 ex
1309 3206 1414 3261 quo
1436 3202 1616 3246 autem
1641 3191 1831 3247 Jorda-

220 3283 300 3339 uis
323 3283 529 3339 fluenta
557 3282 832 3353 ingressus
857 3291 940 3339 est
966 3284 1245 3350 Dominus,
1284 3301 1389 3339 non
1444 3286 1677 3356 amplius
1733 3302 1823 3341 rc-

220 3380 369 3450 ptilia
422 3380 727 3434 animarum
785 3379 1096 3447 viventium,
1131 3378 1226 3435 sed
1280 3381 1487 3435 animas
1537 3381 1830 3436 rationales

220 3471 487 3543 Spiritum
516 3482 765 3527 sanctum
810 3472 1044 3527 ferentes
1089 3487 1225 3543 aqua
1271 3474 1536 3543 producit.
1580 3474 1657 3528 Ac
1687 3473 1827 3543 quod

219 3566 286 3623 de
310 3566 431 3621 sole
471 3565 676 3621 dictum
705 3575 827 3632 est,
860 3564 1139 3636 Tamquam
1182 3584 1399 3637 sponsus
1447 3567 1725 3636 procedens
1766 3567 1830 3622 de

223 3658 450 3712 thalamo
487 3674 581 3711 suo
616 3654 790 3731 (Psal.
823 3658 909 3713 18.
941 3655 1035 3727 6);
1073 3659 1122 3712 id
1159 3657 1227 3712 de
1269 3657 1517 3713 ﬁdelibus
1556 3658 1670 3729 jam
1721 3659 1826 3713 dici

224 3753 410 3818 possit,
436 3751 531 3820 qui
578 3750 975 3821 splendidiores
999 3765 1157 3822 quam
1198 3750 1278 3806 sol
1311 3750 1569 3807 emittunt
1620 3750 1823 3806 radios.

221 3842 326 3899 Sed
355 3841 502 3913 quod
532 3841 586 3897 in
628 3844 786 3896 vulva
818 3840 1081 3897 formatur
1105 3883 1120 3909 ,
1166 3850 1411 3912 tempore
1449 3857 1585 3912 opus
1630 3842 1823 3910 habet;

223 3937 275 3991 in
304 3950 443 4006 aqua
476 3949 605 3990 vero
651 3949 757 3988 non
788 3934 900 3997 sic,
951 3934 1046 3988 sed
1104 3947 1213 3989 uno
1264 3933 1523 4004 temporis
1553 3945 1827 3990 momento

224 4028 353 4083 fiunt
382 4028 586 4082 omnia.
621 4025 719 4081 Ubi
745 4025 889 4080 enim
923 4023 1063 4080 ﬂuxa
1105 4026 1210 4080 vita
1240 4041 1306 4081 ex
1334 4040 1593 4096 corporea
1634 4042 1822 4081 corru-

224 4122 403 4189 ptione
432 4119 753 4191 principium
774 4117 955 4186 habet,
972 4132 1151 4174 moras
1178 4118 1341 4173 trahit
1363 4118 1415 4173 id
1444 4119 1587 4187 quod
1619 4120 1825 4188 paritur

222 4211 380 4284 (talis
406 4210 608 4281 quippe
635 4218 720 4265 est
742 4223 1031 4281 corporum
1064 4216 1252 4263 natura
1279 4228 1293 4264 :
1321 4217 1564 4278 tempore
1593 4209 1677 4263 illa
1704 4225 1827 4280 per-

222 4307 509 4363 fectiunetn
540 4305 849 4376 acquirunt)
880 4322 893 4359 :
924 4303 1223 4375 spiritualia
1272 4319 1399 4360 vero
1428 4319 1534 4359 non
1573 4305 1671 4359 sic.
1716 4304 1823 4361 Sed

221 4400 384 4471 quid?
417 4400 465 4455 Δ
496 4399 758 4469 principio
788 4399 1023 4468 perfecta
1054 4407 1195 4452 sunt.
1221 4397 1416 4453 Verum
1443 4400 1569 4470 quia
1598 4398 1825 4455 Nicode-

222 4508 336 4548 mus
385 4492 507 4547 haec
536 4490 851 4561 frequenter
895 4489 1119 4544 audiens
1152 4488 1487 4555 turbabatur,
1522 4490 1639 4546 vide
1684 4506 1793 4561 quo

222 4584 377 4640 modo
404 4583 507 4655 ipsi
535 4583 776 4655 mysterii
828 4598 1083 4637 arcanum
1108 4581 1336 4652 aperiat,
1369 4589 1423 4636 et
1466 4581 1669 4637 clarum
1699 4584 1821 4637 red-

222 4679 307 4734 dat
334 4678 386 4734 id
412 4678 557 4749 quod
588 4678 874 4731 obscurum
907 4686 1064 4732 antea
1085 4686 1233 4743 erat,
1269 4692 1390 4731 eum
1420 4676 1493 4732 ait
1525 4694 1537 4729 :
1567 4677 1716 4744 Quod
1738 4695 1824 4731 ua-

223 4780 321 4825 tum
343 4780 417 4826 est
444 4785 510 4824 ex
529 4785 702 4834 carne,
726 4784 846 4822 caro
874 4778 985 4833 est;
1007 4777 1053 4823 et
1073 4769 1209 4837 quod
1229 4779 1406 4822 uatum
1427 4779 1499 4823 est
1521 4786 1584 4823 ex
1598 4768 1816 4838 Spiritu,

225 4864 430 4933 spiritus
474 4872 568 4916 est.
600 4861 775 4931 Ipsum
806 4861 1021 4917 abducit
1045 4876 1073 4916 a
1102 4863 1265 4917 rebus
1293 4864 1541 4917 omnibus
1569 4864 1669 4919 sub
1698 4879 1823 4920 sen-

226 4972 337 5011 sum
370 4955 720 5021 cadentibus,
755 4970 930 5026 ueque
963 4955 1089 5010 sinit
1117 4957 1395 5025 corporeis
1416 4957 1589 5011 oculis
1612 4968 1823 5030 myste-

230 5047 298 5101 ria
327 5046 583 5102 scrutari.
631 5044 749 5101 Non
777 5046 844 5101 de
863 5060 1058 5111 carne,
1092 5048 1294 5116 inquit,
1337 5047 1674 5113 disserimus,
1726 5047 1819 5114 sed

228 5136 293 5193 de
322 5138 555 5209 spiritu,
608 5152 644 5192 o
677 5136 988 5192 Nicodcme.
1034 5138 1251 5193 Interim
1296 5155 1421 5195 eum
1468 5140 1535 5196 ad
1587 5156 1819 5211 superna

230 5230 559 5286 transmittit.
593 5228 736 5285 Nihil
766 5245 895 5300 ergo
933 5231 1131 5287 sensile
1160 5247 1370 5302 quaeras
1402 5250 1415 5286 :
1445 5248 1568 5289 nam
1590 5234 1819 5305 Spiritus

232 5322 305 5375 his
329 5322 504 5377 oculis
534 5337 641 5376 non
671 5321 996 5393 percipitur:
1026 5338 1197 5393 neque
1218 5333 1374 5394 putes
1413 5325 1556 5395 quod
1600 5339 1815 5381 carnem

230 5412 455 5481 Spiritus
486 5414 677 5483 pariat.

294 5501 479 5557 Christi
516 5519 638 5556 caro
678 5503 932 5575 quomodo
973 5515 1115 5559 nata.
1151 5505 1441 5577 Explicatio
1467 5508 1629 5575 illius,
1662 5507 1814 5576 Quod

240 5604 403 5647 uatum
432 5606 515 5650 est
545 5611 608 5650 ex
637 5596 850 5665 spiritu,
871 5597 1090 5666 spiritus
1107 5607 1208 5663 est,
1229 5610 1274 5651 et
1295 5598 1455 5664 illius,
1478 5598 1707 5675 Spiritus
1726 5601 1814 5654 ubi

251 5743 527 5867 άῷἰῖξῦάιω
565 5751 773 5803 Γιοιιὶςεε
805 5753 988 5803 habent
1031 5768 1043 5802 :
1083 5762 1117 5803 ε
1156 5755 1446 5815 possessione
1488 5761 1637 5806 terra:
1678 5753 1818 5807 exci-

1943 732 2056 786 vult
2084 732 2351 801 Spirat.—
2370 732 2654 800 Quomodo
2683 749 2831 805 ergo,
2862 735 3060 790 dixerit
3087 736 3223 792 forte
3262 728 3553 809 quispiam,

1945 824 2175 889 Domini,
2211 840 2339 879 caro
2382 836 2503 881 nata
2543 827 2670 881 est?
2695 826 2811 882 Non
2863 843 2891 881 a
2934 827 3138 898 Spiritu
3171 836 3414 895 tantum,
3456 828 3551 884 sed

1940 919 2101 972 etiam
2149 933 2178 971 a
2212 933 2407 981 carne;
2452 917 2597 990 quod
2629 918 2826 974 Paulus
2878 919 2961 974 his
3003 921 3181 975 verbis
3229 921 3502 992 significat
3539 940 3551 975 :

1942 1007 2164 1064 Factum
2191 1027 2255 1065 ea:
2280 1010 2518 1079 muliere,
2558 1015 2753 1083 factum
2777 1012 2868 1066 sub
2896 1014 3005 1084 lege
3026 1012 3168 1085 (Gal.
3197 1014 3253 1069 ι.
3279 1014 3352 1085 4).
3382 1014 3553 1083 Spiri-

1942 1112 2028 1157 tus
2059 1104 2202 1159 enim
2227 1103 2375 1159 illam
2398 1104 2476 1159 sic
2499 1103 2773 1169 formavit,
2798 1120 2905 1160 non
2939 1121 3004 1160 ex
3036 1105 3206 1160 nihilo
3236 1123 3248 1158 :
3281 1121 3401 1160 nam
3424 1105 3552 1177 quid

1940 1210 2075 1266 opus
2101 1195 2288 1252 fuisset
2311 1196 2505 1252 vulva?
2535 1197 2630 1254 sed
2673 1213 2739 1253 ex
2772 1198 3010 1269 virginea
3041 1213 3207 1254 carne
3238 1217 3251 1254 :
3281 1208 3555 1271 quomodo

1940 1299 2143 1357 autem,
2175 1306 2282 1345 non
2318 1305 2537 1360 possum
2569 1291 2861 1360 explicare.
2889 1289 3021 1346 lllnd
3052 1306 3213 1361 porro
3231 1291 3426 1347 factum
3448 1301 3553 1355 est,

1940 1385 2147 1454 nequis
2172 1386 2408 1440 alienum
2437 1402 2465 1439 a
2497 1395 2685 1440 natura
2721 1392 2901 1439 nostra
2936 1392 3149 1455 partum
3184 1385 3329 1441 illum
3359 1384 3551 1440 existi-

1941 1485 2133 1530 maret.
2165 1475 2296 1531 Nam
2326 1476 2370 1531 si
2402 1492 2459 1531 re
2489 1476 2568 1532 sic
2598 1484 2749 1546 gesta
2772 1517 2786 1542 ,
2822 1485 2947 1530 sunt
2989 1484 3167 1530 tamen
3198 1476 3413 1545 quidam
3462 1476 3554 1548 qui

1941 1566 2105 1621 talem
2136 1581 2243 1621 non
2266 1566 2498 1622 credunt
2526 1566 2973 1638 generationem;
3002 1565 3102 1620 nisi
3136 1566 3413 1636 virginalis
3434 1581 3555 1622 car-

1941 1657 2023 1711 nis
2053 1657 2327 1728 particeps
2359 1655 2570 1723 fuisset,
2604 1672 2712 1727 quo
2742 1672 2847 1713 n0n
2877 1658 3253 1727 prorupissent
3299 1656 3552 1728 impietao

1941 1750 2055 1805 tis?
2090 1750 2240 1818 Quod
2288 1760 2463 1805 uatum
2503 1761 2572 1805 est
2602 1767 2665 1805 ea:
2696 1750 2899 1821 Spiritu
2920 1793 2933 1815 ,
2980 1750 3193 1831 spiritus
3236 1760 3327 1803 est.
3362 1749 3555 1805 Viden‘

1941 1841 2174 1912 Spiritus
2207 1842 2558 1912 dignitatem?
2588 1842 2719 1897 Nam
2751 1842 2847 1897 Dei
2878 1857 3016 1912 Opus
3043 1842 3133 1898 ille
3160 1842 3347 1898 efficit.
3378 1841 3553 1913 Supra

1938 1938 2174 2002 dicebat,
2202 1936 2286 1993 Ea:
2320 1937 2429 1993 Deo
2454 1939 2560 1992 uati
2583 1947 2700 1993 suut
2725 1954 2742 2001 ;
2774 1937 2863 1992 hic
2894 1952 3019 1993 vero
3042 1937 3177 1992 dixit
3202 1938 3347 2006 ipsos
3372 1952 3401 1991 a
3430 1936 3554 2009 Spi-

1940 2036 2046 2086 ritu
2077 2032 2221 2103 gigni
2253 2050 2266 2087 :
2306 2032 2459 2101 Quod
2489 2044 2665 2087 natum
2690 2042 2762 2087 est
2785 2049 2847 2087 ex
2869 2032 3093 2104 Spiritu,
3119 2034 3332 2103 spiritus
3357 2045 3469 2098 est;
3502 2034 3553 2088 id

1939 2133 2043 2190 est,
2073 2122 2173 2192 Qui
2204 2133 2361 2179 natus
2392 2133 2477 2179 est
2503 2140 2568 2180 ex
2600 2124 2825 2196 Spiritu,
2850 2125 3145 2193 spiritualis
3172 2135 3275 2181 est.
3306 2124 3551 2181 Genera-

1943 2215 2143 2269 tionem
2166 2216 2366 2286 quippe
2399 2214 2487 2270 hic
2533 2230 2639 2270 non
2677 2216 2973 2271 secundum
3006 2215 3362 2270 substantiam
3393 2217 3549 2281 dicit,

1939 2305 2033 2361 sed
2066 2306 2360 2362 secundum
2391 2306 2653 2361 honorem
2684 2315 2738 2361 et
2773 2307 3023 2377 gratiam.
3056 2305 3111 2361 Si
3142 2322 3273 2376 ergo
3302 2306 3444 2361 illius
3473 2307 3552 2361 sic

1941 2406 2100 2452 natus
2128 2407 2230 2463 est,
2264 2397 2392 2468 quid
2424 2398 2656 2469 amplius
2686 2396 2912 2453 habebit
2949 2413 3112 2469 quam
3140 2398 3319 2453 caeteri
3368 2382 3553 2454 homié

1941 2504 2059 2556 nes,
2110 2490 2200 2560 qui
2256 2490 2326 2544 ita
2372 2491 2483 2545 nati
2528 2488 2692 2545 sunt?
2746 2489 3021 2561 quomodo
3064 2489 3389 2561 Unigenitus
3436 2490 3553 2546 est?

1939 2578 2072 2635 Nam
2104 2590 2158 2637 et
2186 2594 2289 2652 ego
2318 2597 2383 2637 ex
2414 2582 2527 2637 Deo
2551 2590 2711 2637 natus
2745 2596 2886 2646 sum,
2918 2582 3012 2638 sed
3055 2596 3161 2638 non
3189 2598 3255 2638 ex
3282 2582 3398 2652 ejus
3424 2582 3551 2639 sub-

1937 2673 2156 2727 stantia.
2210 2672 2264 2729 Si
2298 2688 2429 2745 ergo
2474 2689 2650 2743 neque
2693 2674 2807 2743 ipse
2856 2689 2921 2729 ex
2953 2672 3072 2744 ejus
3110 2675 3411 2729 substantia
3437 2716 3453 2741 ,
3497 2674 3550 2729 in

1939 2778 2047 2834 quo
2095 2764 2276 2819 ditl'crt
2314 2780 2345 2819 a
2378 2764 2571 2821 nobis?
2598 2765 2687 2821 Sic
2722 2781 2939 2835 quoque
2964 2764 3168 2836 Spiritu
3196 2779 3373 2821 mtnor
3398 2780 3549 2823 mve-

1940 2856 2137 2911 nietur.
2172 2855 2305 2911 Nam
2337 2856 2645 2927 ltujusmodi
2675 2858 2955 2927 generatio
2985 2858 3044 2911 [lt
3065 2873 3128 2912 ex
3163 2857 3396 2927 Spiritus
3425 2872 3551 2928 gra-

1943 2948 2034 3003 tia.
2059 2946 2198 3003 Num
2221 2962 2352 3019 ergo
2381 2958 2437 3001 ut
2464 2947 2636 3003 Filius
2664 2956 2898 3012 maneat,
2923 2947 3159 3018 Spiritus
3183 2947 3385 3001 auxilio
3414 2962 3551 3018 opus

1938 3036 2139 3093 habet?
2163 3038 2365 3109 Ecquid
2388 3040 2501 3093 haec
2527 3052 2556 3093 a
2577 3037 2800 3093 Iudaica
2827 3039 3068 3093 doctrina
3098 3037 3390 3093 ditiorum?
3415 3038 3550 3095 Cum

1937 3129 2164 3187 dixisset
2194 3146 2325 3202 ergo
2348 3130 2620 3199 Christus,
2650 3130 2751 3197 Qui
2783 3140 2941 3186 natus
2966 3139 3050 3186 est
3090 3146 3155 3186 ex
3179 3130 3405 3201 Spiritu,
3433 3131 3552 3203 spi-

1936 3223 2075 3278 ritus
2106 3233 2220 3289 est;
2251 3222 2397 3293 quod
2430 3224 2702 3278 turbatum
2753 3224 2899 3278 illum
2944 3222 3119 3278 adhuc
3161 3232 3434 3291 cerneret,
3480 3224 3550 3279 ad

1934 3314 2193 3371 sensibile
2232 3314 2541 3381 exemplum
2576 3313 2938 3384 progreditur.
2968 3315 3021 3368 7.
3059 3312 3143 3368 Ne
3189 3314 3425 3382 mireris,
3462 3314 3549 3370 in-

1934 3409 2071 3481 quit,
2116 3409 2235 3478 quia
2269 3408 2378 3463 dixi
2418 3406 2527 3474 tibi,
2560 3406 2773 3478 Oportet
2798 3423 2890 3461 nos
2913 3407 3056 3461 nasci
3076 3407 3264 3462 denuo.
3294 3406 3346 3463 8.
3380 3408 3551 3478 Spiri-

1934 3511 2016 3556 tus
2037 3502 2123 3555 ubi
2150 3500 2255 3555 vult
2283 3500 2465 3570 spirat.
2498 3498 2633 3555 Cum
2664 3499 2815 3566 dicit,
2842 3496 2926 3553 Ne
2964 3499 3184 3565 mireris,
3225 3499 3343 3569 ejus
3379 3500 3550 3556 animi

1936 3591 2398 3663 perturbationem
2431 3591 2722 3663 signiﬁcat,
2774 3598 2829 3645 et
2873 3590 2941 3645 ad
2988 3590 3329 3647 subtiliorem
3356 3606 3551 3664 corpo-

1933 3699 2054 3739 rum
2085 3684 2355 3739 rationem
2384 3683 2626 3738 deducit.
2658 3681 2792 3737 Nam
2823 3697 2854 3743 a
2886 3682 3198 3738 carnalibus
3242 3683 3417 3753 ipsum
3447 3683 3549 3738 ab-

1933 3776 2163 3832 duxerat
2192 3775 2276 3831 his
2294 3774 2497 3842 verbis,
2533 3775 2684 3844 Quod
2710 3784 2889 3828 uatum
2909 3784 2982 3828 est
3008 3790 3071 3830 ea:
3094 3775 3318 3846 Spiritu,
3336 3776 3551 3847 spiritus

1932 3876 2025 3923 est.
2057 3867 2193 3934 Quia
2227 3883 2356 3923 vero
2398 3882 2507 3923 non
2555 3867 2897 3938 intelligebat
2943 3866 3035 3922 ille
3065 3866 3194 3937 quid
3230 3868 3333 3923 hoc
3376 3878 3542 3935 esset,

1934 3972 2120 4013 rursus
2148 3958 2297 4013 illum
2324 3956 2391 4012 ad
2421 3958 2579 4012 aliam
2616 3958 2873 4013 transfert
2899 3955 3188 4029 imaginem
3211 3999 3227 4026 ,
3259 3974 3436 4031 neque
3476 3962 3545 4015 ad

1931 4064 2219 4121 corporum
2250 4048 2665 4105 crassitudinem
2712 4050 3011 4116 adducens,
3045 4067 3221 4121 neque
3270 4052 3337 4108 de
3370 4054 3549 4109 incor-

1933 4141 2113 4210 poreis
2140 4142 2363 4195 omnino
2394 4140 2623 4211 loquens
2672 4141 2887 4213 (neque
2926 4144 3070 4197 enim
3123 4154 3334 4215 poterat
3372 4144 3424 4200 id
3457 4147 3548 4200 ille

1932 4234 2302 4305 intelligere);
2334 4234 2430 4289 sed
2462 4234 2700 4289 medium
2724 4233 2927 4305 aliquid
2959 4250 3280 4307 corporeum
3323 4238 3463 4293 inter
3489 4247 3547 4293 et

1931 4328 2311 4395 incorporeum
2346 4326 2585 4393 invenit,
2627 4327 2777 4382 venti
2825 4342 3021 4399 nempe
3052 4330 3341 4399 impetum;
3393 4330 3546 4387 inde-

1928 4434 2035 4490 que
2064 4419 2213 4473 illum
2261 4418 2517 4474 instituit.
2555 4419 2629 4474 De
2671 4428 2832 4474 vento
2862 4434 3095 4491 namque
3142 4422 3273 4476 dicit
3305 4440 3319 4477 :
3357 4420 3545 4479 Vocem

1928 4514 2039 4583 ejus
2067 4512 2252 4578 audis;
2279 4511 2369 4565 sed
2397 4512 2559 4566 nescis
2590 4513 2724 4565 unde
2751 4512 2939 4578 veniat,
2964 4523 3054 4566 aut
3082 4530 3183 4585 quo
3206 4515 3375 4569 vadat.
3405 4514 3541 4572 Cum

1930 4604 2079 4669 dicit,
2126 4602 2223 4659 Ubi
2266 4606 2372 4658 vult
2413 4605 2596 4675 spirat,
2626 4619 2734 4658 non
2766 4603 3032 4674 significat
3059 4614 3278 4661 ventum
3312 4608 3541 4663 arbitrio

1930 4711 2029 4750 suo
2050 4694 2209 4763 ferri;
2254 4695 2350 4750 sed
2394 4696 2695 4751 naturalem
2729 4695 2845 4765 ejus
2878 4696 3137 4765 impetum
3180 4707 3236 4751 et
3286 4700 3394 4753 vim
3422 4698 3543 4754 sine

1929 4790 2315 4861 impedimento
2339 4792 2523 4845 latam.
2549 4789 2701 4845 Solet
2749 4790 2893 4843 enim
2939 4788 3216 4859 Scriptura
3261 4791 3426 4846 etiam
3471 4792 3542 4848 de

1930 4885 2241 4939 inanimatis
2270 4887 2341 4938 ita
2371 4884 2538 4953 loqui,
2574 4891 2631 4935 ut
2657 4896 2781 4937 cum
2810 4880 2939 4936 dicit
2979 4900 2991 4934 :
3033 4879 3261 4936 Vanitati
3303 4894 3541 4938 creatura

1927 4978 2152 5047 subjecta
2172 4987 2246 5031 est
2268 4992 2368 5030 non
2392 4974 2560 5029 volens
2588 4973 2764 5045 (Rom.
2792 4973 2845 5029 8.
2876 4972 2990 5042 ΞΟ).
3023 4973 3156 5028 Illud
3214 4975 3396 5045 igitur,
3437 4976 3538 5032 Ubi

1926 5074 2033 5128 vult
2080 5073 2274 5139 spirat,
2326 5086 2432 5124 non
2491 5082 2649 5139 posse
2689 5067 2838 5122 illum
2888 5068 3107 5122 retineri
3151 5070 3435 5139 significat,
3484 5083 3538 5127 et

1929 5167 2125 5235 ubique
2146 5163 2396 5229 dill'nudi,
2432 5164 2812 5230 neminemque
2833 5160 2982 5214 illum
3008 5160 3291 5229 impedire,
3325 5164 3537 5232 quomi—

1926 5275 2027 5313 nus
2060 5259 2163 5312 huc
2187 5257 2315 5311 illuc
2338 5255 2575 5313 feratur;
2610 5252 2706 5307 sed
2738 5267 2931 5323 magna
2962 5253 3013 5306 vi
3055 5253 3279 5320 effundi,
3320 5256 3536 5313 nomine

1927 5350 2180 5418 impetum
2204 5362 2458 5402 coercere
2487 5346 2716 5400 valente.

1994 5441 2048 5494 2.
2073 5440 2137 5493 Ει
2158 5456 2326 5494 vocem
2349 5440 2459 5510 ejus
2486 5438 2670 5502 audis;
2700 5437 2981 5506 strepitum
3012 5452 3205 5507 nempe
3228 5448 3281 5492 et
3298 5452 3488 5495 sonum
3515 5458 3527 5493 :

1922 5535 2010 5587 sed
2030 5532 2190 5585 nescis
2215 5531 2349 5585 unde
2374 5529 2560 5593 veniat,
2589 5538 2675 5581 aut
2702 5543 2801 5596 quo
2830 5528 3001 5581 vadat.
3036 5527 3123 5583 Sic
3150 5540 3227 5584 est
3256 5532 3421 5585 omnis
3439 5536 3528 5602 qui

1922 5636 2072 5677 natus
2119 5633 2192 5677 est
2222 5638 2283 5677 ea:
2329 5620 2549 5691 Spiritu.
2603 5619 2729 5673 ll:ec
2776 5619 3051 5674 conclusio
3106 5630 3208 5674 est.
3265 5619 3319 5675 Si
3374 5619 3528 5692 hujus

1922 5718 2063 5772 venti
2092 5758 2106 5774 .
2143 5714 2344 5786 inquit,
2380 5728 2540 5785 quem
2568 5726 2730 5768 sensu
2754 5753 2769 5779 ,
2800 5726 2995 5782 nempe
3023 5712 3207 5767 auditu
3256 5725 3308 5768 et
3341 5723 3481 5769 tactu
3512 5756 3525 5779 ,

1922 5809 2188 5883 petcipis,
2241 5809 2497 5885 impetum
2544 5805 2814 5877 explicare
2860 5818 2965 5859 non
3011 5814 3197 5874 potes,
3244 5820 3341 5861 nec
3387 5808 3528 5861 viam
