4162 6326
687 399 792 455 1πῦ

646 513 654 534 ‘
685 520 802 582 ejus
834 513 970 570 nosti
995 530 1009 576 ;
1033 526 1128 565 cur
1167 505 1326 562 divini
1359 502 1590 572 Spiritus
1636 496 2005 568 operationem
2058 491 2268 547 curiose

687 608 956 676 exploras,
985 603 1071 673 qui
1105 598 1246 654 venti
1282 597 1387 650 vim
1416 609 1519 648 non
1547 589 1814 659 intelligis,
1848 587 1946 641 etsi
1969 597 2155 639 sonum
2177 597 2272 635 au-

692 674 845 754 dias?
886 694 1016 750 Illud
1049 691 1189 747 enim
1215 731 1230 756 ,
1258 687 1355 742 Ubi
1381 685 1483 739 uult
1511 684 1698 751 spirat,
1726 680 1792 733 de
1833 674 2086 731 I’aracleti
2125 679 2272 741 pote-

689 799 824 842 state
844 786 1042 840 dictum
1063 790 1162 846 est,
1187 789 1238 835 et
1259 779 1335 832 sic
1360 774 1730 844 explicandum
1758 788 1770 823 :
1801 769 1854 824 Si
1875 777 2088 821 ventum
2114 776 2270 818 nemo

687 878 920 941 cohibet,
952 875 1045 930 sed
1073 888 1177 943 quo
1206 871 1314 924 vult
1341 870 1427 922 ille
1455 867 1643 928 fertur,
1672 861 1838 916 multo
1855 858 2022 928 magis
2043 854 2271 925 Spiritus

688 971 1050 1040 operationem
1071 979 1170 1020 nec
1194 972 1395 1016 natura:
1418 959 1561 1028 leges
1577 954 1853 1025 quadibet,
1878 965 1977 1005 nec
2002 961 2273 1016 corporere

689 1059 1046 1132 generationis
1076 1054 1283 1109 termini
1310 1094 1323 1116 ,
1358 1065 1455 1105 nec
1484 1047 1684 1119 qurevis
1715 1046 1816 1099 alia
1846 1040 2142 1112 hujusmodi
2176 1055 2271 1109 po-

692 1129 1145 1209 teruntcohiberc.
1168 1143 1317 1210 Quod
1336 1150 1510 1196 autem
1531 1141 1594 1193 de
1613 1148 1770 1190 vento
1787 1134 1992 1190 dicatur
2013 1132 2159 1196 illud,
2176 1129 2276 1183 γο-

693 1259 794 1297 cem
807 1243 914 1311 ejus
930 1236 1224 1303 audis,inde
1242 1235 1574 1304 perspicuum
1591 1228 1878 1296 est.Neqne
1893 1225 2031 1281 enim
2053 1220 2272 1285 infideli,

691 1334 778 1404 qui
807 1347 909 1386 non
941 1339 1122 1385 nosset
1152 1325 1520 1396 operationem
1548 1320 1777 1392 Spiritus
1803 1317 2056 1378 dixisset,
2097 1312 2275 1366 Vocem

694 1427 801 1495 ejus
828 1422 994 1476 audis.
1025 1415 1484 1487 Quemadmodum
1511 1414 1670 1484 igitur
1699 1418 1888 1465 ventus
1907 1423 2010 1463 non
2037 1411 2274 1476 apparet,

691 1512 900 1570 etiamsi
928 1527 1118 1568 sonum
1151 1510 1394 1565 emittat:
1427 1508 1504 1561 sic
1545 1520 1643 1560 nec
1682 1502 1968 1574 Spiritualis
2005 1497 2279 1570 generatio

692 1609 860 1663 oculis
885 1605 1156 1675 corporeis
1184 1600 1521 1673 perspicitur.
1554 1599 1714 1667 Atqui
1745 1604 1930 1651 ventus
1953 1602 2035 1647 est
2062 1604 2276 1658 corpus,

698 1703 818 1756 licet
848 1698 1214 1754 tenuissimum
1250 1713 1262 1748 :
1293 1710 1414 1748 nam
1445 1692 1586 1762 quod
1617 1689 1795 1744 sensui
1827 1685 2124 1756 subjicitur,
2154 1697 2277 1737 cor-

696 1810 789 1863 pus
805 1803 904 1847 est.
930 1792 987 1846 Si
1018 1805 1144 1860 ergo
1162 1805 1268 1844 non
1292 1802 1433 1857 a-gre
1452 1786 1555 1839 fers
1573 1782 1713 1853 quod
1732 1795 1926 1851 corpus
1949 1793 2054 1832 non
2071 1776 2276 1838 videas,

697 1900 869 1953 neque
912 1883 1031 1937 ideo
1067 1882 1238 1951 ipsum
1267 1895 1386 1933 esse
1421 1875 1702 1940 diffiteris;
1730 1888 1824 1928 cur
1845 1871 1910 1927 de
1946 1870 2134 1940 spiritu
2183 1882 2280 1921 au-

693 1975 846 2030 diens
871 1973 1099 2028 turbaris
1120 2013 1134 2038 ,
1163 1979 1216 2025 et
1244 1979 1317 2023 tot
1347 1969 1582 2022 rationes
1611 1965 1814 2034 exigis,
1853 1978 1974 2018 cum
2007 1971 2182 2015 tamen
2230 1957 2280 2011 id

693 2067 834 2120 circa
865 2078 1058 2132 corpus
1088 2077 1192 2116 non
1221 2060 1385 2129 agas?
1411 2056 1545 2125 Quid
1568 2071 1696 2126 ergo
1716 2050 2072 2108 Nicodemus?
2099 2049 2284 2103 Adhuc

697 2157 748 2210 in
771 2156 989 2210 Iudaica
1014 2154 1212 2207 vilitate
1236 2161 1435 2214 manet,
1464 2165 1584 2202 cum
1609 2158 1713 2200 tam
1740 2145 2077 2199 manifestum
2104 2155 2284 2196 exent-

696 2252 840 2321 plum
866 2246 1152 2314 acceperit.
1174 2243 1269 2298 Cui
1296 2241 1469 2295 adhuc
1489 2255 1608 2294 cum
1634 2238 1797 2293 dubio
1820 2236 2038 2300 dicenti,
2065 2235 2115 2288 9.
2142 2232 2281 2298 Quo-

700 2341 848 2392 modo
869 2346 1071 2405 possunt
1089 2337 1193 2389 hac
1215 2333 1359 2401 ﬁeri!
1383 2330 1746 2385 vehementius
1762 2328 1888 2382 dicit
1908 2324 2170 2386 Christus,
2196 2321 2280 2376 10.

702 2431 778 2484 Tn
798 2447 848 2484 es
872 2429 1101 2497 magister
1117 2427 1166 2478 in
1192 2423 1374 2489 Israel,
1395 2432 1440 2475 et
1465 2422 1570 2474 lucc
1597 2422 1800 2490 ignoras
1826 2417 1848 2468 ἒ)
1870 2415 1998 2469 Vide
2016 2411 2285 2482 quomodo

699 2536 957 2591 ltttSqtlam
985 2533 1106 2573 eum
1133 2516 1201 2571 de
1231 2515 1424 2569 malitia
1445 2555 1458 2578 ,
1492 2511 1584 2566 sed
1630 2509 1697 2564 de
1727 2507 2015 2562 stoliditate
2060 2503 2234 2573 potius
2267 2502 2284 2533 ί

699 2631 762 2669 ac
782 2613 1119 2682 simplicitate
1147 2615 1382 2663 accusat.
1421 2603 1624 2674 Ecquid
1659 2602 1816 2656 habet
1837 2610 2119 2654 commune
2141 2594 2291 2648 dixe-

703 2708 769 2759 rit
797 2704 1079 2773 quiSpiam,
1114 2700 1226 2754 hinc
1248 2696 1518 2767 generatio
1546 2710 1666 2749 cum
1694 2691 1929 2747 Judaicis
1957 2688 2154 2742 rebus?
2178 2684 2284 2740 Sed

702 2795 827 2865 quid
850 2838 863 2860 ,
896 2807 1075 2864 quaeso
1096 2832 1109 2856 ,
1143 2805 1246 2844 non
1278 2784 1600 2842 commune?
1631 2783 1839 2838 Etenim
1871 2780 2025 2851 primi
2054 2777 2285 2830 hominis

703 2885 984 2950 formatio,
1037 2896 1240 2936 necnon
1288 2879 1524 2932 mulieris
1571 2891 1634 2930 ex
1679 2873 1843 2926 latere
1888 2870 2122 2934 eductae,
2163 2867 2287 2919 item

703 2976 914 3031 Steriles
933 3014 948 3040 ,
981 2981 1035 3028 et
1060 2988 1120 3027 ea
1151 2987 1272 3040 qua:
1300 2985 1398 3040 per
1428 2982 1592 3037 aquas
1616 2965 1847 3034 perfecta
1879 2969 2003 3016 sunt
2024 3002 2038 3025 ,
2067 2961 2118 3012 in
2148 2957 2291 3012 fonte

706 3066 985 3126 videlicet,
1031 3061 1172 3116 unde
1219 3061 1441 3114 Eliszeus
1486 3056 1687 3110 ferrum
1719 3052 1932 3116 eduxit;
1974 3065 2036 3104 ea
2075 3062 2192 3116 qua:
2237 3047 2292 3100 in

708 3157 840 3212 mari
879 3153 1080 3210 Rubro.
1113 3149 1253 3222 quod
1287 3149 1610 3218 trajeceruut
1634 3144 1831 3206 Judaei;
1865 3157 1925 3194 ea
1953 3156 2072 3210 qua:
2104 3139 2155 3192 in
2208 3137 2289 3204 pi-

707 3249 876 3311 scina,
904 3261 1060 3315 quarn
1092 3243 1310 3313 angelus
1345 3239 1596 3309 agitabat,
1623 3245 1675 3290 et
1703 3249 1819 3303 qum
1840 3232 1905 3286 ad
1937 3231 2167 3284 Neeman
2195 3227 2294 3298 Sy-

709 3357 824 3394 rum
867 3345 1148 3408 spectant,
1195 3336 1282 3404 qui
1328 3333 1380 3387 in
1427 3330 1661 3386 Jordane
1707 3325 1991 3380 mundatus
2018 3332 2142 3378 est:
2179 3321 2292 3374 hazc

710 3435 924 3502 inquam
947 3430 1123 3484 omnia
1146 3425 1543 3498 generationem
1576 3433 1628 3476 et
1651 3421 2013 3492 purgationem
2037 3417 2288 3479 futuram,

709 3525 858 3596 quasi
904 3524 953 3577 in
989 3522 1148 3592 figura
1180 3517 1635 3590 pra-nuntiabant;
1667 3529 1870 3569 necnon
1914 3509 2291 3581 prophetarum

710 3619 851 3669 dicta
879 3615 1018 3668 hunc
1044 3609 1292 3666 nascendi
1322 3608 1536 3663 modum
1581 3605 1987 3661 subindicabant
2009 3643 2023 3667 ,
2065 3597 2293 3670 exempli

713 3723 909 3762 causa:
963 3705 1356 3759 Aununliabitur
1402 3700 1618 3753 Domino
1662 3699 1913 3768 generatio
1966 3703 2210 3756 uentura,
2252 3702 2297 3744 et

714 3799 1082 3860 attnuutiabunt
1109 3797 1366 3866 justitiam
1411 3794 1520 3862 ejus
1549 3790 1734 3860 populo
1755 3790 1837 3857 qui
1863 3796 2113 3848 nascetur,
2155 3799 2299 3852 quem

717 3894 829 3963 fecit
857 3890 1102 3944 Dominus
1133 3886 1302 3958 (Psal.
1329 3886 1418 3938 2|.
1444 3885 1533 3950 54)
1558 3901 1570 3946 ;
1617 3891 1670 3936 et
1697 3881 1845 3946 illud,
1880 3879 2215 3933 chovabitur
2247 3885 2299 3928 ut

714 3985 899 4054 aquilae
930 3984 1165 4050 juventus
1198 3988 1281 4031 tua
1309 3976 1477 4050 (Psal.
1510 3975 1628 4029 102.
1658 3973 1743 4043 5>;
1791 3973 1953 4036 item,
1994 3970 2299 4025 “luminare

715 4075 1000 4132 Jerusalem
1030 4090 1048 4127 :
1074 4089 1184 4127 ecce
1214 4073 1321 4126 Rea:
1342 4081 1452 4123 tuus
1480 4069 1608 4123 venit
1632 4065 1783 4135 (Isai.
1813 4066 1899 4120 (50.
1932 4063 2020 4135 1):
2052 4073 2124 4128 et,
2155 4063 2300 4117 Beati

717 4185 931 4238 quorum
953 4166 1171 4221 remissis
1195 4173 1308 4218 sunt
1335 4162 1619 4230 iniquitates
1647 4159 1814 4233 (Psal.
1843 4159 1931 4212 5|.
1969 4157 2035 4226 l).
2066 4157 2129 4209 Et
2159 4155 2300 4208 Isaac

717 4275 928 4330 quoque
971 4259 1132 4328 ligura
1165 4264 1280 4309 erat
1311 4253 1467 4320 hujus
1494 4251 1872 4321 generationis.
1926 4249 2018 4302 Die
2057 4249 2196 4301 enim
2223 4287 2236 4310 ,
2271 4261 2302 4298 ο

722 4351 1009 4410 Nicodeme
1029 4390 1042 4412 ,
1074 4345 1342 4418 quomodo
1374 4355 1528 4397 natus
1552 4343 1639 4398 ille
1671 4342 1789 4397 est?
1818 4357 1881 4394 an
1907 4341 2022 4408 lege
2061 4338 2303 4392 natur-.e?

723 4444 1063 4514 Nequaquam
1095 4457 1107 4491 :
1142 4452 1268 4507 ergo
1296 4433 1508 4505 quidam
1538 4433 1743 4488 medius
1768 4432 1906 4484 inter
1929 4432 2062 4484 hanc
2085 4439 2137 4483 et
2161 4429 2302 4481 illam

721 4533 1117 4604 generationem
1149 4529 1337 4584 modus
1358 4537 1468 4582 erat
1490 4570 1502 4589 ,
1529 4527 1617 4580 illa
1641 4525 1782 4580 enim
1811 4541 1874 4577 ex
1898 4523 2176 4577 concubitu
2199 4529 2299 4585 e‘st,

725 4627 811 4680 hic
842 4642 969 4678 vero
1001 4639 1106 4678 non
1132 4638 1197 4676 ex
1228 4619 1572 4691 sanguinibus
1605 4627 1757 4669 natus
1787 4624 1888 4670 est.
1920 4614 2031 4685 Ego
2061 4628 2184 4667 vero
2211 4610 2303 4665 de-

725 4718 1034 4770 monstrabo
1062 4756 1076 4780 ,
1104 4728 1208 4766 non
1239 4710 1374 4765 hanc
1402 4710 1558 4763 modo
1586 4707 2009 4777 generationem,
2041 4703 2133 4757 sed
2155 4710 2209 4757 et
2237 4701 2304 4754 il-

728 4811 832 4860 lam
875 4823 938 4862 ex
971 4805 1184 4874 Virgine
1208 4845 1222 4868 ,
1278 4802 1422 4856 hisce
1472 4800 1642 4855 modis
1678 4798 2083 4869 prrenuutiatam
2122 4795 2303 4847 fuisse.

725 4901 857 4967 Quia
888 4899 1027 4954 enim
1075 4911 1232 4950 neruo
1266 4893 1415 4948 facile
1443 4892 1744 4947 crediturus
1774 4899 1887 4945 erat
1916 4887 2174 4957 virginem
2216 4898 2309 4954 pa-

730 5007 870 5055 rcrc,
901 4989 1112 5044 steriles
1139 4988 1387 5057 primum,
1420 4983 1611 5039 deinde
1637 4997 1739 5036 non
1773 4979 1932 5035 modo
1962 4977 2191 5042 steriles,
2217 4973 2310 5029 sed

729 5085 888 5138 etiam
916 5096 1048 5136 anus
1077 5086 1396 5150 pepererunt
1421 5095 1432 5128 :
1462 5074 1702 5144 quamvis
1729 5074 1883 5142 longe
1907 5069 2199 5125 mirabilius
2220 5066 2308 5130 sit,

737 5192 801 5229 ex
829 5185 972 5230 costa
1003 5173 1278 5227 mulierem
1312 5168 1459 5233 fieri;
1494 5181 1677 5221 verum
1701 5164 1821 5234 quia
1855 5161 1981 5215 illud
2008 5157 2313 5228 antiquissi-

739 5281 880 5318 mum
908 5271 1054 5327 erat,
1087 5262 1218 5315 alius
1247 5257 1484 5329 pariendi
1509 5269 1676 5310 novus
1701 5253 1888 5308 modus
1910 5260 2165 5321 sequutus
2189 5254 2271 5302 est
2295 5288 2309 5311 ,

737 5370 931 5424 nempe
961 5352 1248 5414 sterilium,
1291 5351 1378 5419 qui
1409 5346 1681 5417 virginalis
1731 5353 1911 5414 partus
1959 5341 2118 5397 fidem
2167 5345 2314 5391 ante-

740 5449 921 5503 cessit.
955 5447 1079 5500 Hzec
1116 5458 1244 5512 ergo
1286 5441 1572 5496 Nicodemo
1602 5440 1652 5492 in
1701 5437 2011 5492 memoriam
2060 5445 2315 5488 revocans

739 5539 949 5592 dicebat
981 5553 992 5589 :
1030 5533 1105 5588 Tu
1135 5550 1185 5586 es
1232 5532 1466 5602 magister
1500 5533 1550 5583 in
1579 5527 1780 5594 Israel,
1822 5539 1868 5580 et
1919 5528 2024 5580 haec
2069 5522 2316 5595 ignoras?

743 5628 893 5695 Quod
914 5628 1097 5680 scimus
1131 5624 1404 5696 loquimur,
1447 5632 1492 5675 et
1540 5623 1673 5692 quod
1709 5621 1924 5674 vidimus
1960 5627 2220 5680 testamur,
2271 5623 2317 5667 et

741 5719 1077 5777 testimonium
1103 5727 1326 5772 nostrum
1355 5731 1499 5772 nemo
1534 5717 1735 5786 accipit.
1775 5714 1896 5770 Hinc
1925 5706 2196 5781 subiunxit
2221 5748 2234 5772 ,
2267 5716 2319 5761 et

814 5829 829 5860 ⁸
868 5829 952 5878 siit
985 5829 1183 5893 legunt,
1207 5835 1407 5890 tantum,
1437 5841 1540 5892 pro,
1564 5826 1734 5892 potius.

1384 391 1438 442 S.
1479 383 1754 444 10.“le
1790 375 2260 436 CIIRYSOSTOBII
2304 375 2624 437 AllClllEP.
2665 380 3197 442 CONSTANTINOP.

3867 383 3971 438 {56

2381 493 2594 552 aliunde
2622 513 2831 554 rursum
2857 501 2998 556 dicto
3026 500 3186 558 fidem
3213 501 3443 568 faciens,
3489 509 3541 556 et
3575 501 3718 555 illius
3747 500 3760 530 ¹
3795 499 3966 554 imbe-

2377 588 2581 644 cillitati
2610 605 2668 645 se
2695 601 3074 662 attemperans.

2447 680 2500 734 ’5.
2530 681 2663 747 Quid
2695 699 2819 738 vero
2852 685 3116 755 significat
3148 685 3279 741 illud
3301 730 3314 752 ,
3349 687 3434 742 Η.
3475 684 3624 754 Quod
3652 686 3836 738 scimus
3891 685 3974 738 lo-

2376 773 2596 840 quimur,
2639 785 2684 829 et
2716 777 2853 846 quod
2893 779 3106 834 uidimus
3142 780 3422 834 testamur!
3468 780 3603 847 Quia
3656 795 3779 834 cum
3825 779 3978 834 visus

2379 870 2499 938 plus
2538 884 2694 937 quam
2737 871 2826 924 alii
2868 886 3059 926 sensus
3106 873 3261 928 nobis
3314 873 3471 928 fidem
3507 873 3696 937 faciat,
3749 881 3802 926 et
3848 887 3974 927 cum

2378 960 2703 1031 persuadere
2735 962 2999 1028 volumus,
3028 964 3099 1018 ita
3128 964 3410 1032 loquamur
3437 1006 3448 1024 .
3475 963 3590 1018 Non
3631 961 3970 1032 auditaper-

2378 1053 2637 1122 eepimus,
2671 1053 2762 1108 sed
2807 1053 2938 1124 ipsis
2963 1055 3133 1110 oculis
3164 1056 3412 1110 vidimus.
3448 1054 3569 1109 Ideo
3598 1053 3842 1109 Christus
3875 1054 3971 1106 hu-

2380 1159 2540 1199 mano
2591 1160 2736 1199 more
2766 1145 2939 1215 ipsum
2981 1146 3304 1216 alloquitur,
3339 1147 3570 1216 hincque
3608 1145 3766 1200 dictis
3813 1145 3978 1198 fidem

2383 1237 2526 1291 facit.
2555 1237 2812 1309 Quodque
2839 1253 2926 1294 res
2957 1238 3028 1293 ita
3070 1241 3159 1302 sit,
3189 1239 3330 1310 quod
3368 1240 3497 1294 nihil
3529 1238 3672 1294 aliud
3698 1238 3981 1293 declarare

2381 1329 2528 1394 velit,
2561 1345 2735 1398 neque
2761 1330 2932 1386 visum
2963 1330 3273 1386 sensibilem
3305 1330 3601 1400 intelligat,
3645 1329 3770 1383 hinc
3798 1326 3977 1397 palam

2381 1428 2484 1473 est.
2511 1418 2796 1489 Postquam
2820 1422 2960 1476 enim
2981 1421 3208 1488 dixerat,
3235 1420 3384 1487 Quod
3406 1430 3583 1474 natum
3611 1429 3684 1473 est
3709 1435 3773 1473 ea:
3797 1434 3975 1482 carne,

2383 1529 2502 1566 caro
2528 1525 2636 1576 est;
2681 1523 2726 1566 et
2753 1516 2890 1582 quod
2918 1525 3096 1569 natum
3135 1523 3205 1568 est
3245 1530 3308 1567 ex
3352 1513 3583 1582 Spiritu,
3617 1512 3829 1582 spiritus
3858 1521 3935 1565 est
3960 1527 3981 1574 ;

2383 1605 2677 1673 subjunxit,
2714 1605 2864 1673 Quod
2894 1608 3088 1660 scimus
3121 1606 3390 1676 loquimur,
3423 1603 3631 1672 etquod
3656 1605 3871 1656 uidimus
3904 1613 3980 1657 te-

2384 1707 2600 1751 stmuur.
2645 1697 2754 1751 Iloc
2786 1705 2965 1751 autem
2994 1695 3232 1751 nondum
3266 1695 3463 1750 factum
3495 1693 3685 1748 fuerat.
3714 1694 3824 1748 Cur
3846 1707 3983 1763 ergo

2385 1789 2534 1852 dicit,
2586 1787 2736 1853 Quod
2764 1787 3024 1843 vidimus?
3067 1789 3261 1841 Annon
3311 1784 3650 1840 manifestum
3691 1795 3774 1840 cst
3805 1786 3985 1854 Ipsum

2388 1880 2530 1951 loqui
2557 1879 2623 1934 de
2657 1888 2900 1934 accurata
2923 1878 3250 1948 cognitione,
3278 1893 3397 1946 qum
3424 1891 3527 1929 non
3554 1890 3737 1930 errare
3768 1875 3986 1944 possit?

2391 1973 2455 2025 Et
2472 1974 2809 2027 testimonium
2828 1980 3054 2024 nostrum
3083 1987 3229 2024 nemo
3255 1970 3462 2038 accipit.
3486 1967 3618 2022 Illud
3643 1982 3793 2036 ergo,
3827 1966 3985 2031 Quod

2387 2066 2594 2130 scimus,
2629 2065 2708 2119 vel
2750 2063 2819 2118 de
2855 2077 2914 2118 se
2960 2071 3015 2116 et
3052 2061 3120 2117 de
3153 2062 3309 2116 Patre
3355 2061 3518 2123 dicit,
3553 2059 3634 2113 vel
3675 2059 3742 2113 de
3775 2072 3834 2113 se
3866 2059 3989 2128 ipso

2385 2159 2580 2212 solum.
2625 2155 2755 2210 Illud
2799 2171 2948 2220 vero,
2997 2154 3162 2208 Nemo
3188 2155 3389 2223 accipit,
3437 2168 3541 2206 non
3573 2166 3715 2221 aegre
3760 2150 3989 2205 ferentis

2388 2265 2530 2305 nunc
2555 2257 2658 2310 est,
2685 2248 2776 2302 sed
2800 2263 2912 2303 rem
2935 2257 3136 2317 gestam
3159 2246 3442 2300 narrantis.
3477 2244 3593 2298 Non
3625 2243 3769 2298 enim
3800 2243 3940 2296 dixit
3971 2260 3985 2296 :

2388 2340 2526 2407 Quid
2550 2340 2700 2394 vobis
2730 2338 3091 2393 insensibilius
3135 2338 3205 2391 sit
3231 2377 3246 2402 ,
3278 2337 3368 2407 qui
3429 2349 3488 2388 ea
3516 2349 3636 2402 qua":
3665 2349 3693 2386 a
3725 2333 3884 2388 nobis
3913 2332 3990 2387 ita

2391 2441 2638 2485 accurate
2663 2430 3052 2484 annuntiantur
3083 2444 3187 2482 non
3212 2426 3536 2483 admittitis?
3583 2424 3676 2480 sed
3724 2423 3887 2478 rebus
3935 2431 3994 2477 et

2397 2520 2575 2575 verbis
2621 2519 2821 2572 nullam
2854 2533 2958 2573 non
2993 2519 3458 2573 mansuetudinem
3510 2514 3807 2577 exhibens,
3853 2512 3992 2568 nihil

2396 2611 2468 2664 ita
2495 2610 2763 2680 loquitur;
2803 2609 2894 2664 sed
2941 2610 3055 2664 miti
3086 2623 3335 2664 sermone
3384 2606 3529 2678 quod
3583 2605 3820 2660 futurum
3868 2613 3994 2658 erat

2394 2703 2654 2773 praedicit,
2710 2717 2809 2757 nos
2858 2702 2981 2756 hinc
3027 2717 3236 2772 quoque
3286 2700 3353 2754 ad
3388 2713 3650 2754 summam
3701 2697 3996 2751 instituens

2394 2793 2856 2849 mansuetudinem
2880 2834 2895 2859 ,
2934 2802 2989 2846 ut
3017 2808 3137 2848 cum
3188 2791 3447 2862 quosdam
3488 2790 3814 2858 alloquimur
3843 2828 3858 2852 ,
3888 2802 3996 2843 nec

2396 2886 2527 2956 ipsis
2552 2885 2837 2940 suademus
2857 2926 2873 2952 ,
2902 2901 2970 2939 ne
3002 2884 3052 2938 id
3078 2884 3292 2954 indigne
3321 2881 3576 2937 feramus.
3615 2879 3748 2935 Nam
3777 2879 3870 2948 qui
3903 2879 3994 2933 in-

2397 2977 2665 3047 dignatur,
2700 2975 2827 3029 nihil
2866 2975 3126 3044 perlicere
3165 2974 3336 3041 solet,
3369 2971 3464 3027 sed
3495 2971 3664 3041 magis
3690 2985 3720 3023 a
3753 2969 3860 3024 ﬁde
3893 2969 3996 3022 Ira-

2399 3069 2568 3126 bcnda
2621 3070 2829 3123 avertit.
2863 3069 2986 3122 Ideo
3029 3076 3241 3136 oportet
3288 3067 3356 3121 ab
3385 3066 3462 3120 ira
3492 3065 3763 3120 abstinere
3804 3079 3818 3116 :
3861 3061 3994 3116 illud

2398 3176 2527 3216 vero
2552 3161 2692 3231 quod
2720 3160 2948 3214 dicimus
2994 3158 3097 3213 fide
3120 3158 3337 3227 dignum
3366 3154 3616 3220 reddere,
3647 3152 3996 3217 abstinendo,

2399 3267 2502 3306 non
2533 3253 2599 3306 ab
2623 3252 2696 3304 ira
2725 3250 2903 3316 modo,
2929 3249 3022 3303 sed
3071 3250 3230 3303 etiam
3254 3265 3281 3300 a
3310 3236 3569 3302 clamore.
3594 3244 3809 3300 Materia
3847 3244 3997 3298 enim

2398 3342 2491 3398 irae
2520 3343 2742 3396 clamor.
2767 3339 3123 3411 Impediamus
3158 3340 3316 3409 igitur
3341 3353 3559 3408 equum,
3592 3347 3649 3391 ut
3677 3335 4001 3405 dejiciamus

2397 3435 2634 3504 equitem
2660 3449 2674 3497 ;
2706 3433 2797 3487 ira:
2827 3447 3031 3502 pennas
3065 3430 3356 3493 caedamus,
3379 3444 3447 3484 ne
3467 3427 3663 3481 malum
3695 3434 3996 3481 accrescat.

2401 3527 2600 3580 Acutus
2629 3531 2774 3579 enim
2811 3523 3032 3577 morbus
3060 3531 3144 3576 est
3169 3523 3247 3576 ira
3272 3562 3288 3587 ,
3318 3521 3408 3590 qui
3461 3518 3631 3589 possit
3665 3516 3874 3571 animas
3901 3531 3999 3570 no-

2401 3629 2541 3675 stras
2571 3619 2839 3689 decipere.
2882 3617 3004 3672 Ideo
3038 3617 3111 3670 illi
3157 3615 3331 3669 aditus
3368 3613 3602 3681 undique
3636 3609 4003 3664 intercluden-

2402 3712 2502 3767 dus
2550 3723 2650 3766 est.
2703 3710 2833 3765 Nam
2876 3708 3166 3764 absurdum
3215 3715 3356 3761 esset
3403 3706 3542 3759 feras
3591 3701 4002 3757 mansuefacere

2406 3821 2601 3876 posse,
2647 3812 2878 3859 mentem
2922 3817 3049 3856 vero
3103 3809 3338 3854 nostram
3384 3797 3660 3852 efferatam
3690 3794 3998 3865 despicere.

2406 3900 2545 3968 Ignis
2575 3897 2862 3952 vehemens
2887 3905 2969 3948 est
3000 3893 3075 3947 ira
3111 3934 3126 3958 ,
3158 3891 3246 3960 qui
3279 3890 3456 3945 omnia
3487 3887 3723 3942 absumit
3749 3905 3760 3938 :
3792 3900 3918 3939 nam
3947 3892 4003 3938 et

2403 4001 2597 4057 corpus
2638 3987 2929 4056 corrumpit
2961 3993 3014 4038 et
3039 3984 3269 4036 animam
3312 3979 3628 4044 labefactat,
3662 3987 3821 4047 atque
3851 3975 3996 4046 inju-

2404 4079 2634 4136 cundum
2664 4081 2886 4146 visuque
2935 4089 3143 4144 turpem
3186 4073 3459 4127 hominem
3509 4068 3706 4124 reddit.
3747 4067 3914 4123 Certe
3954 4068 4000 4121 si

2407 4176 2571 4229 iratus
2611 4172 2844 4239 seipsqu
2874 4169 3067 4222 intueri
3117 4173 3340 4236 posset,
3375 4179 3480 4218 non
3535 4164 3702 4216 altera
3734 4161 4003 4229 indigeret

2409 4264 2792 4321 admonitione.
2819 4261 2960 4315 Nihil
2982 4259 3124 4314 enim
3150 4259 3422 4312 insuavius
3450 4256 3585 4309 irato
3605 4253 3774 4308 vultu.
3807 4253 3998 4308 Ebrie-

2411 4369 2492 4413 tas
2534 4354 2774 4426 quardam
2826 4354 2900 4406 ira
2932 4361 3012 4406 est
3033 4393 3046 4416 ,
3091 4350 3198 4404 imo
3228 4349 3491 4404 ebrietate
3519 4346 3777 4412 deterior,
3801 4354 3859 4400 et
3885 4345 4003 4400 da-

2411 4467 2568 4506 nione
2605 4447 2982 4503 miserabilior.
3022 4445 3214 4498 Verum
3253 4444 3296 4496 si
3331 4457 3581 4497 curemus
3609 4456 3677 4496 ne
3707 4441 3759 4494 in
3788 4440 4002 4495 clamo-

2411 4560 2522 4599 rem
2546 4555 2910 4610 erumpamus,
2933 4538 3186 4609 0ptimam
3210 4535 3562 4603 philosorihia:
3588 4533 3724 4586 viam
3761 4532 4004 4587 invenie-

2411 4652 2549 4691 mus.
2580 4635 2705 4689 Ideo
2736 4633 2932 4686 Paulus
2961 4644 3066 4683 non
3091 4629 3221 4681 iram
3250 4627 3409 4680 modo
3429 4667 3444 4693 ,
3470 4625 3563 4680 sed
3604 4626 3764 4679 etiam
3793 4624 4005 4678 clamo-

2413 4745 2525 4783 rem
2553 4729 2721 4782 vitare
2747 4725 2896 4793 jubet
2928 4742 2940 4778 :
2979 4721 3154 4776 Omnis
3176 4721 3253 4772 ira
3278 4729 3322 4772 et
3349 4719 3543 4772 clamor
3575 4717 3785 4770 tollatur
3811 4731 3844 4768 a
3867 4716 4010 4768 vobis

2415 4822 2630 4894 (Ephes.
2657 4821 2707 4874 4.
2750 4819 2863 4889 51).
2888 4813 3367 4882 Obtemperemus’
3387 4824 3515 4878 ergo
3539 4808 3662 4862 huic
3683 4808 3860 4860 omnis
3886 4807 4009 4877 phi-

2414 4915 2668 4984 losophiae
2700 4911 2986 4981 magistro:
3010 4915 3202 4963 etcum
3225 4913 3411 4958 contra
3443 4915 3629 4956 servos
3657 4909 3875 4955 nostros
3906 4903 4010 4954 ira-

2415 5012 2632 5073 scimur,
2657 5015 2867 5076 peccata
2894 5009 3075 5056 nostra
3106 4999 3419 5068 cogitemus,
3440 5003 3492 5049 et
3513 5009 3699 5048 eorum
3727 5006 3826 5046 nos
3853 5009 4008 5045 Inan-

2417 5099 2711 5156 suotudinis
2729 5096 2939 5167 pudeat.
2970 5091 3100 5147 Cum
3129 5090 3269 5145 enim
3300 5096 3354 5141 tu
3383 5086 3641 5141 conviciis
3667 5096 3892 5146 oneras,
3927 5081 4016 5135 ille

2419 5207 2547 5246 vero
2568 5189 2729 5244 silens
2754 5184 2990 5240 convicia
3025 5181 3216 5235 tolerat
3242 5196 3256 5242 ;
3292 5187 3346 5231 tu
3374 5187 3424 5231 te
3452 5175 3679 5244 turpiter
3707 5173 3882 5243 geris,
3916 5171 4011 5226 ille

2422 5275 2824 5352 philosophatur
2855 5296 2866 5330 :
2893 5275 2941 5329 id
2968 5289 3063 5344 pro
3077 5270 3439 5326 admonitione
3461 5267 3682 5322 habeas.
3715 5265 3830 5320 Etsi
3860 5279 4017 5318 nam-

2421 5390 2523 5443 que
2545 5387 2754 5433 servus,
2789 5369 2948 5422 homo
2974 5375 3150 5418 tamen
3175 5370 3275 5427 est,
3301 5362 3474 5415 anima
3507 5357 3761 5426 prmditus
3792 5356 4017 5410 immor-

2426 5464 2536 5525 tali,
2573 5462 2868 5528 iisdemque
2900 5475 2926 5512 a
2952 5455 3224 5512 communi
3257 5453 3484 5507 Domino
3509 5451 3804 5503 honoratus
3830 5447 4017 5502 donis.

2424 5555 2575 5624 Quod
2606 5555 2649 5606 si
2691 5568 2787 5624 par
2817 5550 2969 5604 nobis
2998 5549 3049 5601 in
3077 5545 3370 5614 tnajoribus
3399 5552 3453 5597 et
3479 5538 3889 5611 Spiritualibus,
3923 5538 4020 5590 hu-

2492 5695 2508 5724 ι
2548 5688 2710 5738 Morel.
2736 5687 2906 5742 habet.
2927 5683 3139 5737 illorum,
3154 5694 3258 5742 pro,
3279 5677 3430 5731 illius.

2491 5756 2510 5786 ’
2547 5760 2672 5800 Unus
2692 5751 2834 5798 habet
2867 5740 3008 5796 :ldeo
3033 5740 3289 5794 Paulus...
3326 5742 3585 5791 clamorem
3610 5740 3898 5800 suppressit.
3929 5740 4022 5794 Ob-

2432 5824 2765 5878 temperemus,
2790 5820 2909 5869 elc.,
2936 5808 3122 5856 omissis
3151 5805 3465 5866 interpositis.
