  <div class='ocr_page' id='page_1' title='image "/cluster/home/n/w/nwhite01/storage/ocr_20150623/59/pst.000005712595/156.png"; bbox 0 0 4162 6326; ppageno 0'>
   <div class='ocr_carea' id='block_1_1' title="bbox 172 341 1827 412">
    <p class='ocr_par' dir='ltr' id='par_1_1' title="bbox 172 341 1827 412">
     <span class='ocr_line' id='line_1_1' title="bbox 172 341 1827 412; baseline -0.01 -1"><span class='ocrx_word' id='word_1_1' title='bbox 172 354 261 412; x_wconf 68' lang='grc' dir='ltr'><strong>ἰῖτ</strong></span> <span class='ocrx_word' id='word_1_2' title='bbox 1135 346 1202 402; x_wconf 80' lang='grc' dir='ltr'><strong>ΙΝ</strong></span> <span class='ocrx_word' id='word_1_3' title='bbox 1242 343 1553 402; x_wconf 73' lang='lat' dir='ltr'><strong>JOANNEM</strong></span> <span class='ocrx_word' id='word_1_4' title='bbox 1597 341 1827 398; x_wconf 78' lang='lat' dir='ltr'><strong>IIOMIL.</strong></span> 
     </span>
    </p>
   </div>
   <div class='ocr_carea' id='block_1_2' title="bbox 170 435 1769 511">
    <p class='ocr_par' dir='ltr' id='par_1_2' title="bbox 170 435 1769 511">
     <span class='ocr_line' id='line_1_2' title="bbox 170 435 1769 511; baseline -0.009 -9"><span class='ocrx_word' id='word_1_5' title='bbox 170 461 333 502; x_wconf 59' lang='lat' dir='ltr'><strong>manas</strong></span> <span class='ocrx_word' id='word_1_6' title='bbox 366 442 656 511; x_wconf 81' lang='lat' dir='ltr'><strong>cujusdam</strong></span> <span class='ocrx_word' id='word_1_7' title='bbox 694 456 749 499; x_wconf 90' lang='lat' dir='ltr'><strong>et</strong></span> <span class='ocrx_word' id='word_1_8' title='bbox 786 441 903 497; x_wconf 89' lang='lat' dir='ltr'><strong>vilis</strong></span> <span class='ocrx_word' id='word_1_9' title='bbox 938 440 1303 510; x_wconf 67' lang='lat' dir='ltr'><strong>prterogativa:</strong></span> <span class='ocrx_word' id='word_1_10' title='bbox 1333 437 1499 507; x_wconf 88' lang='lat' dir='ltr'><strong>gratia</strong></span> <span class='ocrx_word' id='word_1_11' title='bbox 1531 435 1769 490; x_wconf 90' lang='lat' dir='ltr'><strong>convicia</strong></span> 
     </span>
    </p>
   </div>
   <div class='ocr_carea' id='block_1_3' title="bbox 168 523 1761 600">
    <p class='ocr_par' dir='ltr' id='par_1_3' title="bbox 168 523 1761 600">
     <span class='ocr_line' id='line_1_3' title="bbox 168 523 1761 600; baseline -0.008 -10"><span class='ocrx_word' id='word_1_12' title='bbox 168 545 343 590; x_wconf 88' lang='lat' dir='ltr'><strong>nostra</strong></span> <span class='ocrx_word' id='word_1_13' title='bbox 380 534 455 587; x_wconf 88' lang='lat' dir='ltr'><strong>ita</strong></span> <span class='ocrx_word' id='word_1_14' title='bbox 484 541 774 587; x_wconf 86' lang='lat' dir='ltr'><strong>mansuete</strong></span> <span class='ocrx_word' id='word_1_15' title='bbox 805 531 941 586; x_wconf 87' lang='lat' dir='ltr'><strong>lerat</strong></span> <span class='ocrx_word' id='word_1_16' title='bbox 969 547 982 583; x_wconf 91' lang='lat'>:</span> <span class='ocrx_word' id='word_1_17' title='bbox 1012 544 1115 600; x_wconf 88' lang='lat' dir='ltr'><strong>qua</strong></span> <span class='ocrx_word' id='word_1_18' title='bbox 1146 528 1298 583; x_wconf 89' lang='lat' dir='ltr'><strong>venia</strong></span> <span class='ocrx_word' id='word_1_19' title='bbox 1322 570 1337 595; x_wconf 89' lang='lat'><strong>,</strong></span> <span class='ocrx_word' id='word_1_20' title='bbox 1367 537 1419 582; x_wconf 88' lang='lat' dir='ltr'><strong>et</strong></span> <span class='ocrx_word' id='word_1_21' title='bbox 1451 541 1555 595; x_wconf 91' lang='lat' dir='ltr'><strong>qua</strong></span> <span class='ocrx_word' id='word_1_22' title='bbox 1577 523 1761 579; x_wconf 84' lang='lat' dir='ltr'><strong>delen-</strong></span> 
     </span>
    </p>
   </div>
   <div class='ocr_carea' id='block_1_4' title="bbox 168 622 1766 695">
    <p class='ocr_par' dir='ltr' id='par_1_4' title="bbox 168 622 1766 695">
     <span class='ocr_line' id='line_1_4' title="bbox 168 622 1766 695; baseline -0.008 -12"><span class='ocrx_word' id='word_1_23' title='bbox 168 630 315 683; x_wconf 84' lang='lat' dir='ltr'><strong>sione</strong></span> <span class='ocrx_word' id='word_1_24' title='bbox 341 624 487 695; x_wconf 88' lang='lat' dir='ltr'><strong>digni</strong></span> <span class='ocrx_word' id='word_1_25' title='bbox 520 626 745 688; x_wconf 84' lang='lat' dir='ltr'><strong>erimus,</strong></span> <span class='ocrx_word' id='word_1_26' title='bbox 779 623 868 693; x_wconf 90' lang='lat' dir='ltr'><strong>qui</strong></span> <span class='ocrx_word' id='word_1_27' title='bbox 902 622 1085 676; x_wconf 87' lang='lat' dir='ltr'><strong>divino</strong></span> <span class='ocrx_word' id='word_1_28' title='bbox 1113 629 1257 675; x_wconf 87' lang='lat' dir='ltr'><strong>metu</strong></span> <span class='ocrx_word' id='word_1_29' title='bbox 1303 633 1409 672; x_wconf 87' lang='lat' dir='ltr'><strong>non</strong></span> <span class='ocrx_word' id='word_1_30' title='bbox 1442 630 1729 688; x_wconf 86' lang='lat' dir='ltr'><strong>possumus</strong></span> <span class='ocrx_word' id='word_1_31' title='bbox 1752 657 1766 680; x_wconf 91' lang='lat'><strong>,</strong></span> 
     </span>
    </p>
   </div>
   <div class='ocr_carea' id='block_1_5' title="bbox 166 708 1768 782">
    <p class='ocr_par' dir='ltr' id='par_1_5' title="bbox 166 708 1768 782">
     <span class='ocr_line' id='line_1_5' title="bbox 166 708 1768 782; baseline -0.008 -9"><span class='ocrx_word' id='word_1_32' title='bbox 166 720 266 773; x_wconf 88' lang='lat' dir='ltr'><strong>imo</strong></span> <span class='ocrx_word' id='word_1_33' title='bbox 297 717 556 772; x_wconf 82' lang='lat' dir='ltr'><strong>nolumus</strong></span> <span class='ocrx_word' id='word_1_34' title='bbox 585 758 599 781; x_wconf 87' lang='lat'><strong>,</strong></span> <span class='ocrx_word' id='word_1_35' title='bbox 631 725 687 769; x_wconf 93' lang='lat' dir='ltr'><strong>ut</strong></span> <span class='ocrx_word' id='word_1_36' title='bbox 725 716 813 770; x_wconf 89' lang='lat' dir='ltr'><strong>ille</strong></span> <span class='ocrx_word' id='word_1_37' title='bbox 835 722 1043 778; x_wconf 88' lang='lat' dir='ltr'><strong>nostro,</strong></span> <span class='ocrx_word' id='word_1_38' title='bbox 1078 709 1491 782; x_wconf 84' lang='lat' dir='ltr'><strong>phi1050phari?</strong></span> <span class='ocrx_word' id='word_1_39' title='bbox 1519 708 1643 763; x_wconf 70' lang='lat' dir='ltr'><strong>Hree</strong></span> <span class='ocrx_word' id='word_1_40' title='bbox 1670 708 1768 761; x_wconf 87' lang='lat' dir='ltr'><strong>ita-</strong></span> 
     </span>
    </p>
   </div>
   <div class='ocr_carea' id='block_1_6' title="bbox 162 809 1765 899">
    <p class='ocr_par' dir='ltr' id='par_1_6' title="bbox 162 809 1765 899">
     <span class='ocr_line' id='line_1_6' title="bbox 162 809 1765 899; baseline -0.005 -38"><span class='ocrx_word' id='word_1_41' title='bbox 162 827 258 880; x_wconf 87' lang='lat' dir='ltr'><strong>que</strong></span> <span class='ocrx_word' id='word_1_42' title='bbox 296 810 481 866; x_wconf 87' lang='lat' dir='ltr'><strong>omnia</strong></span> <span class='ocrx_word' id='word_1_43' title='bbox 531 810 811 865; x_wconf 87' lang='lat' dir='ltr'><strong>nobiscum</strong></span> <span class='ocrx_word' id='word_1_44' title='bbox 840 815 1151 876; x_wconf 89' lang='lat' dir='ltr'><strong>reputantes</strong></span> <span class='ocrx_word' id='word_1_45' title='bbox 1177 848 1193 872; x_wconf 94' lang='lat'><strong>,</strong></span> <span class='ocrx_word' id='word_1_46' title='bbox 1221 819 1285 858; x_wconf 92' lang='lat' dir='ltr'><strong>ac</strong></span> <span class='ocrx_word' id='word_1_47' title='bbox 1333 812 1550 873; x_wconf 89' lang='lat' dir='ltr'><strong>peccata</strong></span> <span class='ocrx_word' id='word_1_48' title='bbox 1582 809 1765 899; x_wconf 82' lang='lat' dir='ltr'><strong>nostra</strong></span> 
     </span>
    </p>
   </div>
   <div class='ocr_carea' id='block_1_7' title="bbox 164 892 1761 970">
    <p class='ocr_par' dir='ltr' id='par_1_7' title="bbox 164 892 1761 970">
     <span class='ocr_line' id='line_1_7' title="bbox 164 892 1761 970; baseline -0.006 -15"><span class='ocrx_word' id='word_1_49' title='bbox 164 910 475 970; x_wconf 68' lang='lat' dir='ltr'><strong>naturmque</strong></span> <span class='ocrx_word' id='word_1_50' title='bbox 508 899 838 953; x_wconf 75' lang='lat' dir='ltr'><strong>consortium</strong></span> <span class='ocrx_word' id='word_1_51' title='bbox 882 898 1180 967; x_wconf 75' lang='lat' dir='ltr'><strong>cogitantes</strong></span> <span class='ocrx_word' id='word_1_52' title='bbox 1201 936 1213 959; x_wconf 91' lang='lat'><strong>,</strong></span> <span class='ocrx_word' id='word_1_53' title='bbox 1245 902 1529 949; x_wconf 84' lang='lat' dir='ltr'><strong>mansuete</strong></span> <span class='ocrx_word' id='word_1_54' title='bbox 1560 892 1761 961; x_wconf 84' lang='lat' dir='ltr'><strong>ubique</strong></span> 
     </span>
    </p>
   </div>
   <div class='ocr_carea' id='block_1_8' title="bbox 1877 343 3495 425">
    <p class='ocr_par' dir='ltr' id='par_1_8' title="bbox 1877 343 3495 425">
     <span class='ocr_line' id='line_1_8' title="bbox 1877 343 3495 425; baseline 0.011 -26"><span class='ocrx_word' id='word_1_55' title='bbox 1877 343 2088 400; x_wconf 70' lang='lat' dir='ltr'><strong>XXVII.</strong></span> <span class='ocrx_word' id='word_1_56' title='bbox 2132 347 2204 401; x_wconf 89' lang='lat' dir='ltr'><strong>al.</strong></span> <span class='ocrx_word' id='word_1_57' title='bbox 2249 347 2441 405; x_wconf 69' lang='lat' dir='ltr'><strong>XXVI.</strong></span> <span class='ocrx_word' id='word_1_58' title='bbox 3396 368 3495 425; x_wconf 59' lang='grc'><strong>638</strong></span> 
     </span>
    </p>
   </div>
   <div class='ocr_carea' id='block_1_9' title="bbox 1884 434 3497 514">
    <p class='ocr_par' dir='ltr' id='par_1_9' title="bbox 1884 434 3497 514">
     <span class='ocr_line' id='line_1_9' title="bbox 1884 434 3497 514; baseline 0.012 -25"><span class='ocrx_word' id='word_1_59' title='bbox 1884 434 2026 505; x_wconf 82' lang='lat' dir='ltr'><strong>loqui</strong></span> <span class='ocrx_word' id='word_1_60' title='bbox 2057 438 2407 507; x_wconf 60' lang='lat' dir='ltr'><strong>studeamus,‘</strong></span> <span class='ocrx_word' id='word_1_61' title='bbox 2439 450 2498 496; x_wconf 90' lang='lat' dir='ltr'><strong>ut</strong></span> <span class='ocrx_word' id='word_1_62' title='bbox 2531 440 2762 498; x_wconf 83' lang='lat' dir='ltr'><strong>humiles</strong></span> <span class='ocrx_word' id='word_1_63' title='bbox 2792 444 2954 499; x_wconf 89' lang='lat' dir='ltr'><strong>corde</strong></span> <span class='ocrx_word' id='word_1_64' title='bbox 2978 444 3150 502; x_wconf 79' lang='lat' dir='ltr'><strong>ell‘ecti</strong></span> <span class='ocrx_word' id='word_1_65' title='bbox 3171 492 3185 514; x_wconf 96' lang='lat'><strong>,</strong></span> <span class='ocrx_word' id='word_1_66' title='bbox 3210 452 3497 509; x_wconf 73' lang='lat' dir='ltr'><strong>animabus</strong></span> 
     </span>
    </p>
   </div>
   <div class='ocr_carea' id='block_1_10' title="bbox 1877 529 3492 611">
    <p class='ocr_par' dir='ltr' id='par_1_10' title="bbox 1877 529 3492 611">
     <span class='ocr_line' id='line_1_10' title="bbox 1877 529 3492 611; baseline 0.012 -31"><span class='ocrx_word' id='word_1_67' title='bbox 1877 529 2081 584; x_wconf 88' lang='lat' dir='ltr'><strong>nostris</strong></span> <span class='ocrx_word' id='word_1_68' title='bbox 2107 530 2350 600; x_wconf 89' lang='lat' dir='ltr'><strong>requiem</strong></span> <span class='ocrx_word' id='word_1_69' title='bbox 2368 532 2709 589; x_wconf 83' lang='lat' dir='ltr'><strong>inveniamus</strong></span> <span class='ocrx_word' id='word_1_70' title='bbox 2731 545 2782 589; x_wconf 91' lang='lat' dir='ltr'><strong>et</strong></span> <span class='ocrx_word' id='word_1_71' title='bbox 2801 546 3124 606; x_wconf 66' lang='lat' dir='ltr'><strong>praesentem</strong></span> <span class='ocrx_word' id='word_1_72' title='bbox 3148 551 3198 594; x_wconf 89' lang='lat' dir='ltr'><strong>et</strong></span> <span class='ocrx_word' id='word_1_73' title='bbox 3224 539 3453 599; x_wconf 77' lang='lat' dir='ltr'><strong>futuram</strong></span> <span class='ocrx_word' id='word_1_74' title='bbox 3478 564 3492 611; x_wconf 88' lang='lat'><strong>;</strong></span> 
     </span>
    </p>
   </div>
   <div class='ocr_carea' id='block_1_11' title="bbox 1877 622 3494 707">
    <p class='ocr_par' dir='ltr' id='par_1_11' title="bbox 1877 622 3494 707">
     <span class='ocr_line' id='line_1_11' title="bbox 1877 622 3494 707; baseline 0.013 -36"><span class='ocrx_word' id='word_1_75' title='bbox 1877 634 2036 687; x_wconf 85' lang='lat' dir='ltr'><strong>quant</strong></span> <span class='ocrx_word' id='word_1_76' title='bbox 2072 622 2274 676; x_wconf 83' lang='lat' dir='ltr'><strong>utinam</strong></span> <span class='ocrx_word' id='word_1_77' title='bbox 2313 639 2503 681; x_wconf 89' lang='lat' dir='ltr'><strong>omnes</strong></span> <span class='ocrx_word' id='word_1_78' title='bbox 2552 640 2930 696; x_wconf 78' lang='lat' dir='ltr'><strong>assequamur,</strong></span> <span class='ocrx_word' id='word_1_79' title='bbox 2974 632 3142 699; x_wconf 85' lang='lat' dir='ltr'><strong>gratia</strong></span> <span class='ocrx_word' id='word_1_80' title='bbox 3173 644 3223 687; x_wconf 88' lang='lat' dir='ltr'><strong>et</strong></span> <span class='ocrx_word' id='word_1_81' title='bbox 3256 634 3494 707; x_wconf 78' lang='lat' dir='ltr'><strong>benigni-</strong></span> 
     </span>
    </p>
   </div>
   <div class='ocr_carea' id='block_1_12' title="bbox 1881 710 3497 798">
    <p class='ocr_par' dir='ltr' id='par_1_12' title="bbox 1881 710 3497 798">
     <span class='ocr_line' id='line_1_12' title="bbox 1881 710 3497 798; baseline 0.015 -37"><span class='ocrx_word' id='word_1_82' title='bbox 1881 718 1988 763; x_wconf 87' lang='lat' dir='ltr'><strong>tate</strong></span> <span class='ocrx_word' id='word_1_83' title='bbox 2037 710 2245 766; x_wconf 91' lang='lat' dir='ltr'><strong>Domini</strong></span> <span class='ocrx_word' id='word_1_84' title='bbox 2279 716 2446 769; x_wconf 86' lang='lat' dir='ltr'><strong>nustri</strong></span> <span class='ocrx_word' id='word_1_85' title='bbox 2474 716 2602 773; x_wconf 80' lang='lat' dir='ltr'><strong>Jesu</strong></span> <span class='ocrx_word' id='word_1_86' title='bbox 2630 719 2830 774; x_wconf 73' lang='lat' dir='ltr'><strong>Christi</strong></span> <span class='ocrx_word' id='word_1_87' title='bbox 2862 765 2877 789; x_wconf 93' lang='lat'><strong>,</strong></span> <span class='ocrx_word' id='word_1_88' title='bbox 2910 726 3125 794; x_wconf 87' lang='lat' dir='ltr'><strong>quieunt</strong></span> <span class='ocrx_word' id='word_1_89' title='bbox 3158 727 3300 782; x_wconf 72' lang='lat' dir='ltr'><strong>Patri</strong></span> <span class='ocrx_word' id='word_1_90' title='bbox 3330 730 3497 798; x_wconf 80' lang='lat' dir='ltr'><strong>gloria</strong></span> 
     </span>
    </p>
   </div>
   <div class='ocr_carea' id='block_1_13' title="bbox 1879 800 3497 887">
    <p class='ocr_par' dir='ltr' id='par_1_13' title="bbox 1879 800 3497 887">
     <span class='ocr_line' id='line_1_13' title="bbox 1879 800 3497 887; baseline 0.015 -35"><span class='ocrx_word' id='word_1_91' title='bbox 1879 814 2097 869; x_wconf 90' lang='lat' dir='ltr'><strong>unaque</strong></span> <span class='ocrx_word' id='word_1_92' title='bbox 2126 800 2349 873; x_wconf 86' lang='lat' dir='ltr'><strong>Spiritui</strong></span> <span class='ocrx_word' id='word_1_93' title='bbox 2383 818 2593 875; x_wconf 83' lang='lat' dir='ltr'><strong>sancto,</strong></span> <span class='ocrx_word' id='word_1_94' title='bbox 2626 827 2767 872; x_wconf 85' lang='lat' dir='ltr'><strong>nunc</strong></span> <span class='ocrx_word' id='word_1_95' title='bbox 2790 823 2843 869; x_wconf 84' lang='lat' dir='ltr'><strong>et</strong></span> <span class='ocrx_word' id='word_1_96' title='bbox 2869 830 3088 887; x_wconf 83' lang='lat' dir='ltr'><strong>semper</strong></span> <span class='ocrx_word' id='word_1_97' title='bbox 3112 859 3126 883; x_wconf 93' lang='lat'><strong>,</strong></span> <span class='ocrx_word' id='word_1_98' title='bbox 3155 820 3280 874; x_wconf 84' lang='lat' dir='ltr'><strong>etin</strong></span> <span class='ocrx_word' id='word_1_99' title='bbox 3302 824 3497 877; x_wconf 63' lang='lat' dir='ltr'><strong>saecula</strong></span> 
     </span>
    </p>
   </div>
   <div class='ocr_carea' id='block_1_14' title="bbox 1876 893 2460 954">
    <p class='ocr_par' dir='ltr' id='par_1_14' title="bbox 1876 893 2460 954">
     <span class='ocr_line' id='line_1_14' title="bbox 1876 893 2460 954; baseline 0.019 -10"><span class='ocrx_word' id='word_1_100' title='bbox 1876 893 2227 950; x_wconf 64' lang='lat' dir='ltr'><strong>surculorum.</strong></span> <span class='ocrx_word' id='word_1_101' title='bbox 2263 899 2460 954; x_wconf 85' lang='lat' dir='ltr'><strong>Amen.</strong></span> 
     </span>
    </p>
   </div>
   <div class='ocr_carea' id='block_1_15' title="bbox 1488 1105 2156 1171">
    <p class='ocr_par' dir='ltr' id='par_1_15' title="bbox 1488 1105 2156 1171">
     <span class='ocr_line' id='line_1_15' title="bbox 1488 1105 2156 1171; baseline 0.006 -4"><span class='ocrx_word' id='word_1_102' title='bbox 1488 1105 1837 1167; x_wconf 83' lang='lat' dir='ltr'><strong>HOMlLIA</strong></span> <span class='ocrx_word' id='word_1_103' title='bbox 1890 1105 2156 1171; x_wconf 81' lang='lat' dir='ltr'><strong>XXVII.</strong></span> 
     </span>
    </p>
   </div>
   <div class='ocr_carea' id='block_1_16' title="bbox 167 1247 1768 1323">
    <p class='ocr_par' dir='ltr' id='par_1_16' title="bbox 167 1247 1768 1323">
     <span class='ocr_line' id='line_1_16' title="bbox 167 1247 1768 1323; baseline -0.01 -10"><span class='ocrx_word' id='word_1_104' title='bbox 167 1257 240 1313; x_wconf 78' lang='grc'><strong>19..</strong></span> <span class='ocrx_word' id='word_1_105' title='bbox 272 1257 337 1312; x_wconf 87' lang='lat' dir='ltr'><strong>Si</strong></span> <span class='ocrx_word' id='word_1_106' title='bbox 363 1266 566 1309; x_wconf 87' lang='lat' dir='ltr'><strong>terrena</strong></span> <span class='ocrx_word' id='word_1_107' title='bbox 592 1254 697 1306; x_wconf 69' lang='lat' dir='ltr'><strong>dixi</strong></span> <span class='ocrx_word' id='word_1_108' title='bbox 736 1252 871 1306; x_wconf 82' lang='lat' dir='ltr'><strong>vobis</strong></span> <span class='ocrx_word' id='word_1_109' title='bbox 897 1295 910 1318; x_wconf 92' lang='lat'><strong>,</strong></span> <span class='ocrx_word' id='word_1_110' title='bbox 946 1262 991 1304; x_wconf 79' lang='lat' dir='ltr'><strong>et</strong></span> <span class='ocrx_word' id='word_1_111' title='bbox 1024 1270 1122 1305; x_wconf 89' lang='lat' dir='ltr'><strong>non</strong></span> <span class='ocrx_word' id='word_1_112' title='bbox 1155 1252 1379 1318; x_wconf 73' lang='lat' dir='ltr'><strong>creditis,</strong></span> <span class='ocrx_word' id='word_1_113' title='bbox 1412 1252 1690 1323; x_wconf 79' lang='lat' dir='ltr'><strong>quomodo,</strong></span> <span class='ocrx_word' id='word_1_114' title='bbox 1725 1247 1768 1299; x_wconf 71' lang='lat' dir='ltr'><strong>si</strong></span> 
     </span>
    </p>
   </div>
   <div class='ocr_carea' id='block_1_17' title="bbox 222 1343 1765 1408">
    <p class='ocr_par' dir='ltr' id='par_1_17' title="bbox 222 1343 1765 1408">
     <span class='ocr_line' id='line_1_17' title="bbox 222 1343 1765 1408; baseline -0.005 -5"><span class='ocrx_word' id='word_1_115' title='bbox 222 1350 407 1403; x_wconf 64' lang='lat' dir='ltr'><strong>dixero</strong></span> <span class='ocrx_word' id='word_1_116' title='bbox 435 1348 574 1402; x_wconf 80' lang='lat' dir='ltr'><strong>vobis</strong></span> <span class='ocrx_word' id='word_1_117' title='bbox 618 1344 837 1399; x_wconf 73' lang='lat' dir='ltr'><strong>cwlestia</strong></span> <span class='ocrx_word' id='word_1_118' title='bbox 859 1385 874 1408; x_wconf 90' lang='lat'><strong>,</strong></span> <span class='ocrx_word' id='word_1_119' title='bbox 910 1343 1163 1398; x_wconf 75' lang='lat' dir='ltr'><strong>credetis?</strong></span> <span class='ocrx_word' id='word_1_120' title='bbox 1208 1345 1295 1401; x_wconf 74' lang='grc'><strong>15.</strong></span> <span class='ocrx_word' id='word_1_121' title='bbox 1344 1343 1512 1397; x_wconf 83' lang='lat' dir='ltr'><strong>Nemo</strong></span> <span class='ocrx_word' id='word_1_122' title='bbox 1539 1343 1765 1397; x_wconf 77' lang='lat' dir='ltr'><strong>ascendit</strong></span> 
     </span>
    </p>
   </div>
   <div class='ocr_carea' id='block_1_18' title="bbox 223 1434 1760 1507">
    <p class='ocr_par' dir='ltr' id='par_1_18' title="bbox 223 1434 1760 1507">
     <span class='ocr_line' id='line_1_18' title="bbox 223 1434 1760 1507; baseline -0.001 -16"><span class='ocrx_word' id='word_1_123' title='bbox 223 1439 278 1491; x_wconf 85' lang='lat' dir='ltr'><strong>in</strong></span> <span class='ocrx_word' id='word_1_124' title='bbox 309 1440 519 1500; x_wconf 67' lang='lat' dir='ltr'><strong>caelum,</strong></span> <span class='ocrx_word' id='word_1_125' title='bbox 545 1436 643 1491; x_wconf 86' lang='lat' dir='ltr'><strong>nisi</strong></span> <span class='ocrx_word' id='word_1_126' title='bbox 670 1436 758 1507; x_wconf 85' lang='lat' dir='ltr'><strong>qui</strong></span> <span class='ocrx_word' id='word_1_127' title='bbox 784 1435 845 1489; x_wconf 86' lang='lat' dir='ltr'><strong>de</strong></span> <span class='ocrx_word' id='word_1_128' title='bbox 869 1434 994 1501; x_wconf 67' lang='lat' dir='ltr'><strong>caelo</strong></span> <span class='ocrx_word' id='word_1_129' title='bbox 1017 1434 1296 1501; x_wconf 71' lang='lat' dir='ltr'><strong>descendit,</strong></span> <span class='ocrx_word' id='word_1_130' title='bbox 1328 1434 1373 1489; x_wconf 83' lang='lat' dir='ltr'><em>F</em></span> <span class='ocrx_word' id='word_1_131' title='bbox 1376 1436 1494 1490; x_wconf 85' lang='lat' dir='ltr'><strong>ilius</strong></span> <span class='ocrx_word' id='word_1_132' title='bbox 1522 1435 1760 1500; x_wconf 76' lang='lat' dir='ltr'><strong>hominis,</strong></span> 
     </span>
    </p>
   </div>
   <div class='ocr_carea' id='block_1_19' title="bbox 222 1530 654 1601">
    <p class='ocr_par' dir='ltr' id='par_1_19' title="bbox 222 1530 654 1601">
     <span class='ocr_line' id='line_1_19' title="bbox 222 1530 654 1601; baseline -0.009 -16"><span class='ocrx_word' id='word_1_133' title='bbox 222 1534 313 1601; x_wconf 78' lang='lat' dir='ltr'><strong>qui</strong></span> <span class='ocrx_word' id='word_1_134' title='bbox 335 1542 407 1586; x_wconf 80' lang='lat' dir='ltr'><strong>est</strong></span> <span class='ocrx_word' id='word_1_135' title='bbox 430 1533 480 1586; x_wconf 87' lang='lat' dir='ltr'><strong>in</strong></span> <span class='ocrx_word' id='word_1_136' title='bbox 511 1530 654 1582; x_wconf 78' lang='lat' dir='ltr'><strong>cwlo.</strong></span> 
     </span>
    </p>
   </div>
   <div class='ocr_carea' id='block_1_20' title="bbox 227 1621 1761 1692">
    <p class='ocr_par' dir='ltr' id='par_1_20' title="bbox 227 1621 1761 1692">
     <span class='ocr_line' id='line_1_20' title="bbox 227 1621 1761 1692; baseline -0.006 -10"><span class='ocrx_word' id='word_1_137' title='bbox 227 1630 277 1682; x_wconf 70' lang='grc' dir='ltr'><strong>ί.</strong></span> <span class='ocrx_word' id='word_1_138' title='bbox 310 1628 549 1683; x_wconf 80' lang='lat' dir='ltr'><strong>Christus</strong></span> <span class='ocrx_word' id='word_1_139' title='bbox 588 1629 882 1685; x_wconf 82' lang='lat' dir='ltr'><strong>auditorum</strong></span> <span class='ocrx_word' id='word_1_140' title='bbox 913 1626 1249 1683; x_wconf 80' lang='lat' dir='ltr'><strong>imbecillitati</strong></span> <span class='ocrx_word' id='word_1_141' title='bbox 1291 1642 1345 1681; x_wconf 84' lang='lat' dir='ltr'><strong>se</strong></span> <span class='ocrx_word' id='word_1_142' title='bbox 1373 1621 1761 1692; x_wconf 85' lang='lat' dir='ltr'><strong>attemperabat,</strong></span> 
     </span>
    </p>
   </div>
   <div class='ocr_carea' id='block_1_21' title="bbox 162 1716 1771 1793">
    <p class='ocr_par' dir='ltr' id='par_1_21' title="bbox 162 1716 1771 1793">
     <span class='ocr_line' id='line_1_21' title="bbox 162 1716 1771 1793; baseline -0.003 -21"><span class='ocrx_word' id='word_1_143' title='bbox 162 1720 416 1789; x_wconf 80' lang='lat' dir='ltr'><strong>quomodo</strong></span> <span class='ocrx_word' id='word_1_144' title='bbox 440 1730 489 1775; x_wconf 86' lang='lat' dir='ltr'><strong>et</strong></span> <span class='ocrx_word' id='word_1_145' title='bbox 518 1738 620 1791; x_wconf 84' lang='lat' dir='ltr'><strong>qua</strong></span> <span class='ocrx_word' id='word_1_146' title='bbox 651 1730 831 1776; x_wconf 84' lang='lat' dir='ltr'><strong>mente.</strong></span> <span class='ocrx_word' id='word_1_147' title='bbox 865 1720 1125 1793; x_wconf 85' lang='lat' dir='ltr'><strong>Unigeniti</strong></span> <span class='ocrx_word' id='word_1_148' title='bbox 1152 1718 1410 1792; x_wconf 84' lang='lat' dir='ltr'><strong>generatio</strong></span> <span class='ocrx_word' id='word_1_149' title='bbox 1440 1733 1542 1771; x_wconf 91' lang='lat' dir='ltr'><strong>non</strong></span> <span class='ocrx_word' id='word_1_150' title='bbox 1570 1716 1771 1769; x_wconf 87' lang='lat' dir='ltr'><strong>ratione</strong></span> 
     </span>
    </p>
   </div>
   <div class='ocr_carea' id='block_1_22' title="bbox 162 1810 1768 1883">
    <p class='ocr_par' dir='ltr' id='par_1_22' title="bbox 162 1810 1768 1883">
     <span class='ocr_line' id='line_1_22' title="bbox 162 1810 1768 1883; baseline -0.001 -21"><span class='ocrx_word' id='word_1_151' title='bbox 162 1812 484 1879; x_wconf 82' lang='lat' dir='ltr'><strong>inquirenda.</strong></span> <span class='ocrx_word' id='word_1_152' title='bbox 526 1810 710 1866; x_wconf 83' lang='lat' dir='ltr'><strong>Versus</strong></span> <span class='ocrx_word' id='word_1_153' title='bbox 760 1830 890 1883; x_wconf 81' lang='lat' dir='ltr'><strong>quos</strong></span> <span class='ocrx_word' id='word_1_154' title='bbox 918 1813 1137 1883; x_wconf 73' lang='lat' dir='ltr'><strong>explicat</strong></span> <span class='ocrx_word' id='word_1_155' title='bbox 1181 1814 1311 1866; x_wconf 83' lang='lat' dir='ltr'><strong>inter</strong></span> <span class='ocrx_word' id='word_1_156' title='bbox 1338 1828 1392 1865; x_wconf 89' lang='lat' dir='ltr'><strong>se</strong></span> <span class='ocrx_word' id='word_1_157' title='bbox 1437 1810 1691 1867; x_wconf 77' lang='lat' dir='ltr'><strong>coluerere</strong></span> <span class='ocrx_word' id='word_1_158' title='bbox 1721 1816 1768 1861; x_wconf 87' lang='lat' dir='ltr'><strong>et</strong></span> 
     </span>
    </p>
   </div>
   <div class='ocr_carea' id='block_1_23' title="bbox 161 1901 1767 1977">
    <p class='ocr_par' dir='ltr' id='par_1_23' title="bbox 161 1901 1767 1977">
     <span class='ocr_line' id='line_1_23' title="bbox 161 1901 1767 1977; baseline -0.001 -22"><span class='ocrx_word' id='word_1_159' title='bbox 161 1903 413 1971; x_wconf 84' lang='lat' dir='ltr'><strong>quadrare</strong></span> <span class='ocrx_word' id='word_1_160' title='bbox 467 1904 777 1959; x_wconf 84' lang='lat' dir='ltr'><strong>demonstrat</strong></span> <span class='ocrx_word' id='word_1_161' title='bbox 822 1904 1234 1977; x_wconf 80' lang='lat' dir='ltr'><strong>Chrysostontns.</strong></span> <span class='ocrx_word' id='word_1_162' title='bbox 1294 1933 1362 1942; x_wconf 94' lang='lat'>—</span> <span class='ocrx_word' id='word_1_163' title='bbox 1418 1901 1572 1968; x_wconf 87' lang='lat' dir='ltr'><strong>Quod</strong></span> <span class='ocrx_word' id='word_1_164' title='bbox 1624 1914 1767 1970; x_wconf 75' lang='lat' dir='ltr'><strong>smpe</strong></span> 
     </span>
    </p>
   </div>
   <div class='ocr_carea' id='block_1_24' title="bbox 161 1992 1762 2062">
    <p class='ocr_par' dir='ltr' id='par_1_24' title="bbox 161 1992 1762 2062">
     <span class='ocr_line' id='line_1_24' title="bbox 161 1992 1762 2062; baseline -0.002 -15"><span class='ocrx_word' id='word_1_165' title='bbox 161 1995 259 2049; x_wconf 79' lang='lat' dir='ltr'><strong>dixi</strong></span> <span class='ocrx_word' id='word_1_166' title='bbox 291 2037 305 2059; x_wconf 92' lang='lat'><strong>,</strong></span> <span class='ocrx_word' id='word_1_167' title='bbox 355 1996 467 2051; x_wconf 83' lang='lat' dir='ltr'><strong>hoe</strong></span> <span class='ocrx_word' id='word_1_168' title='bbox 496 2007 550 2049; x_wconf 88' lang='lat' dir='ltr'><strong>et</strong></span> <span class='ocrx_word' id='word_1_169' title='bbox 582 2012 723 2055; x_wconf 90' lang='lat' dir='ltr'><strong>nunc</strong></span> <span class='ocrx_word' id='word_1_170' title='bbox 748 1997 944 2062; x_wconf 89' lang='lat' dir='ltr'><strong>dicam,</strong></span> <span class='ocrx_word' id='word_1_171' title='bbox 987 2012 1087 2053; x_wconf 91' lang='lat' dir='ltr'><strong>nec</strong></span> <span class='ocrx_word' id='word_1_172' title='bbox 1119 1996 1281 2050; x_wconf 86' lang='lat' dir='ltr'><strong>linem</strong></span> <span class='ocrx_word' id='word_1_173' title='bbox 1312 1993 1522 2049; x_wconf 87' lang='lat' dir='ltr'><strong>dicendi</strong></span> <span class='ocrx_word' id='word_1_174' title='bbox 1550 1992 1762 2047; x_wconf 78' lang='lat' dir='ltr'><strong>faciam.</strong></span> 
     </span>
    </p>
   </div>
   <div class='ocr_carea' id='block_1_25' title="bbox 154 2086 1759 2160">
    <p class='ocr_par' dir='ltr' id='par_1_25' title="bbox 154 2086 1759 2160">
     <span class='ocr_line' id='line_1_25' title="bbox 154 2086 1759 2160; baseline -0.002 -20"><span class='ocrx_word' id='word_1_175' title='bbox 154 2086 289 2153; x_wconf 79' lang='lat' dir='ltr'><strong>Quid</strong></span> <span class='ocrx_word' id='word_1_176' title='bbox 324 2088 429 2142; x_wconf 85' lang='lat' dir='ltr'><strong>hoc</strong></span> <span class='ocrx_word' id='word_1_177' title='bbox 462 2090 588 2143; x_wconf 86' lang='lat' dir='ltr'><strong>est?</strong></span> <span class='ocrx_word' id='word_1_178' title='bbox 628 2088 973 2160; x_wconf 88' lang='lat' dir='ltr'><strong>Loquuturus</strong></span> <span class='ocrx_word' id='word_1_179' title='bbox 1002 2089 1160 2145; x_wconf 85' lang='lat' dir='ltr'><strong>Jesus</strong></span> <span class='ocrx_word' id='word_1_180' title='bbox 1188 2087 1256 2142; x_wconf 91' lang='lat' dir='ltr'><strong>de</strong></span> <span class='ocrx_word' id='word_1_181' title='bbox 1284 2086 1628 2152; x_wconf 85' lang='lat' dir='ltr'><strong>sublimibus,</strong></span> <span class='ocrx_word' id='word_1_182' title='bbox 1662 2099 1759 2138; x_wconf 86' lang='lat' dir='ltr'><strong>au-</strong></span> 
     </span>
    </p>
   </div>
   <div class='ocr_carea' id='block_1_26' title="bbox 160 2179 1768 2251">
    <p class='ocr_par' dir='ltr' id='par_1_26' title="bbox 160 2179 1768 2251">
     <span class='ocr_line' id='line_1_26' title="bbox 160 2179 1768 2251; baseline 0.001 -20"><span class='ocrx_word' id='word_1_183' title='bbox 160 2179 390 2234; x_wconf 89' lang='lat' dir='ltr'><strong>ditorum</strong></span> <span class='ocrx_word' id='word_1_184' title='bbox 435 2196 583 2251; x_wconf 54' lang='lat' dir='ltr'><strong>saepe</strong></span> <span class='ocrx_word' id='word_1_185' title='bbox 628 2181 981 2237; x_wconf 75' lang='lat' dir='ltr'><strong>imbecillitati</strong></span> <span class='ocrx_word' id='word_1_186' title='bbox 1028 2196 1148 2237; x_wconf 88' lang='lat' dir='ltr'><strong>sese</strong></span> <span class='ocrx_word' id='word_1_187' title='bbox 1189 2186 1531 2251; x_wconf 85' lang='lat' dir='ltr'><strong>attemperat,</strong></span> <span class='ocrx_word' id='word_1_188' title='bbox 1590 2192 1768 2247; x_wconf 91' lang='lat' dir='ltr'><strong>neque</strong></span> 
     </span>
    </p>
   </div>
   <div class='ocr_carea' id='block_1_27' title="bbox 158 2270 1768 2344">
    <p class='ocr_par' dir='ltr' id='par_1_27' title="bbox 158 2270 1768 2344">
     <span class='ocr_line' id='line_1_27' title="bbox 158 2270 1768 2344; baseline 0 -21"><span class='ocrx_word' id='word_1_189' title='bbox 158 2272 530 2341; x_wconf 78' lang='lat' dir='ltr'><strong>magnitudine</strong></span> <span class='ocrx_word' id='word_1_190' title='bbox 560 2287 656 2327; x_wconf 89' lang='lat' dir='ltr'><strong>sua</strong></span> <span class='ocrx_word' id='word_1_191' title='bbox 684 2273 858 2344; x_wconf 81' lang='lat' dir='ltr'><strong>dignis</strong></span> <span class='ocrx_word' id='word_1_192' title='bbox 891 2274 1057 2328; x_wconf 92' lang='lat' dir='ltr'><strong>utitur</strong></span> <span class='ocrx_word' id='word_1_193' title='bbox 1088 2272 1270 2328; x_wconf 89' lang='lat' dir='ltr'><strong>verbis</strong></span> <span class='ocrx_word' id='word_1_194' title='bbox 1307 2313 1321 2336; x_wconf 91' lang='lat'><strong>,</strong></span> <span class='ocrx_word' id='word_1_195' title='bbox 1352 2270 1446 2326; x_wconf 92' lang='lat' dir='ltr'><strong>sed</strong></span> <span class='ocrx_word' id='word_1_196' title='bbox 1478 2270 1768 2325; x_wconf 83' lang='lat' dir='ltr'><strong>demissio-</strong></span> 
     </span>
    </p>
   </div>
   <div class='ocr_carea' id='block_1_28' title="bbox 162 2360 1768 2435">
    <p class='ocr_par' dir='ltr' id='par_1_28' title="bbox 162 2360 1768 2435">
     <span class='ocr_line' id='line_1_28' title="bbox 162 2360 1768 2435; baseline 0 -22"><span class='ocrx_word' id='word_1_197' title='bbox 162 2361 321 2416; x_wconf 84' lang='lat' dir='ltr'><strong>ribus.</strong></span> <span class='ocrx_word' id='word_1_198' title='bbox 362 2361 500 2417; x_wconf 86' lang='lat' dir='ltr'><strong>Nam</strong></span> <span class='ocrx_word' id='word_1_199' title='bbox 550 2364 779 2419; x_wconf 86' lang='lat' dir='ltr'><strong>sublime</strong></span> <span class='ocrx_word' id='word_1_200' title='bbox 820 2378 1180 2435; x_wconf 82' lang='lat' dir='ltr'><strong>magnumque</strong></span> <span class='ocrx_word' id='word_1_201' title='bbox 1204 2362 1404 2417; x_wconf 90' lang='lat' dir='ltr'><strong>dictum</strong></span> <span class='ocrx_word' id='word_1_202' title='bbox 1446 2360 1612 2417; x_wconf 89' lang='lat' dir='ltr'><strong>semel</strong></span> <span class='ocrx_word' id='word_1_203' title='bbox 1650 2375 1768 2430; x_wconf 81' lang='lat' dir='ltr'><strong>pro-</strong></span> 
     </span>
    </p>
   </div>
   <div class='ocr_carea' id='block_1_29' title="bbox 162 2452 1764 2526">
    <p class='ocr_par' dir='ltr' id='par_1_29' title="bbox 162 2452 1764 2526">
     <span class='ocr_line' id='line_1_29' title="bbox 162 2452 1764 2526; baseline 0 -20"><span class='ocrx_word' id='word_1_204' title='bbox 162 2452 344 2517; x_wconf 80' lang='lat' dir='ltr'><strong>latum,</strong></span> <span class='ocrx_word' id='word_1_205' title='bbox 396 2454 543 2508; x_wconf 84' lang='lat' dir='ltr'><strong>illam</strong></span> <span class='ocrx_word' id='word_1_206' title='bbox 597 2464 777 2523; x_wconf 85' lang='lat' dir='ltr'><strong>posset</strong></span> <span class='ocrx_word' id='word_1_207' title='bbox 807 2455 1120 2526; x_wconf 87' lang='lat' dir='ltr'><strong>dignitatem</strong></span> <span class='ocrx_word' id='word_1_208' title='bbox 1156 2454 1457 2519; x_wconf 89' lang='lat' dir='ltr'><strong>declarare,</strong></span> <span class='ocrx_word' id='word_1_209' title='bbox 1506 2462 1764 2523; x_wconf 85' lang='lat' dir='ltr'><strong>quantum</strong></span> 
     </span>
    </p>
   </div>
   <div class='ocr_carea' id='block_1_30' title="bbox 160 2544 1767 2615">
    <p class='ocr_par' dir='ltr' id='par_1_30' title="bbox 160 2544 1767 2615">
     <span class='ocr_line' id='line_1_30' title="bbox 160 2544 1767 2615; baseline 0.002 -21"><span class='ocrx_word' id='word_1_210' title='bbox 160 2544 360 2597; x_wconf 81' lang='lat' dir='ltr'><strong>scilicet</strong></span> <span class='ocrx_word' id='word_1_211' title='bbox 385 2545 577 2598; x_wconf 90' lang='lat' dir='ltr'><strong>audire</strong></span> <span class='ocrx_word' id='word_1_212' title='bbox 620 2561 717 2599; x_wconf 90' lang='lat' dir='ltr'><strong>nos</strong></span> <span class='ocrx_word' id='word_1_213' title='bbox 751 2560 1034 2615; x_wconf 91' lang='lat' dir='ltr'><strong>possumus</strong></span> <span class='ocrx_word' id='word_1_214' title='bbox 1080 2563 1094 2600; x_wconf 87' lang='lat'><strong>:</strong></span> <span class='ocrx_word' id='word_1_215' title='bbox 1126 2544 1412 2599; x_wconf 86' lang='lat' dir='ltr'><strong>humiliora</strong></span> <span class='ocrx_word' id='word_1_216' title='bbox 1448 2558 1576 2598; x_wconf 90' lang='lat' dir='ltr'><strong>vero</strong></span> <span class='ocrx_word' id='word_1_217' title='bbox 1600 2584 1615 2610; x_wconf 91' lang='lat'><strong>,</strong></span> <span class='ocrx_word' id='word_1_218' title='bbox 1646 2558 1767 2613; x_wconf 72' lang='lat' dir='ltr'><strong>qua:</strong></span> 
     </span>
    </p>
   </div>
   <div class='ocr_carea' id='block_1_31' title="bbox 159 2637 1766 2711">
    <p class='ocr_par' dir='ltr' id='par_1_31' title="bbox 159 2637 1766 2711">
     <span class='ocr_line' id='line_1_31' title="bbox 159 2637 1766 2711; baseline -0.001 -21"><span class='ocrx_word' id='word_1_219' title='bbox 159 2637 460 2691; x_wconf 86' lang='lat' dir='ltr'><strong>auditorum</strong></span> <span class='ocrx_word' id='word_1_220' title='bbox 490 2648 728 2694; x_wconf 83' lang='lat' dir='ltr'><strong>mentem</strong></span> <span class='ocrx_word' id='word_1_221' title='bbox 751 2641 1016 2711; x_wconf 77' lang='lat' dir='ltr'><strong>attingere</strong></span> <span class='ocrx_word' id='word_1_222' title='bbox 1041 2648 1289 2710; x_wconf 89' lang='lat' dir='ltr'><strong>possunt,</strong></span> <span class='ocrx_word' id='word_1_223' title='bbox 1324 2638 1427 2693; x_wconf 90' lang='lat' dir='ltr'><strong>nisi</strong></span> <span class='ocrx_word' id='word_1_224' title='bbox 1451 2637 1766 2707; x_wconf 82' lang='lat' dir='ltr'><strong>frequenter</strong></span> 
     </span>
    </p>
   </div>
   <div class='ocr_carea' id='block_1_32' title="bbox 160 2727 1764 2799">
    <p class='ocr_par' dir='ltr' id='par_1_32' title="bbox 160 2727 1764 2799">
     <span class='ocr_line' id='line_1_32' title="bbox 160 2727 1764 2799; baseline 0.001 -19"><span class='ocrx_word' id='word_1_225' title='bbox 160 2727 480 2794; x_wconf 77' lang='lat' dir='ltr'><strong>diceremur,</strong></span> <span class='ocrx_word' id='word_1_226' title='bbox 517 2730 764 2785; x_wconf 85' lang='lat' dir='ltr'><strong>sublimia</strong></span> <span class='ocrx_word' id='word_1_227' title='bbox 822 2746 943 2787; x_wconf 90' lang='lat' dir='ltr'><strong>cum</strong></span> <span class='ocrx_word' id='word_1_228' title='bbox 999 2740 1222 2797; x_wconf 91' lang='lat' dir='ltr'><strong>essent,</strong></span> <span class='ocrx_word' id='word_1_229' title='bbox 1279 2730 1428 2785; x_wconf 91' lang='lat' dir='ltr'><strong>humi</strong></span> <span class='ocrx_word' id='word_1_230' title='bbox 1485 2738 1764 2799; x_wconf 90' lang='lat' dir='ltr'><strong>repentem</strong></span> 
     </span>
    </p>
   </div>
   <div class='ocr_carea' id='block_1_33' title="bbox 162 2820 1767 2894">
    <p class='ocr_par' dir='ltr' id='par_1_33' title="bbox 162 2820 1767 2894">
     <span class='ocr_line' id='line_1_33' title="bbox 162 2820 1767 2894; baseline 0.001 -23"><span class='ocrx_word' id='word_1_231' title='bbox 162 2822 456 2876; x_wconf 82' lang='lat' dir='ltr'><strong>auditorem</strong></span> <span class='ocrx_word' id='word_1_232' title='bbox 482 2838 588 2876; x_wconf 92' lang='lat' dir='ltr'><strong>non</strong></span> <span class='ocrx_word' id='word_1_233' title='bbox 628 2823 947 2894; x_wconf 79' lang='lat' dir='ltr'><strong>attigissent.</strong></span> <span class='ocrx_word' id='word_1_234' title='bbox 976 2823 1102 2879; x_wconf 84' lang='lat' dir='ltr'><strong>ideo</strong></span> <span class='ocrx_word' id='word_1_235' title='bbox 1147 2825 1303 2893; x_wconf 78' lang='lat' dir='ltr'><strong>longe</strong></span> <span class='ocrx_word' id='word_1_236' title='bbox 1350 2822 1503 2891; x_wconf 90' lang='lat' dir='ltr'><strong>plura</strong></span> <span class='ocrx_word' id='word_1_237' title='bbox 1547 2820 1767 2879; x_wconf 82' lang='lat' dir='ltr'><strong>humilia</strong></span> 
     </span>
    </p>
   </div>
   <div class='ocr_carea' id='block_1_34' title="bbox 161 2913 1765 2984">
    <p class='ocr_par' dir='ltr' id='par_1_34' title="bbox 161 2913 1765 2984">
     <span class='ocr_line' id='line_1_34' title="bbox 161 2913 1765 2984; baseline 0.001 -18"><span class='ocrx_word' id='word_1_238' title='bbox 161 2913 305 2980; x_wconf 79' lang='lat' dir='ltr'><strong>dixit,</strong></span> <span class='ocrx_word' id='word_1_239' title='bbox 340 2930 504 2984; x_wconf 87' lang='lat' dir='ltr'><strong>quam</strong></span> <span class='ocrx_word' id='word_1_240' title='bbox 534 2916 802 2971; x_wconf 83' lang='lat' dir='ltr'><strong>sublimia.</strong></span> <span class='ocrx_word' id='word_1_241' title='bbox 834 2916 939 2973; x_wconf 89' lang='lat' dir='ltr'><strong>Sed</strong></span> <span class='ocrx_word' id='word_1_242' title='bbox 968 2932 1035 2970; x_wconf 92' lang='lat' dir='ltr'><strong>ne</strong></span> <span class='ocrx_word' id='word_1_243' title='bbox 1065 2916 1165 2971; x_wconf 88' lang='lat' dir='ltr'><strong>hoc</strong></span> <span class='ocrx_word' id='word_1_244' title='bbox 1192 2915 1334 2970; x_wconf 86' lang='lat' dir='ltr'><strong>aliud</strong></span> <span class='ocrx_word' id='word_1_245' title='bbox 1366 2916 1619 2970; x_wconf 86' lang='lat' dir='ltr'><strong>damnum</strong></span> <span class='ocrx_word' id='word_1_246' title='bbox 1660 2914 1765 2967; x_wconf 87' lang='lat' dir='ltr'><strong>im-</strong></span> 
     </span>
    </p>
   </div>
   <div class='ocr_carea' id='block_1_35' title="bbox 163 3002 1765 3075">
    <p class='ocr_par' dir='ltr' id='par_1_35' title="bbox 163 3002 1765 3075">
     <span class='ocr_line' id='line_1_35' title="bbox 163 3002 1765 3075; baseline 0.001 -19"><span class='ocrx_word' id='word_1_247' title='bbox 163 3013 425 3072; x_wconf 56' lang='lat' dir='ltr'><strong>portaret.</strong></span> <span class='ocrx_word' id='word_1_248' title='bbox 462 3016 513 3059; x_wconf 91' lang='lat' dir='ltr'><strong>et</strong></span> <span class='ocrx_word' id='word_1_249' title='bbox 546 3006 689 3059; x_wconf 90' lang='lat' dir='ltr'><strong>humi</strong></span> <span class='ocrx_word' id='word_1_250' title='bbox 731 3006 1052 3075; x_wconf 88' lang='lat' dir='ltr'><strong>discipulum</strong></span> <span class='ocrx_word' id='word_1_251' title='bbox 1087 3006 1362 3069; x_wconf 89' lang='lat' dir='ltr'><strong>retineret,</strong></span> <span class='ocrx_word' id='word_1_252' title='bbox 1398 3004 1649 3067; x_wconf 75' lang='lat' dir='ltr'><strong>inferiora</strong></span> <span class='ocrx_word' id='word_1_253' title='bbox 1678 3002 1765 3059; x_wconf 85' lang='lat' dir='ltr'><strong>illa</strong></span> 
     </span>
    </p>
   </div>
   <div class='ocr_carea' id='block_1_36' title="bbox 163 3095 1767 3166">
    <p class='ocr_par' dir='ltr' id='par_1_36' title="bbox 163 3095 1767 3166">
     <span class='ocr_line' id='line_1_36' title="bbox 163 3095 1767 3166; baseline 0.003 -22"><span class='ocrx_word' id='word_1_254' title='bbox 163 3110 255 3148; x_wconf 87' lang='lat' dir='ltr'><strong>non</strong></span> <span class='ocrx_word' id='word_1_255' title='bbox 293 3096 425 3149; x_wconf 85' lang='lat' dir='ltr'><strong>dicit</strong></span> <span class='ocrx_word' id='word_1_256' title='bbox 460 3137 473 3158; x_wconf 91' lang='lat'><strong>,</strong></span> <span class='ocrx_word' id='word_1_257' title='bbox 507 3096 606 3149; x_wconf 90' lang='lat' dir='ltr'><strong>nisi</strong></span> <span class='ocrx_word' id='word_1_258' title='bbox 636 3111 849 3151; x_wconf 89' lang='lat' dir='ltr'><strong>causam</strong></span> <span class='ocrx_word' id='word_1_259' title='bbox 880 3097 966 3151; x_wconf 92' lang='lat' dir='ltr'><strong>illa</strong></span> <span class='ocrx_word' id='word_1_260' title='bbox 994 3096 1207 3153; x_wconf 87' lang='lat' dir='ltr'><strong>dicendi</strong></span> <span class='ocrx_word' id='word_1_261' title='bbox 1262 3096 1449 3150; x_wconf 76' lang='lat' dir='ltr'><strong>afferat</strong></span> <span class='ocrx_word' id='word_1_262' title='bbox 1471 3114 1482 3149; x_wconf 86' lang='lat'><strong><em>:</em></strong></span> <span class='ocrx_word' id='word_1_263' title='bbox 1505 3095 1647 3166; x_wconf 88' lang='lat' dir='ltr'><strong>quod</strong></span> <span class='ocrx_word' id='word_1_264' title='bbox 1678 3095 1767 3149; x_wconf 90' lang='lat' dir='ltr'><strong>ltic</strong></span> 
     </span>
    </p>
   </div>
   <div class='ocr_carea' id='block_1_37' title="bbox 160 3187 1768 3257">
    <p class='ocr_par' dir='ltr' id='par_1_37' title="bbox 160 3187 1768 3257">
     <span class='ocr_line' id='line_1_37' title="bbox 160 3187 1768 3257; baseline 0 -18"><span class='ocrx_word' id='word_1_265' title='bbox 160 3188 311 3239; x_wconf 85' lang='lat' dir='ltr'><strong>etiam</strong></span> <span class='ocrx_word' id='word_1_266' title='bbox 374 3187 524 3241; x_wconf 75' lang='lat' dir='ltr'><strong>fecit.</strong></span> <span class='ocrx_word' id='word_1_267' title='bbox 575 3188 708 3243; x_wconf 83' lang='lat' dir='ltr'><strong>Cum</strong></span> <span class='ocrx_word' id='word_1_268' title='bbox 737 3188 879 3243; x_wconf 75' lang='lat' dir='ltr'><strong>eiiim</strong></span> <span class='ocrx_word' id='word_1_269' title='bbox 948 3188 1168 3243; x_wconf 80' lang='lat' dir='ltr'><strong>dixisset</strong></span> <span class='ocrx_word' id='word_1_270' title='bbox 1216 3187 1283 3243; x_wconf 89' lang='lat' dir='ltr'><strong>de</strong></span> <span class='ocrx_word' id='word_1_271' title='bbox 1324 3188 1682 3257; x_wconf 84' lang='lat' dir='ltr'><strong>baptismate,</strong></span> <span class='ocrx_word' id='word_1_272' title='bbox 1713 3194 1768 3240; x_wconf 90' lang='lat' dir='ltr'><strong>et</strong></span> 
     </span>
    </p>
   </div>
   <div class='ocr_carea' id='block_1_38' title="bbox 163 3264 1767 3350">
    <p class='ocr_par' dir='ltr' id='par_1_38' title="bbox 163 3264 1767 3350">
     <span class='ocr_line' id='line_1_38' title="bbox 163 3264 1767 3350; baseline 0.003 -21"><span class='ocrx_word' id='word_1_273' title='bbox 163 3276 222 3329; x_wconf 90' lang='lat' dir='ltr'><strong>de</strong></span> <span class='ocrx_word' id='word_1_274' title='bbox 266 3277 351 3331; x_wconf 89' lang='lat' dir='ltr'><strong>illa</strong></span> <span class='ocrx_word' id='word_1_275' title='bbox 384 3294 508 3347; x_wconf 80' lang='lat' dir='ltr'><strong>quae</strong></span> <span class='ocrx_word' id='word_1_276' title='bbox 566 3264 801 3334; x_wconf 65' lang='lat' dir='ltr'><strong>in&#39;terra</strong></span> <span class='ocrx_word' id='word_1_277' title='bbox 832 3279 889 3333; x_wconf 84' lang='lat' dir='ltr'><strong>ﬁt</strong></span> <span class='ocrx_word' id='word_1_278' title='bbox 924 3279 1222 3335; x_wconf 87' lang='lat' dir='ltr'><strong>secundum</strong></span> <span class='ocrx_word' id='word_1_279' title='bbox 1273 3281 1496 3350; x_wconf 77' lang='lat' dir='ltr'><strong>gratiam</strong></span> <span class='ocrx_word' id='word_1_280' title='bbox 1540 3295 1767 3350; x_wconf 79' lang='lat' dir='ltr'><strong>genera-</strong></span> 
     </span>
    </p>
   </div>
   <div class='ocr_carea' id='block_1_39' title="bbox 164 3368 1762 3440">
    <p class='ocr_par' dir='ltr' id='par_1_39' title="bbox 164 3368 1762 3440">
     <span class='ocr_line' id='line_1_39' title="bbox 164 3368 1762 3440; baseline 0.006 -21"><span class='ocrx_word' id='word_1_281' title='bbox 164 3369 320 3435; x_wconf 78' lang='lat' dir='ltr'><strong>tione,</strong></span> <span class='ocrx_word' id='word_1_282' title='bbox 354 3368 548 3425; x_wconf 83' lang='lat' dir='ltr'><strong>volens</strong></span> <span class='ocrx_word' id='word_1_283' title='bbox 599 3370 667 3427; x_wconf 90' lang='lat' dir='ltr'><strong>de</strong></span> <span class='ocrx_word' id='word_1_284' title='bbox 738 3373 1082 3440; x_wconf 81' lang='lat' dir='ltr'><strong>generatione</strong></span> <span class='ocrx_word' id='word_1_285' title='bbox 1131 3372 1218 3426; x_wconf 88' lang='lat' dir='ltr'><strong>illa</strong></span> <span class='ocrx_word' id='word_1_286' title='bbox 1286 3386 1379 3426; x_wconf 90' lang='lat' dir='ltr'><strong>sua</strong></span> <span class='ocrx_word' id='word_1_287' title='bbox 1445 3387 1640 3428; x_wconf 88' lang='lat' dir='ltr'><strong>arcana</strong></span> <span class='ocrx_word' id='word_1_288' title='bbox 1710 3382 1762 3428; x_wconf 90' lang='lat' dir='ltr'><strong>et</strong></span> 
     </span>
    </p>
   </div>
   <div class='ocr_carea' id='block_1_40' title="bbox 162 3458 1761 3534">
    <p class='ocr_par' dir='ltr' id='par_1_40' title="bbox 162 3458 1761 3534">
     <span class='ocr_line' id='line_1_40' title="bbox 162 3458 1761 3534; baseline 0.004 -23"><span class='ocrx_word' id='word_1_289' title='bbox 162 3458 411 3515; x_wconf 73' lang='lat' dir='ltr'><strong>ineffabili</strong></span> <span class='ocrx_word' id='word_1_290' title='bbox 466 3461 633 3529; x_wconf 88' lang='lat' dir='ltr'><strong>loqui,</strong></span> <span class='ocrx_word' id='word_1_291' title='bbox 680 3462 986 3517; x_wconf 90' lang='lat' dir='ltr'><strong>intermittit</strong></span> <span class='ocrx_word' id='word_1_292' title='bbox 1028 3472 1204 3517; x_wconf 91' lang='lat' dir='ltr'><strong>tamen</strong></span> <span class='ocrx_word' id='word_1_293' title='bbox 1235 3503 1248 3527; x_wconf 87' lang='lat'><strong>,</strong></span> <span class='ocrx_word' id='word_1_294' title='bbox 1290 3471 1344 3518; x_wconf 88' lang='lat' dir='ltr'><strong>et</strong></span> <span class='ocrx_word' id='word_1_295' title='bbox 1372 3478 1477 3534; x_wconf 88' lang='lat' dir='ltr'><strong>qua</strong></span> <span class='ocrx_word' id='word_1_296' title='bbox 1503 3462 1572 3518; x_wconf 93' lang='lat' dir='ltr'><strong>de</strong></span> <span class='ocrx_word' id='word_1_297' title='bbox 1602 3478 1761 3519; x_wconf 90' lang='lat' dir='ltr'><strong>causa</strong></span> 
     </span>
    </p>
   </div>
   <div class='ocr_carea' id='block_1_41' title="bbox 165 3552 1762 3622">
    <p class='ocr_par' dir='ltr' id='par_1_41' title="bbox 165 3552 1762 3622">
     <span class='ocr_line' id='line_1_41' title="bbox 165 3552 1762 3622; baseline 0.005 -21"><span class='ocrx_word' id='word_1_298' title='bbox 165 3552 482 3606; x_wconf 79' lang='lat' dir='ltr'><strong>intermittat</strong></span> <span class='ocrx_word' id='word_1_299' title='bbox 535 3553 651 3621; x_wconf 88' lang='lat' dir='ltr'><strong>ipse</strong></span> <span class='ocrx_word' id='word_1_300' title='bbox 696 3552 955 3609; x_wconf 83' lang='lat' dir='ltr'><strong>declarat.</strong></span> <span class='ocrx_word' id='word_1_301' title='bbox 1006 3556 1263 3622; x_wconf 71' lang='lat' dir='ltr'><strong>Quaenam</strong></span> <span class='ocrx_word' id='word_1_302' title='bbox 1297 3555 1384 3609; x_wconf 89' lang='lat' dir='ltr'><strong>illa</strong></span> <span class='ocrx_word' id='word_1_303' title='bbox 1424 3572 1585 3612; x_wconf 89' lang='lat' dir='ltr'><strong>causa</strong></span> <span class='ocrx_word' id='word_1_304' title='bbox 1641 3557 1762 3610; x_wconf 84' lang='lat' dir='ltr'><strong>est?</strong></span> 
     </span>
    </p>
   </div>
   <div class='ocr_carea' id='block_1_42' title="bbox 164 3642 1763 3717">
    <p class='ocr_par' dir='ltr' id='par_1_42' title="bbox 164 3642 1763 3717">
     <span class='ocr_line' id='line_1_42' title="bbox 164 3642 1763 3717; baseline 0.005 -22"><span class='ocrx_word' id='word_1_305' title='bbox 164 3642 475 3697; x_wconf 80' lang='lat' dir='ltr'><strong>Auditorum</strong></span> <span class='ocrx_word' id='word_1_306' title='bbox 500 3644 776 3701; x_wconf 87' lang='lat' dir='ltr'><strong>crassities</strong></span> <span class='ocrx_word' id='word_1_307' title='bbox 806 3655 860 3700; x_wconf 90' lang='lat' dir='ltr'><strong>et</strong></span> <span class='ocrx_word' id='word_1_308' title='bbox 893 3644 1257 3713; x_wconf 82' lang='lat' dir='ltr'><strong>imbecillitas,</strong></span> <span class='ocrx_word' id='word_1_309' title='bbox 1295 3664 1454 3717; x_wconf 86' lang='lat' dir='ltr'><strong>quam</strong></span> <span class='ocrx_word' id='word_1_310' title='bbox 1489 3664 1612 3704; x_wconf 82' lang='lat' dir='ltr'><strong>mox</strong></span> <span class='ocrx_word' id='word_1_311' title='bbox 1644 3646 1763 3703; x_wconf 76' lang='lat' dir='ltr'><strong>Sub-</strong></span> 
     </span>
    </p>
   </div>
   <div class='ocr_carea' id='block_1_43' title="bbox 164 3734 1761 3803">
    <p class='ocr_par' dir='ltr' id='par_1_43' title="bbox 164 3734 1761 3803">
     <span class='ocr_line' id='line_1_43' title="bbox 164 3734 1761 3803; baseline 0.004 -18"><span class='ocrx_word' id='word_1_312' title='bbox 164 3734 407 3790; x_wconf 76' lang='lat' dir='ltr'><strong>indicavit</strong></span> <span class='ocrx_word' id='word_1_313' title='bbox 440 3736 524 3789; x_wconf 92' lang='lat' dir='ltr'><strong>his</strong></span> <span class='ocrx_word' id='word_1_314' title='bbox 557 3734 737 3790; x_wconf 84' lang='lat' dir='ltr'><strong>verbis</strong></span> <span class='ocrx_word' id='word_1_315' title='bbox 770 3755 783 3791; x_wconf 91' lang='lat'>:</span> <span class='ocrx_word' id='word_1_316' title='bbox 816 3737 874 3791; x_wconf 89' lang='lat' dir='ltr'><strong>Si</strong></span> <span class='ocrx_word' id='word_1_317' title='bbox 904 3747 1103 3792; x_wconf 86' lang='lat' dir='ltr'><strong>terrena</strong></span> <span class='ocrx_word' id='word_1_318' title='bbox 1131 3738 1240 3791; x_wconf 74' lang='lat' dir='ltr'><strong>dixi</strong></span> <span class='ocrx_word' id='word_1_319' title='bbox 1262 3738 1421 3803; x_wconf 82' lang='lat' dir='ltr'><strong>vobis,</strong></span> <span class='ocrx_word' id='word_1_320' title='bbox 1452 3749 1502 3803; x_wconf 83' lang='lat' dir='ltr'><strong>et</strong></span> <span class='ocrx_word' id='word_1_321' title='bbox 1531 3754 1631 3791; x_wconf 89' lang='lat' dir='ltr'><strong>non</strong></span> <span class='ocrx_word' id='word_1_322' title='bbox 1654 3755 1761 3791; x_wconf 85' lang='lat' dir='ltr'><strong>cre-</strong></span> 
     </span>
    </p>
   </div>
   <div class='ocr_carea' id='block_1_44' title="bbox 162 3827 1761 3895">
    <p class='ocr_par' dir='ltr' id='par_1_44' title="bbox 162 3827 1761 3895">
     <span class='ocr_line' id='line_1_44' title="bbox 162 3827 1761 3895; baseline 0.004 -19"><span class='ocrx_word' id='word_1_323' title='bbox 162 3827 290 3893; x_wconf 84' lang='lat' dir='ltr'><strong>ditis,</strong></span> <span class='ocrx_word' id='word_1_324' title='bbox 341 3828 619 3895; x_wconf 86' lang='lat' dir='ltr'><strong>quomodo,</strong></span> <span class='ocrx_word' id='word_1_325' title='bbox 682 3829 725 3881; x_wconf 87' lang='lat' dir='ltr'><strong>si</strong></span> <span class='ocrx_word' id='word_1_326' title='bbox 780 3829 958 3889; x_wconf 77' lang='lat' dir='ltr'><strong>dixero</strong></span> <span class='ocrx_word' id='word_1_327' title='bbox 1010 3830 1147 3883; x_wconf 83' lang='lat' dir='ltr'><strong>vobis</strong></span> <span class='ocrx_word' id='word_1_328' title='bbox 1200 3831 1443 3895; x_wconf 67' lang='lat' dir='ltr'><strong>caelestia,</strong></span> <span class='ocrx_word' id='word_1_329' title='bbox 1505 3829 1761 3885; x_wconf 82' lang='lat' dir='ltr'><strong>credetis?</strong></span> 
     </span>
    </p>
   </div>
   <div class='ocr_carea' id='block_1_45' title="bbox 163 3916 1755 3990">
    <p class='ocr_par' dir='ltr' id='par_1_45' title="bbox 163 3916 1755 3990">
     <span class='ocr_line' id='line_1_45' title="bbox 163 3916 1755 3990; baseline 0.004 -21"><span class='ocrx_word' id='word_1_330' title='bbox 163 3916 332 3987; x_wconf 82' lang='lat' dir='ltr'><strong>Itaque</strong></span> <span class='ocrx_word' id='word_1_331' title='bbox 362 3918 455 3972; x_wconf 86' lang='lat' dir='ltr'><strong>ubi</strong></span> <span class='ocrx_word' id='word_1_332' title='bbox 479 3918 779 3974; x_wconf 89' lang='lat' dir='ltr'><strong>modestum</strong></span> <span class='ocrx_word' id='word_1_333' title='bbox 810 3920 935 3990; x_wconf 88' lang='lat' dir='ltr'><strong>quid</strong></span> <span class='ocrx_word' id='word_1_334' title='bbox 966 3928 1020 3976; x_wconf 90' lang='lat' dir='ltr'><strong>et</strong></span> <span class='ocrx_word' id='word_1_335' title='bbox 1050 3920 1253 3976; x_wconf 92' lang='lat' dir='ltr'><strong>humile</strong></span> <span class='ocrx_word' id='word_1_336' title='bbox 1278 3921 1429 3986; x_wconf 89' lang='lat' dir='ltr'><strong>dicit,</strong></span> <span class='ocrx_word' id='word_1_337' title='bbox 1464 3922 1516 3976; x_wconf 92' lang='lat' dir='ltr'><strong>id</strong></span> <span class='ocrx_word' id='word_1_338' title='bbox 1542 3922 1755 3976; x_wconf 89' lang='lat' dir='ltr'><strong>audito-</strong></span> 
     </span>
    </p>
   </div>
   <div class='ocr_carea' id='block_1_46' title="bbox 161 4011 1758 4075">
    <p class='ocr_par' dir='ltr' id='par_1_46' title="bbox 161 4011 1758 4075">
     <span class='ocr_line' id='line_1_46' title="bbox 161 4011 1758 4075; baseline 0.004 -12"><span class='ocrx_word' id='word_1_339' title='bbox 161 4026 269 4063; x_wconf 85' lang='lat' dir='ltr'><strong>rum</strong></span> <span class='ocrx_word' id='word_1_340' title='bbox 302 4011 659 4067; x_wconf 88' lang='lat' dir='ltr'><strong>imbecillitati</strong></span> <span class='ocrx_word' id='word_1_341' title='bbox 688 4012 1103 4069; x_wconf 88' lang='lat' dir='ltr'><strong>adscribendum</strong></span> <span class='ocrx_word' id='word_1_342' title='bbox 1136 4022 1239 4070; x_wconf 88' lang='lat' dir='ltr'><strong>est.</strong></span> <span class='ocrx_word' id='word_1_343' title='bbox 1288 4014 1591 4075; x_wconf 84' lang='lat' dir='ltr'><strong>Terrestria</strong></span> <span class='ocrx_word' id='word_1_344' title='bbox 1626 4028 1758 4069; x_wconf 88' lang='lat' dir='ltr'><strong>vero</strong></span> 
     </span>
    </p>
   </div>
   <div class='ocr_carea' id='block_1_47' title="bbox 162 4100 1753 4178">
    <p class='ocr_par' dir='ltr' id='par_1_47' title="bbox 162 4100 1753 4178">
     <span class='ocr_line' id='line_1_47' title="bbox 162 4100 1753 4178; baseline 0.005 -23"><span class='ocrx_word' id='word_1_345' title='bbox 162 4100 239 4157; x_wconf 88' lang='lat' dir='ltr'><strong>hic</strong></span> <span class='ocrx_word' id='word_1_346' title='bbox 264 4106 484 4175; x_wconf 88' lang='lat' dir='ltr'><strong>quidant</strong></span> <span class='ocrx_word' id='word_1_347' title='bbox 519 4115 947 4175; x_wconf 85' lang='lat' dir='ltr'><strong>putantventum</strong></span> <span class='ocrx_word' id='word_1_348' title='bbox 988 4107 1317 4178; x_wconf 88' lang='lat' dir='ltr'><strong>signiﬁcare,</strong></span> <span class='ocrx_word' id='word_1_349' title='bbox 1347 4124 1409 4162; x_wconf 91' lang='lat' dir='ltr'><strong>ac</strong></span> <span class='ocrx_word' id='word_1_350' title='bbox 1434 4110 1476 4164; x_wconf 92' lang='lat' dir='ltr'><strong>si</strong></span> <span class='ocrx_word' id='word_1_351' title='bbox 1515 4108 1753 4173; x_wconf 84' lang='lat' dir='ltr'><strong>diceret:</strong></span> 
     </span>
    </p>
   </div>
   <div class='ocr_carea' id='block_1_48' title="bbox 162 4196 1755 4273">
    <p class='ocr_par' dir='ltr' id='par_1_48' title="bbox 162 4196 1755 4273">
     <span class='ocr_line' id='line_1_48' title="bbox 162 4196 1755 4273; baseline 0.004 -24"><span class='ocrx_word' id='word_1_352' title='bbox 162 4196 210 4250; x_wconf 87' lang='lat' dir='ltr'><strong>Si</strong></span> <span class='ocrx_word' id='word_1_353' title='bbox 238 4198 549 4268; x_wconf 80' lang='lat' dir='ltr'><strong>exemplum</strong></span> <span class='ocrx_word' id='word_1_354' title='bbox 577 4215 641 4253; x_wconf 80' lang='lat' dir='ltr'><strong>ex</strong></span> <span class='ocrx_word' id='word_1_355' title='bbox 688 4200 916 4255; x_wconf 81' lang='lat' dir='ltr'><strong>terrenis</strong></span> <span class='ocrx_word' id='word_1_356' title='bbox 942 4199 1100 4265; x_wconf 88' lang='lat' dir='ltr'><strong>dedi,</strong></span> <span class='ocrx_word' id='word_1_357' title='bbox 1134 4215 1235 4255; x_wconf 91' lang='lat' dir='ltr'><strong>nec</strong></span> <span class='ocrx_word' id='word_1_358' title='bbox 1264 4208 1443 4256; x_wconf 90' lang='lat' dir='ltr'><strong>tamen</strong></span> <span class='ocrx_word' id='word_1_359' title='bbox 1474 4201 1755 4273; x_wconf 91' lang='lat' dir='ltr'><strong>obtempe-</strong></span> 
     </span>
    </p>
   </div>
   <div class='ocr_carea' id='block_1_49' title="bbox 163 4290 1755 4361">
    <p class='ocr_par' dir='ltr' id='par_1_49' title="bbox 163 4290 1755 4361">
     <span class='ocr_line' id='line_1_49' title="bbox 163 4290 1755 4361; baseline 0.006 -22"><span class='ocrx_word' id='word_1_360' title='bbox 163 4293 344 4355; x_wconf 83' lang='lat' dir='ltr'><strong>rastis,</strong></span> <span class='ocrx_word' id='word_1_361' title='bbox 392 4290 669 4359; x_wconf 84' lang='lat' dir='ltr'><strong>quomodo</strong></span> <span class='ocrx_word' id='word_1_362' title='bbox 724 4292 968 4361; x_wconf 86' lang='lat' dir='ltr'><strong>poteritis</strong></span> <span class='ocrx_word' id='word_1_363' title='bbox 1019 4292 1331 4349; x_wconf 80' lang='lat' dir='ltr'><strong>sublimiora</strong></span> <span class='ocrx_word' id='word_1_364' title='bbox 1394 4292 1661 4358; x_wconf 58' lang='lat' dir='ltr'><strong>disceret</strong></span> <span class='ocrx_word' id='word_1_365' title='bbox 1699 4294 1755 4349; x_wconf 90' lang='lat' dir='ltr'><strong>Si</strong></span> 
     </span>
    </p>
   </div>
   <div class='ocr_carea' id='block_1_50' title="bbox 163 4383 1751 4456">
    <p class='ocr_par' dir='ltr' id='par_1_50' title="bbox 163 4383 1751 4456">
     <span class='ocr_line' id='line_1_50' title="bbox 163 4383 1751 4456; baseline 0.003 -19"><span class='ocrx_word' id='word_1_366' title='bbox 163 4396 311 4449; x_wconf 82' lang='lat' dir='ltr'><strong>porro</strong></span> <span class='ocrx_word' id='word_1_367' title='bbox 356 4383 446 4437; x_wconf 87' lang='lat' dir='ltr'><strong>hic</strong></span> <span class='ocrx_word' id='word_1_368' title='bbox 476 4383 737 4452; x_wconf 82' lang='lat' dir='ltr'><strong>baptisma</strong></span> <span class='ocrx_word' id='word_1_369' title='bbox 794 4394 1067 4440; x_wconf 89' lang='lat' dir='ltr'><strong>terrenum</strong></span> <span class='ocrx_word' id='word_1_370' title='bbox 1110 4386 1387 4456; x_wconf 83' lang='lat' dir='ltr'><strong>appellet,</strong></span> <span class='ocrx_word' id='word_1_371' title='bbox 1419 4402 1487 4441; x_wconf 90' lang='lat' dir='ltr'><strong>ne</strong></span> <span class='ocrx_word' id='word_1_372' title='bbox 1517 4388 1751 4446; x_wconf 78' lang='lat' dir='ltr'><strong>mireris.</strong></span> 
     </span>
    </p>
   </div>
   <div class='ocr_carea' id='block_1_51' title="bbox 161 4475 1752 4549">
    <p class='ocr_par' dir='ltr' id='par_1_51' title="bbox 161 4475 1752 4549">
     <span class='ocr_line' id='line_1_51' title="bbox 161 4475 1752 4549; baseline 0.003 -21"><span class='ocrx_word' id='word_1_373' title='bbox 161 4479 255 4529; x_wconf 75' lang='lat' dir='ltr'><strong>Aut</strong></span> <span class='ocrx_word' id='word_1_374' title='bbox 296 4475 443 4530; x_wconf 86' lang='lat' dir='ltr'><strong>enim</strong></span> <span class='ocrx_word' id='word_1_375' title='bbox 484 4476 615 4529; x_wconf 89' lang='lat' dir='ltr'><strong>illttd</strong></span> <span class='ocrx_word' id='word_1_376' title='bbox 657 4477 727 4531; x_wconf 91' lang='lat' dir='ltr'><strong>ita</strong></span> <span class='ocrx_word' id='word_1_377' title='bbox 771 4484 926 4531; x_wconf 89' lang='lat' dir='ltr'><strong>vocat</strong></span> <span class='ocrx_word' id='word_1_378' title='bbox 958 4477 1175 4546; x_wconf 90' lang='lat' dir='ltr'><strong>quodin</strong></span> <span class='ocrx_word' id='word_1_379' title='bbox 1209 4478 1368 4533; x_wconf 87' lang='lat' dir='ltr'><strong>terris</strong></span> <span class='ocrx_word' id='word_1_380' title='bbox 1411 4478 1752 4549; x_wconf 79' lang='lat' dir='ltr'><strong>conferatur;</strong></span> 
     </span>
    </p>
   </div>
   <div class='ocr_carea' id='block_1_52' title="bbox 159 4569 1751 4639">
    <p class='ocr_par' dir='ltr' id='par_1_52' title="bbox 159 4569 1751 4639">
     <span class='ocr_line' id='line_1_52' title="bbox 159 4569 1751 4639; baseline 0.006 -23"><span class='ocrx_word' id='word_1_381' title='bbox 159 4578 236 4621; x_wconf 86' lang='lat' dir='ltr'><strong>aut</strong></span> <span class='ocrx_word' id='word_1_382' title='bbox 261 4570 330 4622; x_wconf 88' lang='lat' dir='ltr'><strong>ita</strong></span> <span class='ocrx_word' id='word_1_383' title='bbox 364 4577 547 4634; x_wconf 87' lang='lat' dir='ltr'><strong>vocat,</strong></span> <span class='ocrx_word' id='word_1_384' title='bbox 578 4569 749 4639; x_wconf 87' lang='lat' dir='ltr'><strong>ipsum</strong></span> <span class='ocrx_word' id='word_1_385' title='bbox 778 4569 1147 4639; x_wconf 83' lang='lat' dir='ltr'><strong>comparando</strong></span> <span class='ocrx_word' id='word_1_386' title='bbox 1172 4586 1295 4625; x_wconf 90' lang='lat' dir='ltr'><strong>cum</strong></span> <span class='ocrx_word' id='word_1_387' title='bbox 1335 4572 1619 4635; x_wconf 81' lang='lat' dir='ltr'><strong>tremenda</strong></span> <span class='ocrx_word' id='word_1_388' title='bbox 1664 4573 1751 4626; x_wconf 93' lang='lat' dir='ltr'><strong>illa</strong></span> 
     </span>
    </p>
   </div>
   <div class='ocr_carea' id='block_1_53' title="bbox 159 4662 1748 4735">
    <p class='ocr_par' dir='ltr' id='par_1_53' title="bbox 159 4662 1748 4735">
     <span class='ocr_line' id='line_1_53' title="bbox 159 4662 1748 4735; baseline 0.006 -23"><span class='ocrx_word' id='word_1_389' title='bbox 159 4674 241 4713; x_wconf 77' lang='lat' dir='ltr'><strong>sua</strong></span> <span class='ocrx_word' id='word_1_390' title='bbox 267 4664 641 4731; x_wconf 85' lang='lat' dir='ltr'><strong>generatione.</strong></span> <span class='ocrx_word' id='word_1_391' title='bbox 667 4662 799 4717; x_wconf 83' lang='lat' dir='ltr'><strong>Nam</strong></span> <span class='ocrx_word' id='word_1_392' title='bbox 822 4663 923 4719; x_wconf 88' lang='lat' dir='ltr'><strong>etsi</strong></span> <span class='ocrx_word' id='word_1_393' title='bbox 958 4664 1071 4718; x_wconf 50' lang='lat' dir='ltr'><strong>haec</strong></span> <span class='ocrx_word' id='word_1_394' title='bbox 1101 4665 1377 4735; x_wconf 83' lang='lat' dir='ltr'><strong>generatio</strong></span> <span class='ocrx_word' id='word_1_395' title='bbox 1398 4668 1629 4722; x_wconf 67' lang='lat' dir='ltr'><strong>erelestis</strong></span> <span class='ocrx_word' id='word_1_396' title='bbox 1657 4668 1748 4735; x_wconf 86' lang='lat' dir='ltr'><strong>sit,</strong></span> 
     </span>
    </p>
   </div>
   <div class='ocr_carea' id='block_1_54' title="bbox 162 4755 1750 4826">
    <p class='ocr_par' dir='ltr' id='par_1_54' title="bbox 162 4755 1750 4826">
     <span class='ocr_line' id='line_1_54' title="bbox 162 4755 1750 4826; baseline 0.006 -22"><span class='ocrx_word' id='word_1_397' title='bbox 162 4755 196 4805; x_wconf 81' lang='lat' dir='ltr'><strong>si</strong></span> <span class='ocrx_word' id='word_1_398' title='bbox 245 4765 427 4809; x_wconf 86' lang='lat' dir='ltr'><strong>tamen</strong></span> <span class='ocrx_word' id='word_1_399' title='bbox 466 4765 815 4826; x_wconf 79' lang='lat' dir='ltr'><strong>comparetur</strong></span> <span class='ocrx_word' id='word_1_400' title='bbox 849 4771 971 4821; x_wconf 82' lang='lat' dir='ltr'><strong>cum</strong></span> <span class='ocrx_word' id='word_1_401' title='bbox 1003 4756 1094 4811; x_wconf 91' lang='lat' dir='ltr'><strong>illa</strong></span> <span class='ocrx_word' id='word_1_402' title='bbox 1139 4774 1204 4812; x_wconf 79' lang='lat' dir='ltr'><strong>ex</strong></span> <span class='ocrx_word' id='word_1_403' title='bbox 1252 4758 1423 4815; x_wconf 87' lang='lat' dir='ltr'><strong>Patris</strong></span> <span class='ocrx_word' id='word_1_404' title='bbox 1450 4760 1750 4815; x_wconf 87' lang='lat' dir='ltr'><strong>substantia</strong></span> 
     </span>
    </p>
   </div>
   <div class='ocr_carea' id='block_1_55' title="bbox 159 4848 1746 4923">
    <p class='ocr_par' dir='ltr' id='par_1_55' title="bbox 159 4848 1746 4923">
     <span class='ocr_line' id='line_1_55' title="bbox 159 4848 1746 4923; baseline 0.005 -24"><span class='ocrx_word' id='word_1_405' title='bbox 159 4848 496 4913; x_wconf 80' lang='lat' dir='ltr'><strong>generatione</strong></span> <span class='ocrx_word' id='word_1_406' title='bbox 519 4890 534 4913; x_wconf 86' lang='lat'><strong>,</strong></span> <span class='ocrx_word' id='word_1_407' title='bbox 569 4856 783 4902; x_wconf 88' lang='lat' dir='ltr'><strong>terrena</strong></span> <span class='ocrx_word' id='word_1_408' title='bbox 830 4848 933 4903; x_wconf 92' lang='lat' dir='ltr'><strong>dici</strong></span> <span class='ocrx_word' id='word_1_409' title='bbox 968 4859 1160 4919; x_wconf 89' lang='lat' dir='ltr'><strong>potest.</strong></span> <span class='ocrx_word' id='word_1_410' title='bbox 1195 4852 1271 4905; x_wconf 86' lang='lat' dir='ltr'><strong>Ac</strong></span> <span class='ocrx_word' id='word_1_411' title='bbox 1299 4851 1420 4921; x_wconf 88' lang='lat' dir='ltr'><strong>jure</strong></span> <span class='ocrx_word' id='word_1_412' title='bbox 1455 4868 1561 4907; x_wconf 90' lang='lat' dir='ltr'><strong>non</strong></span> <span class='ocrx_word' id='word_1_413' title='bbox 1592 4852 1746 4923; x_wconf 69' lang='lat' dir='ltr'><strong>dixit,</strong></span> 
     </span>
    </p>
   </div>
   <div class='ocr_carea' id='block_1_56' title="bbox 160 4936 1748 5015">
    <p class='ocr_par' dir='ltr' id='par_1_56' title="bbox 160 4936 1748 5015">
     <span class='ocr_line' id='line_1_56' title="bbox 160 4936 1748 5015; baseline 0.005 -25"><span class='ocrx_word' id='word_1_414' title='bbox 160 4936 259 4993; x_wconf 78' lang='lat' dir='ltr'><strong>Non</strong></span> <span class='ocrx_word' id='word_1_415' title='bbox 288 4940 614 5010; x_wconf 87' lang='lat' dir='ltr'><strong>iutelligitis,</strong></span> <span class='ocrx_word' id='word_1_416' title='bbox 642 4940 734 4995; x_wconf 87' lang='lat' dir='ltr'><strong>sed</strong></span> <span class='ocrx_word' id='word_1_417' title='bbox 759 4983 775 5007; x_wconf 93' lang='lat'><strong>,</strong></span> <span class='ocrx_word' id='word_1_418' title='bbox 820 4940 943 4997; x_wconf 82' lang='lat' dir='ltr'><strong>Non</strong></span> <span class='ocrx_word' id='word_1_419' title='bbox 990 4944 1214 5003; x_wconf 74' lang='lat' dir='ltr'><strong>creditis.</strong></span> <span class='ocrx_word' id='word_1_420' title='bbox 1253 4943 1307 4999; x_wconf 90' lang='lat' dir='ltr'><strong>Si</strong></span> <span class='ocrx_word' id='word_1_421' title='bbox 1354 4944 1473 5015; x_wconf 89' lang='lat' dir='ltr'><strong>quis</strong></span> <span class='ocrx_word' id='word_1_422' title='bbox 1502 4946 1646 5001; x_wconf 88' lang='lat' dir='ltr'><strong>enim</strong></span> <span class='ocrx_word' id='word_1_423' title='bbox 1686 4962 1748 5001; x_wconf 91' lang='lat' dir='ltr'><strong>ea</strong></span> 
     </span>
    </p>
   </div>
   <div class='ocr_carea' id='block_1_57' title="bbox 158 5031 1751 5109">
    <p class='ocr_par' dir='ltr' id='par_1_57' title="bbox 158 5031 1751 5109">
     <span class='ocr_line' id='line_1_57' title="bbox 158 5031 1751 5109; baseline 0.007 -29"><span class='ocrx_word' id='word_1_424' title='bbox 158 5031 369 5086; x_wconf 85' lang='lat' dir='ltr'><strong>credere</strong></span> <span class='ocrx_word' id='word_1_425' title='bbox 400 5041 458 5087; x_wconf 89' lang='lat' dir='ltr'><strong>et</strong></span> <span class='ocrx_word' id='word_1_426' title='bbox 506 5031 795 5088; x_wconf 87' lang='lat' dir='ltr'><strong>admittere</strong></span> <span class='ocrx_word' id='word_1_427' title='bbox 828 5034 979 5101; x_wconf 87' lang='lat' dir='ltr'><strong>nolit,</strong></span> <span class='ocrx_word' id='word_1_428' title='bbox 1013 5050 1133 5104; x_wconf 77' lang='lat' dir='ltr'><strong>qua:</strong></span> <span class='ocrx_word' id='word_1_429' title='bbox 1172 5044 1354 5097; x_wconf 89' lang='lat' dir='ltr'><strong>mente</strong></span> <span class='ocrx_word' id='word_1_430' title='bbox 1386 5037 1584 5107; x_wconf 88' lang='lat' dir='ltr'><strong>percipi</strong></span> <span class='ocrx_word' id='word_1_431' title='bbox 1633 5052 1751 5109; x_wconf 83' lang='lat' dir='ltr'><strong>pos-</strong></span> 
     </span>
    </p>
   </div>
   <div class='ocr_carea' id='block_1_58' title="bbox 158 5122 1745 5197">
    <p class='ocr_par' dir='ltr' id='par_1_58' title="bbox 158 5122 1745 5197">
     <span class='ocr_line' id='line_1_58' title="bbox 158 5122 1745 5197; baseline 0.009 -28"><span class='ocrx_word' id='word_1_432' title='bbox 158 5131 287 5185; x_wconf 75' lang='lat' dir='ltr'><strong>sunt.</strong></span> <span class='ocrx_word' id='word_1_433' title='bbox 314 5122 360 5177; x_wconf 95' lang='lat' dir='ltr'><strong>is</strong></span> <span class='ocrx_word' id='word_1_434' title='bbox 383 5127 511 5192; x_wconf 88' lang='lat' dir='ltr'><strong>jure</strong></span> <span class='ocrx_word' id='word_1_435' title='bbox 533 5123 1119 5192; x_wconf 66' lang='lat' dir='ltr'><strong>stultitiazaceusetur;</strong></span> <span class='ocrx_word' id='word_1_436' title='bbox 1146 5125 1194 5183; x_wconf 86' lang='lat' dir='ltr'><strong>si</strong></span> <span class='ocrx_word' id='word_1_437' title='bbox 1216 5128 1334 5197; x_wconf 88' lang='lat' dir='ltr'><strong>quis</strong></span> <span class='ocrx_word' id='word_1_438' title='bbox 1362 5143 1493 5181; x_wconf 85' lang='lat' dir='ltr'><strong>vero</strong></span> <span class='ocrx_word' id='word_1_439' title='bbox 1522 5128 1609 5182; x_wconf 93' lang='lat' dir='ltr'><strong>illa</strong></span> <span class='ocrx_word' id='word_1_440' title='bbox 1640 5146 1745 5183; x_wconf 86' lang='lat' dir='ltr'><strong>nun</strong></span> 
     </span>
    </p>
   </div>
   <div class='ocr_carea' id='block_1_59' title="bbox 157 5212 1745 5290">
    <p class='ocr_par' dir='ltr' id='par_1_59' title="bbox 157 5212 1745 5290">
     <span class='ocr_line' id='line_1_59' title="bbox 157 5212 1745 5290; baseline 0.007 -25"><span class='ocrx_word' id='word_1_441' title='bbox 157 5212 409 5281; x_wconf 72' lang='lat' dir='ltr'><strong>admittat,</strong></span> <span class='ocrx_word' id='word_1_442' title='bbox 427 5230 550 5284; x_wconf 76' lang='lat' dir='ltr'><strong>qua:</strong></span> <span class='ocrx_word' id='word_1_443' title='bbox 570 5231 676 5269; x_wconf 91' lang='lat' dir='ltr'><strong>non</strong></span> <span class='ocrx_word' id='word_1_444' title='bbox 694 5226 892 5281; x_wconf 89' lang='lat' dir='ltr'><strong>mente,</strong></span> <span class='ocrx_word' id='word_1_445' title='bbox 916 5217 1010 5273; x_wconf 89' lang='lat' dir='ltr'><strong>sed</strong></span> <span class='ocrx_word' id='word_1_446' title='bbox 1036 5218 1140 5275; x_wconf 89' lang='lat' dir='ltr'><strong>lide</strong></span> <span class='ocrx_word' id='word_1_447' title='bbox 1166 5220 1552 5290; x_wconf 88' lang='lat' dir='ltr'><strong>percipiuntur,</strong></span> <span class='ocrx_word' id='word_1_448' title='bbox 1574 5222 1616 5275; x_wconf 89' lang='lat' dir='ltr'><strong>is</strong></span> <span class='ocrx_word' id='word_1_449' title='bbox 1640 5238 1745 5276; x_wconf 91' lang='lat' dir='ltr'><strong>non</strong></span> 
     </span>
    </p>
   </div>
   <div class='ocr_carea' id='block_1_60' title="bbox 154 5304 1746 5386">
    <p class='ocr_par' dir='ltr' id='par_1_60' title="bbox 154 5304 1746 5386">
     <span class='ocr_line' id='line_1_60' title="bbox 154 5304 1746 5386; baseline 0.007 -27"><span class='ocrx_word' id='word_1_450' title='bbox 154 5304 248 5371; x_wconf 82' lang='lat' dir='ltr'><strong>jam</strong></span> <span class='ocrx_word' id='word_1_451' title='bbox 264 5308 527 5371; x_wconf 65' lang='lat' dir='ltr'><strong>stultitim,</strong></span> <span class='ocrx_word' id='word_1_452' title='bbox 559 5308 652 5362; x_wconf 90' lang='lat' dir='ltr'><strong>sed</strong></span> <span class='ocrx_word' id='word_1_453' title='bbox 677 5308 1061 5378; x_wconf 84' lang='lat' dir='ltr'><strong>incredulitatis</strong></span> <span class='ocrx_word' id='word_1_454' title='bbox 1076 5327 1235 5376; x_wconf 84' lang='lat' dir='ltr'><strong>causa</strong></span> <span class='ocrx_word' id='word_1_455' title='bbox 1256 5315 1513 5383; x_wconf 83' lang='lat' dir='ltr'><strong>arguitur.</strong></span> <span class='ocrx_word' id='word_1_456' title='bbox 1532 5314 1599 5370; x_wconf 86' lang='lat' dir='ltr'><strong>Ut</strong></span> <span class='ocrx_word' id='word_1_457' title='bbox 1618 5329 1746 5386; x_wconf 90' lang='lat' dir='ltr'><strong>ergo</strong></span> 
     </span>
    </p>
   </div>
   <div class='ocr_carea' id='block_1_61' title="bbox 158 5396 1740 5478">
    <p class='ocr_par' dir='ltr' id='par_1_61' title="bbox 158 5396 1740 5478">
     <span class='ocr_line' id='line_1_61' title="bbox 158 5396 1740 5478; baseline 0.008 -31"><span class='ocrx_word' id='word_1_458' title='bbox 158 5396 291 5451; x_wconf 88' lang='lat' dir='ltr'><strong>illum</strong></span> <span class='ocrx_word' id='word_1_459' title='bbox 313 5398 568 5465; x_wconf 87' lang='lat' dir='ltr'><strong>abducat,</strong></span> <span class='ocrx_word' id='word_1_460' title='bbox 596 5415 663 5454; x_wconf 88' lang='lat' dir='ltr'><strong>ne</strong></span> <span class='ocrx_word' id='word_1_461' title='bbox 692 5401 982 5457; x_wconf 86' lang='lat' dir='ltr'><strong>ratiociniis</strong></span> <span class='ocrx_word' id='word_1_462' title='bbox 999 5402 1198 5458; x_wconf 89' lang='lat' dir='ltr'><strong>dictum</strong></span> <span class='ocrx_word' id='word_1_463' title='bbox 1224 5405 1501 5475; x_wconf 90' lang='lat' dir='ltr'><strong>percipere</strong></span> <span class='ocrx_word' id='word_1_464' title='bbox 1517 5418 1740 5478; x_wconf 73' lang='lat' dir='ltr'><strong>qumrat,</strong></span> 
     </span>
    </p>
   </div>
   <div class='ocr_carea' id='block_1_62' title="bbox 156 5489 1741 5562">
    <p class='ocr_par' dir='ltr' id='par_1_62' title="bbox 156 5489 1741 5562">
     <span class='ocr_line' id='line_1_62' title="bbox 156 5489 1741 5562; baseline 0.01 -23"><span class='ocrx_word' id='word_1_465' title='bbox 156 5489 512 5546; x_wconf 74' lang='lat' dir='ltr'><strong>vehementius</strong></span> <span class='ocrx_word' id='word_1_466' title='bbox 535 5492 588 5547; x_wconf 89' lang='lat' dir='ltr'><strong>in</strong></span> <span class='ocrx_word' id='word_1_467' title='bbox 614 5491 762 5547; x_wconf 91' lang='lat' dir='ltr'><strong>illum</strong></span> <span class='ocrx_word' id='word_1_468' title='bbox 786 5494 1071 5562; x_wconf 83' lang='lat' dir='ltr'><strong>invehitur,</strong></span> <span class='ocrx_word' id='word_1_469' title='bbox 1094 5495 1163 5553; x_wconf 90' lang='lat' dir='ltr'><strong>de</strong></span> <span class='ocrx_word' id='word_1_470' title='bbox 1185 5498 1556 5554; x_wconf 88' lang='lat' dir='ltr'><strong>incredulitate</strong></span> <span class='ocrx_word' id='word_1_471' title='bbox 1583 5515 1741 5555; x_wconf 89' lang='lat' dir='ltr'><strong>accu-</strong></span> 
     </span>
    </p>
   </div>
   <div class='ocr_carea' id='block_1_63' title="bbox 155 5583 1744 5659">
    <p class='ocr_par' dir='ltr' id='par_1_63' title="bbox 155 5583 1744 5659">
     <span class='ocr_line' id='line_1_63' title="bbox 155 5583 1744 5659; baseline 0.008 -26"><span class='ocrx_word' id='word_1_472' title='bbox 155 5594 284 5636; x_wconf 80' lang='lat' dir='ltr'><strong>sans.</strong></span> <span class='ocrx_word' id='word_1_473' title='bbox 308 5583 365 5639; x_wconf 83' lang='lat' dir='ltr'><strong>Si</strong></span> <span class='ocrx_word' id='word_1_474' title='bbox 391 5599 523 5640; x_wconf 80' lang='lat' dir='ltr'><strong>vero</strong></span> <span class='ocrx_word' id='word_1_475' title='bbox 554 5594 793 5639; x_wconf 90' lang='lat' dir='ltr'><strong>nostram</strong></span> <span class='ocrx_word' id='word_1_476' title='bbox 818 5585 958 5641; x_wconf 91' lang='lat' dir='ltr'><strong>illam</strong></span> <span class='ocrx_word' id='word_1_477' title='bbox 989 5588 1389 5659; x_wconf 83' lang='lat' dir='ltr'><strong>generationem</strong></span> <span class='ocrx_word' id='word_1_478' title='bbox 1420 5590 1525 5645; x_wconf 91' lang='lat' dir='ltr'><strong>ﬁde</strong></span> <span class='ocrx_word' id='word_1_479' title='bbox 1552 5591 1744 5646; x_wconf 90' lang='lat' dir='ltr'><strong>admit-</strong></span> 
     </span>
    </p>
   </div>
   <div class='ocr_carea' id='block_1_64' title="bbox 158 5676 1743 5753">
    <p class='ocr_par' dir='ltr' id='par_1_64' title="bbox 158 5676 1743 5753">
     <span class='ocr_line' id='line_1_64' title="bbox 158 5676 1743 5753; baseline 0.008 -26"><span class='ocrx_word' id='word_1_480' title='bbox 158 5678 259 5728; x_wconf 81' lang='lat' dir='ltr'><strong>tere</strong></span> <span class='ocrx_word' id='word_1_481' title='bbox 272 5684 535 5744; x_wconf 89' lang='lat' dir='ltr'><strong>oporteat,</strong></span> <span class='ocrx_word' id='word_1_482' title='bbox 557 5690 664 5746; x_wconf 89' lang='lat' dir='ltr'><strong>quo</strong></span> <span class='ocrx_word' id='word_1_483' title='bbox 686 5691 791 5730; x_wconf 90' lang='lat' dir='ltr'><strong>non</strong></span> <span class='ocrx_word' id='word_1_484' title='bbox 815 5676 957 5748; x_wconf 76' lang='lat' dir='ltr'><strong>digni</strong></span> <span class='ocrx_word' id='word_1_485' title='bbox 986 5689 1109 5734; x_wconf 90' lang='lat' dir='ltr'><strong>sunt</strong></span> <span class='ocrx_word' id='word_1_486' title='bbox 1130 5680 1413 5751; x_wconf 88' lang='lat' dir='ltr'><strong>supplicio,</strong></span> <span class='ocrx_word' id='word_1_487' title='bbox 1437 5683 1526 5752; x_wconf 85' lang='lat' dir='ltr'><strong>qui</strong></span> <span class='ocrx_word' id='word_1_488' title='bbox 1548 5681 1743 5753; x_wconf 85' lang='lat' dir='ltr'><strong>Unige-</strong></span> 
     </span>
    </p>
   </div>
   <div class='ocr_carea' id='block_1_65' title="bbox 158 5760 1741 5843">
    <p class='ocr_par' dir='ltr' id='par_1_65' title="bbox 158 5760 1741 5843">
     <span class='ocr_line' id='line_1_65' title="bbox 158 5760 1741 5843; baseline 0.011 -30"><span class='ocrx_word' id='word_1_489' title='bbox 158 5760 242 5816; x_wconf 87' lang='lat' dir='ltr'><strong>niti</strong></span> <span class='ocrx_word' id='word_1_490' title='bbox 260 5769 658 5837; x_wconf 82' lang='lat' dir='ltr'><strong>generationem</strong></span> <span class='ocrx_word' id='word_1_491' title='bbox 686 5768 896 5824; x_wconf 89' lang='lat' dir='ltr'><strong>ratione</strong></span> <span class='ocrx_word' id='word_1_492' title='bbox 923 5770 1231 5843; x_wconf 88' lang='lat' dir='ltr'><strong>inquirunt?</strong></span> <span class='ocrx_word' id='word_1_493' title='bbox 1260 5771 1522 5829; x_wconf 80' lang='lat' dir='ltr'><strong>Sed‘lorte</strong></span> <span class='ocrx_word' id='word_1_494' title='bbox 1548 5774 1741 5829; x_wconf 72' lang='lat' dir='ltr'><strong>dixerit</strong></span> 
     </span>
    </p>
   </div>
   <div class='ocr_carea' id='block_1_66' title="bbox 462 5874 1102 5943">
    <p class='ocr_par' dir='ltr' id='par_1_66' title="bbox 462 5874 1102 5943">
     <span class='ocr_line' id='line_1_66' title="bbox 462 5874 1102 5943; baseline 0.017 -10"><span class='ocrx_word' id='word_1_495' title='bbox 462 5874 741 5936; x_wconf 71' lang='lat' dir='ltr'><strong>Parnm.</strong></span> <span class='ocrx_word' id='word_1_496' title='bbox 784 5878 898 5939; x_wconf 81' lang='lat' dir='ltr'><strong>Gn.</strong></span> <span class='ocrx_word' id='word_1_497' title='bbox 949 5885 1017 5942; x_wconf 82' lang='lat' dir='ltr'><strong>l.l</strong></span> <span class='ocrx_word' id='word_1_498' title='bbox 1035 5887 1102 5943; x_wconf 76' lang='grc' dir='ltr'>Χ.</span> 
     </span>
    </p>
   </div>
   <div class='ocr_carea' id='block_1_67' title="bbox 1881 1252 3493 1341">
    <p class='ocr_par' dir='ltr' id='par_1_67' title="bbox 1881 1252 3493 1341">
     <span class='ocr_line' id='line_1_67' title="bbox 1881 1252 3493 1341; baseline 0.019 -38"><span class='ocrx_word' id='word_1_499' title='bbox 1881 1252 2169 1323; x_wconf 59' lang='lat' dir='ltr'><strong>quispiam,</strong></span> <span class='ocrx_word' id='word_1_500' title='bbox 2201 1259 2306 1312; x_wconf 80' lang='lat' dir='ltr'><strong>Cur</strong></span> <span class='ocrx_word' id='word_1_501' title='bbox 2338 1258 2453 1323; x_wconf 71' lang='lat' dir='ltr'><strong>luce</strong></span> <span class='ocrx_word' id='word_1_502' title='bbox 2483 1262 2627 1325; x_wconf 84' lang='lat' dir='ltr'><strong>dicta</strong></span> <span class='ocrx_word' id='word_1_503' title='bbox 2658 1276 2782 1320; x_wconf 89' lang='lat' dir='ltr'><strong>sunt</strong></span> <span class='ocrx_word' id='word_1_504' title='bbox 2804 1308 2817 1331; x_wconf 84' lang='lat'><strong>,</strong></span> <span class='ocrx_word' id='word_1_505' title='bbox 2859 1269 2903 1326; x_wconf 87' lang='lat' dir='ltr'><strong>si</strong></span> <span class='ocrx_word' id='word_1_506' title='bbox 2934 1271 3210 1328; x_wconf 89' lang='lat' dir='ltr'><strong>auditores</strong></span> <span class='ocrx_word' id='word_1_507' title='bbox 3238 1291 3346 1331; x_wconf 89' lang='lat' dir='ltr'><strong>non</strong></span> <span class='ocrx_word' id='word_1_508' title='bbox 3376 1291 3493 1341; x_wconf 83' lang='lat' dir='ltr'><strong>cre-</strong></span> 
     </span>
    </p>
   </div>
   <div class='ocr_carea' id='block_1_68' title="bbox 1878 1342 3497 1435">
    <p class='ocr_par' dir='ltr' id='par_1_68' title="bbox 1878 1342 3497 1435">
     <span class='ocr_line' id='line_1_68' title="bbox 1878 1342 3497 1435; baseline 0.016 -36"><span class='ocrx_word' id='word_1_509' title='bbox 1878 1342 2042 1399; x_wconf 86' lang='lat' dir='ltr'><strong>.dituri</strong></span> <span class='ocrx_word' id='word_1_510' title='bbox 2067 1350 2273 1402; x_wconf 91' lang='lat' dir='ltr'><strong>erant?</strong></span> <span class='ocrx_word' id='word_1_511' title='bbox 2311 1351 2442 1417; x_wconf 89' lang='lat' dir='ltr'><strong>Quia</strong></span> <span class='ocrx_word' id='word_1_512' title='bbox 2474 1356 2576 1409; x_wconf 88' lang='lat' dir='ltr'><strong>etsi</strong></span> <span class='ocrx_word' id='word_1_513' title='bbox 2623 1357 2695 1410; x_wconf 89' lang='lat' dir='ltr'><strong>illi</strong></span> <span class='ocrx_word' id='word_1_514' title='bbox 2742 1373 2847 1417; x_wconf 90' lang='lat' dir='ltr'><strong>non</strong></span> <span class='ocrx_word' id='word_1_515' title='bbox 2897 1360 3153 1417; x_wconf 90' lang='lat' dir='ltr'><strong>credituri</strong></span> <span class='ocrx_word' id='word_1_516' title='bbox 3194 1376 3350 1422; x_wconf 84' lang='lat' dir='ltr'><strong>erant</strong></span> <span class='ocrx_word' id='word_1_517' title='bbox 3377 1409 3392 1435; x_wconf 93' lang='lat'><strong>,</strong></span> <span class='ocrx_word' id='word_1_518' title='bbox 3443 1379 3497 1425; x_wconf 87' lang='lat' dir='ltr'><strong>at</strong></span> 
     </span>
    </p>
   </div>
   <div class='ocr_carea' id='block_1_69' title="bbox 1880 1437 3497 1529">
    <p class='ocr_par' dir='ltr' id='par_1_69' title="bbox 1880 1437 3497 1529">
     <span class='ocr_line' id='line_1_69' title="bbox 1880 1437 3497 1529; baseline 0.016 -40"><span class='ocrx_word' id='word_1_519' title='bbox 1880 1437 2135 1493; x_wconf 86' lang='lat' dir='ltr'><strong>credituri</strong></span> <span class='ocrx_word' id='word_1_520' title='bbox 2161 1452 2307 1497; x_wconf 89' lang='lat' dir='ltr'><strong>certe</strong></span> <span class='ocrx_word' id='word_1_521' title='bbox 2340 1444 2500 1501; x_wconf 81' lang='lat' dir='ltr'><strong>futuri</strong></span> <span class='ocrx_word' id='word_1_522' title='bbox 2526 1445 2795 1513; x_wconf 89' lang='lat' dir='ltr'><strong>homines,</strong></span> <span class='ocrx_word' id='word_1_523' title='bbox 2830 1462 2883 1506; x_wconf 92' lang='lat' dir='ltr'><strong>et</strong></span> <span class='ocrx_word' id='word_1_524' title='bbox 2913 1452 3041 1510; x_wconf 88' lang='lat' dir='ltr'><strong>hinc</strong></span> <span class='ocrx_word' id='word_1_525' title='bbox 3063 1456 3344 1514; x_wconf 90' lang='lat' dir='ltr'><strong>utilitatem</strong></span> <span class='ocrx_word' id='word_1_526' title='bbox 3376 1475 3497 1529; x_wconf 86' lang='lat' dir='ltr'><strong>per-</strong></span> 
     </span>
    </p>
   </div>
   <div class='ocr_carea' id='block_1_70' title="bbox 1879 1533 3495 1618">
    <p class='ocr_par' dir='ltr' id='par_1_70' title="bbox 1879 1533 3495 1618">
     <span class='ocr_line' id='line_1_70' title="bbox 1879 1533 3495 1618; baseline 0.016 -35"><span class='ocrx_word' id='word_1_527' title='bbox 1879 1534 2109 1598; x_wconf 79' lang='lat' dir='ltr'><strong>cepturi.</strong></span> <span class='ocrx_word' id='word_1_528' title='bbox 2144 1533 2531 1594; x_wconf 81' lang='lat' dir='ltr'><strong>Vehementius</strong></span> <span class='ocrx_word' id='word_1_529' title='bbox 2562 1556 2691 1612; x_wconf 86' lang='lat' dir='ltr'><strong>ergo</strong></span> <span class='ocrx_word' id='word_1_530' title='bbox 2718 1543 2769 1597; x_wconf 91' lang='lat' dir='ltr'><strong>in</strong></span> <span class='ocrx_word' id='word_1_531' title='bbox 2802 1543 2951 1600; x_wconf 92' lang='lat' dir='ltr'><strong>illum</strong></span> <span class='ocrx_word' id='word_1_532' title='bbox 2984 1548 3242 1610; x_wconf 81' lang='lat' dir='ltr'><strong>invehens</strong></span> <span class='ocrx_word' id='word_1_533' title='bbox 3265 1594 3278 1616; x_wconf 91' lang='lat'><strong>,</strong></span> <span class='ocrx_word' id='word_1_534' title='bbox 3306 1562 3495 1618; x_wconf 54' lang='lat' dir='ltr'><strong>esten-</strong></span> 
     </span>
    </p>
   </div>
   <div class='ocr_carea' id='block_1_71' title="bbox 1878 1621 3493 1705">
    <p class='ocr_par' dir='ltr' id='par_1_71' title="bbox 1878 1621 3493 1705">
     <span class='ocr_line' id='line_1_71' title="bbox 1878 1621 3493 1705; baseline 0.015 -31"><span class='ocrx_word' id='word_1_535' title='bbox 1878 1621 1957 1675; x_wconf 86' lang='lat' dir='ltr'><strong>dit</strong></span> <span class='ocrx_word' id='word_1_536' title='bbox 1980 1623 2199 1679; x_wconf 89' lang='lat' dir='ltr'><strong>demum</strong></span> <span class='ocrx_word' id='word_1_537' title='bbox 2222 1670 2236 1693; x_wconf 93' lang='lat'><strong>,</strong></span> <span class='ocrx_word' id='word_1_538' title='bbox 2268 1643 2327 1684; x_wconf 92' lang='lat' dir='ltr'><strong>se</strong></span> <span class='ocrx_word' id='word_1_539' title='bbox 2373 1647 2478 1684; x_wconf 91' lang='lat' dir='ltr'><strong>non</strong></span> <span class='ocrx_word' id='word_1_540' title='bbox 2513 1632 2674 1691; x_wconf 85' lang='lat' dir='ltr'><strong>modo</strong></span> <span class='ocrx_word' id='word_1_541' title='bbox 2708 1635 2794 1691; x_wconf 84' lang='lat' dir='ltr'><strong>illa</strong></span> <span class='ocrx_word' id='word_1_542' title='bbox 2825 1652 2985 1695; x_wconf 89' lang='lat' dir='ltr'><strong>nosse</strong></span> <span class='ocrx_word' id='word_1_543' title='bbox 3010 1681 3024 1705; x_wconf 90' lang='lat'><strong>,</strong></span> <span class='ocrx_word' id='word_1_544' title='bbox 3074 1641 3165 1695; x_wconf 88' lang='lat' dir='ltr'><strong>sed</strong></span> <span class='ocrx_word' id='word_1_545' title='bbox 3196 1645 3358 1698; x_wconf 84' lang='lat' dir='ltr'><strong>etiam</strong></span> <span class='ocrx_word' id='word_1_546' title='bbox 3390 1646 3493 1702; x_wconf 83' lang='lat' dir='ltr'><strong>alia</strong></span> 
     </span>
    </p>
   </div>
   <div class='ocr_carea' id='block_1_72' title="bbox 1880 1713 3495 1804">
    <p class='ocr_par' dir='ltr' id='par_1_72' title="bbox 1880 1713 3495 1804">
     <span class='ocr_line' id='line_1_72' title="bbox 1880 1713 3495 1804; baseline 0.016 -36"><span class='ocrx_word' id='word_1_547' title='bbox 1880 1713 2035 1787; x_wconf 87' lang='lat' dir='ltr'><strong>longe</strong></span> <span class='ocrx_word' id='word_1_548' title='bbox 2069 1720 2219 1788; x_wconf 90' lang='lat' dir='ltr'><strong>plura</strong></span> <span class='ocrx_word' id='word_1_549' title='bbox 2266 1730 2321 1776; x_wconf 88' lang='lat' dir='ltr'><strong>et</strong></span> <span class='ocrx_word' id='word_1_550' title='bbox 2366 1724 2575 1794; x_wconf 81' lang='lat' dir='ltr'><strong>majora</strong></span> <span class='ocrx_word' id='word_1_551' title='bbox 2608 1744 2620 1793; x_wconf 93' lang='lat'>;</span> <span class='ocrx_word' id='word_1_552' title='bbox 2654 1730 2798 1798; x_wconf 91' lang='lat' dir='ltr'><strong>quod</strong></span> <span class='ocrx_word' id='word_1_553' title='bbox 2833 1746 2932 1800; x_wconf 92' lang='lat' dir='ltr'><strong>per</strong></span> <span class='ocrx_word' id='word_1_554' title='bbox 2956 1736 3237 1804; x_wconf 85' lang='lat' dir='ltr'><strong>sequentia</strong></span> <span class='ocrx_word' id='word_1_555' title='bbox 3262 1740 3495 1795; x_wconf 86' lang='lat' dir='ltr'><strong>ostendit</strong></span> 
     </span>
    </p>
   </div>
   <div class='ocr_carea' id='block_1_73' title="bbox 1878 1807 3495 1895">
    <p class='ocr_par' dir='ltr' id='par_1_73' title="bbox 1878 1807 3495 1895">
     <span class='ocr_line' id='line_1_73' title="bbox 1878 1807 3495 1895; baseline 0.015 -34"><span class='ocrx_word' id='word_1_556' title='bbox 1878 1807 2065 1879; x_wconf 81' lang='lat' dir='ltr'><strong>dicens</strong></span> <span class='ocrx_word' id='word_1_557' title='bbox 2093 1829 2105 1863; x_wconf 92' lang='lat'>:</span> <span class='ocrx_word' id='word_1_558' title='bbox 2142 1810 2310 1868; x_wconf 82' lang='lat' dir='ltr'><strong>Nemo</strong></span> <span class='ocrx_word' id='word_1_559' title='bbox 2340 1815 2391 1869; x_wconf 90' lang='lat' dir='ltr'><strong>in</strong></span> <span class='ocrx_word' id='word_1_560' title='bbox 2414 1818 2594 1872; x_wconf 65' lang='lat' dir='ltr'><strong>caelum</strong></span> <span class='ocrx_word' id='word_1_561' title='bbox 2622 1822 2873 1887; x_wconf 80' lang='lat' dir='ltr'><strong>ascendit,</strong></span> <span class='ocrx_word' id='word_1_562' title='bbox 2896 1826 2995 1878; x_wconf 86' lang='lat' dir='ltr'><strong>nisi</strong></span> <span class='ocrx_word' id='word_1_563' title='bbox 3036 1827 3124 1895; x_wconf 81' lang='lat' dir='ltr'><strong>qui</strong></span> <span class='ocrx_word' id='word_1_564' title='bbox 3157 1829 3219 1882; x_wconf 92' lang='lat' dir='ltr'><strong>de</strong></span> <span class='ocrx_word' id='word_1_565' title='bbox 3245 1832 3369 1884; x_wconf 66' lang='lat' dir='ltr'><strong>cado</strong></span> <span class='ocrx_word' id='word_1_566' title='bbox 3408 1849 3495 1885; x_wconf 82' lang='lat' dir='ltr'><strong>ae-</strong></span> 
     </span>
    </p>
   </div>
   <div class='ocr_carea' id='block_1_74' title="bbox 1879 1903 3489 1997">
    <p class='ocr_par' dir='ltr' id='par_1_74' title="bbox 1879 1903 3489 1997">
     <span class='ocr_line' id='line_1_74' title="bbox 1879 1903 3489 1997; baseline 0.014 -42"><span class='ocrx_word' id='word_1_567' title='bbox 1879 1903 2093 1967; x_wconf 85' lang='lat' dir='ltr'><strong>scendit,</strong></span> <span class='ocrx_word' id='word_1_568' title='bbox 2128 1903 2174 1957; x_wconf 72' lang='grc' dir='ltr'><em>Ρ</em></span> <span class='ocrx_word' id='word_1_569' title='bbox 2177 1905 2296 1960; x_wconf 87' lang='lat' dir='ltr'><strong>ilius</strong></span> <span class='ocrx_word' id='word_1_570' title='bbox 2324 1909 2579 1977; x_wconf 81' lang='lat' dir='ltr'><strong>hominis,</strong></span> <span class='ocrx_word' id='word_1_571' title='bbox 2617 1913 2704 1982; x_wconf 87' lang='lat' dir='ltr'><strong>qui</strong></span> <span class='ocrx_word' id='word_1_572' title='bbox 2734 1924 2807 1967; x_wconf 89' lang='lat' dir='ltr'><strong>est</strong></span> <span class='ocrx_word' id='word_1_573' title='bbox 2833 1915 2884 1969; x_wconf 88' lang='lat' dir='ltr'><strong>in</strong></span> <span class='ocrx_word' id='word_1_574' title='bbox 2918 1918 3061 1972; x_wconf 75' lang='lat' dir='ltr'><strong>cwlo.</strong></span> <span class='ocrx_word' id='word_1_575' title='bbox 3092 1919 3159 1975; x_wconf 86' lang='lat' dir='ltr'><strong>Et</strong></span> <span class='ocrx_word' id='word_1_576' title='bbox 3198 1936 3444 1990; x_wconf 77' lang='lat' dir='ltr'><strong>quautam</strong></span> <span class='ocrx_word' id='word_1_577' title='bbox 3473 1969 3489 1997; x_wconf 85' lang='lat'><strong>_,</strong></span> 
     </span>
    </p>
   </div>
   <div class='ocr_carea' id='block_1_75' title="bbox 1879 1995 3492 2075">
    <p class='ocr_par' dir='ltr' id='par_1_75' title="bbox 1879 1995 3492 2075">
     <span class='ocr_line' id='line_1_75' title="bbox 1879 1995 3492 2075; baseline 0.015 -29"><span class='ocrx_word' id='word_1_578' title='bbox 1879 1995 2122 2064; x_wconf 81' lang='lat' dir='ltr'><strong>inquies,</strong></span> <span class='ocrx_word' id='word_1_579' title='bbox 2160 1997 2276 2053; x_wconf 63' lang='lat' dir='ltr'><strong>ha&#39;c</strong></span> <span class='ocrx_word' id='word_1_580' title='bbox 2302 2005 2734 2072; x_wconf 88' lang='lat' dir='ltr'><strong>consequentia?</strong></span> <span class='ocrx_word' id='word_1_581' title='bbox 2765 2005 2994 2066; x_wconf 78' lang='lat' dir='ltr'><strong>Maxima</strong></span> <span class='ocrx_word' id='word_1_582' title='bbox 3026 2021 3192 2073; x_wconf 86' lang='lat' dir='ltr'><strong>certe,</strong></span> <span class='ocrx_word' id='word_1_583' title='bbox 3222 2023 3281 2075; x_wconf 85' lang='lat' dir='ltr'><strong>et</strong></span> <span class='ocrx_word' id='word_1_584' title='bbox 3306 1995 3492 2070; x_wconf 87' lang='lat' dir='ltr'><strong>admo-</strong></span> 
     </span>
    </p>
   </div>
   <div class='ocr_carea' id='block_1_76' title="bbox 1877 2084 3490 2165">
    <p class='ocr_par' dir='ltr' id='par_1_76' title="bbox 1877 2084 3490 2165">
     <span class='ocr_line' id='line_1_76' title="bbox 1877 2084 3490 2165; baseline 0.014 -26"><span class='ocrx_word' id='word_1_585' title='bbox 1877 2084 2003 2140; x_wconf 90' lang='lat' dir='ltr'><strong>dum</strong></span> <span class='ocrx_word' id='word_1_586' title='bbox 2028 2102 2148 2142; x_wconf 92' lang='lat' dir='ltr'><strong>cum</strong></span> <span class='ocrx_word' id='word_1_587' title='bbox 2179 2091 2505 2160; x_wconf 89' lang='lat' dir='ltr'><strong>supradictis</strong></span> <span class='ocrx_word' id='word_1_588' title='bbox 2529 2109 2860 2152; x_wconf 86' lang='lat' dir='ltr'><strong>consonans.</strong></span> <span class='ocrx_word' id='word_1_589' title='bbox 2885 2100 3020 2165; x_wconf 87' lang='lat' dir='ltr'><strong>Quia</strong></span> <span class='ocrx_word' id='word_1_590' title='bbox 3044 2102 3186 2156; x_wconf 89' lang='lat' dir='ltr'><strong>enim</strong></span> <span class='ocrx_word' id='word_1_591' title='bbox 3222 2104 3309 2159; x_wconf 90' lang='lat' dir='ltr'><strong>ille</strong></span> <span class='ocrx_word' id='word_1_592' title='bbox 3336 2105 3490 2161; x_wconf 84' lang='lat' dir='ltr'><strong>dixe-</strong></span> 
     </span>
    </p>
   </div>
   <div class='ocr_carea' id='block_1_77' title="bbox 1878 2180 3491 2268">
    <p class='ocr_par' dir='ltr' id='par_1_77' title="bbox 1878 2180 3491 2268">
     <span class='ocr_line' id='line_1_77' title="bbox 1878 2180 3491 2268; baseline 0.012 -35"><span class='ocrx_word' id='word_1_593' title='bbox 1878 2188 1963 2233; x_wconf 91' lang='lat' dir='ltr'><strong>rat</strong></span> <span class='ocrx_word' id='word_1_594' title='bbox 1993 2197 2005 2234; x_wconf 95' lang='lat'>:</span> <span class='ocrx_word' id='word_1_595' title='bbox 2042 2180 2247 2237; x_wconf 86' lang='lat' dir='ltr'><strong>Scimus</strong></span> <span class='ocrx_word' id='word_1_596' title='bbox 2285 2186 2405 2252; x_wconf 87' lang='lat' dir='ltr'><strong>quia</strong></span> <span class='ocrx_word' id='word_1_597' title='bbox 2435 2202 2467 2238; x_wconf 88' lang='lat' dir='ltr'><strong>a</strong></span> <span class='ocrx_word' id='word_1_598' title='bbox 2504 2185 2612 2242; x_wconf 88' lang='lat' dir='ltr'><strong>Deo</strong></span> <span class='ocrx_word' id='word_1_599' title='bbox 2640 2190 2820 2244; x_wconf 80' lang='lat' dir='ltr'><strong>uenisti</strong></span> <span class='ocrx_word' id='word_1_600' title='bbox 2859 2193 3137 2262; x_wconf 79' lang='lat' dir='ltr'><strong>magister,</strong></span> <span class='ocrx_word' id='word_1_601' title='bbox 3173 2196 3275 2250; x_wconf 92' lang='lat' dir='ltr'><strong>hoc</strong></span> <span class='ocrx_word' id='word_1_602' title='bbox 3319 2199 3491 2268; x_wconf 87' lang='lat' dir='ltr'><strong>ipsum</strong></span> 
     </span>
    </p>
   </div>
   <div class='ocr_carea' id='block_1_78' title="bbox 1879 2266 3493 2361">
    <p class='ocr_par' dir='ltr' id='par_1_78' title="bbox 1879 2266 3493 2361">
     <span class='ocr_line' id='line_1_78' title="bbox 1879 2266 3493 2361; baseline 0.014 -35"><span class='ocrx_word' id='word_1_603' title='bbox 1879 2271 1971 2331; x_wconf 87' lang='lat' dir='ltr'><strong>ille</strong></span> <span class='ocrx_word' id='word_1_604' title='bbox 2001 2275 2241 2346; x_wconf 86' lang='lat' dir='ltr'><strong>corrigit,</strong></span> <span class='ocrx_word' id='word_1_605' title='bbox 2273 2292 2335 2333; x_wconf 88' lang='lat' dir='ltr'><strong>ac</strong></span> <span class='ocrx_word' id='word_1_606' title='bbox 2367 2279 2411 2333; x_wconf 92' lang='lat' dir='ltr'><strong>si</strong></span> <span class='ocrx_word' id='word_1_607' title='bbox 2443 2280 2585 2342; x_wconf 84' lang='lat' dir='ltr'><strong>dicat</strong></span> <span class='ocrx_word' id='word_1_608' title='bbox 2612 2300 2625 2335; x_wconf 92' lang='lat'><strong>:</strong></span> <span class='ocrx_word' id='word_1_609' title='bbox 2656 2282 2734 2338; x_wconf 86' lang='lat' dir='ltr'><strong>Ne</strong></span> <span class='ocrx_word' id='word_1_610' title='bbox 2757 2266 2913 2354; x_wconf 84' lang='lat' dir='ltr'><strong>putes</strong></span> <span class='ocrx_word' id='word_1_611' title='bbox 2954 2302 3041 2341; x_wconf 88' lang='lat' dir='ltr'><strong>me</strong></span> <span class='ocrx_word' id='word_1_612' title='bbox 3073 2291 3142 2342; x_wconf 88' lang='lat' dir='ltr'><strong>ita</strong></span> <span class='ocrx_word' id='word_1_613' title='bbox 3177 2292 3493 2361; x_wconf 84' lang='lat' dir='ltr'><strong>magistrum</strong></span> 
     </span>
    </p>
   </div>
   <div class='ocr_carea' id='block_1_79' title="bbox 1877 2371 3494 2447">
    <p class='ocr_par' dir='ltr' id='par_1_79' title="bbox 1877 2371 3494 2447">
     <span class='ocr_line' id='line_1_79' title="bbox 1877 2371 3494 2447; baseline 0.011 -26"><span class='ocrx_word' id='word_1_614' title='bbox 1877 2380 1998 2422; x_wconf 90' lang='lat' dir='ltr'><strong>esse</strong></span> <span class='ocrx_word' id='word_1_615' title='bbox 2027 2376 2084 2423; x_wconf 86' lang='lat' dir='ltr'><strong>ut</strong></span> <span class='ocrx_word' id='word_1_616' title='bbox 2112 2371 2263 2425; x_wconf 92' lang='lat' dir='ltr'><strong>multi</strong></span> <span class='ocrx_word' id='word_1_617' title='bbox 2294 2373 2574 2444; x_wconf 78' lang='lat' dir='ltr'><strong>prOphetae</strong></span> <span class='ocrx_word' id='word_1_618' title='bbox 2600 2419 2613 2442; x_wconf 95' lang='lat'><strong>,</strong></span> <span class='ocrx_word' id='word_1_619' title='bbox 2652 2378 2740 2447; x_wconf 92' lang='lat' dir='ltr'><strong>qui</strong></span> <span class='ocrx_word' id='word_1_620' title='bbox 2777 2378 2846 2433; x_wconf 92' lang='lat' dir='ltr'><strong>de</strong></span> <span class='ocrx_word' id='word_1_621' title='bbox 2875 2388 3014 2434; x_wconf 90' lang='lat' dir='ltr'><strong>terra</strong></span> <span class='ocrx_word' id='word_1_622' title='bbox 3045 2391 3219 2436; x_wconf 86' lang='lat' dir='ltr'><strong>erant.</strong></span> <span class='ocrx_word' id='word_1_623' title='bbox 3255 2385 3327 2437; x_wconf 72' lang='lat' dir='ltr'><strong>Ex</strong></span> <span class='ocrx_word' id='word_1_624' title='bbox 3360 2387 3494 2439; x_wconf 84' lang='lat' dir='ltr'><strong>ea-lo</strong></span> 
     </span>
    </p>
   </div>
   <div class='ocr_carea' id='block_1_80' title="bbox 1878 2465 3492 2543">
    <p class='ocr_par' dir='ltr' id='par_1_80' title="bbox 1878 2465 3492 2543">
     <span class='ocr_line' id='line_1_80' title="bbox 1878 2465 3492 2543; baseline 0.012 -30"><span class='ocrx_word' id='word_1_625' title='bbox 1878 2475 2108 2531; x_wconf 90' lang='lat' dir='ltr'><strong>namque</strong></span> <span class='ocrx_word' id='word_1_626' title='bbox 2136 2465 2314 2519; x_wconf 88' lang='lat' dir='ltr'><strong>venio.</strong></span> <span class='ocrx_word' id='word_1_627' title='bbox 2346 2466 2738 2538; x_wconf 85' lang='lat' dir='ltr'><strong>Prophetarum</strong></span> <span class='ocrx_word' id='word_1_628' title='bbox 2768 2472 2968 2543; x_wconf 88' lang='lat' dir='ltr'><strong>quippe</strong></span> <span class='ocrx_word' id='word_1_629' title='bbox 2999 2475 3177 2532; x_wconf 85' lang='lat' dir='ltr'><strong>nullus</strong></span> <span class='ocrx_word' id='word_1_630' title='bbox 3208 2491 3271 2529; x_wconf 91' lang='lat' dir='ltr'><strong>eo</strong></span> <span class='ocrx_word' id='word_1_631' title='bbox 3300 2492 3492 2532; x_wconf 83' lang='lat' dir='ltr'><strong>ascen-</strong></span> 
     </span>
    </p>
   </div>
   <div class='ocr_carea' id='block_1_81' title="bbox 1876 2551 3491 2633">
    <p class='ocr_par' dir='ltr' id='par_1_81' title="bbox 1876 2551 3491 2633">
     <span class='ocr_line' id='line_1_81' title="bbox 1876 2551 3491 2633; baseline 0.012 -29"><span class='ocrx_word' id='word_1_632' title='bbox 1876 2551 2003 2617; x_wconf 89' lang='lat' dir='ltr'><strong>dit;</strong></span> <span class='ocrx_word' id='word_1_633' title='bbox 2050 2568 2151 2624; x_wconf 87' lang='lat' dir='ltr'><strong>ego</strong></span> <span class='ocrx_word' id='word_1_634' title='bbox 2198 2555 2307 2610; x_wconf 92' lang='lat' dir='ltr'><strong>illie</strong></span> <span class='ocrx_word' id='word_1_635' title='bbox 2359 2557 2561 2613; x_wconf 89' lang='lat' dir='ltr'><strong>habito.</strong></span> <span class='ocrx_word' id='word_1_636' title='bbox 2606 2560 2793 2617; x_wconf 84' lang='lat' dir='ltr'><strong>Viden’</strong></span> <span class='ocrx_word' id='word_1_637' title='bbox 2835 2564 3111 2633; x_wconf 89' lang='lat' dir='ltr'><strong>quomodo</strong></span> <span class='ocrx_word' id='word_1_638' title='bbox 3154 2566 3283 2629; x_wconf 87' lang='lat' dir='ltr'><strong>illud</strong></span> <span class='ocrx_word' id='word_1_639' title='bbox 3330 2568 3491 2623; x_wconf 89' lang='lat' dir='ltr'><strong>etiam</strong></span> 
     </span>
    </p>
   </div>
   <div class='ocr_carea' id='block_1_82' title="bbox 1876 2644 3489 2731">
    <p class='ocr_par' dir='ltr' id='par_1_82' title="bbox 1876 2644 3489 2731">
     <span class='ocr_line' id='line_1_82' title="bbox 1876 2644 3489 2731; baseline 0.012 -33"><span class='ocrx_word' id='word_1_640' title='bbox 1876 2644 2018 2715; x_wconf 90' lang='lat' dir='ltr'><strong>quod</strong></span> <span class='ocrx_word' id='word_1_641' title='bbox 2048 2647 2337 2703; x_wconf 90' lang='lat' dir='ltr'><strong>admodum</strong></span> <span class='ocrx_word' id='word_1_642' title='bbox 2373 2652 2605 2707; x_wconf 90' lang='lat' dir='ltr'><strong>sublime</strong></span> <span class='ocrx_word' id='word_1_643' title='bbox 2632 2655 2847 2710; x_wconf 87' lang='lat' dir='ltr'><strong>videtur</strong></span> <span class='ocrx_word' id='word_1_644' title='bbox 2875 2672 2995 2712; x_wconf 90' lang='lat' dir='ltr'><strong>esse</strong></span> <span class='ocrx_word' id='word_1_645' title='bbox 3020 2699 3033 2723; x_wconf 90' lang='lat'><strong>,</strong></span> <span class='ocrx_word' id='word_1_646' title='bbox 3072 2658 3189 2728; x_wconf 89' lang='lat' dir='ltr'><strong>ejus</strong></span> <span class='ocrx_word' id='word_1_647' title='bbox 3218 2664 3489 2731; x_wconf 86' lang='lat' dir='ltr'><strong>magnitu-</strong></span> 
     </span>
    </p>
   </div>
   <div class='ocr_carea' id='block_1_83' title="bbox 1877 2737 3492 2810">
    <p class='ocr_par' dir='ltr' id='par_1_83' title="bbox 1877 2737 3492 2810">
     <span class='ocr_line' id='line_1_83' title="bbox 1877 2737 3492 2810; baseline 0.009 -16"><span class='ocrx_word' id='word_1_648' title='bbox 1877 2737 2001 2794; x_wconf 89' lang='lat' dir='ltr'><strong>dine</strong></span> <span class='ocrx_word' id='word_1_649' title='bbox 2032 2740 2466 2810; x_wconf 84' lang='lat' dir='ltr'><strong>indignissimum</strong></span> <span class='ocrx_word' id='word_1_650' title='bbox 2511 2746 2630 2801; x_wconf 78' lang='lat' dir='ltr'><strong>sit?</strong></span> <span class='ocrx_word' id='word_1_651' title='bbox 2672 2746 2787 2801; x_wconf 87' lang='lat' dir='ltr'><strong>Non</strong></span> <span class='ocrx_word' id='word_1_652' title='bbox 2833 2758 3041 2803; x_wconf 89' lang='lat' dir='ltr'><strong>tantum</strong></span> <span class='ocrx_word' id='word_1_653' title='bbox 3074 2751 3217 2805; x_wconf 90' lang='lat' dir='ltr'><strong>enim</strong></span> <span class='ocrx_word' id='word_1_654' title='bbox 3260 2754 3310 2806; x_wconf 89' lang='lat' dir='ltr'><strong>in</strong></span> <span class='ocrx_word' id='word_1_655' title='bbox 3357 2755 3492 2808; x_wconf 85' lang='lat' dir='ltr'><strong>c:elo</strong></span> 
     </span>
    </p>
   </div>
   <div class='ocr_carea' id='block_1_84' title="bbox 1875 2832 3490 2909">
    <p class='ocr_par' dir='ltr' id='par_1_84' title="bbox 1875 2832 3490 2909">
     <span class='ocr_line' id='line_1_84' title="bbox 1875 2832 3490 2909; baseline 0.01 -26"><span class='ocrx_word' id='word_1_656' title='bbox 1875 2836 1977 2895; x_wconf 81' lang='lat' dir='ltr'><strong>est,</strong></span> <span class='ocrx_word' id='word_1_657' title='bbox 2003 2832 2094 2887; x_wconf 90' lang='lat' dir='ltr'><strong>sed</strong></span> <span class='ocrx_word' id='word_1_658' title='bbox 2129 2834 2289 2886; x_wconf 85' lang='lat' dir='ltr'><strong>etiam</strong></span> <span class='ocrx_word' id='word_1_659' title='bbox 2319 2836 2537 2905; x_wconf 81' lang='lat' dir='ltr'><strong>ubique,</strong></span> <span class='ocrx_word' id='word_1_660' title='bbox 2571 2846 2626 2892; x_wconf 86' lang='lat' dir='ltr'><strong>et</strong></span> <span class='ocrx_word' id='word_1_661' title='bbox 2653 2840 2831 2905; x_wconf 75' lang='lat' dir='ltr'><strong>omnia</strong></span> <span class='ocrx_word' id='word_1_662' title='bbox 2856 2839 3063 2909; x_wconf 73' lang='lat' dir='ltr'><strong>implet.</strong></span> <span class='ocrx_word' id='word_1_663' title='bbox 3090 2840 3289 2896; x_wconf 78' lang='lat' dir='ltr'><strong>Verum</strong></span> <span class='ocrx_word' id='word_1_664' title='bbox 3314 2844 3490 2907; x_wconf 85' lang='lat' dir='ltr'><strong>adhuc</strong></span> 
     </span>
    </p>
   </div>
   <div class='ocr_carea' id='block_1_85' title="bbox 1876 2923 3487 3001">
    <p class='ocr_par' dir='ltr' id='par_1_85' title="bbox 1876 2923 3487 3001">
     <span class='ocr_line' id='line_1_85' title="bbox 1876 2923 3487 3001; baseline 0.011 -29"><span class='ocrx_word' id='word_1_665' title='bbox 1876 2934 1973 2988; x_wconf 88' lang='lat' dir='ltr'><strong>pro</strong></span> <span class='ocrx_word' id='word_1_666' title='bbox 2005 2923 2265 2978; x_wconf 86' lang='lat' dir='ltr'><strong>auditoris</strong></span> <span class='ocrx_word' id='word_1_667' title='bbox 2295 2926 2664 2983; x_wconf 86' lang='lat' dir='ltr'><strong>imbecillitate</strong></span> <span class='ocrx_word' id='word_1_668' title='bbox 2688 2928 2947 2998; x_wconf 86' lang='lat' dir='ltr'><strong>loquitur,</strong></span> <span class='ocrx_word' id='word_1_669' title='bbox 2973 2940 3033 2993; x_wconf 87' lang='lat' dir='ltr'><strong>ut</strong></span> <span class='ocrx_word' id='word_1_670' title='bbox 3059 2934 3315 3001; x_wconf 86' lang='lat' dir='ltr'><strong>paulatim</strong></span> <span class='ocrx_word' id='word_1_671' title='bbox 3337 2935 3487 2989; x_wconf 90' lang='lat' dir='ltr'><strong>illum</strong></span> 
     </span>
    </p>
   </div>
   <div class='ocr_carea' id='block_1_86' title="bbox 1876 3013 3489 3091">
    <p class='ocr_par' dir='ltr' id='par_1_86' title="bbox 1876 3013 3489 3091">
     <span class='ocr_line' id='line_1_86' title="bbox 1876 3013 3489 3091; baseline 0.012 -25"><span class='ocrx_word' id='word_1_672' title='bbox 1876 3013 2065 3083; x_wconf 87' lang='lat' dir='ltr'><strong>erigat.</strong></span> <span class='ocrx_word' id='word_1_673' title='bbox 2095 3016 2290 3072; x_wconf 87' lang='lat' dir='ltr'><strong>Filium</strong></span> <span class='ocrx_word' id='word_1_674' title='bbox 2318 3030 2496 3074; x_wconf 90' lang='lat' dir='ltr'><strong>autem</strong></span> <span class='ocrx_word' id='word_1_675' title='bbox 2541 3020 2777 3091; x_wconf 89' lang='lat' dir='ltr'><strong>hominis</strong></span> <span class='ocrx_word' id='word_1_676' title='bbox 2814 3024 2900 3079; x_wconf 93' lang='lat' dir='ltr'><strong>hic</strong></span> <span class='ocrx_word' id='word_1_677' title='bbox 2935 3042 3039 3080; x_wconf 92' lang='lat' dir='ltr'><strong>non</strong></span> <span class='ocrx_word' id='word_1_678' title='bbox 3081 3042 3301 3083; x_wconf 90' lang='lat' dir='ltr'><strong>carnem</strong></span> <span class='ocrx_word' id='word_1_679' title='bbox 3332 3044 3489 3089; x_wconf 77' lang='lat' dir='ltr'><strong>voca-</strong></span> 
     </span>
    </p>
   </div>
   <div class='ocr_carea' id='block_1_87' title="bbox 1877 3104 3478 3187">
    <p class='ocr_par' dir='ltr' id='par_1_87' title="bbox 1877 3104 3478 3187">
     <span class='ocr_line' id='line_1_87' title="bbox 1877 3104 3478 3187; baseline 0.011 -30"><span class='ocrx_word' id='word_1_680' title='bbox 1877 3104 1969 3171; x_wconf 85' lang='lat' dir='ltr'><strong>vit,</strong></span> <span class='ocrx_word' id='word_1_681' title='bbox 1998 3106 2091 3161; x_wconf 91' lang='lat' dir='ltr'><strong>sed</strong></span> <span class='ocrx_word' id='word_1_682' title='bbox 2122 3122 2152 3161; x_wconf 91' lang='lat' dir='ltr'><strong>a</strong></span> <span class='ocrx_word' id='word_1_683' title='bbox 2198 3109 2389 3165; x_wconf 88' lang='lat' dir='ltr'><strong>minori</strong></span> <span class='ocrx_word' id='word_1_684' title='bbox 2423 3112 2719 3167; x_wconf 89' lang='lat' dir='ltr'><strong>substantia</strong></span> <span class='ocrx_word' id='word_1_685' title='bbox 2754 3129 2812 3169; x_wconf 91' lang='lat' dir='ltr'><strong>se</strong></span> <span class='ocrx_word' id='word_1_686' title='bbox 2844 3122 3013 3169; x_wconf 90' lang='lat' dir='ltr'><strong>totum</strong></span> <span class='ocrx_word' id='word_1_687' title='bbox 3040 3156 3054 3181; x_wconf 93' lang='lat'><strong>,</strong></span> <span class='ocrx_word' id='word_1_688' title='bbox 3093 3127 3149 3171; x_wconf 92' lang='lat' dir='ltr'><strong>ut</strong></span> <span class='ocrx_word' id='word_1_689' title='bbox 3178 3118 3249 3173; x_wconf 90' lang='lat' dir='ltr'><strong>ita</strong></span> <span class='ocrx_word' id='word_1_690' title='bbox 3278 3120 3478 3187; x_wconf 88' lang='lat' dir='ltr'><strong>dicam,</strong></span> 
     </span>
    </p>
   </div>
   <div class='ocr_carea' id='block_1_88' title="bbox 1875 3200 3490 3283">
    <p class='ocr_par' dir='ltr' id='par_1_88' title="bbox 1875 3200 3490 3283">
     <span class='ocr_line' id='line_1_88' title="bbox 1875 3200 3490 3283; baseline 0.011 -32"><span class='ocrx_word' id='word_1_691' title='bbox 1875 3200 2194 3255; x_wconf 88' lang='lat' dir='ltr'><strong>nominavit.</strong></span> <span class='ocrx_word' id='word_1_692' title='bbox 2240 3202 2390 3259; x_wconf 88' lang='lat' dir='ltr'><strong>Solet</strong></span> <span class='ocrx_word' id='word_1_693' title='bbox 2430 3206 2573 3260; x_wconf 88' lang='lat' dir='ltr'><strong>enim</strong></span> <span class='ocrx_word' id='word_1_694' title='bbox 2606 3222 2752 3275; x_wconf 77' lang='lat' dir='ltr'><strong>saepe</strong></span> <span class='ocrx_word' id='word_1_695' title='bbox 2796 3223 2823 3261; x_wconf 89' lang='lat' dir='ltr'><strong>a</strong></span> <span class='ocrx_word' id='word_1_696' title='bbox 2871 3209 3152 3266; x_wconf 87' lang='lat' dir='ltr'><strong>divinitate</strong></span> <span class='ocrx_word' id='word_1_697' title='bbox 3180 3254 3192 3277; x_wconf 93' lang='lat'><strong>,</strong></span> <span class='ocrx_word' id='word_1_698' title='bbox 3241 3228 3385 3283; x_wconf 73' lang='lat' dir='ltr'><strong>smpe</strong></span> <span class='ocrx_word' id='word_1_699' title='bbox 3421 3214 3490 3269; x_wconf 90' lang='lat' dir='ltr'><strong>ab</strong></span> 
     </span>
    </p>
   </div>
   <div class='ocr_carea' id='block_1_89' title="bbox 1875 3288 3488 3359">
    <p class='ocr_par' dir='ltr' id='par_1_89' title="bbox 1875 3288 3488 3359">
     <span class='ocr_line' id='line_1_89' title="bbox 1875 3288 3488 3359; baseline 0.011 -17"><span class='ocrx_word' id='word_1_700' title='bbox 1875 3288 2206 3347; x_wconf 89' lang='lat' dir='ltr'><strong>humanitate</strong></span> <span class='ocrx_word' id='word_1_701' title='bbox 2235 3336 2249 3359; x_wconf 95' lang='lat'><strong>,</strong></span> <span class='ocrx_word' id='word_1_702' title='bbox 2296 3310 2355 3349; x_wconf 89' lang='lat' dir='ltr'><strong>se</strong></span> <span class='ocrx_word' id='word_1_703' title='bbox 2406 3304 2575 3357; x_wconf 90' lang='lat' dir='ltr'><strong>totum</strong></span> <span class='ocrx_word' id='word_1_704' title='bbox 2630 3313 2847 3354; x_wconf 83' lang='lat' dir='ltr'><strong>vocare.</strong></span> <span class='ocrx_word' id='word_1_705' title='bbox 2899 3302 2984 3355; x_wconf 71' lang='grc'><strong>14.</strong></span> <span class='ocrx_word' id='word_1_706' title='bbox 3030 3301 3096 3353; x_wconf 87' lang='lat' dir='ltr'><strong>Et</strong></span> <span class='ocrx_word' id='word_1_707' title='bbox 3140 3304 3273 3357; x_wconf 72' lang='lat' dir='ltr'><strong>sicut</strong></span> <span class='ocrx_word' id='word_1_708' title='bbox 3321 3304 3488 3359; x_wconf 78' lang='lat' dir='ltr'><strong>Moses</strong></span> 
     </span>
    </p>
   </div>
   <div class='ocr_carea' id='block_1_90' title="bbox 1873 3384 3486 3465">
    <p class='ocr_par' dir='ltr' id='par_1_90' title="bbox 1873 3384 3486 3465">
     <span class='ocr_line' id='line_1_90' title="bbox 1873 3384 3486 3465; baseline 0.01 -28"><span class='ocrx_word' id='word_1_709' title='bbox 1873 3384 2113 3439; x_wconf 69' lang='lat' dir='ltr'><strong>era/tavit</strong></span> <span class='ocrx_word' id='word_1_710' title='bbox 2143 3397 2427 3453; x_wconf 88' lang='lat' dir='ltr'><strong>serpentem</strong></span> <span class='ocrx_word' id='word_1_711' title='bbox 2452 3390 2505 3442; x_wconf 89' lang='lat' dir='ltr'><strong>in</strong></span> <span class='ocrx_word' id='word_1_712' title='bbox 2542 3389 2741 3445; x_wconf 86' lang='lat' dir='ltr'><strong>deserto</strong></span> <span class='ocrx_word' id='word_1_713' title='bbox 2774 3433 2786 3456; x_wconf 89' lang='lat'><strong>,</strong></span> <span class='ocrx_word' id='word_1_714' title='bbox 2822 3393 2893 3445; x_wconf 86' lang='lat' dir='ltr'><strong>ita</strong></span> <span class='ocrx_word' id='word_1_715' title='bbox 2919 3394 3138 3447; x_wconf 75' lang='lat' dir='ltr'><strong>exaltari</strong></span> <span class='ocrx_word' id='word_1_716' title='bbox 3164 3408 3361 3465; x_wconf 86' lang='lat' dir='ltr'><strong>oportet</strong></span> <span class='ocrx_word' id='word_1_717' title='bbox 3391 3398 3486 3452; x_wconf 86' lang='lat' dir='ltr'><strong>Fi-</strong></span> 
     </span>
    </p>
   </div>
   <div class='ocr_carea' id='block_1_91' title="bbox 1873 3474 3487 3556">
    <p class='ocr_par' dir='ltr' id='par_1_91' title="bbox 1873 3474 3487 3556">
     <span class='ocr_line' id='line_1_91' title="bbox 1873 3474 3487 3556; baseline 0.014 -30"><span class='ocrx_word' id='word_1_718' title='bbox 1873 3474 1996 3528; x_wconf 87' lang='lat' dir='ltr'><strong>liunt</strong></span> <span class='ocrx_word' id='word_1_719' title='bbox 2020 3477 2259 3532; x_wconf 86' lang='lat' dir='ltr'><strong>hominis.</strong></span> <span class='ocrx_word' id='word_1_720' title='bbox 2290 3479 2403 3535; x_wconf 83' lang='lat' dir='ltr'><strong>Hoc</strong></span> <span class='ocrx_word' id='word_1_721' title='bbox 2430 3498 2641 3537; x_wconf 91' lang='lat' dir='ltr'><strong>rursum</strong></span> <span class='ocrx_word' id='word_1_722' title='bbox 2667 3483 2879 3539; x_wconf 88' lang='lat' dir='ltr'><strong>videtur</strong></span> <span class='ocrx_word' id='word_1_723' title='bbox 2899 3502 2928 3540; x_wconf 91' lang='lat' dir='ltr'><strong>a</strong></span> <span class='ocrx_word' id='word_1_724' title='bbox 2959 3488 3334 3556; x_wconf 86' lang='lat' dir='ltr'><strong>superioribus</strong></span> <span class='ocrx_word' id='word_1_725' title='bbox 3357 3493 3487 3549; x_wconf 91' lang='lat' dir='ltr'><strong>alie-</strong></span> 
     </span>
    </p>
   </div>
   <div class='ocr_carea' id='block_1_92' title="bbox 1873 3572 3487 3649">
    <p class='ocr_par' dir='ltr' id='par_1_92' title="bbox 1873 3572 3487 3649">
     <span class='ocr_line' id='line_1_92' title="bbox 1873 3572 3487 3649; baseline 0.012 -28"><span class='ocrx_word' id='word_1_726' title='bbox 1873 3584 1997 3621; x_wconf 90' lang='lat' dir='ltr'><strong>num</strong></span> <span class='ocrx_word' id='word_1_727' title='bbox 2025 3587 2037 3635; x_wconf 92' lang='lat'><strong>;</strong></span> <span class='ocrx_word' id='word_1_728' title='bbox 2073 3572 2167 3626; x_wconf 88' lang='lat' dir='ltr'><strong>sed</strong></span> <span class='ocrx_word' id='word_1_729' title='bbox 2208 3588 2330 3628; x_wconf 89' lang='lat' dir='ltr'><strong>eum</strong></span> <span class='ocrx_word' id='word_1_730' title='bbox 2365 3574 2469 3629; x_wconf 91' lang='lat' dir='ltr'><strong>illis</strong></span> <span class='ocrx_word' id='word_1_731' title='bbox 2499 3579 2733 3633; x_wconf 81' lang='lat' dir='ltr'><strong>maxime</strong></span> <span class='ocrx_word' id='word_1_732' title='bbox 2764 3582 3055 3634; x_wconf 85' lang='lat' dir='ltr'><strong>consentit.</strong></span> <span class='ocrx_word' id='word_1_733' title='bbox 3088 3580 3224 3637; x_wconf 91' lang='lat' dir='ltr'><strong>Cum</strong></span> <span class='ocrx_word' id='word_1_734' title='bbox 3262 3585 3487 3649; x_wconf 80' lang='lat' dir='ltr'><strong>dixisset</strong></span> 
     </span>
    </p>
   </div>
   <div class='ocr_carea' id='block_1_93' title="bbox 1870 3664 3487 3740">
    <p class='ocr_par' dir='ltr' id='par_1_93' title="bbox 1870 3664 3487 3740">
     <span class='ocr_line' id='line_1_93' title="bbox 1870 3664 3487 3740; baseline 0.013 -25"><span class='ocrx_word' id='word_1_735' title='bbox 1870 3664 2014 3717; x_wconf 86' lang='lat' dir='ltr'><strong>enim</strong></span> <span class='ocrx_word' id='word_1_736' title='bbox 2077 3668 2371 3727; x_wconf 76' lang='lat' dir='ltr'><strong>maximum</strong></span> <span class='ocrx_word' id='word_1_737' title='bbox 2417 3684 2515 3740; x_wconf 86' lang='lat' dir='ltr'><strong>per</strong></span> <span class='ocrx_word' id='word_1_738' title='bbox 2557 3670 2823 3740; x_wconf 88' lang='lat' dir='ltr'><strong>baptisma</strong></span> <span class='ocrx_word' id='word_1_739' title='bbox 2882 3674 3135 3730; x_wconf 89' lang='lat' dir='ltr'><strong>collatum</strong></span> <span class='ocrx_word' id='word_1_740' title='bbox 3180 3676 3487 3736; x_wconf 85' lang='lat' dir='ltr'><strong>hominibus</strong></span> 
     </span>
    </p>
   </div>
   <div class='ocr_carea' id='block_1_94' title="bbox 1870 3756 3483 3840">
    <p class='ocr_par' dir='ltr' id='par_1_94' title="bbox 1870 3756 3483 3840">
     <span class='ocr_line' id='line_1_94' title="bbox 1870 3756 3483 3840; baseline 0.012 -33"><span class='ocrx_word' id='word_1_741' title='bbox 1870 3769 1990 3809; x_wconf 90' lang='lat' dir='ltr'><strong>esse</strong></span> <span class='ocrx_word' id='word_1_742' title='bbox 2020 3756 2341 3812; x_wconf 87' lang='lat' dir='ltr'><strong>beneﬁcium</strong></span> <span class='ocrx_word' id='word_1_743' title='bbox 2368 3802 2384 3825; x_wconf 92' lang='lat'><strong>,</strong></span> <span class='ocrx_word' id='word_1_744' title='bbox 2417 3760 2565 3815; x_wconf 90' lang='lat' dir='ltr'><strong>addit</strong></span> <span class='ocrx_word' id='word_1_745' title='bbox 2619 3761 2777 3833; x_wconf 90' lang='lat' dir='ltr'><strong>hujus</strong></span> <span class='ocrx_word' id='word_1_746' title='bbox 2823 3779 3041 3821; x_wconf 91' lang='lat' dir='ltr'><strong>causam</strong></span> <span class='ocrx_word' id='word_1_747' title='bbox 3068 3809 3083 3834; x_wconf 93' lang='lat'><strong>,</strong></span> <span class='ocrx_word' id='word_1_748' title='bbox 3130 3784 3305 3840; x_wconf 90' lang='lat' dir='ltr'><strong>neque</strong></span> <span class='ocrx_word' id='word_1_749' title='bbox 3336 3772 3483 3827; x_wconf 82' lang='lat' dir='ltr'><strong>illam</strong></span> 
     </span>
    </p>
   </div>
   <div class='ocr_carea' id='block_1_95' title="bbox 1871 3847 3486 3927">
    <p class='ocr_par' dir='ltr' id='par_1_95' title="bbox 1871 3847 3486 3927">
     <span class='ocr_line' id='line_1_95' title="bbox 1871 3847 3486 3927; baseline 0.012 -28"><span class='ocrx_word' id='word_1_750' title='bbox 1871 3847 2134 3907; x_wconf 90' lang='lat' dir='ltr'><strong>minorem</strong></span> <span class='ocrx_word' id='word_1_751' title='bbox 2162 3891 2175 3914; x_wconf 91' lang='lat'><strong>,</strong></span> <span class='ocrx_word' id='word_1_752' title='bbox 2210 3850 2417 3905; x_wconf 88' lang='lat' dir='ltr'><strong>scilicet</strong></span> <span class='ocrx_word' id='word_1_753' title='bbox 2475 3868 2573 3924; x_wconf 86' lang='lat' dir='ltr'><strong>per</strong></span> <span class='ocrx_word' id='word_1_754' title='bbox 2630 3870 2871 3911; x_wconf 90' lang='lat' dir='ltr'><strong>crucem.</strong></span> <span class='ocrx_word' id='word_1_755' title='bbox 2922 3857 3387 3927; x_wconf 78' lang='lat' dir='ltr'><strong>Quemadmodum</strong></span> <span class='ocrx_word' id='word_1_756' title='bbox 3431 3876 3486 3919; x_wconf 84' lang='lat' dir='ltr'><strong>et;</strong></span> 
     </span>
    </p>
   </div>
   <div class='ocr_carea' id='block_1_96' title="bbox 1870 3940 3485 4025">
    <p class='ocr_par' dir='ltr' id='par_1_96' title="bbox 1870 3940 3485 4025">
     <span class='ocr_line' id='line_1_96' title="bbox 1870 3940 3485 4025; baseline 0.01 -29"><span class='ocrx_word' id='word_1_757' title='bbox 1870 3940 2065 3998; x_wconf 87' lang='lat' dir='ltr'><strong>Paulus</strong></span> <span class='ocrx_word' id='word_1_758' title='bbox 2095 3942 2405 4001; x_wconf 86' lang='lat' dir='ltr'><strong>Corinthios</strong></span> <span class='ocrx_word' id='word_1_759' title='bbox 2435 3947 2753 4019; x_wconf 87' lang='lat' dir='ltr'><strong>alloquens,</strong></span> <span class='ocrx_word' id='word_1_760' title='bbox 2784 3950 2900 4005; x_wconf 66' lang='lat' dir='ltr'><strong>hinc</strong></span> <span class='ocrx_word' id='word_1_761' title='bbox 2929 3952 3087 4007; x_wconf 89' lang='lat' dir='ltr'><strong>simul</strong></span> <span class='ocrx_word' id='word_1_762' title='bbox 3110 3952 3290 4025; x_wconf 87' lang='lat' dir='ltr'><strong>jungit</strong></span> <span class='ocrx_word' id='word_1_763' title='bbox 3320 3957 3485 4012; x_wconf 87' lang='lat' dir='ltr'><strong>bene-</strong></span> 
     </span>
    </p>
   </div>
   <div class='ocr_carea' id='block_1_97' title="bbox 1870 4034 3484 4121">
    <p class='ocr_par' dir='ltr' id='par_1_97' title="bbox 1870 4034 3484 4121">
     <span class='ocr_line' id='line_1_97' title="bbox 1870 4034 3484 4121; baseline 0.011 -33"><span class='ocrx_word' id='word_1_764' title='bbox 1870 4034 1987 4090; x_wconf 85' lang='lat' dir='ltr'><strong>llcia</strong></span> <span class='ocrx_word' id='word_1_765' title='bbox 2031 4036 2115 4092; x_wconf 88' lang='lat' dir='ltr'><strong>his</strong></span> <span class='ocrx_word' id='word_1_766' title='bbox 2167 4040 2383 4094; x_wconf 86' lang='lat' dir='ltr'><strong>verbis:</strong></span> <span class='ocrx_word' id='word_1_767' title='bbox 2420 4040 2690 4110; x_wconf 81' lang='lat' dir='ltr'><strong>Numquid</strong></span> <span class='ocrx_word' id='word_1_768' title='bbox 2733 4043 2933 4100; x_wconf 86' lang='lat' dir='ltr'><strong>Paulus</strong></span> <span class='ocrx_word' id='word_1_769' title='bbox 2968 4047 3245 4116; x_wconf 74' lang='lat' dir='ltr'><strong>cruciﬁxus</strong></span> <span class='ocrx_word' id='word_1_770' title='bbox 3291 4060 3365 4103; x_wconf 87' lang='lat' dir='ltr'><strong>est</strong></span> <span class='ocrx_word' id='word_1_771' title='bbox 3392 4067 3484 4121; x_wconf 83' lang='lat' dir='ltr'><strong>pro</strong></span> 
     </span>
    </p>
   </div>
   <div class='ocr_carea' id='block_1_98' title="bbox 1866 4128 3477 4215">
    <p class='ocr_par' dir='ltr' id='par_1_98' title="bbox 1866 4128 3477 4215">
     <span class='ocr_line' id='line_1_98' title="bbox 1866 4128 3477 4215; baseline 0.011 -35"><span class='ocrx_word' id='word_1_772' title='bbox 1866 4128 2047 4192; x_wconf 80' lang='lat' dir='ltr'><strong>vobis?</strong></span> <span class='ocrx_word' id='word_1_773' title='bbox 2075 4140 2163 4183; x_wconf 88' lang='lat' dir='ltr'><strong>aut</strong></span> <span class='ocrx_word' id='word_1_774' title='bbox 2194 4132 2246 4185; x_wconf 90' lang='lat' dir='ltr'><strong>in</strong></span> <span class='ocrx_word' id='word_1_775' title='bbox 2277 4133 2480 4187; x_wconf 89' lang='lat' dir='ltr'><strong>nomine</strong></span> <span class='ocrx_word' id='word_1_776' title='bbox 2497 4132 2657 4189; x_wconf 77' lang='lat' dir='ltr'><strong>Pauli</strong></span> <span class='ocrx_word' id='word_1_777' title='bbox 2675 4135 2919 4208; x_wconf 75' lang='lat' dir='ltr'><strong>baptizati</strong></span> <span class='ocrx_word' id='word_1_778' title='bbox 2949 4139 3068 4203; x_wconf 84' lang='lat' dir='ltr'><strong>estis</strong></span> <span class='ocrx_word' id='word_1_779' title='bbox 3092 4138 3235 4215; x_wconf 73' lang='grc' dir='ltr'><strong>(σον.</strong></span> <span class='ocrx_word' id='word_1_780' title='bbox 3260 4141 3308 4197; x_wconf 81' lang='grc'><strong>1.</strong></span> <span class='ocrx_word' id='word_1_781' title='bbox 3343 4142 3429 4213; x_wconf 74' lang='grc'><strong>15)</strong></span> <span class='ocrx_word' id='word_1_782' title='bbox 3455 4144 3477 4197; x_wconf 85' lang='lat'><strong>?</strong></span> 
     </span>
    </p>
   </div>
   <div class='ocr_carea' id='block_1_99' title="bbox 1868 4219 3480 4301">
    <p class='ocr_par' dir='ltr' id='par_1_99' title="bbox 1868 4219 3480 4301">
     <span class='ocr_line' id='line_1_99' title="bbox 1868 4219 3480 4301; baseline 0.009 -27"><span class='ocrx_word' id='word_1_783' title='bbox 1868 4219 1993 4275; x_wconf 71' lang='lat' dir='ltr'><strong>[huc</strong></span> <span class='ocrx_word' id='word_1_784' title='bbox 2014 4222 2158 4279; x_wconf 86' lang='lat' dir='ltr'><strong>enim</strong></span> <span class='ocrx_word' id='word_1_785' title='bbox 2184 4222 2291 4278; x_wconf 81' lang='lat' dir='ltr'><strong>duo‘</strong></span> <span class='ocrx_word' id='word_1_786' title='bbox 2333 4226 2566 4285; x_wconf 77' lang='lat' dir='ltr'><strong>maxime</strong></span> <span class='ocrx_word' id='word_1_787' title='bbox 2610 4226 2936 4287; x_wconf 80' lang='lat' dir='ltr'><strong>ineﬁ‘abilem</strong></span> <span class='ocrx_word' id='word_1_788' title='bbox 2960 4228 3075 4299; x_wconf 84' lang='lat' dir='ltr'><strong>ejus</strong></span> <span class='ocrx_word' id='word_1_789' title='bbox 3102 4246 3343 4289; x_wconf 91' lang='lat' dir='ltr'><strong>amorem</strong></span> <span class='ocrx_word' id='word_1_790' title='bbox 3383 4248 3480 4301; x_wconf 23' lang='lat' dir='ltr'><strong>Vos-</strong></span> 
     </span>
    </p>
   </div>
   <div class='ocr_carea' id='block_1_100' title="bbox 1866 4312 3479 4393">
    <p class='ocr_par' dir='ltr' id='par_1_100' title="bbox 1866 4312 3479 4393">
     <span class='ocr_line' id='line_1_100' title="bbox 1866 4312 3479 4393; baseline 0.008 -28"><span class='ocrx_word' id='word_1_791' title='bbox 1866 4312 2092 4375; x_wconf 90' lang='lat' dir='ltr'><strong>tendunt</strong></span> <span class='ocrx_word' id='word_1_792' title='bbox 2130 4329 2144 4379; x_wconf 92' lang='lat'><strong>;</strong></span> <span class='ocrx_word' id='word_1_793' title='bbox 2188 4312 2333 4385; x_wconf 92' lang='lat' dir='ltr'><strong>quod</strong></span> <span class='ocrx_word' id='word_1_794' title='bbox 2367 4329 2464 4383; x_wconf 88' lang='lat' dir='ltr'><strong>pro</strong></span> <span class='ocrx_word' id='word_1_795' title='bbox 2487 4314 2719 4371; x_wconf 91' lang='lat' dir='ltr'><strong>inimicis</strong></span> <span class='ocrx_word' id='word_1_796' title='bbox 2749 4332 2943 4388; x_wconf 89' lang='lat' dir='ltr'><strong>passus</strong></span> <span class='ocrx_word' id='word_1_797' title='bbox 2978 4317 3049 4388; x_wconf 78' lang='lat' dir='ltr'><strong>sit</strong></span> <span class='ocrx_word' id='word_1_798' title='bbox 3076 4361 3090 4385; x_wconf 92' lang='lat'><strong>,</strong></span> <span class='ocrx_word' id='word_1_799' title='bbox 3124 4330 3177 4374; x_wconf 91' lang='lat' dir='ltr'><strong>et</strong></span> <span class='ocrx_word' id='word_1_800' title='bbox 3203 4320 3346 4389; x_wconf 91' lang='lat' dir='ltr'><strong>quod</strong></span> <span class='ocrx_word' id='word_1_801' title='bbox 3383 4338 3479 4393; x_wconf 77' lang='lat' dir='ltr'><strong>pro</strong></span> 
     </span>
    </p>
   </div>
   <div class='ocr_carea' id='block_1_101' title="bbox 1864 4404 3479 4483">
    <p class='ocr_par' dir='ltr' id='par_1_101' title="bbox 1864 4404 3479 4483">
     <span class='ocr_line' id='line_1_101' title="bbox 1864 4404 3479 4483; baseline 0.009 -26"><span class='ocrx_word' id='word_1_802' title='bbox 1864 4404 2098 4473; x_wconf 69' lang='lat' dir='ltr'><strong>inimicis</strong></span> <span class='ocrx_word' id='word_1_803' title='bbox 2125 4413 2369 4472; x_wconf 87' lang='lat' dir='ltr'><strong>mortuus</strong></span> <span class='ocrx_word' id='word_1_804' title='bbox 2395 4448 2408 4470; x_wconf 92' lang='lat'><strong>,</strong></span> <span class='ocrx_word' id='word_1_805' title='bbox 2444 4424 2541 4477; x_wconf 88' lang='lat' dir='ltr'><strong>per</strong></span> <span class='ocrx_word' id='word_1_806' title='bbox 2572 4407 2901 4479; x_wconf 79' lang='lat' dir='ltr'><strong>baptismum</strong></span> <span class='ocrx_word' id='word_1_807' title='bbox 2924 4409 3193 4481; x_wconf 79' lang='lat' dir='ltr'><strong>integram</strong></span> <span class='ocrx_word' id='word_1_808' title='bbox 3231 4424 3479 4483; x_wconf 85' lang='lat' dir='ltr'><strong>peccato-</strong></span> 
     </span>
    </p>
   </div>
   <div class='ocr_carea' id='block_1_102' title="bbox 1864 4499 2605 4571">
    <p class='ocr_par' dir='ltr' id='par_1_102' title="bbox 1864 4499 2605 4571">
     <span class='ocr_line' id='line_1_102' title="bbox 1864 4499 2605 4571; baseline 0.008 -21"><span class='ocrx_word' id='word_1_809' title='bbox 1864 4512 1981 4552; x_wconf 93' lang='lat' dir='ltr'><strong>rum</strong></span> <span class='ocrx_word' id='word_1_810' title='bbox 2016 4499 2225 4553; x_wconf 87' lang='lat' dir='ltr'><strong>veniam</strong></span> <span class='ocrx_word' id='word_1_811' title='bbox 2257 4500 2483 4571; x_wconf 75' lang='lat' dir='ltr'><strong>largitus</strong></span> <span class='ocrx_word' id='word_1_812' title='bbox 2516 4501 2605 4556; x_wconf 91' lang='lat' dir='ltr'><strong>sit.</strong></span> 
     </span>
    </p>
   </div>
   <div class='ocr_carea' id='block_1_103' title="bbox 1934 4592 3474 4668">
    <p class='ocr_par' dir='ltr' id='par_1_103' title="bbox 1934 4592 3474 4668">
     <span class='ocr_line' id='line_1_103' title="bbox 1934 4592 3474 4668; baseline 0.008 -24"><span class='ocrx_word' id='word_1_813' title='bbox 1934 4592 1990 4663; x_wconf 76' lang='lat'><strong>2.</strong></span> <span class='ocrx_word' id='word_1_814' title='bbox 2030 4592 2141 4647; x_wconf 91' lang='lat' dir='ltr'><strong>Cur</strong></span> <span class='ocrx_word' id='word_1_815' title='bbox 2182 4602 2359 4649; x_wconf 90' lang='lat' dir='ltr'><strong>autem</strong></span> <span class='ocrx_word' id='word_1_816' title='bbox 2404 4610 2512 4655; x_wconf 81' lang='lat' dir='ltr'><strong>non</strong></span> <span class='ocrx_word' id='word_1_817' title='bbox 2567 4594 2715 4649; x_wconf 89' lang='lat' dir='ltr'><strong>clare</strong></span> <span class='ocrx_word' id='word_1_818' title='bbox 2760 4594 2897 4665; x_wconf 60' lang='lat' dir='ltr'><strong>dixit</strong></span> <span class='ocrx_word' id='word_1_819' title='bbox 2942 4610 3001 4651; x_wconf 90' lang='lat' dir='ltr'><strong>se</strong></span> <span class='ocrx_word' id='word_1_820' title='bbox 3046 4597 3474 4668; x_wconf 83' lang='lat' dir='ltr'><strong>cruciﬁgenduut</strong></span> 
     </span>
    </p>
   </div>
   <div class='ocr_carea' id='block_1_104' title="bbox 1864 4685 3477 4757">
    <p class='ocr_par' dir='ltr' id='par_1_104' title="bbox 1864 4685 3477 4757">
     <span class='ocr_line' id='line_1_104' title="bbox 1864 4685 3477 4757; baseline 0.005 -18"><span class='ocrx_word' id='word_1_821' title='bbox 1864 4699 2005 4757; x_wconf 84' lang='lat' dir='ltr'><strong>esse,</strong></span> <span class='ocrx_word' id='word_1_822' title='bbox 2038 4685 2130 4739; x_wconf 87' lang='lat' dir='ltr'><strong>sed</strong></span> <span class='ocrx_word' id='word_1_823' title='bbox 2162 4685 2228 4740; x_wconf 90' lang='lat' dir='ltr'><strong>ad</strong></span> <span class='ocrx_word' id='word_1_824' title='bbox 2259 4695 2499 4743; x_wconf 89' lang='lat' dir='ltr'><strong>veterem</strong></span> <span class='ocrx_word' id='word_1_825' title='bbox 2536 4686 2757 4756; x_wconf 87' lang='lat' dir='ltr'><strong>ﬁguram</strong></span> <span class='ocrx_word' id='word_1_826' title='bbox 2785 4687 3059 4744; x_wconf 87' lang='lat' dir='ltr'><strong>auditores</strong></span> <span class='ocrx_word' id='word_1_827' title='bbox 3088 4688 3336 4744; x_wconf 85' lang='lat' dir='ltr'><strong>remisit?</strong></span> <span class='ocrx_word' id='word_1_828' title='bbox 3360 4688 3477 4755; x_wconf 60' lang='lat' dir='ltr'><strong>Pri.</strong></span> 
     </span>
    </p>
   </div>
   <div class='ocr_carea' id='block_1_105' title="bbox 1864 4779 3473 4858">
    <p class='ocr_par' dir='ltr' id='par_1_105' title="bbox 1864 4779 3473 4858">
     <span class='ocr_line' id='line_1_105' title="bbox 1864 4779 3473 4858; baseline 0.004 -28"><span class='ocrx_word' id='word_1_829' title='bbox 1864 4794 2007 4833; x_wconf 89' lang='lat' dir='ltr'><strong>mum</strong></span> <span class='ocrx_word' id='word_1_830' title='bbox 2043 4788 2099 4832; x_wconf 94' lang='lat' dir='ltr'><strong>ut</strong></span> <span class='ocrx_word' id='word_1_831' title='bbox 2130 4779 2441 4834; x_wconf 72' lang='lat' dir='ltr'><strong>discerent‘</strong></span> <span class='ocrx_word' id='word_1_832' title='bbox 2472 4787 2712 4833; x_wconf 89' lang='lat' dir='ltr'><strong>veterum</strong></span> <span class='ocrx_word' id='word_1_833' title='bbox 2746 4793 2866 4833; x_wconf 92' lang='lat' dir='ltr'><strong>cum</strong></span> <span class='ocrx_word' id='word_1_834' title='bbox 2893 4780 3046 4839; x_wconf 83' lang='lat' dir='ltr'><strong>novis</strong></span> <span class='ocrx_word' id='word_1_835' title='bbox 3074 4781 3473 4858; x_wconf 80' lang='lat' dir='ltr'><strong>cognationem,</strong></span> 
     </span>
    </p>
   </div>
   <div class='ocr_carea' id='block_1_106' title="bbox 1861 4869 3473 4943">
    <p class='ocr_par' dir='ltr' id='par_1_106' title="bbox 1861 4869 3473 4943">
     <span class='ocr_line' id='line_1_106' title="bbox 1861 4869 3473 4943; baseline 0.002 -17"><span class='ocrx_word' id='word_1_836' title='bbox 1861 4872 2171 4942; x_wconf 86' lang='lat' dir='ltr'><strong>scirentque</strong></span> <span class='ocrx_word' id='word_1_837' title='bbox 2218 4869 2334 4925; x_wconf 85' lang='lat' dir='ltr'><strong>haec</strong></span> <span class='ocrx_word' id='word_1_838' title='bbox 2375 4870 2482 4924; x_wconf 93' lang='lat' dir='ltr'><strong>illis</strong></span> <span class='ocrx_word' id='word_1_839' title='bbox 2522 4871 2697 4941; x_wconf 86' lang='lat' dir='ltr'><strong>aliena</strong></span> <span class='ocrx_word' id='word_1_840' title='bbox 2730 4886 2837 4927; x_wconf 88' lang='lat' dir='ltr'><strong>non</strong></span> <span class='ocrx_word' id='word_1_841' title='bbox 2878 4886 3047 4943; x_wconf 85' lang='lat' dir='ltr'><strong>esse;</strong></span> <span class='ocrx_word' id='word_1_842' title='bbox 3081 4872 3275 4928; x_wconf 89' lang='lat' dir='ltr'><strong>deinde</strong></span> <span class='ocrx_word' id='word_1_843' title='bbox 3307 4884 3362 4929; x_wconf 92' lang='lat' dir='ltr'><strong>ut</strong></span> <span class='ocrx_word' id='word_1_844' title='bbox 3389 4875 3473 4932; x_wconf 84' lang='lat' dir='ltr'><strong>in-</strong></span> 
     </span>
    </p>
   </div>
   <div class='ocr_carea' id='block_1_107' title="bbox 1864 4964 3471 5038">
    <p class='ocr_par' dir='ltr' id='par_1_107' title="bbox 1864 4964 3471 5038">
     <span class='ocr_line' id='line_1_107' title="bbox 1864 4964 3471 5038; baseline 0.005 -20"><span class='ocrx_word' id='word_1_845' title='bbox 1864 4966 2069 5038; x_wconf 80' lang='lat' dir='ltr'><strong>telligas</strong></span> <span class='ocrx_word' id='word_1_846' title='bbox 2091 5008 2105 5030; x_wconf 90' lang='lat'><strong>,</strong></span> <span class='ocrx_word' id='word_1_847' title='bbox 2138 4966 2310 5037; x_wconf 92' lang='lat' dir='ltr'><strong>ipsum</strong></span> <span class='ocrx_word' id='word_1_848' title='bbox 2353 4979 2459 5020; x_wconf 91' lang='lat' dir='ltr'><strong>non</strong></span> <span class='ocrx_word' id='word_1_849' title='bbox 2491 4964 2715 5027; x_wconf 82' lang='lat' dir='ltr'><strong>invitum</strong></span> <span class='ocrx_word' id='word_1_850' title='bbox 2748 4964 2815 5029; x_wconf 83' lang='lat' dir='ltr'><strong>ad</strong></span> <span class='ocrx_word' id='word_1_851' title='bbox 2859 4975 3089 5029; x_wconf 86' lang='lat' dir='ltr'><strong>mortem</strong></span> <span class='ocrx_word' id='word_1_852' title='bbox 3119 4972 3370 5034; x_wconf 87' lang='lat' dir='ltr'><strong>venisse;</strong></span> <span class='ocrx_word' id='word_1_853' title='bbox 3406 4969 3471 5027; x_wconf 87' lang='lat' dir='ltr'><strong>ad</strong></span> 
     </span>
    </p>
   </div>
   <div class='ocr_carea' id='block_1_108' title="bbox 1862 5058 3472 5131">
    <p class='ocr_par' dir='ltr' id='par_1_108' title="bbox 1862 5058 3472 5131">
     <span class='ocr_line' id='line_1_108' title="bbox 1862 5058 3472 5131; baseline 0.003 -18"><span class='ocrx_word' id='word_1_854' title='bbox 1862 5059 1975 5114; x_wconf 76' lang='lat' dir='ltr'><strong>haec</strong></span> <span class='ocrx_word' id='word_1_855' title='bbox 2002 5069 2178 5114; x_wconf 89' lang='lat' dir='ltr'><strong>autem</strong></span> <span class='ocrx_word' id='word_1_856' title='bbox 2226 5068 2281 5121; x_wconf 89' lang='lat' dir='ltr'><strong>ut</strong></span> <span class='ocrx_word' id='word_1_857' title='bbox 2325 5058 2564 5115; x_wconf 82' lang='lat' dir='ltr'><strong>tlisceres</strong></span> <span class='ocrx_word' id='word_1_858' title='bbox 2594 5102 2607 5125; x_wconf 94' lang='lat'><strong>,</strong></span> <span class='ocrx_word' id='word_1_859' title='bbox 2639 5058 2844 5114; x_wconf 80' lang='lat' dir='ltr'><strong>nullum</strong></span> <span class='ocrx_word' id='word_1_860' title='bbox 2892 5058 2991 5129; x_wconf 92' lang='lat' dir='ltr'><strong>ipsi</strong></span> <span class='ocrx_word' id='word_1_861' title='bbox 3028 5059 3097 5115; x_wconf 89' lang='lat' dir='ltr'><strong>ab</strong></span> <span class='ocrx_word' id='word_1_862' title='bbox 3138 5061 3227 5131; x_wconf 85' lang='lat' dir='ltr'><strong>illa</strong></span> <span class='ocrx_word' id='word_1_863' title='bbox 3275 5078 3333 5117; x_wconf 91' lang='lat' dir='ltr'><strong>re</strong></span> <span class='ocrx_word' id='word_1_864' title='bbox 3378 5062 3472 5118; x_wconf 88' lang='lat' dir='ltr'><strong>da-</strong></span> 
     </span>
    </p>
   </div>
   <div class='ocr_carea' id='block_1_109' title="bbox 1858 5150 3467 5225">
    <p class='ocr_par' dir='ltr' id='par_1_109' title="bbox 1858 5150 3467 5225">
     <span class='ocr_line' id='line_1_109' title="bbox 1858 5150 3467 5225; baseline 0.002 -18"><span class='ocrx_word' id='word_1_865' title='bbox 1858 5168 2042 5219; x_wconf 88' lang='lat' dir='ltr'><strong>mnum</strong></span> <span class='ocrx_word' id='word_1_866' title='bbox 2064 5152 2363 5222; x_wconf 83' lang='lat' dir='ltr'><strong>importari,</strong></span> <span class='ocrx_word' id='word_1_867' title='bbox 2388 5160 2441 5206; x_wconf 91' lang='lat' dir='ltr'><strong>et</strong></span> <span class='ocrx_word' id='word_1_868' title='bbox 2464 5152 2589 5206; x_wconf 90' lang='lat' dir='ltr'><strong>hinc</strong></span> <span class='ocrx_word' id='word_1_869' title='bbox 2610 5150 2792 5206; x_wconf 88' lang='lat' dir='ltr'><strong>multis</strong></span> <span class='ocrx_word' id='word_1_870' title='bbox 2811 5152 2982 5222; x_wconf 86' lang='lat' dir='ltr'><strong>ipsum</strong></span> <span class='ocrx_word' id='word_1_871' title='bbox 3002 5153 3228 5208; x_wconf 88' lang='lat' dir='ltr'><strong>salutent</strong></span> <span class='ocrx_word' id='word_1_872' title='bbox 3255 5170 3467 5225; x_wconf 85' lang='lat' dir='ltr'><strong>parere.</strong></span> 
     </span>
    </p>
   </div>
   <div class='ocr_carea' id='block_1_110' title="bbox 1854 5244 3471 5318">
    <p class='ocr_par' dir='ltr' id='par_1_110' title="bbox 1854 5244 3471 5318">
     <span class='ocr_line' id='line_1_110' title="bbox 1854 5244 3471 5318; baseline 0.001 -17"><span class='ocrx_word' id='word_1_873' title='bbox 1854 5245 1933 5301; x_wconf 88' lang='lat' dir='ltr'><strong>Ne</strong></span> <span class='ocrx_word' id='word_1_874' title='bbox 1982 5246 2101 5317; x_wconf 91' lang='lat' dir='ltr'><strong>quis</strong></span> <span class='ocrx_word' id='word_1_875' title='bbox 2128 5247 2270 5301; x_wconf 87' lang='lat' dir='ltr'><strong>enim</strong></span> <span class='ocrx_word' id='word_1_876' title='bbox 2299 5245 2541 5311; x_wconf 85' lang='lat' dir='ltr'><strong>diceret,</strong></span> <span class='ocrx_word' id='word_1_877' title='bbox 2578 5244 2643 5300; x_wconf 87' lang='lat' dir='ltr'><strong>Et</strong></span> <span class='ocrx_word' id='word_1_878' title='bbox 2688 5246 2962 5315; x_wconf 92' lang='lat' dir='ltr'><strong>quomodo</strong></span> <span class='ocrx_word' id='word_1_879' title='bbox 3001 5246 3115 5301; x_wconf 87' lang='lat' dir='ltr'><strong>lleri</strong></span> <span class='ocrx_word' id='word_1_880' title='bbox 3158 5258 3379 5318; x_wconf 90' lang='lat' dir='ltr'><strong>potest,</strong></span> <span class='ocrx_word' id='word_1_881' title='bbox 3414 5261 3471 5305; x_wconf 92' lang='lat' dir='ltr'><strong>ut</strong></span> 
     </span>
    </p>
   </div>
   <div class='ocr_carea' id='block_1_111' title="bbox 1854 5337 3466 5421">
    <p class='ocr_par' dir='ltr' id='par_1_111' title="bbox 1854 5337 3466 5421">
     <span class='ocr_line' id='line_1_111' title="bbox 1854 5337 3466 5421; baseline -0.002 -24"><span class='ocrx_word' id='word_1_882' title='bbox 1854 5342 1945 5413; x_wconf 86' lang='lat' dir='ltr'><strong>qui</strong></span> <span class='ocrx_word' id='word_1_883' title='bbox 1980 5341 2031 5395; x_wconf 90' lang='lat' dir='ltr'><strong>in</strong></span> <span class='ocrx_word' id='word_1_884' title='bbox 2080 5339 2395 5394; x_wconf 80' lang='lat' dir='ltr'><strong>cruciﬁxum</strong></span> <span class='ocrx_word' id='word_1_885' title='bbox 2446 5337 2717 5404; x_wconf 88' lang='lat' dir='ltr'><strong>credunt,</strong></span> <span class='ocrx_word' id='word_1_886' title='bbox 2754 5340 2982 5395; x_wconf 91' lang='lat' dir='ltr'><strong>salutem</strong></span> <span class='ocrx_word' id='word_1_887' title='bbox 3024 5352 3466 5421; x_wconf 86' lang='lat' dir='ltr'><strong>consequantur,</strong></span> 
     </span>
    </p>
   </div>
   <div class='ocr_carea' id='block_1_112' title="bbox 1854 5431 3466 5505">
    <p class='ocr_par' dir='ltr' id='par_1_112' title="bbox 1854 5431 3466 5505">
     <span class='ocr_line' id='line_1_112' title="bbox 1854 5431 3466 5505; baseline 0 -18"><span class='ocrx_word' id='word_1_888' title='bbox 1854 5449 1976 5487; x_wconf 90' lang='lat' dir='ltr'><strong>cum</strong></span> <span class='ocrx_word' id='word_1_889' title='bbox 2020 5442 2073 5487; x_wconf 90' lang='lat' dir='ltr'><strong>et</strong></span> <span class='ocrx_word' id='word_1_890' title='bbox 2114 5433 2229 5505; x_wconf 83' lang='lat' dir='ltr'><strong>ipse</strong></span> <span class='ocrx_word' id='word_1_891' title='bbox 2270 5448 2298 5485; x_wconf 90' lang='lat' dir='ltr'><strong>a</strong></span> <span class='ocrx_word' id='word_1_892' title='bbox 2343 5442 2518 5487; x_wconf 90' lang='lat' dir='ltr'><strong>morte</strong></span> <span class='ocrx_word' id='word_1_893' title='bbox 2558 5441 2841 5501; x_wconf 81' lang='lat' dir='ltr'><strong>correptus</strong></span> <span class='ocrx_word' id='word_1_894' title='bbox 2878 5431 3180 5487; x_wconf 71' lang='lat' dir='ltr'><strong>fueritiad</strong></span> <span class='ocrx_word' id='word_1_895' title='bbox 3227 5442 3466 5488; x_wconf 85' lang='lat' dir='ltr'><strong>veterem</strong></span> 
     </span>
    </p>
   </div>
   <div class='ocr_carea' id='block_1_113' title="bbox 1854 5523 3466 5595">
    <p class='ocr_par' dir='ltr' id='par_1_113' title="bbox 1854 5523 3466 5595">
     <span class='ocr_line' id='line_1_113' title="bbox 1854 5523 3466 5595; baseline -0.001 -16"><span class='ocrx_word' id='word_1_896' title='bbox 1854 5540 1951 5579; x_wconf 91' lang='lat' dir='ltr'><strong>nos</strong></span> <span class='ocrx_word' id='word_1_897' title='bbox 1988 5525 2269 5580; x_wconf 88' lang='lat' dir='ltr'><strong>historiam</strong></span> <span class='ocrx_word' id='word_1_898' title='bbox 2304 5523 2470 5579; x_wconf 90' lang='lat' dir='ltr'><strong>ducit.</strong></span> <span class='ocrx_word' id='word_1_899' title='bbox 2502 5524 2634 5578; x_wconf 89' lang='lat' dir='ltr'><strong>Nam</strong></span> <span class='ocrx_word' id='word_1_900' title='bbox 2676 5524 2721 5578; x_wconf 89' lang='lat' dir='ltr'><strong>si</strong></span> <span class='ocrx_word' id='word_1_901' title='bbox 2764 5524 3055 5595; x_wconf 87' lang='lat' dir='ltr'><strong>imaginem</strong></span> <span class='ocrx_word' id='word_1_902' title='bbox 3092 5537 3299 5585; x_wconf 71' lang='lat' dir='ltr'><strong>teneam</strong></span> <span class='ocrx_word' id='word_1_903' title='bbox 3349 5538 3466 5578; x_wconf 86' lang='lat' dir='ltr'><strong>ser-</strong></span> 
     </span>
    </p>
   </div>
   <div class='ocr_carea' id='block_1_114' title="bbox 1852 5613 3467 5693">
    <p class='ocr_par' dir='ltr' id='par_1_114' title="bbox 1852 5613 3467 5693">
     <span class='ocr_line' id='line_1_114' title="bbox 1852 5613 3467 5693; baseline -0.001 -19"><span class='ocrx_word' id='word_1_904' title='bbox 1852 5620 2027 5688; x_wconf 88' lang='lat' dir='ltr'><strong>pentis</strong></span> <span class='ocrx_word' id='word_1_905' title='bbox 2068 5618 2420 5688; x_wconf 87' lang='lat' dir='ltr'><strong>respicientes</strong></span> <span class='ocrx_word' id='word_1_906' title='bbox 2454 5616 2623 5672; x_wconf 75' lang='lat' dir='ltr'><strong>Judaei</strong></span> <span class='ocrx_word' id='word_1_907' title='bbox 2660 5659 2673 5683; x_wconf 92' lang='lat'><strong>,</strong></span> <span class='ocrx_word' id='word_1_908' title='bbox 2707 5627 2936 5673; x_wconf 86' lang='lat' dir='ltr'><strong>mortem</strong></span> <span class='ocrx_word' id='word_1_909' title='bbox 2977 5616 3215 5687; x_wconf 79' lang='lat' dir='ltr'><strong>vitabant</strong></span> <span class='ocrx_word' id='word_1_910' title='bbox 3241 5632 3260 5693; x_wconf 83' lang='grc'><strong>⁹;</strong></span> <span class='ocrx_word' id='word_1_911' title='bbox 3293 5613 3467 5692; x_wconf 78' lang='lat' dir='ltr'><strong>muth</strong></span> 
     </span>
    </p>
   </div>
   <div class='ocr_carea' id='block_1_115' title="bbox 1916 5774 2427 5841">
    <p class='ocr_par' dir='ltr' id='par_1_115' title="bbox 1916 5774 2427 5841">
     <span class='ocr_line' id='line_1_115' title="bbox 1916 5774 2427 5841; baseline -0.002 -16"><span class='ocrx_word' id='word_1_912' title='bbox 1916 5780 1928 5810; x_wconf 71' lang='grc'>³</span> <span class='ocrx_word' id='word_1_913' title='bbox 1969 5776 2109 5827; x_wconf 80' lang='lat' dir='ltr'><strong>savii.</strong></span> <span class='ocrx_word' id='word_1_914' title='bbox 2133 5815 2144 5838; x_wconf 93' lang='lat'><strong>,</strong></span> <span class='ocrx_word' id='word_1_915' title='bbox 2173 5781 2221 5825; x_wconf 86' lang='lat' dir='ltr'><strong>nt</strong></span> <span class='ocrx_word' id='word_1_916' title='bbox 2247 5774 2427 5841; x_wconf 69' lang='lat' dir='ltr'><strong>discas.</strong></span> 
     </span>
    </p>
   </div>
   <div class='ocr_carea' id='block_1_116' title="bbox 3038 5894 3111 5969">
    <p class='ocr_par' dir='ltr' id='par_1_116' title="bbox 3038 5894 3111 5969">
     <span class='ocr_line' id='line_1_116' title="bbox 3038 5894 3111 5969; baseline 0 -14"><span class='ocrx_word' id='word_1_917' title='bbox 3038 5894 3111 5969; x_wconf 70' lang='grc'><strong>,10</strong></span> 
     </span>
    </p>
   </div>
  </div>
