4162 6326
758 380 851 429 lii!)

747 489 917 555 magis
963 486 998 540 ii
1043 482 1131 553 qui
1173 481 1223 534 in
1269 475 1576 532 crucifixum
1633 472 1901 536 credunt,
1959 468 2321 536 βηυςιτιηιίοτο

746 586 990 636 fruentur
1018 572 1293 632 beneﬁcio.
1326 569 1439 625 Non
1464 569 1607 621 enim
1639 575 1856 636 propter
1884 562 2122 617 cruciﬁxi
2151 561 2316 615 imbe-

746 676 1017 730 t-illitatem
1049 710 1062 736 ,
1097 680 1266 737 neque
1293 661 1431 734 quod
1455 660 1621 716 Judaei
1653 658 1957 726 superiores
1988 646 2219 720 fuerint,
2252 654 2320 707 ita

745 768 939 823 factum
968 773 1054 820 est
1085 782 1095 816 :
1125 760 1216 817 sed
1247 760 1369 831 quia
1401 758 1537 811 Deus
1561 755 1736 809 dilexit
1767 754 2032 813 mundum,
2066 750 2183 802 ideo
2208 748 2321 801 ani-

743 870 940 913 malum
983 856 1099 924 ejns
1141 853 1391 922 templum
1432 846 1776 916 cruciﬁgitur.
1827 845 1914 899 I5.
1955 842 2021 897 Ut
2050 842 2210 895 omnis
2235 840 2322 909 qui

738 950 896 1003 credit
943 948 999 1001 in
1025 945 1170 999 illum
1196 960 1294 996 non
1321 951 1524 1010 pereat,
1556 938 1646 993 sed
1675 937 1855 991 habeat
1881 936 2032 989 vitam
2058 944 2316 987 aeternam.

740 1039 927 1094 Viden’
965 1037 1138 1093 crucis
1169 1048 1382 1089 causam
1407 1072 1422 1095 ,
1452 1040 1506 1085 et
1536 1029 1764 1084 salutem
1808 1027 1932 1082 inde
1969 1023 2211 1095 partam?
2243 1022 2333 1075 vi;

737 1132 860 1185 den‘
887 1129 1068 1198 ﬁgurae
1095 1141 1213 1181 eum
1245 1123 1465 1179 veritate
1487 1116 1933 1176 consonantiam?
1955 1116 2064 1171 Illic
2092 1123 2316 1169 mortem

735 1224 967 1294 effugere
994 1218 1163 1275 Judaei
1189 1258 1205 1283 ,
1247 1216 1342 1272 sed
1375 1224 1770 1284 temporaneam
1797 1227 1812 1276 ;
1842 1211 1929 1265 hic
1966 1218 2221 1265 mternam
2254 1206 2316 1260 ﬁ-

735 1315 900 1369 deles.
929 1311 1040 1365 Illic
1066 1322 1357 1379 suspensus
1379 1319 1599 1375 serpens
1637 1310 1945 1372 serpentum
1978 1293 2188 1355 morsus
2224 1314 2316 1353 cu-

737 1406 916 1458 rabat:
949 1402 1035 1456 hic
1063 1399 1348 1455 cruciﬁxus
1374 1395 1529 1453 Jesns
1567 1411 1597 1450 a
1639 1394 1900 1465 spirituali
1925 1392 2156 1447 dracone
2181 1388 2317 1444 inﬁi-

732 1506 844 1550 etas
873 1495 1055 1565 plagas
1084 1491 1322 1548 curabat.
1352 1489 1462 1544 Illic
1489 1487 1577 1558 qui
1606 1486 1775 1542 oculis
1792 1484 2062 1555 corporeis
2079 1483 2313 1549 videbat,

730 1586 1046 1650 curabatur;
1072 1584 1158 1638 hic
1184 1582 1271 1651 qui
1299 1580 1492 1635 mentis
1512 1579 1680 1633 oculis
1707 1577 1868 1642 videt,
1896 1584 2109 1646 peccata
2131 1574 2309 1627 omnia

734 1678 970 1746 deponit.
1003 1675 1112 1729 Illic
1138 1689 1211 1727 aes
1240 1670 1502 1742 pendebat
1529 1670 1595 1723 ad
1632 1668 1848 1723 modum
1891 1667 2154 1734 serpentis
2182 1666 2317 1736 ligu-

732 1776 934 1831 ratnm;
978 1764 1064 1818 hic
1105 1775 1298 1833 corpus
1344 1761 1673 1816 Dominicum
1716 1774 1744 1812 a
1774 1756 1977 1827 Spiritu
2007 1758 2310 1812 formatum.

733 1860 842 1913 Illic
868 1871 1089 1927 serpens
1112 1854 1409 1920 mordebat,
1441 1864 1493 1908 et
1522 1868 1741 1924 serpens
1770 1854 2024 1919 curabat;
2056 1852 2143 1909 hic
2166 1867 2315 1909 mors

731 1950 991 2021 perdidit,
1020 1959 1071 2004 et
1103 1964 1247 2004 mors
1288 1952 1536 2004 servavit.
1571 1947 1676 2003 Sed
1705 1949 1793 2018 qui
1826 1946 2165 2002 interimebal
2195 1962 2310 2001 sero

730 2060 859 2113 pens
879 2085 894 2107 ,
926 2058 1187 2099 "cucnum
1223 2041 1453 2097 habebat
1484 2058 1497 2105 ;
1530 2041 1618 2112 qui
1651 2056 1778 2095 vero
1808 2039 2076 2105 servabat,
2106 2054 2312 2095 veneno

720 2152 932 2191 vacuus
961 2145 1096 2191 erat.
1129 2135 1361 2204 Idipsum
1382 2134 1492 2203 jam
1523 2132 1704 2188 videre
1724 2142 1824 2189 est.
1854 2133 1987 2187 Nam
2018 2146 2163 2197 mors
2192 2146 2311 2202 quae

728 2227 1082 2291 interimebat,
1110 2236 1381 2296 peceatum
1415 2224 1663 2292 habebat,
1690 2234 2029 2280 utvenenum
2050 2238 2308 2294 serpens:

726 2320 937 2374 Domini
965 2329 1141 2375 autem
1173 2334 1317 2374 mors
1356 2317 1428 2374 ab
1451 2318 1611 2380 omni.
1621 2328 1843 2389 peccato
1873 2320 2125 2373 immunis
2151 2329 2309 2388 erat,

726 2424 787 2464 ut
814 2425 995 2466 aeneus
1030 2426 1252 2481 serpens
1281 2426 1311 2466 a
1332 2426 1538 2467 veneno
1565 2427 1783 2467 vacuus.
1814 2410 2086 2466 Peccatum
2120 2413 2262 2467 enim
2292 2452 2309 2481 ,

728 2501 933 2570 inquit,
976 2517 1075 2553 non
1103 2502 1255 2569 fecit,
1290 2518 1382 2554 nec
1420 2503 1651 2557 inventus
1689 2511 1761 2556 est
1804 2502 1951 2557 dolus
1990 2504 2043 2556 in
2069 2518 2155 2555 ore
2196 2503 2313 2571 ejus

724 2594 803 2660 (Ι.
838 2591 949 2647 Pet.
975 2592 1030 2649 2.
1056 2591 1170 2663 22).
1200 2592 1312 2647 Iloc
1331 2607 1459 2664 ergo
1479 2604 1559 2648 est
1584 2594 1724 2663 quod
1742 2593 2058 2663 significavit
2079 2593 2272 2648 Paulus
2296 2614 2308 2649 :

726 2685 1035 2755 Exspolians
1086 2686 1399 2757 principatus
1440 2696 1486 2740 et
1541 2695 1845 2754 potestates,
1883 2687 2108 2739 traduxit
2150 2687 2310 2755 con/i-

726 2782 899 2833 denter
922 2820 935 2842 ,
970 2780 1143 2847 palam
1180 2779 1497 2846 triumphans
1542 2779 1659 2832 illos
1699 2778 1753 2831 in
1794 2780 2058 2849 semetipso
2089 2777 2304 2847 (Coloss.

725 2871 778 2924 2.
816 2871 924 2940 I5).
954 2868 1415 2936 Quemadmodum
1468 2870 1612 2924 enim
1659 2869 1855 2923 athleta
1882 2877 2150 2933 strenuus,
2180 2883 2302 2923 cum

723 2961 1002 3015 sublimem
1040 2969 1215 3016 actum
1253 2959 1617 3014 adversarium
1659 2961 1989 3029 prosternit,
2021 2959 2307 3015 clariorem

724 3054 885 3109 refert
914 3055 1191 3108 victoriam
1218 3073 1230 3107 :
1260 3053 1337 3109 sic
1367 3063 1420 3106 ct
1448 3053 1689 3108 Christus
1712 3062 1822 3107 toto
1848 3061 2124 3122 spectante
2153 3052 2305 3120 orbe,

725 3145 1055 3200 adversarius
1078 3153 1370 3214 potestates
1395 3144 1609 3213 dejecit;
1639 3152 1695 3199 et
1714 3143 1792 3198 eis
1821 3143 1910 3212 qui
1939 3144 1990 3197 in
2020 3143 2306 3199 solitudine

724 3236 982 3290 vulnerati
1012 3236 1220 3292 fuerant
1246 3236 1445 3290 curatis
1477 3278 1490 3303 ,
1524 3236 1591 3290 ab
1620 3235 1869 3291 omnibus
1895 3234 2022 3290 feris
2057 3236 2200 3306 ipsos
2246 3236 2300 3291 in

727 3342 887 3383 cruce
915 3342 1204 3398 suspensus
1234 3329 1498 3383 liberavit.
1519 3329 1711 3383 Verum
1742 3343 1845 3383 non
1872 3328 2023 3392 dixit,
2041 3328 2304 3399 Suspendi

720 3427 951 3488 oportet,
995 3417 1110 3483 sed,
1147 3417 1400 3474 Exaltari.
1428 3420 1578 3487 Quod
1618 3422 1765 3473 enim
1792 3420 1937 3474 dictu
1974 3420 2303 3476 tolerabilius

721 3524 841 3565 esse
861 3509 1143 3565 videbatur
1176 3510 1227 3564 in
1253 3510 1519 3566 audientis
1539 3516 1763 3581 gratiam
1791 3552 1804 3576 ,
1836 3513 1937 3567 hoc
1970 3513 2211 3583 proxime
2238 3512 2304 3567 ad

724 3602 942 3672 figuram
971 3602 1047 3672 (a)
1074 3601 1333 3658 accedens
1364 3604 1555 3673 posuit.

780 3694 887 3748 Dei
950 3712 1093 3748 amor
1148 3712 1266 3766 erga
1324 3696 1547 3749 homines
1576 3706 1793 3766 quantus
1843 3698 1906 3750 sit
1953 3713 2018 3751 ea:
2070 3698 2308 3752 incarna-

724 3789 855 3841 tione
895 3797 940 3840 et
980 3792 1213 3855 passione
1254 3787 1508 3858 probatur.
1545 3788 1715 3855 Quare
1742 3799 1901 3842 morte
1937 3805 2031 3842 sua
2075 3789 2305 3843 subindi-

721 3888 834 3930 rata
862 3918 876 3943 ,
927 3879 1093 3931 statim
1120 3893 1172 3931 se
1211 3888 1461 3930 auctorem
1503 3879 1616 3931 vitae
1639 3879 1931 3948 praedixerit
1968 3878 2215 3934 Christus.
2236 3911 2307 3920 —

722 3970 809 4024 I6.
863 3968 952 4023 Sic
983 3970 1113 4023 enim
1145 3968 1282 4023 Deus
1312 3969 1486 4023 dilexit
1524 3970 1766 4023 mundum
1796 4012 1809 4037 ,
1845 3982 1897 4024 ut
1928 3970 2122 4025 Filium
2158 3989 2303 4027 suum

721 4062 1034 4131 unigenitum
1062 4061 1203 4138 daret
1233 4102 1247 4126 ,
1280 4072 1333 4113 ut
1363 4062 1542 4126 omnis,
1580 4062 1665 4132 qui
1698 4063 1855 4116 credit
1887 4065 1938 4118 in
1965 4064 2165 4132 ipsum,
2200 4081 2302 4119 non

720 4162 911 4222 pereat,
936 4152 1023 4205 sed
1044 4152 1221 4206 habeat
1252 4152 1399 4205 ritum
1429 4162 1687 4207 cateruam.
1712 4154 1824 4209 IIoc
1852 4165 1928 4209 est
1952 4173 1964 4207 :
1988 4154 2065 4211 Ne
2091 4157 2301 4211 mireris

718 4244 858 4315 quod
888 4260 986 4315 ego
1028 4246 1343 4301 exaltandus
1373 4246 1507 4312 sim,
1536 4257 1591 4300 ut
1622 4262 1716 4302 vos
1746 4248 1973 4303 salutem
2000 4264 2300 4319 consequa.

720 4338 867 4391 mini.
914 4337 1043 4391 Nam
1088 4337 1191 4392 hoc
1231 4338 1301 4390 ita
1342 4337 1483 4391 Patri
1525 4338 1693 4393 visum
1725 4348 1851 4401 est;
1884 4348 1939 4394 et
1986 4342 2062 4395 sic
2093 4342 2180 4396 ille
2209 4357 2302 4397 vos

717 4428 921 4490 dilexit,
950 4440 1001 4481 ut
1022 4444 1115 4495 pro
1133 4429 1305 4483 servis
1332 4428 1521 4482 Filium
1546 4429 1731 4494 daret,
1761 4439 1815 4485 et
1837 4446 1931 4500 pro
1952 4432 2169 4502 ingratis
2186 4447 2298 4487 ser-

705 4522 817 4575 .vis.
835 4520 1181 4589 Atquineque
1204 4536 1297 4590 pro
1315 4522 1485 4575 amico
1502 4522 1762 4591 quispiam
1782 4523 1832 4577 id
1856 4535 2006 4593 agat:
2044 4523 2139 4578 I’ix
2168 4526 2299 4579 enim

714 4632 812 4683 pro
826 4613 973 4683 justo
1002 4614 1114 4682 quis
1137 4614 1386 4667 moriatur
1413 4615 1571 4683 (Rom
1622 4616 1673 4670 ὅ
1707 4615 1784 4686 7).
1816 4615 1920 4671 Sed
1947 4617 2035 4671 ille
2057 4616 2299 4688 longiore

717 4722 843 4760 usus
873 4720 1120 4760 sermone
1146 4714 1231 4761 est.
1250 4747 1264 4770 ,
1294 4697 1415 4775 quia
1457 4706 1699 4762 ﬁdelibus
1728 4707 1893 4763 verba
1917 4706 2141 4764 faciebat
2168 4728 2179 4763 :
2212 4709 2297 4765 hic

714 4806 891 4849 autem
915 4797 1129 4850 brevius
1154 4796 1418 4860 Christus,
1452 4799 1575 4865 quia
1596 4797 1941 4855 Nicodamum
1982 4799 2294 4870 alloqueba-

716 4898 799 4942 tur
829 4904 842 4952 ;
877 4888 969 4941 sed
997 4903 1116 4941 cum
1145 4887 1345 4957 majore
1367 4889 1606 4958 emphasi
1630 4906 1641 4942 :
1671 4907 1790 4960 qua:
1820 4892 1870 4945 in
1897 4888 2117 4964 singulis
2138 4893 2297 4949 dictis

714 4980 1048 5033 observatur.
1099 4978 1192 5033 llis
1234 4980 1377 5033 enim
1416 4979 1623 5048 verbis,
1652 4981 1742 5039 Sic
1770 4982 1987 5049 dilexit,
2034 4994 2087 5039 et
2112 5025 2130 5047 ,
2156 4983 2298 5039 Deus

714 5074 957 5126 inumlum
982 5114 995 5138 ,
1029 5073 1214 5144 ingens
1243 5088 1396 5128 amor
1438 5074 1786 5145 signiﬁcatur.
1819 5076 2039 5133 Mutilum
2062 5078 2293 5148 quippe,

717 5168 823 5221 imo
860 5166 1175 5220 immensum
1217 5174 1331 5220 erat
1375 5166 1683 5223 discrimen.
1728 5168 1860 5224 Nam
1904 5170 2220 5229 immortalis
2245 5180 2299 5225 et

716 5257 833 5311 sine
865 5257 1144 5326 principio,
1176 5259 1482 5328 magnitudo
1505 5260 1707 5315 infinita
1734 5303 1749 5327 ,
1776 5276 1839 5315 ex
1873 5272 2013 5317 terra
2044 5273 2097 5318 et
2119 5264 2297 5320 cinere

716 5355 987 5416 formatos,
1023 5351 1317 5405 innumeris
1346 5365 1565 5407 onustos
1591 5353 1829 5424 peccatis
1849 5396 1863 5422 ,
1887 5355 1976 5426 qni
2001 5372 2215 5426 semper
2239 5372 2297 5414 se

715 5442 1076 5509 effundebant,
1112 5442 1381 5513 ingratos;
1409 5444 1537 5509 hos,
1572 5446 1807 5515 inquam,
1834 5447 2041 5502 dilexit.
2071 5449 2131 5502 Iit
2178 5466 2296 5519 qua:

715 5544 898 5599 postea
945 5544 1238 5603 sequuntur
1303 5536 1519 5604 perinde
1563 5538 1897 5593 vehementia
1939 5551 2104 5606 sunt;
2151 5541 2299 5597 addit

716 5628 858 5681 extim
897 5646 909 5681 :
947 5626 1012 5681 Ut
1054 5626 1244 5681 Filium
1285 5646 1430 5683 suum
1474 5631 1781 5701 unigenitum
1823 5632 1965 5687 daret
1994 5651 2011 5691 :
2044 5650 2147 5689 non
2178 5649 2292 5689 scr-

714 5761 1049 5887 sr
1061 5766 1271 5831 ﬁgurate
1292 5766 1463 5819 dicitur
1477 5767 1695 5821 Christus
1713 5764 1936 5831 exaltari,
1954 5781 2065 5827 cum
2083 5771 2132 5821 in
2150 5783 2293 5826 cruce

745 5850 770 5877 Δ
1025 5864 1039 5879 ο

745 5850 810 5879 αδ]
818 5850 1039 5879 ιυιιυιιυϊ.

1462 364 1516 412 s.
1559 356 1832 414 IO.\l\'NIS
1870 351 2340 412 cnnvsosronl
2384 352 2697 409 amanter.
2740 355 3271 417 consumma.

3927 371 4017 425 I50

2433 482 2576 532 vum,
2606 484 2709 525 non
2734 472 3003 543 angelum,
3025 492 3128 531 non
3146 476 3525 547 archangelum
3546 481 3639 534 ait.
3669 484 3829 553 Atqui
3853 502 4007 542 uento

2432 575 2661 631 unquam
2691 564 2773 618 vel
2810 566 2949 619 circa
2991 567 3156 623 filium
3201 580 3405 623 tantum
3449 570 3682 625 studium
3728 574 4012 643 adhibuit,

2429 664 2684 723 quantum
2714 656 2854 710 Dens
2886 657 3027 711 circa
3065 658 3303 729 ingratos
3330 675 3535 716 servos.
3583 660 3893 717 Passioncm
3922 668 4015 720 ita-

2427 760 2533 815 que
2559 761 2662 800 non
2693 750 2911 803 omnino
2936 758 3119 819 aperte
3140 793 3155 817 ,
3188 752 3281 805 sed
3310 752 3537 807 obscure
3567 754 3837 823 pra-dicit;
3868 770 4017 811 emo-

2429 840 2722 894 lumentum
2770 850 2948 896 autem
2987 857 3053 897 ex
3103 843 3354 912 passione
3404 843 3638 898 futurum
3669 846 3815 900 clare
3839 846 4015 902 dicit:

2432 930 2500 987 Ut
2526 934 2688 987 omnis
2711 934 2799 1003 qui
2825 936 2980 988 credit
3001 936 3054 988 in
3079 952 3193 989 eum
3218 977 3231 1000 ,
3270 953 3370 989 non
3401 946 3603 1005 pereat,
3627 936 3716 991 sed
3742 938 3926 992 habeat
3945 940 4018 992 ni-

2428 1035 2532 1080 tam
2562 1036 2822 1082 internum.
2852 1027 2985 1095 Quia
3036 1028 3243 1084 dixerat
3286 1031 3457 1101 ipsum
3496 1032 3783 1087 exaltatum
3829 1033 3894 1088 iri
3920 1045 4013 1101 ,et

2427 1128 2657 1174 mortem
2707 1119 3139 1175 subindicaverat
3165 1163 3177 1184 ,
3220 1136 3287 1175 ne
3316 1122 3477 1175 verba
3510 1123 3697 1177 isthmc
3724 1139 4012 1179 mini-orem

2426 1220 2674 1279 parerent
2698 1210 2925 1265 auditori
2956 1252 2971 1277 ,
3018 1210 3173 1265 etde
3224 1213 3340 1280 ipso
3397 1212 3690 1266 humanum
3739 1214 4014 1283 quidpiam

2423 1303 2821 1372 suspicaretur,
2856 1315 3168 1375 putaretque
3218 1314 3443 1359 intortum
3488 1306 3586 1375 ipsi
3624 1306 3783 1362 ﬁnem
3834 1308 4011 1361 exsis-

2424 1393 2568 1447 tendi
2600 1392 2827 1447 futuram
2878 1409 3018 1457 esse,
3066 1394 3187 1447 vide
3232 1410 3337 1462 quo
3370 1404 3524 1462 pacto
3575 1395 3627 1448 id
3649 1406 4013 1465 attcmpcret,

2421 1500 2541 1539 cum
2567 1486 2693 1540 dicit
2726 1486 2908 1540 datum
2941 1502 3059 1540 esse
3085 1488 3176 1541 Iiei
3204 1487 3421 1551 Filium,
3454 1489 3575 1543 vitae
3612 1504 3831 1543 causam
3860 1533 3873 1552 ,
3907 1490 4011 1543 imo

2421 1578 2542 1631 vita:
2588 1589 2825 1630 ίιιιοηιςιι.
2862 1576 2909 1631 Is
2952 1594 3079 1632 vero
3117 1578 3206 1647 qui
3240 1594 3335 1647 per
3382 1589 3609 1633 mortem
3653 1595 3803 1633 suam
3852 1581 4014 1633 vitam

2420 1670 2539 1724 aliis
2567 1669 2789 1725 daturus
2833 1681 2981 1739 erat,
3013 1672 3066 1726 in
3096 1682 3270 1726 morte
3299 1687 3404 1726 non
3436 1672 3526 1727 diu
3560 1687 3847 1727 mansurus
3875 1685 4013 1728 erat.

2416 1761 2550 1819 Nam
2572 1763 2617 1817 si
2648 1764 2683 1817 ii
2730 1765 2816 1835 qui
2841 1765 2894 1819 in
2925 1766 3241 1820 crucifixum
3274 1750 3542 1831 credunt,
3584 1781 3691 1820 non
3740 1778 3968 1836 pereunt
4000 1812 4011 1828 ,

2420 1855 2588 1911 multo
2632 1856 2807 1914 minus
2842 1858 3036 1929 peribit
3065 1858 3154 1913 ille
3182 1858 3489 1913 crucifixus.
3518 1858 3618 1927 Qui
3644 1861 3798 1917 enim
3839 1861 4015 1929 perni-

2420 1945 2556 2001 ciem
2609 1948 2677 2002 ab
2726 1949 2844 2003 aliis
2889 1947 3101 2016 aufert,
3151 1949 3321 2004 mulio
3354 1949 3522 2019 magis
3564 1950 3677 2019 ipse
3704 1966 3731 2003 a
3774 1951 4016 2019 pernicie

2420 2038 2557 2095 Iiber
2584 2040 2687 2094 erit
2716 2061 2727 2095 :
2757 2040 2845 2110 qui
2870 2040 2992 2094 aliis
3013 2042 3172 2094 vitam
3203 2039 3441 2109 impertit
3462 2081 3476 2105 ,
3508 2041 3678 2094 multo
3711 2041 3878 2111 magis
3912 2043 4013 2095 sibi

2419 2130 2707 2198 impertiet.
2750 2130 2933 2185 Viden’
2964 2130 3159 2200 ubique
3183 2146 3320 2201 opus
3360 2134 3496 2185 esse'
3525 2130 3629 2185 ﬁde
3658 2130 3681 2184 ?
3707 2130 3840 2185 Nam
3885 2147 4013 2185 eru-

2416 2236 2533 2276 cem
2563 2222 2685 2275 vita:
2713 2222 2913 2276 fontem
2940 2236 3061 2277 esse
3087 2222 3235 2277 dicit.
3264 2222 3317 2276 Id
3350 2224 3689 2278 ratiocinium
3718 2239 3823 2277 nun
3853 2224 4015 2279 facile

2418 2311 2662 2367 admittat
2694 2328 2707 2365 :
2738 2312 2889 2381 cujus
2918 2312 2992 2367 rei
3026 2320 3189 2369 testes
3217 2328 3355 2367 nunc
3377 2325 3503 2367 sunt
3527 2314 3756 2384 gentiles
3782 2354 3797 2378 ,
3835 2315 3927 2384 qui
3962 2315 4012 2368 id

2419 2401 2659 2459 videntes
2679 2417 2800 2456 eum
2822 2402 2934 2458 risu
2959 2404 3264 2474 excipiunt:
3287 2404 3420 2459 fides
3444 2419 3571 2459 vero
3596 2420 3714 2475 qua:
3742 2404 4017 2463 ratiocinii

2419 2494 2837 2550 imbecillitatem
2864 2506 3081 2566 superat
3099 2538 3113 2557 ,
3143 2497 3245 2551 hoc
3260 2497 3427 2551 facile
3448 2496 3679 2551 admittit
3703 2505 3759 2551 et
3786 2496 4011 2551 retinet.

2420 2586 2571 2642 Unde
2601 2596 2778 2641 autem
2828 2598 3103 2658 tantem-re
3136 2589 3277 2645 Deus
3328 2590 3585 2647 mundum
3624 2589 3814 2645 dilexit
3841 2588 4013 2645 ?.Nun

2417 2683 2651 2744 aliunde.
2682 2698 2840 2753 quam
2867 2700 2931 2737 ex
2964 2684 3075 2739 sola
3110 2684 3435 2755 benignitate
3459 2699 3575 2740 sua.

2486 2775 2541 2829 5.
2583 2773 2631 2826 Ε
2661 2776 2913 2839 beneﬁciis
2937 2794 2968 2827 a
2992 2777 3189 2829 Christo
3215 2777 3265 2829 in
3289 2777 3515 2831 homines
3542 2778 3762 2841 collatis,
3793 2779 4015 2833 eleemo-

2413 2881 2594 2935 synam
2634 2877 2678 2920 et
2704 2867 3308 2924 caritatemconmtendat
3355 2910 3371 2936 ,
3404 2885 3585 2941 eosque
3612 2871 3872 2942 redarguit
3920 2876 4010 2942 qui

2415 2960 2723 3028 pauperibus
2745 2961 2981 3030 neglectis
3009 2961 3153 3015 luxui
3178 2961 3562 3016 sei'siunt.-—In
3593 2962 3851 3031 pudorem
3878 2979 4014 3033 ergo

2415 3051 2782 3105 vertamurob
2822 3061 3019 3107 tantam
3052 3053 3329 3107 caritatem
3358 3070 3369 3105 :
3403 3054 3782 3108 erubescamus
3810 3053 3880 3109 de
3913 3054 4010 3109 bc-

2408 3145 2692 3214 nignitatis
2720 3160 2966 3200 excessu.
3011 3145 3129 3214 Ipse
3154 3145 3297 3201 enim
3340 3154 3398 3201 ut
3443 3160 3540 3201 nos
3592 3155 3838 3201 servaret
3870 3189 3883 3207 .
3941 3163 4011 3203 ne

2413 3236 2686 3305 unigenito
2727 3237 2941 3306 quidem
2982 3236 3120 3292 Filio
3146 3253 3245 3294 suo
3291 3240 3565 3307 pepercit;
3617 3253 3715 3292 nos
3760 3241 4012 3309 pecuniis

2414 3327 2683 3396 parcimus
2729 3328 2781 3382 in
2842 3338 3079 3383 nostram
3135 3329 3450 3398 perniciem.
3488 3328 3618 3398 Ipse
3671 3330 4011 3399 unigenitum

2410 3422 2605 3478 Filium
2652 3436 2748 3491 pro
2771 3423 2923 3477 nobis
2946 3422 3137 3487 dedit;
3170 3438 3269 3478 nos
3300 3437 3365 3477 ne
3394 3432 3673 3493 argentum
3698 3423 3923 3493 quidem
3956 3424 4011 3480 in

2410 3516 2532 3587 ejus
2550 3516 2774 3587 gratiam
2794 3515 3131 3585 despicimus
3151 3555 3165 3581 ,
3196 3515 3305 3569 imo
3354 3530 3455 3571 nec
3482 3516 3535 3569 in
3581 3525 3817 3569 nostram
3844 3518 4009 3571 .ntili-

2414 3618 2595 3664 tatem.
2626 3608 2946 3678 thuanam
2985 3608 3097 3661 haec
3139 3606 3295 3662 venia
3325 3605 3484 3675 digna
3515 3607 3685 3659 sunt?
3734 3606 3787 3661 Si
3826 3607 4011 3661 homi-

2399 3718 2538 3759 nem
2566 3700 3094 3771 videamuspericnla
3119 3708 3178 3755 et
3207 3708 3435 3755 mortem
3465 3714 3562 3768 pro
3590 3698 3745 3757 nobis
3770 3699 3960 3755 subire
3990 3740 4007 3765 ,

2412 3798 2585 3867 ipsum
2636 3796 2884 3852 omnibus
2922 3793 3330 3865 antep-mimus,
3364 3800 3418 3846 et
3470 3792 3519 3844 in
3561 3791 3769 3845 intimis
3812 3793 4012 3847 amicis

2408 3904 2847 3952 annumeramus,
2892 3896 3072 3941 nostra
3134 3886 3313 3940 omnia
3358 3884 3458 3953 ipsi
3513 3883 3813 3951 tradimus,
3846 3894 3900 3939 et
3941 3902 4010 3940 ea

2409 3982 2577 4052 ipsius
2622 3995 2742 4035 esse
2772 3982 2940 4048 magis
2961 3992 3120 4048 quam
3162 3986 3343 4031 nostra
3388 3976 3658 4041 dicimus;
3700 3991 3879 4045 neque
3927 3978 4012 4032 sic

2409 4083 2656 4145 putamus
2706 4072 2919 4143 dignam
2964 4070 3261 4141 rependere
3300 4069 3496 4124 vicem.
3545 4068 3680 4138 Erga
3725 4068 4010 4124 Christum

2406 4181 2536 4221 vero
2562 4180 2733 4235 neque
2776 4164 2916 4219 hunc
2942 4163 3078 4233 grati
3109 4162 3270 4215 animi
3315 4160 3534 4215 modum
3558 4174 3856 4215 servamus.
3913 4162 4013 4219 Ille

2408 4258 2640 4312 animam
2672 4272 2767 4326 pro
2794 4255 2947 4308 nobis
2972 4252 3145 4323 posuit
3173 4294 3187 4319 ,
3220 4263 3269 4307 et
3319 4261 3540 4322 prepter
3560 4242 3675 4306 ‘iios
3704 4252 4008 4321 pretiosum

2408 4339 2719 4418 sanguinem
2751 4346 2938 4401 effudit
2963 4386 2977 4411 ,
3022 4359 3121 4399 nos
3144 4386 3157 4411 ,
3189 4344 3404 4413 inquam
3431 4384 3445 4409 ,
3490 4343 3581 4413 qui
3621 4358 3719 4397 nec
3742 4342 3870 4397 boni
3901 4360 4009 4398 nec

2406 4441 2540 4509 grati
2572 4452 2823 4501 eramus;
2859 4452 2955 4490 nos
2984 4450 3114 4490 vero
3161 4450 3231 4488 ne
3260 4434 3313 4488 in
3339 4445 3579 4489 nostram
3608 4433 3823 4504 quidem
3855 4435 4007 4489 utili-

2402 4540 2569 4585 tatem
2600 4528 2857 4601 pecunias
2887 4525 3210 4581 elfundimus
3236 4540 3250 4589 ;
3275 4524 3368 4579 sed
3420 4539 3544 4596 eum
3572 4525 3659 4596 qui
3691 4538 3792 4594 pro
3840 4526 4006 4581 nobis

2403 4630 2645 4676 mortuus
2675 4628 2759 4675 est
2787 4660 2804 4685 ,
2851 4628 2904 4673 et
2936 4616 3137 4671 nudum
3164 4625 3217 4670 et
3261 4615 3603 4685 peregrinum
3639 4614 4004 4685 despicimus.

2404 4711 2601 4781 Ecquis
2631 4724 2730 4763 nos
2777 4725 2806 4761 a
2854 4708 3031 4762 futuro
3058 4706 3323 4778 supplicio
3366 4705 3611 4763 eximet?
3649 4704 3782 4759 Nam
3814 4706 3861 4761 si
3887 4723 4006 4763 non

2404 4804 2545 4859 Deus
2574 4817 2692 4868 nos,
2725 4800 2817 4856 sed
2850 4814 2950 4856 nos
2977 4799 3077 4870 ipsi
3108 4799 3440 4868 puniremus,
3472 4813 3651 4852 annon
3677 4808 3867 4852 contra
3902 4816 4011 4855 nos

2404 4895 2666 4951 calculum
2693 4892 3009 4949 ferremus?
3052 4893 3244 4945 Annon
3268 4903 3367 4943 nos
3420 4879 3568 4958 ipsos
3616 4887 3683 4944 ad
3730 4888 4013 4959 gehennae

2404 4989 2577 5060 ignem
2609 4986 3123 5050 condenmaremus,
3150 4980 3294 5053 quod
3324 4996 3445 5037 eum
3478 5021 3493 5045 ,
3521 4980 3612 5051 qui
3639 4980 3875 5035 animam
3901 4996 4012 5052 pro

2404 5078 2805 5149 nobisposuit,
2860 5074 3002 5130 fame
3047 5073 3411 5129 tabescentem
3460 5072 4010 5140 contempserimus?

2403 5172 2469 5227 Et
2496 5171 2620 5244 quid
2648 5169 2901 5241 pecunias
2926 5166 3209 5223 memoro?
3236 5165 3291 5221 Si
3324 5166 3467 5220 enim
3494 5164 3643 5220 mille
3669 5164 4009 5225 haberemus

2402 5268 2627 5332 animas,
2656 5280 2833 5318 annon
2877 5262 2993 5317 illas
3024 5276 3211 5316 omnes
3238 5273 3336 5330 pro
3366 5258 3457 5313 illo
3489 5273 3688 5328 ponere
3718 5259 4013 5328 oportuit?

2402 5362 2624 5419 Etiamsi
2668 5375 2738 5415 ne
2768 5360 2845 5413 sic
2873 5371 3085 5428 quoque
3123 5354 3250 5425 quid
3284 5353 3548 5409 beneﬁcio
3578 5361 3726 5406 tanto
3771 5352 4007 5423 dignum

2404 5456 2739 5513 fecissemus.
2786 5450 2918 5507 Nam
2946 5448 3035 5520 qui
3080 5447 3224 5518 prior
3246 5444 3566 5501 beneﬁcium
3601 5443 3785 5513 ponit,
3816 5444 4011 5505 mani-

2402 5548 2595 5604 festum
2625 5561 2730 5616 prae
2768 5558 2825 5598 se
2853 5542 2954 5598 fert
2979 5539 3230 5596 bonitatis
3258 5536 3512 5593 indicium
3537 5552 3548 5588 :
3572 5534 3662 5604 qui
3685 5542 3869 5590 autem
3899 5535 4010 5591 be-

2402 5638 2594 5695 neﬁcio
2623 5635 2851 5691 afficitur
2876 5675 2890 5697 ,
2919 5628 3178 5704 quidquid
3210 5625 3425 5682 tandem
3471 5624 3680 5681 dederit
3706 5664 3721 5691 ,
3752 5623 4008 5683 debitum

2404 5724 2599 5789 reddit,
2633 5739 2738 5777 non
2762 5721 2982 5792 gratiam
3005 5715 3139 5781 init;
3166 5711 3403 5771 maxime
3428 5724 3557 5766 vero
3581 5724 3703 5764 cum
3733 5708 3825 5764 ille
3853 5710 4013 5779 prior

2408 5817 2679 5877 beneficus
2719 5813 2957 5873 inimicis
2990 5810 3129 5869 dona
3154 5805 3404 5875 confert,
3432 5814 3485 5861 et
3513 5803 3559 5860 is
3584 5796 3673 5876 qui
3706 5798 4007 5872 rependit,
