4162 6326
142 361 225 415 {Cl
1183 354 1246 410 IN
1283 351 1593 409 JOANNEM
1636 352 1867 409 IlOMIL.
1912 354 2153 413 XXVIII.
2196 359 2267 413 al.
2312 359 2526 415 XXVII.

143 472 465 530 benefactori
503 487 607 525 suo
636 470 777 526 dona
820 469 1110 535 retribuit,
1150 467 1343 537 quibus
1374 468 1536 522 etiam
1584 466 1740 521 donis

138 570 253 639 ipse
280 580 500 637 quoque
526 564 746 619 fruitur.
780 562 977 617 Verum
1004 561 1086 615 his
1116 574 1217 615 non
1246 574 1548 624 movemur,
1576 574 1745 629 usque

134 660 272 712 adeo
298 659 525 727 ingrati,
550 665 607 711 ttt
635 658 827 722 servis,
852 655 1031 721 mulis,
1056 654 1207 722 equis
1229 655 1558 723 operimenta
1584 667 1744 706 aurea

139 752 644 820 circumponamus;
675 747 957 801 Dominutn
982 760 1109 800 vero
1140 753 1403 809 nostrum,
1429 743 1627 797 nudum
1652 759 1740 797 er-

138 850 345 893 rantem
374 882 388 905 ,
417 841 656 893 ostiatim
690 837 1083 893 mendicantem
1109 878 1125 903 ,
1159 836 1208 889 in
1239 835 1487 905 compitis
1508 843 1741 889 stantem

136 942 186 987 t-t
216 946 411 987 manus
440 931 822 987 extendentem
854 929 1235 997 deSpiciamus,
1270 927 1378 980 imo
1407 941 1550 995 smpe
1580 927 1743 980 torvis
1784 996 1787 997 ν

138 1028 447 1078 intueamur
482 1021 653 1077 oculis
679 1040 693 1076 :
728 1022 937 1076 etiamsi
970 1029 1188 1090 prepter
1212 1034 1310 1073 nos
1337 1018 1485 1073 hisce
1507 1018 1663 1073 malis
1685 1034 1743 1072 se

136 1118 406 1187 subjiciat.
432 1117 688 1172 Libenter
709 1117 850 1171 enim
869 1114 1061 1178 esurit,
1082 1121 1141 1166 ut
1168 1122 1221 1166 tu
1248 1112 1535 1176 nutriaris;
1567 1110 1743 1165 nudus

137 1208 423 1273 circumit,
479 1215 538 1261 ut
586 1207 678 1260 tibi
738 1204 1155 1275 incorruptionis
1208 1210 1413 1257 vestem
1474 1201 1739 1256 conferat.

139 1297 270 1352 Nihil
304 1307 490 1352 tamen
515 1313 610 1353 vos
632 1296 868 1367 erogatis
902 1314 914 1349 :
948 1294 1041 1350 sed
1075 1295 1393 1349 vestimenta
1426 1301 1603 1346 vestra
1635 1292 1739 1346 alia

136 1408 162 1444 a
190 1392 350 1446 tineis
381 1390 663 1457 roduntur,
691 1390 792 1444 alia
819 1430 833 1455 ,
863 1390 917 1443 in
946 1403 1068 1441 arca
1101 1386 1377 1441 recondita
1401 1428 1413 1451 ,
1446 1383 1731 1454 superﬂuae

138 1501 275 1539 cura:
310 1483 711 1554 possidentibus
756 1491 879 1536 sunt
910 1499 922 1534 :
954 1481 1080 1535 dum
1106 1481 1148 1534 is
1176 1479 1264 1548 qui
1302 1486 1356 1534 et
1388 1477 1503 1533 htcc
1540 1488 1593 1531 et
1637 1476 1739 1530 alia

137 1576 310 1630 omnia
361 1576 582 1645 largitus
631 1584 713 1629 est
743 1616 758 1639 ,
790 1572 962 1628 nudus
1005 1570 1330 1626 obambulat.
1376 1568 1580 1624 Verum
1625 1568 1741 1622 lucc

140 1683 238 1723 non
268 1667 320 1721 in
355 1682 480 1721 arca
509 1665 831 1731 reconditis,
856 1663 947 1719 sed
988 1662 1069 1717 his
1099 1662 1379 1732 magnifice
1414 1659 1741 1715 induimini?

138 1757 289 1824 Quid,
316 1773 504 1829 quaeso
533 1800 546 1823 ,
578 1757 703 1812 hinc
733 1757 884 1811 vobis
916 1769 1033 1825 plus
1063 1753 1316 1810 accedit?
1347 1752 1417 1809 Ut
1444 1752 1738 1808 forensium

138 1851 280 1905 turba
306 1866 402 1905 vos
446 1850 748 1921 suspiciat?
776 1848 979 1919 Ecquid
1009 1847 1151 1903 hoc?
1198 1846 1313 1901 Non
1358 1846 1501 1901 enim
1535 1845 1616 1899 his
1652 1844 1738 1897 in-

133 1945 313 1998 dutum
342 1943 707 2007 admirantur,
738 1942 831 1997 sed
864 1956 983 1996 eum
1015 1940 1104 2010 qui
1136 1938 1318 2009 egenis
1352 1938 1595 2007 largitur.
1627 1936 1736 1991 Ita-

134 2054 233 2108 que
262 2039 309 2093 si
357 2038 493 2093 velis
544 2037 882 2092 admirationi
934 2048 1052 2089 esse
1091 2076 1105 2095 .
1145 2034 1277 2087 alios
1305 2031 1468 2087 indue
1496 2073 1508 2095 ,
1556 2039 1612 2084 et
1656 2029 1736 2084 sic

136 2132 273 2185 mille
320 2130 595 2200 plausibus
643 2128 945 2198 excipieris.
976 2127 1126 2181 Tunc
1152 2135 1201 2181 te
1247 2125 1385 2179 Deus
1408 2119 1737 2177 eutnhomi—

3366 367 3467 423 liii!

1854 466 2087 525 laudabit
2116 512 2131 537 ,
2181 473 2274 528 sed
2316 488 2506 527 omnes
2535 474 2625 527 tibi
2667 474 2979 530 invidebuut
3005 519 3019 542 ,
3049 478 3175 532 dtttn
3212 481 3467 537 videbunt

1852 576 2047 632 corpus
2075 575 2343 628 ornatum,
2373 566 2607 620 animam
2637 582 2765 621 vero
2798 569 3114 638 neglectam.
3145 570 3461 640 Ilujusmodi

1852 663 2099 708 ornatum
2145 656 2457 711 meretrices
2489 666 2762 713 sectantur
2793 702 2807 725 ,
2840 675 2959 729 qua:
2999 676 3143 731 scepe
3189 666 3377 732 majori
3404 679 3457 720 ct

1851 745 2176 815 opulentiori
2226 748 2372 803 cultu
2432 750 2704 819 gaudent;
2750 761 2975 807 ornatus
3026 765 3204 810 autem
3267 757 3462 813 aniunc

1853 854 2016 910 penes
2067 840 2278 896 virtutis
2322 843 2595 897 studiosos
2657 854 2860 898 tantum
2907 846 3153 902 habetur.
3188 848 3314 904 Haec
3360 851 3467 904 fre-

1849 944 2077 1002 quenter
2107 934 2257 999 dico,
2293 951 2391 990 nec
2432 935 2592 991 linem
2623 936 2833 993 dicendi
2867 937 3055 993 faciam
3078 980 3093 1006 ,
3123 957 3228 995 non
3260 958 3461 1013 paupe-

1850 1042 1938 1081 res
1983 1035 2188 1082 tantum
2230 1042 2426 1082 curans
2461 1070 2474 1092 ,
2508 1039 2767 1097 quantum
2819 1032 3027 1085 animas
3073 1045 3303 1089 vestras.
3357 1034 3463 1090 Illis

1849 1118 1994 1174 cnim
2025 1118 2125 1174 etsi
2154 1135 2258 1173 non
2288 1134 2316 1173 a
2359 1119 2545 1183 nobis,
2589 1121 2803 1175 aliunde
2850 1130 3027 1178 tamen
3059 1124 3308 1194 quaedam
3344 1129 3460 1183 erit

1849 1212 2191 1278 consolatio;
2244 1213 2285 1265 si
2335 1214 2481 1267 nulla
2528 1213 2707 1281 adsit,
2756 1223 2811 1268 et
2853 1214 2992 1271 fame
3037 1227 3302 1285 pereant,
3352 1236 3458 1273 non

1851 1318 2100 1373 magnum
2126 1303 2227 1358 hoc
2256 1303 2511 1359 damnum
2538 1305 2687 1375 ipsis.
2720 1306 2857 1373 Quid
2889 1308 3298 1365 nocuitLazaro
3329 1328 3432 1383 pan

1850 1405 2028 1464 pertas
2056 1406 2111 1450 ct
2158 1395 2368 1450 fames?
2416 1396 2523 1451 Sed
2566 1411 2662 1450 vos
2708 1397 2839 1451 nihil
2872 1414 2899 1450 a
2946 1399 3196 1469 gehenna
3228 1402 3459 1471 eripiet,

1850 1487 1951 1540 nisi
1983 1489 2276 1556 pauperu’m
2318 1502 2420 1556 0pc
2446 1488 2731 1556 jttvemini.
2764 1487 2870 1544 Sed
2912 1490 3100 1546 eadem
3153 1497 3264 1562 ipsa
3311 1494 3461 1549 dice-

1850 1592 1969 1631 mus
2011 1593 2133 1648 quze
2180 1577 2331 1631 dives
2364 1577 2452 1632 ille
2500 1588 2758 1647 perpetuo
2806 1580 3031 1636 traditus
3084 1584 3229 1652 igni,
3285 1587 3460 1642 omnis

1828 1670 2232 1731 consolationis
2277 1669 2512 1738 esperti.
2563 1669 2761 1725 Verum
2795 1672 2974 1737 absit,
3006 1683 3063 1727 ttt
3088 1676 3208 1744 quis
3246 1676 3331 1730 illa
3364 1694 3453 1731 un-

1848 1775 2010 1831 quam
2056 1760 2215 1814 verba
2265 1759 2487 1823 audiat;
2538 1749 2855 1817 faxit‘Deus
2905 1773 2956 1817 ut
3004 1779 3196 1820 omnes
3236 1767 3288 1820 in
3332 1769 3455 1823 sinu

1847 1853 2080 1907 Abrahae
2130 1852 2496 1919 recipiantur,
2540 1853 2708 1923 gratia
2756 1864 2809 1909 et
2858 1854 3192 1927 benignitate
3247 1860 3456 1915 Domini

1848 1945 2018 2000 nostri
2050 1944 2176 1999 .Iesu
2210 1941 2427 2006 Christi,
2465 1961 2559 2012 per
2588 1960 2747 2014 quem
2775 1955 2976 2001 etcum
3025 1964 3133 2020 quo
3173 1950 3315 2006 Patri
3348 1953 3461 2023 glo-

1848 2043 1947 2109 ria,
1984 2056 2193 2112 unaque
2245 2049 2434 2097 saneto
2468 2041 2712 2111 Spiritui,
2766 2044 2817 2097 in
2863 2044 3058 2101 smcula
3100 2047 3450 2104 satculorum.

1776 2188 1787 2201 ,
1847 2138 2039 2191 Amen.

139 2223 285 2277 uibus
323 2222 577 2276 laudabit.
613 2221 814 2275 Contra
854 2235 982 2274 vero
1003 2220 1045 2274 si
1076 2232 1233 2273 secus
1273 2232 1399 2286 agas
1430 2258 1444 2282 ,
1477 2228 1636 2268 nemo
1684 2220 1735 2265 te
1795 2215 1800 2221 '

142 2336 3447 2378 ________________________._.__._________._.____

1417 2420 1767 2485 HOMILIA
1814 2408 2116 2475 xxvnt.

143 2576 215 2628 Ii.
262 2573 382 2628 Nan
407 2577 539 2629 enim
583 2576 717 2629 misit
768 2571 906 2629 Deus
952 2574 1146 2629 Filium
1187 2590 1334 2628 suum
1377 2574 1431 2626 in
1470 2569 1735 2631 mundum,

204 2679 253 2719 ut
272 2669 475 2740 judice!
504 2670 768 2731 mundum,
793 2669 882 2724 sed
904 2678 960 2721 ut
988 2668 1182 2721 salvum
1208 2668 1362 2736 faciat
1390 2663 1656 2717 mundum.

208 2762 252 2814 ι.
297 2760 453 2815 Multi
483 2776 546 2815 ex
570 2761 928 2829 segnioribus,
964 2760 1029 2813 ad
1065 2769 1280 2829 peccata
1327 2757 1731 2827 multiplicanda

143 2864 182 2905 t'l
214 2854 596 2923 negligentiam
629 2853 928 2923 augendam
957 2852 1136 2906 divina
1168 2852 1455 2905 abutentes
1491 2850 1732 2903 clemen-

144 2947 221 3006 tia,
253 2946 321 2999 ita
359 2947 687 3015 loquuntur:
720 2944 867 2998 Nulla
896 2952 976 2997 est
1001 2943 1268 3014 gehenna,
1302 2942 1504 2995 nullum
1527 2940 1732 3009 suppli-

141 3037 495 3100 ciutn,omni:t
534 3036 673 3088 Deus
722 3044 934 3103 peccata
986 3034 1230 3088 remittit.
1274 3032 1511 3100 Quorum
1561 3046 1621 3084 os
1654 3033 1731 3084 sic

141 3128 358 3181 obstruit
403 3127 618 3195 sapiens
672 3127 887 3196 quidam
922 3143 935 3179 :
976 3123 1050 3179 Ne
1100 3126 1279 3189 dicas,
1333 3122 1597 3177 Miseratio
1622 3123 1731 3191 ejus

142 3240 332 3292 magna,
369 3220 711 3274 multitudinis
748 3227 1066 3288 peccatorum
1103 3234 1325 3271 meorum
1369 3216 1731 3269 miserebitur:

140 3316 247 3377 quia
277 3312 631 3365 misericordia
675 3321 718 3362 et
750 3312 827 3362 ira
854 3311 993 3378 apud
1022 3311 1207 3377 ipsum,
1240 3318 1285 3362 et
1314 3324 1468 3376 super
1500 3315 1734 3375 peccato—

140 3408 421 3461 rcSurdebit
455 3412 601 3479 furor
631 3409 739 3478 ejus
790 3410 808 3475 (
840 3406 999 3460 Ereti.
1132 3406 1163 3459 6
1190 3405 1241 3474 );
1294 3413 1346 3459 et
1379 3419 1629 3464 rursum,
1665 3400 1732 3454 Ut

142 3499 285 3552 multa
310 3499 662 3553 ndsericordia
686 3500 815 3571 ejus,
838 3509 882 3552 et
905 3499 1065 3551 multa
1089 3498 1379 3567 redargutio
1408 3497 1517 3565 ejus
1541 3493 1730 3564 (Eccli.

145 3594 216 3648 l6.
244 3595 353 3661 15).
381 3594 451 3649 Ει
476 3594 583 3659 ubi,
614 3594 845 3663 inquies,
874 3592 1176 3662 benignitas
1205 3592 1342 3659 ejus,
1372 3589 1415 3643 si
1436 3588 1729 3643 secundum

145 3695 470 3756 peccatorum
495 3694 797 3739 nostrorum
826 3685 1013 3739 merita
1031 3682 1302 3751 accepturi
1320 3682 1548 3737 sumus?
1578 3677 1729 3745 Quo’d

144 3780 423 3834 secundum
455 3778 643 3832 merita
684 3777 956 3846 accepturi
1009 3777 1208 3840 simus,
1258 3773 1379 3827 audi
1409 3773 1728 3844 prephetatn

145 3880 187 3924 et
216 3870 437 3925 Paulum
468 3870 733 3924 dicentem
756 3884 769 3932 ;
806 3868 951 3921 illum
970 3866 1207 3936 quidem,
1234 3864 1312 3918 Tu
1333 3865 1513 3918 reddes
1531 3862 1733 3916 unicui-

144 3980 224 4028 que
250 3963 533 4015 secundum
557 3976 711 4028 opera
733 3975 825 4013 sua
848 3956 1021 4027 (Psal.
1054 3956 1144 4011 6|.
1178 3956 1308 4025 l3);
1354 3954 1496 4009 hunc
1524 3963 1725 4018 autem,

147 4054 230 4119 Qui
258 4055 432 4107 reddet
455 4054 725 4123 unicuique
751 4052 1027 4106 secundum
1050 4067 1179 4119 opus
1203 4066 1351 4104 suum
1371 4049 1547 4119 (Rom.
1577 4048 1625 4100 2.
1648 4047 1723 4117 6).

148 4145 283 4211 Quod
316 4157 499 4201 autem
533 4143 884 4198 nihilominus
912 4156 1103 4212 magna
1151 4142 1220 4194 sit
1268 4141 1361 4195 Dei
1415 4140 1723 4203 clementia,

145 4237 212 4291 vel
241 4236 370 4291 hinc
402 4237 575 4305 palam
622 4244 724 4299 est,
754 4234 897 4306 quod
949 4249 1072 4309 cum
1105 4234 1156 4288 in
1187 4236 1322 4288 vitas
1365 4233 1500 4289 duas
1544 4242 1726 4287 nostra

146 4329 269 4384 Deus
297 4329 565 4393 diviserit,
598 4328 756 4381 aliam
780 4327 1160 4391 certaminum,
1186 4325 1345 4380 aliam
1377 4341 1724 4389 coronarum,

143 4423 348 4477 multam
377 4422 477 4475 lt::c
531 4423 583 4475 in
612 4439 669 4475 re
716 4436 927 4492 quoque
969 4421 1347 4489 benignitatem
1400 4422 1724 4475 exhibuerit.

141 4514 450 4579 Quomodo?
480 4514 612 4579 Quia
645 4523 924 4583 postquam
955 4514 1232 4567 innumera
1263 4521 1478 4581 precata
1503 4513 1725 4565 admisi-

142 4620 266 4669 mus,
295 4619 395 4659 nec
417 4604 749 4658 cess;tvitnns
778 4620 806 4658 a
828 4604 1109 4674 juventute
1132 4603 1197 4658 ad
1232 4615 1528 4657 extremam
1560 4619 1727 4672 usque

140 4708 464 4755 senectutem
513 4698 806 4752 sceleribus
856 4698 1089 4751 animant
1150 4706 1384 4751 nostram
1426 4697 1723 4766 inquinare,

138 4791 293 4844 nullas
323 4804 514 4844 eorum
546 4800 733 4858 poenas
762 4796 991 4858 repetat,
1016 4796 1112 4842 sed
1142 4804 1236 4857 per
1266 4788 1535 4844 lavacrum
1570 4804 1726 4858 rege-

139 4880 424 4934 nerationis
454 4878 665 4933 veniam
694 4879 992 4943 concedat,
1022 4880 1408 4949 imojustitiatn
1438 4890 1492 4934 ct
1522 4883 1725 4934 sancti-

140 4972 433 5028 ﬁcationem
464 4971 776 5041 elargiatur.
822 4971 962 5038 Quid
992 4987 1143 5042 ergo,
1177 4973 1423 5043 inquies,
1461 4974 1503 5027 si
1546 4974 1666 5043 quis
1696 4988 1726 5028 a

139 5068 287 5130 pritna
322 5074 487 5119 :etate
532 5065 805 5137 mysteriis
850 5064 1121 5135 dignatus,
1158 5075 1279 5135 post
1321 5066 1435 5122 lucc
1485 5066 1537 5121 in
1583 5068 1728 5123 ntille

139 5170 339 5223 peccata
375 5159 618 5213 incidat?
652 5158 747 5211 llic
778 5168 927 5213 certe
958 5159 1146 5228 majori
1190 5160 1459 5215 obnoxius
1486 5174 1566 5215 est
1592 5176 1722 5229 sup-

142 5256 302 5319 plieio.
336 5255 669 5310 Eorumdetn
697 5256 838 5309 enim
867 5267 1211 5325 peccatorum
1247 5272 1351 5312 non
1396 5274 1553 5328 pares
1597 5261 1725 5313 sub-

142 5364 258 5401 imus
284 5364 494 5417 poenas,
522 5347 615 5403 sed
644 5348 803 5418 longe
827 5338 1121 5419 graviores,
1154 5351 1197 5404 si
1227 5360 1510 5421 postquam
1533 5353 1725 5407 initiati

145 5459 325 5506 -tttnllS,
382 5442 434 5496 in
490 5443 699 5497 scelera
745 5443 967 5496 ruimus.
1004 5441 1057 5497 Id
1103 5444 1367 5514 signiﬁcat
1409 5447 1605 5501 Paulus
1644 5448 1725 5502 his

144 5534 297 5590 verbis
329 5551 343 5587 :
381 5534 590 5590 Irritam
613 5536 808 5605 faciens
833 5537 944 5603 quis
966 5536 1123 5606 legent
1162 5536 1339 5601 .Ifosis,
1369 5540 1476 5593 sine
1496 5542 1604 5594 ulla
1627 5543 1724 5593 mi-

144 5630 370 5683 seratione
414 5630 614 5682 duobus
670 5628 747 5680 rel
802 5628 957 5679 tribus
1010 5629 1214 5682 testibus
1260 5630 1471 5683 moritur
1502 5646 1724 5702 :quanlo

146 5728 283 5785 νηηυιε
308 5725 493 5791 putatis
515 5722 774 5775 deteriora
797 5724 977 5775 mereri
1011 5724 1263 5790 supplicia
1287 5726 1371 5791 qui
1407 5724 1600 5780 Filium
1630 5728 1726 5783 Dei

144 5818 508 5882 runca/curmit,
548 5826 595 5869 et
644 5814 945 5883 sanguinein
998 5817 1276 5869 testamenti
1325 5817 1576 5886 pollutum
1630 5822 1723 5873 tlu-

1845 2553 1995 2618 :cerit,
2023 2563 2068 2606 et
2097 2551 2276 2620 gratia:
2302 2549 2530 2619 Spiritus
2557 2552 2916 2605 contumeliam
2946 2553 3121 2622 fecerit
3148 2554 3331 2628 (Hebr.
3391 2559 3453 2610 ιο

1840 2642 1930 2698 28.
1962 2643 2096 2712 29)?
2135 2642 2278 2711 Ergo
2302 2641 2489 2710 majori
2520 2641 2610 2697 ille
2634 2641 2829 2712 dignus
2855 2646 2956 2698 erit
2982 2646 3243 2716 supplicio
3279 2650 3315 2699 '.

1914 2734 2100 2790 Christi
2141 2733 2427 2789 clementia.
2464 2733 2576 2787 Duo
2604 2732 2796 2789 Christi
2821 2736 3084 2791 adventus.
3119 2769 3185 2778 -—
3221 2740 3450 2794 Verum-

1845 2838 2021 2881 tamen
2053 2827 2174 2881 huic
2204 2828 2532 2896 puenitentia:
2564 2836 2744 2898 portas
2774 2832 3007 2899 aperuit,
3041 2846 3105 2887 ac
3131 2833 3331 2888 multos
3362 2835 3457 2888 ab-

1842 2919 2024 2974 luendi
2056 2928 2273 2988 peccata
2308 2918 2496 2973 modos
2524 2920 2973 2990 subministravit,
3005 2925 3049 2979 si
3084 2924 3172 2979 ille
3198 2926 3453 2982 voluerit.

1840 3009 2058 3078 Cogites
2088 3010 2248 3064 velim
2282 3020 2479 3078 quanta
2507 3012 2615 3063 sint
2643 3010 2758 3067 Itmc
2787 3013 3091 3069 clementia:
3119 3027 3451 3086 argumenta,

1840 3101 1985 3169 quod
2038 3116 2133 3169 per
2170 3102 2395 3171 gratiam
2442 3102 2748 3168 remiserit,
2789 3113 2843 3158 et
2884 3111 3027 3176 quod
3071 3117 3192 3177 post
3228 3110 3457 3179 gratiam

1842 3202 2182 3261 peccatorem
2228 3193 2473 3262 supplicii
2505 3193 2723 3263 dignum
2756 3212 2861 3251 non
2894 3199 3081 3267 puniat
3102 3242 3116 3263 ,
3150 3201 3243 3256 sed
3274 3218 3461 3258 emen-

1839 3284 2077 3338 dationis
2130 3284 2361 3352 spatium
2410 3285 2693 3339 concedat.
2751 3287 3042 3357 Propterea
3095 3294 3170 3345 ait
3211 3292 3457 3348 Christus

1840 3373 2134 3429 Nicodemo
2168 3392 2181 3428 :
2214 3372 2336 3427 Non
2364 3375 2501 3427 misit
2534 3374 2673 3430 Deus
2706 3375 2899 3431 Filium
2926 3397 3077 3434 suum
3107 3383 3157 3435 in
3187 3385 3455 3450 mundum,

1840 3474 1893 3517 ut
1925 3465 2125 3531 judicet
2167 3464 2416 3518 mundum
2442 3505 2455 3528 ,
2485 3465 2576 3519 sed
2600 3477 2657 3529 ut
2677 3468 2836 3522 salve!
2865 3473 3135 3525 mundum.
3171 3473 3285 3529 Duo
3310 3477 3453 3530 cuitu

1838 3566 1962 3612 sunt
2002 3555 2198 3613 Christi
2234 3557 2531 3623 adventus;
2565 3558 2656 3629 qui
2694 3560 2805 3627 jam
2850 3562 2986 3630 fuit,
3020 3572 3075 3619 et
3113 3566 3201 3635 qui
3244 3566 3455 3625 futurus

1837 3656 1921 3702 est
1951 3665 1963 3702 :
1993 3646 2087 3703 sed
2116 3663 2225 3702 non
2256 3648 2445 3703 iisdem
2478 3648 2751 3732 de'causis
2787 3653 2985 3719 ambo;
3017 3656 3110 3711 sed
3142 3659 3289 3726 prior
3316 3658 3453 3725 fuit,

1840 3753 1944 3792 non
1993 3746 2049 3792 ut
2091 3738 2324 3792 facinora
2372 3747 2556 3794 nostra
2599 3741 2906 3808 examinet,
2945 3744 3039 3799 sed
3085 3756 3142 3801 ttt
3180 3748 3452 3815 dimittat;

1838 3830 2107 3883 secundus
2138 3830 2259 3895 erit,
2290 3846 2394 3883 non
2424 3839 2480 3884 ιιι
2509 3829 2767 3898 dimittat,
2797 3834 2891 3889 sed
2922 3844 2975 3890 ut
3008 3839 3299 3895 examinet.
3331 3842 3455 3898 Iden

1837 3918 1904 3973 de
1934 3920 2112 3989 priore
2141 3919 2356 3988 quidem
2386 3920 2517 3975 dicit
2543 3939 2553 3973 :
2584 3920 2704 3975 Non
2726 3925 2837 3977 veni
2858 3934 2909 3977 ut
2930 3927 3161 3995 judicem
3184 3932 3449 3994 mundum,

1837 4010 1925 4062 sed
1952 4022 2005 4062 ut
2032 4010 2222 4064 salvam
2251 4011 2494 4065 mundum
2512 4027 2531 4075 ;
2554 4012 2620 4067 de
2645 4014 2882 4070 secundo
2912 4026 3113 4083 autem,
3145 4020 3273 4075 Cum
3303 4039 3451 4078 vene-

1837 4101 1901 4152 rit
1931 4100 1979 4153 F
1982 4103 2100 4155 ilius
2141 4102 2195 4154 in
2225 4103 2389 4172 gloria
2419 4101 2593 4157 Patris
2638 4105 2751 4172 sui,
2790 4115 2974 4161 statuet
3021 4126 3134 4166 oves
3176 4115 3379 4182 quidem
3424 4136 3456 4169 a

1837 4192 2048 4256 dextris,
2071 4193 2244 4247 hazdos
2274 4203 2442 4247 autem
2464 4210 2494 4246 a
2521 4196 2742 4250 sinistris
2764 4196 2979 4267 (Matth.
3004 4200 3095 4257 25.
3124 4204 3211 4258 3i.
3239 4206 3350 4277 33).
3390 4207 3455 4260 Iit

1834 4284 2042 4337 abibunt
2067 4285 2157 4337 alii
2183 4285 2387 4355 quidem
2414 4286 2468 4339 in
2501 4288 2655 4339 vitam
2680 4330 2693 4354 ,
2722 4290 2814 4342 alii
2843 4290 2894 4343 in
2922 4296 3235 4363 supplicium
3260 4304 3453 4371 sempi-

1838 4383 2034 4427 ternum
2068 4374 2229 4445 (Ibid.
2264 4391 2311 4428 v.
2347 4374 2460 4444 46).
2495 4376 2656 4446 Atqui
2691 4380 2839 4447 prior
2870 4384 3029 4437 etiam
3073 4386 3337 4444 adventus
3363 4393 3451 4461 jn-

1835 4465 1958 4519 dicii
2000 4477 2113 4520 erat
2150 4468 2444 4521 secundum
2482 4467 2708 4537 justitia:
2753 4473 3040 4529 rationem.
3075 4479 3291 4544 Quare?
3318 4484 3450 4550 Quia

1836 4565 1961 4610 ante
2005 4555 2296 4611 adventum
2338 4559 2457 4625 ejus
2503 4560 2587 4613 lex
2635 4571 2753 4615 erat
2798 4567 3093 4635 naturalis,
3141 4574 3449 4640 proplsctm,

1837 4664 2160 4718 rursumque
2198 4649 2279 4703 lex
2312 4650 2530 4720 scripta,
2564 4651 2830 4722 doctrina,
2863 4659 3009 4714 tuille
3040 4666 3450 4737 promissioni-:4,

1836 4739 2018 4808 signa,
2062 4742 2323 4809 supplicia
2346 4784 2360 4808 ,
2394 4752 2448 4797 et
2488 4743 2589 4797 alia
2626 4746 2787 4799 multa
2809 4787 2825 4814 ,
2857 4766 2976 4816 qua:
3015 4765 3238 4821 pOSsent
3264 4775 3452 4815 cmen-

1838 4830 1998 4897 dare;
2031 4849 2261 4901 quorum
2294 4836 2430 4889 ratio
2463 4837 2685 4892 omnino
2717 4840 2980 4912 exigenda
3011 4855 3128 4902 erat
3152 4891 3167 4915 ,
3201 4852 3293 4906 sed
3326 4856 3449 4923 quia

1836 4923 2076 4980 clemens
2106 4935 2221 4990 est,
2268 4942 2372 4980 non
2419 4942 2645 4984 examen
2672 4972 2686 4995 ,
2730 4932 2823 4987 sed
2866 4937 3078 4993 veniam
3122 4942 3363 5000 exhibet.
3395 4946 3448 5001 Si

1836 5018 1977 5070 enim
2012 5019 2453 5087 perquisitionem
2488 5019 2735 5089 fecisset,
2765 5040 2954 5083 omnes
2985 5030 3144 5099 plane
3173 5035 3241 5090 de
3272 5040 3453 5095 medio

1836 5107 2029 5161 sublati
2066 5108 2289 5163 fuissent
2324 5128 2336 5163 :
2371 5109 2557 5165 Omnes
2591 5113 2725 5167 enim
2756 5132 3089 5183 peccaverunt
3114 5166 3127 5185 ,
3163 5126 3335 5197 inquit
3360 5173 3372 5193 ,
3405 5146 3450 5184 et

1836 5207 1979 5267 egent
2018 5200 2185 5268 gloria
2225 5197 2322 5253 Dei
2354 5200 2547 5267 (Rom.
2583 5204 2635 5258 5.
2666 5204 2792 5276 25).
2831 5207 2991 5267 Vides
3032 5228 3297 5273 summam
3338 5222 3451 5276 cle-

1837 5291 2133 5344 mentiam?
2163 5292 2245 5347 l8.
2274 5292 2375 5359 Qui
2402 5296 2559 5348 credit
2586 5298 2638 5350 in
2662 5296 2880 5366 Filium,
2911 5321 3013 5359 non
3034 5307 3306 5377 judicatur
3326 5330 3344 5369 .'
3366 5320 3451 5385 qui

1834 5392 2001 5436 autem
2031 5400 2131 5437 non
2158 5387 2336 5449 credit,
2362 5389 2475 5458 jam
2502 5390 2764 5459 judicatus
2796 5406 2886 5449 est.
2920 5400 3080 5470 Atqui
3110 5404 3152 5457 si
3187 5416 3308 5463 tunc
3342 5427 3445 5465 non

1836 5478 1982 5569 venit
2014 5486 2067 5569 ut
2092 5478 2357 5547 judicaret
2385 5482 2667 5549 mundum,
2697 5490 2969 5556 quomodo
2994 5495 3081 5562 qui
3114 5512 3217 5551 non
3249 5503 3448 5569 erodit,

1830 5565 1939 5662 jam
1968 5568 2236 5662 judicatus
2263 5579 2377 5637 est,
2412 5572 2455 5625 si
2486 5573 2723 5629 nondum
2768 5579 2921 5635 adest
2963 5583 3149 5652 judicii
3194 5565 3447 5662 tcntpusi

1839 5657 1933 5711 Vel
1968 5658 2069 5713 hoc
2099 5660 2265 5729 dicit,
2304 5664 2426 5733 quia
2456 5664 2568 5735 ipsa
2600 5666 2951 5728 incredulitas
2980 5677 3097 5733 sine
3130 5657 3444 5749 paenitentia

1833 5773 2116 5895 Wtallorel.
2157 5775 2322 5835 habet,
2350 5784 2475 5838 Ergo
2507 5778 2718 5832 severius
2740 5785 2965 5844 punietur
2992 5790 3076 5851 qui
3111 5803 3214 5853 post
3234 5799 3440 5859 gratimn
