4162 6326
712 360 808 414 iss
1380 348 1434 404 s.
1477 323 1750 404 tonsus
1788 305 2254 401 cnnvso‘sro'iu
2297 322 2610 398 meumr.
2653 333 3182 399 CONSTANTINOP.
3895 340 3990 400 ist

708 466 1023 542 supplicium
1049 477 1162 531 est;
1189 481 1306 519 nam
1334 473 1478 519 extra
1508 463 1676 517 lucem
1699 475 1816 516 esse
1839 476 1933 530 per
1954 475 2009 513 se
2033 457 2278 528 magnum

709 571 792 617 est
821 559 1135 631 supplicium
1171 573 1183 610 :
1214 556 1294 609 vel
1340 555 1510 608 futura
1555 555 1891 622 prmuuutiat.
1926 548 2284 618 Quemadmo-

711 651 836 707 du’nt
869 649 1009 709 enim
1041 649 1320 705 homicida.
1353 647 1472 700 licet
1499 645 1760 700 sententia
1786 643 1980 713 judicia
2007 643 2286 695 damnatus

713 763 815 797 non
848 746 936 808 sit,
967 745 1078 813 ipsa
1105 743 1180 796 rei
1213 751 1393 794 natura
1425 741 1533 808 jam
1565 739 1846 792 damnatus
1871 747 1953 790 est
1985 752 1997 788 :
2027 735 2102 788 sic
2128 741 2179 788 et
2207 733 2284 786 iti-

710 835 971 888 credulus.
1007 831 1442 900 Quandoquidem
1474 829 1641 883 Adam
1671 843 1769 898 qua
1797 826 1883 882 die
1910 825 1976 880 de
2018 823 2158 894 ligno
2187 840 2280 879 co-

710 910 889 987 medii,
923 923 1166 976 mortuus
1189 931 1268 974 est
1298 941 1309 974 :
1338 910 1421 974 illa
1451 913 1646 989 quippe
1676 917 1934 972 sententia
1957 927 2069 969 erat
2104 933 2116 968 :
2147 915 2285 982 Qua-

703 1029 912 1079 cumque
939 998 1021 1066 die
1061 1009 1377 1065 comederitis
1405 999 1468 1062 de
1504 1006 1641 1079 ligno
1665 1049 1678 1073 ,
1722 997 2000 1060 moriemini
2025 1007 2042 1067 ί
2067 1003 2192 1058 Gen.
2224 999 2278 1058 2.

705 1106 813 1173 17).
841 1105 998 1172 Atqui
1031 1101 1261 1156 vivebat.
1288 1100 1564 1165 Quomodo
1587 1100 1744 1168 igitur
1765 1109 2006 1152 mortuus
2028 1097 2180 1152 erat?
2202 1095 2281 1151 ER

701 1193 983 1255 sententia,
1017 1204 1067 1244 et
1096 1207 1158 1244 ex
1191 1191 1299 1258 ipsa
1330 1189 1405 1244 rei
1434 1199 1640 1243 natura.
1671 1183 1799 1242 Nam
1823 1189 1911 1257 qui
1941 1191 1999 1242 se
2023 1185 2282 1259 Supplicio

702 1285 987 1339 obnoxium
1037 1280 1296 1347 reddidit,
1339 1282 1436 1335 sub
1479 1280 1739 1351 supplieio
1781 1281 1893 1345 est;
1926 1279 2132 1335 etia'méi
2175 1295 2278 1333 non

704 1379 893 1446 reipsa,
925 1375 1016 1429 sed
1046 1392 1109 1429 ex
1139 1375 1422 1429 sententia.
1453 1373 1530 1428 Ne
1556 1375 1672 1443 quis
1699 1373 1839 1428 enim
1880 1369 2122 1437 audiens,
2158 1367 2280 1425 Non

701 1468 810 1523 ὕεινιὶ
837 1479 889 1523 ut
905 1453 1134 1539 judicent
1167 1451 1430 1531 mundum,
1462 1482 1520 1523 se
1548 1475 1695 1537 putet
1725 1468 1937 1534 impune
1966 1480 2122 1535 posse
2150 1470 2279 1534 pec;

699 1577 844 1627 care,
870 1561 1100 1630 hincque
1124 1559 1473 1630 negligentior
1501 1558 1709 1622 evadat,
1741 1555 1878 1611 hanc
1901 1554 2114 1626 Quoque
2143 1555 2281 1610 tollit

702 1651 982 1725 ignaviam,
1015 1649 1217 1711 dicens,
1244 1647 1362 1701 lam
1383 1647 1640 1717 iudicatus
1670 1655 1761 1700 est.
1812 1646 1942 1712 Quia
1972 1646 2113 1700 enim
2137 1643 2280 1714 judi-

699 1745 834 1797 cium
859 1743 1090 1796 futurum
1119 1741 1350 1795 nondum
1381 1730 1619 1805 venerat,
1648 1739 1888 1808 supplicii
1918 1739 2162 1793 timorem
2184 1735 2278 1791 ad-

697 1825 878 1916 movet
902 1845 995 1905 ,et
1036 1822 1362 1901 punitionem
1399 1832 1509 1902 jam
1549 1827 1777 1886 os’teudit
1808 1848 1821 1884 :
1849 1826 1901 1884 id
1925 1825 2068 1900 quod
2101 1817 2278 1884 multa:

696 1934 778 1977 est
810 1914 1151 1991 benignitatis
1177 1964 1190 1986 ,
1225 1936 1330 1974 non
1373 1919 1531 1974 modo
1573 1919 1766 1975 Filium
1793 1917 1921 1974 dare
1945 1960 1959 1981 .
1992 1918 2085 1973 sed
2115 1914 2276 1972 etiam

695 2016 938 2085 supplicii
971 2024 1180 2083 tempus
1203 2013 1416 2068 differre
1440 2054 1454 2075 ,
1487 2022 1544 2066 ut
1570 2013 1771 2082 possint
1799 2020 2080 2080 peccantes
2109 2018 2164 2066 et
2191 2011 2277 2064 iit-

695 2107 896 2161 creduli
927 2117 1142 2176 peccata
1170 2121 1262 2160 sua
1294 2105 1530 2160 abluere.
1557 2104 1654 2168 Qui
1675 2104 1830 2156 credit
1857 2104 1907 2154 in
1932 2101 2143 2164 Filium,
2173 2107 2275 2154 u’on

688 2200 970 2269 judicatur.
1000 2197 1098 2266 Qui
1143 2197 1350 2262 credit,
1382 2212 1488 2251 nou
1519 2197 1607 2266 qui
1647 2196 1854 2267 curiose
1885 2194 2153 2269 inquirit;
2184 2193 2272 2264 qui

695 2289 885 2354 credit,
915 2305 1018 2343 non
1050 2291 1139 2359 qui
1171 2289 1391 2343 multum
1433 2295 1720 2342 scrutatur.
1753 2285 1887 2354 Quid
1923 2300 2070 2355 ergo,
2099 2287 2141 2338 si
2169 2284 2272 2339 im-

695 2398 821 2452 pura
849 2383 966 2450 ejus
992 2382 1095 2435 vita
1127 2383 1214 2448 sit,
1240 2393 1293 2436 et
1317 2389 1462 2451 gesta
1495 2394 1601 2434 non
1631 2379 1802 2434 bona?
1831 2378 1936 2432 Hos
1962 2377 2142 2446 utique
2168 2387 2272 2430 n‘un

696 2485 818 2528 vere
838 2471 1019 2526 fideles
1033 2480 1152 2526 esse
1175 2473 1369 2526 Paulus
1390 2470 1463 2524 ait
1489 2489 1500 2523 :
1522 2467 1838 2538 Conﬁtentur
1853 2485 1906 2522 se
1925 2484 2069 2521 nosse
2093 2465 2271 2532 Deum,

695 2564 839 2635 factis
865 2571 1030 2616 autem
1061 2572 1242 2632 negant
1277 2561 1410 2632 (Tit.
1451 2561 1500 2616 Ι.
1535 2561 1654 2631 16).
1686 2560 1946 2615 Cieterum
1987 2558 2072 2613 hic
2099 2557 2277 2612 decla-

694 2661 810 2720 rat,
858 2656 1002 2723 ipsos
1043 2671 1144 2708 non
1191 2655 1288 2710 hac
1326 2653 1392 2708 de
1431 2667 1489 2708 re
1514 2652 1780 2723 judicari;
1823 2651 1915 2706 sed
1943 2651 2012 2706 ob
2043 2651 2273 2706 facinora

693 2748 920 2817 graviori
971 2746 1172 2801 ultione
1219 2744 1514 2816 puniendos
1564 2759 1682 2800 esse
1725 2761 1738 2798 :
1778 2743 2102 2799 infidelitatis
2145 2758 2275 2798 vero

692 2846 868 2902 causa,
899 2856 965 2893 eo
992 2839 1133 2909 quod
1161 2837 1501 2905 crediderint,
1533 2850 1636 2892 non
1669 2836 1861 2906 puniri.

761 2934 816 2987 2.
847 2932 1032 2987 Videu'
1054 2930 1320 3001 quomodo
1347 2939 1468 2986 cuin
1499 2945 1527 2983 a
1557 2929 1881 2985 terribilibus
1908 2943 2063 2984 orsus
2091 2939 2233 2984 essat
2254 2972 2267 2992 ,

692 3023 744 3077 in
776 3021 961 3078 eadem
990 3030 1171 3077 rursus
1198 3023 1445 3078 desinat?
1473 3022 1627 3077 Initio
1652 3021 1846 3091 quippe
1871 3019 2080 3075 dicebat
2108 3037 2122 3072 :
2153 3019 2271 3074 Nisi

695 3115 802 3183 quis
832 3125 980 3167 natus
1007 3114 1156 3184 fuerit
1184 3130 1246 3168 ex
1274 3129 1403 3184 aqua
1431 3123 1478 3166 et
1506 3109 1723 3182 Spiritu,
1748 3117 1847 3165 non
1876 3112 2082 3164 intrabit
2110 3112 2162 3164 in
2189 3128 2271 3164 re-

687 3215 841 3275 gnum
875 3203 1001 3270 Dei;
1032 3205 1116 3260 hic
1142 3219 1268 3258 vero
1294 3212 1525 3268 rursum,
1555 3202 1653 3270 Qui
1679 3218 1777 3255 non
1800 3201 1954 3254 credit
1980 3202 2032 3254 in
2056 3199 2264 3265 Filium,

679 3299 790 3367 jam
824 3295 1088 3365 judicatus
1134 3304 1237 3359 est;
1268 3296 1316 3349 id
1355 3305 1470 3361 est,
1511 3293 1590 3350 Ne
1625 3302 1779 3363 putes
1816 3309 1993 3348 moras
2037 3295 2270 3363 peccatis

687 3389 975 3443 obnoxium
998 3388 1205 3457 juvarc,
1235 3389 1332 3443 nisi
1367 3388 1668 3458 resipuerit.
1699 3387 1828 3443 Nam
1851 3388 1940 3457 qui
1972 3403 2075 3442 non
2097 3387 2267 3443 credi-

686 3479 822 3535 ilerit
847 3523 860 3545 ,
893 3480 1024 3534 nihil
1057 3479 1266 3535 differet
1304 3479 1370 3533 ab
1409 3481 1487 3534 eis
1525 3480 1613 3549 qui
1648 3479 1756 3547 jam
1791 3479 2010 3547 iudicati
2053 3487 2178 3532 sunt
2215 3487 2269 3532 et

685 3568 997 3640 puniuntur.
1029 3571 1116 3627 i9.
1151 3566 1260 3624 Hoc
1285 3580 1355 3624 est
1385 3579 1551 3623 autent
1571 3571 1844 3640 judicium,
1873 3570 1992 3640 quia
2020 3570 2111 3623 tua:
2136 3571 2267 3622 venit

683 3666 734 3717 in
766 3663 1028 3731 mundum,
1052 3674 1098 3716 et
1125 3663 1405 3717 dilexerunt
1435 3663 1659 3716 homines
1683 3663 1844 3731 magis
1872 3662 2096 3716 tenebras
2115 3679 2265 3732 quant

683 3749 839 3810 lucem
863 3771 883 3820 ;
917 3756 1015 3810 hoc
1045 3763 1145 3819 est,
1180 3755 1303 3810 Ideo
1340 3755 1648 3824 puniuntur,
1679 3755 1799 3823 quia
1833 3754 2079 3809 tenebras
2106 3755 2269 3809 relina

679 3861 842 3913 qnere
881 3855 932 3899 ct
974 3845 1039 3899 ad
1082 3845 1252 3899 lucem"
1299 3855 1581 3900 accurrere
1620 3845 1924 3899 noluerunt.
1961 3845 2051 3900 llis
2088 3846 2264 3902 verbis

679 3942 891 3993 omnem
917 3939 984 3994 ab
1012 3932 1117 3992 illis
1142 3939 1312 3993 aufert
1341 3939 1761 3993 excuSationem.
1793 3936 1924 3992 Nam
1955 3939 1998 3992 si
2032 3941 2262 3993 rationes

678 4041 731 4083 et
774 4042 958 4098 pinnas
995 4031 1327 4098 expetiturus
1360 4029 1625 4084 venissent
1653 4071 1666 4094 ,
1699 4030 1901 4098 inquit,
1929 4029 2107 4085 dicere
2133 4037 2257 4100 pos-

677 4130 795 4174 sent
829 4139 840 4172 :
875 4119 999 4174 ldeo
1043 4120 1365 4175 rcsiluiinus.
1404 4121 1505 4174 Sed
1543 4121 1660 4174 veni
1704 4127 1762 4172 ut
1794 4119 1913 4174 illo‘s
1953 4136 1978 4171 a
2024 4120 2260 4174 tenebris

676 4213 936 4279 eriperem
963 4252 979 4277 ,
1009 4221 1062 4266 et
1090 4210 1193 4265 luci
1221 4211 1582 4265 admoverent.
1615 4210 1742 4277 Quis
1772 4221 1900 4280 ergo
1942 4211 2259 4264 mlsereatur

675 4300 822 4373 ejus,
849 4304 937 4373 qui
976 4294 1005 4357 a
1039 4303 1268 4358 tenebris
1306 4303 1371 4356 ad
1416 4303 1590 4356 lucem
1625 4302 1805 4356 venire
1845 4302 2096 4354 recusat?
2123 4302 2255 4355 Cum

674 4393 815 4445 enim
860 4393 1003 4446 nulla
1034 4392 1100 4447 de
1135 4408 1192 4446 re
1235 4406 1331 4445 nos
1370 4391 1613 4444 incusare
1657 4389 1896 4458 possint,
1932 4391 2135 4459 inquit,
2163 4391 2255 4445 sed

676 4477 818 4537 mille
847 4481 1117 4538 beneficiis
1148 4482 1252 4536 sint
1280 4481 1479 4545 affecti,
1513 4496 1538 4533 a
1572 4481 1724 4534 nobis
1763 4481 2022 4535 resiliunt.
2056 4481 2163 4536 Hac
2190 4481 2255 4537 de
2297 4543 2302 4546 _

675 4590 732 4628 re
755 4587 964 4643 quoque
996 4573 1114 4626 illos
1140 4573 1262 4625 alibi
1290 4579 1544 4626 acitttsans
1563 4570 1793 4632 dicebat,
1821 4569 1954 4624 Odia
1976 4571 2254 4626 habuerunt

674 4684 751 4720 me
776 4675 972 4738 gratis;
998 4675 1051 4719 et
1075 4678 1305 4730 rursum,
1331 4664 1389 4718 Si
1418 4677 1515 4715 non
1542 4663 1780 4716 venissem
1806 4670 1850 4716 et
1877 4663 2107 4730 loquutus
2130 4663 2257 4732 {uis-

673 4776 774 4813 scm
813 4759 881 4810 eis
907 4799 920 4822 ,
956 4764 1212 4824 peccatum
1249 4767 1351 4807 non
1390 4754 1619 4807 haberent
1650 4753 1841 4822 (Joan.
1876 4755 1962 4808 15.
1994 4753 2083 4809 25.
2124 4753 2250 4824 ει).

671 4849 769 4916 Qui
798 4847 938 4904 enim
963 4852 1153 4918 expers
1181 4847 1315 4900 litcis
1345 4843 1397 4899 ln
1432 4845 1662 4899 tenebris
1689 4844 1869 4908 sedet,
1905 4845 2127 4899 fortasse
2157 4860 2251 4899 ve-

673 4937 812 4994 nium
839 4941 1123 5008 impetret;
1152 4939 1238 5007 qui
1267 4951 1392 4990 vero
1415 4940 1531 5006 pdst
1558 4936 1689 4990 l‘ueis
1715 4935 1999 4990 adventum
2024 4935 2074 4989 in
2103 4942 2250 4988 tene-

672 5031 778 5086 bris
806 5031 1001 5085 residet
1022 5073 1035 5095 ,
1056 5021 1332 5099 perversa:
1371 5035 1424 5082 et
1460 5028 1753 5098 pervicacis
1782 5027 2065 5081 voluntatis
2093 5041 2249 5095 argu-

672 5129 904 5180 mentum
949 5138 1057 5192 praa
1097 5136 1155 5176 se
1199 5120 1320 5176 fert.
1370 5119 1570 5176 Deinde
1605 5119 1725 5189 quia
1767 5118 1817 5172 id
1861 5119 2002 5189 quod
2047 5117 2248 5173 dictum

669 5211 833 5270 fuerat
865 5212 1043 5270 multis
1071 5213 1377 5269 incredibile
1405 5213 1684 5267 videbatur
1721 5212 1904 5280 (nemo
1930 5212 2071 5266 enim
2100 5219 2249 5264 tene—

669 5301 791 5363 bras
822 5306 924 5360 luci
963 5303 1291 5374 praetulerit),
1320 5315 1534 5358 causam
1563 5303 1708 5371 ponit
1735 5317 1829 5356 cur
1854 5302 1931 5355 sic
1959 5300 2128 5355 affecti
2157 5311 2245 5355 es-

665 5406 800 5455 Sent.
835 5399 1088 5465 Qumnam
1131 5397 1242 5449 lucc
1283 5396 1404 5450 est?
1445 5395 1605 5447 Erant
1644 5396 1805 5458 enini,
1839 5394 2041 5462 inquit,
2074 5410 2244 5447 eorum

668 5493 801 5544 inuia
829 5505 1000 5560 opera.
1031 5487 1120 5542 20.
1155 5486 1330 5538 Omnis
1357 5496 1521 5538 autem
1560 5487 1642 5552 qui
1686 5485 1817 5537 male
1840 5484 1998 5552 facit,
2024 5483 2128 5536 odit
2159 5484 2244 5537 lu-

666 5581 769 5635 cent
791 5625 804 5646 ,
837 5592 881 5636 et
919 5598 1016 5634 uou
1059 5580 1190 5633 venit
1229 5577 1296 5631 ad
1339 5579 1533 5644 lucent.
1563 5587 1615 5629 ut
1657 5595 1753 5630 nou
1784 5587 2062 5646 arguantur
2092 5594 2244 5645 opera

661 5674 792 5738 eius.

744 5763 892 5819 ἢθη
924 5783 1080 5818 mores
1111 5765 1323 5818 maxime
1360 5764 1581 5817 homines
1619 5780 1646 5815 a
1674 5764 2051 5816 Christianisuto
2093 5775 2232 5814 tmer-

2401 466 2530 510 tunt.
2565 456 2753 511 Nullus
2781 473 3009 526 paganus
3038 472 3152 510 uera
3183 455 3365 508 uirtute
3389 455 3634 525 prwditus
3687 454 3992 523 Philosophi

2394 549 2601 617 gentiles
2620 550 2783 602 inanis
2804 543 2980 620 gloria}
2993 564 3148 602 causa
3164 548 3393 600 virtutem
3416 547 3732 601 exercebant.
3753 576 3820 585 —
3833 548 3992 602 Certe

2395 655 2499 695 non
2528 641 2592 695 ad
2620 641 2963 710 iudicandum
2993 639 3078 694 vel
3104 639 3169 694 ad
3187 639 3570 708 inquirendum
3598 640 3776 703 venit;
3805 640 3898 693 Sed
3936 651 3994 694 ut

2393 737 2602 788 veniam
2631 743 2683 788 et
2709 733 3078 787 remissionem
3109 740 3450 802 peccatorum
3478 731 3650 794 daret,
3680 743 3733 786 et
3759 731 3990 785 salutem

2395 840 2486 894 per
2516 824 2670 879 fidem
2702 825 3000 892 largiretur.
3029 823 3133 878 Cur
3161 829 3293 893 ergo
3319 823 3634 888 fugerunt“!
3660 827 3793 882 Nam
3828 821 3871 876 si
3898 822 3989 890 ju-

2392 915 2660 969 dicaturus
2690 916 2741 968 in
2775 915 3021 968 tribunali
3063 914 3294 968 SedisSet
3316 956 3330 977 ,
3364 913 3594 982 aliquem
3625 915 3990 968 excusationis

2389 1007 2624 1062 Colorem
2653 1006 2982 1060 habuissent.
3014 1005 3115 1074 Qui
3151 1005 3295 1060 enim
3323 1007 3586 1059 malorum
3614 1006 3715 1059 sibi
3738 1006 3990 1060 conscius

2388 1109 2470 1152 est
2495 1141 2506 1162 ,
2533 1099 2767 1167 iudicem
2800 1091 2984 1168 fugere
3025 1097 3165 1153 solet
3194 1117 3206 1151 :
3236 1099 3445 1151 veniam
3478 1104 3657 1152 autem
3683 1098 3994 1153 conceden-

2392 1203 2495 1247 tem
2530 1201 2836 1260 peccatores
2869 1191 3056 1246 omnes
3092 1190 3309 1245 adeunt.
3339 1190 3393 1244 Si
3429 1205 3558 1260 ergo
3584 1189 3989 1245 cendonattirus

2388 1285 2555 1348 venit,
2587 1283 2684 1338 hos
2715 1283 2946 1338 maxime
2975 1297 3260 1338 accurrere
3290 1298 3386 1353 par
3416 1291 3550 1348 erat,
3578 1282 3667 1352 qui
3695 1281 3987 1338 multorum

2387 1365 2487 1430 sibi
2518 1375 2716 1430 eonscii
2748 1385 2901 1431 erant
2932 1385 3272 1445 peccatorum
3305 1392 3318 1428 :
3351 1375 3491 1442 quod
3521 1375 3682 1431 etiam
3721 1374 3872 1430 multi
3905 1374 3984 1427 re.

2385 1477 2590 1522 cerunt.
2634 1463 2764 1521 Nam
2810 1476 2865 1526 et
2906 1468 3174 1537 publicani
3217 1477 3272 1522 et
3321 1475 3629 1544 peccatores
3664 1465 3943 1522 venientes
3969 1509 3983 1531 ,

2385 1572 2506 1612 cum
2536 1555 2659 1614 Jesu
2688 1558 3094 1623 accumbebant.
3126 1558 3264 1626 Quid
3293 1563 3422 1628 ergo
3447 1558 3545 1612 sibi
3579 1557 3692 1611 vult
3720 1558 3887 1612 illud?
3912 1559 3988 1613 De

2386 1647 2489 1703 illis
2519 1634 2756 1719 loquitur
2780 1649 2869 1719 qui
2896 1647 2961 1711 ,in
3004 1650 3240 1719 nequitia
3278 1649 3497 1704 omnino
3538 1663 3860 1719 permanere
3891 1651 3987 1704 de-

2384 1749 2686 1796 creverunt.
2713 1730 2832 1811 ipse
2855 1755 3085 1810 namque
3116 1737 3236 1796 ideo
3267 1741 3407 1796 venit
3431 1782 3446 1806 ,
3471 1751 3527 1794 ut
3557 1744 3732 1810 priora
3764 1753 3983 1811 peccata

2383 1831 2716 1898 dimitteret,
2759 1841 2814 1886 et
2849 1830 2916 1885 ad
2957 1831 3134 1886 futura
3176 1833 3412 1887 cavenda
3452 1833 3812 1887 confirmaret.
3846 1834 3984 1902 Quia‘

2384 1937 2513 1977 vero
2550 1921 2764 1992 quidam
2809 1924 2932 1976 sun‘t
2968 1922 3038 1976 ita
3077 1922 3266 1977 molles
3295 1931 3348 1978 et
3380 1923 3620 1978 dissoluti
3661 1923 3728 1978 ad
3767 1925 3986 1978 virtutis

2382 2012 2722 2069 sustinendos
2762 2014 2972 2069 labores
2997 2056 3010 2077 ,
3040 2024 3098 2068 ut
3132 2014 3195 2068 ad
3225 2023 3523 2069 extremum
3556 2029 3722 2084 usque
3754 2015 3982 2069 halitum

2381 2107 2544 2160 velint
2572 2108 2622 2160 in
2656 2107 2886 2174 peceatis
2909 2105 3216 2180 persistere,
3242 2117 3296 2160 et
3324 2123 3610 2177 numquam
3638 2108 3705 2162 ab
3732 2109 3835 2163 illis
3856 2109 3986 2164 abs-

2381 2199 2575 2252 cedere
2597 2239 2612 2263 ,
2645 2197 2765 2251 illos
2795 2196 2879 2252 hic
2911 2198 3181 2252 incessere
3210 2198 3438 2253 videtur.
3469 2198 3601 2266 Quia
3644 2200 3787 2254 enim
3816 2199 3983 2254 Chri-

2378 2289 2691 2344 stianismus
2717 2305 2837 2345 eum
2870 2300 3012 2346 recta
3039 2276 3283 2346 doctrina
3314 2292 3534 2361 probam
3566 2295 3726 2347 vitam
3751 2296 3978 2365 expetit,

2378 2381 2444 2434 ad
2475 2395 2572 2436 nos
2600 2381 2787 2436 venire
2818 2380 3141 2448 formidant,
3182 2383 3390 2452 inquit,
3427 2385 3548 2455 quia
3593 2386 3782 2438 nolunt
3811 2388 3982 2439 vitam

2378 2481 2577 2527 rectam
2619 2471 2895 2528 exhibere.
2937 2472 3068 2527 Nam
3106 2488 3228 2528 eum
3267 2475 3355 2544 qui
3396 2475 3448 2529 in
3486 2476 3762 2545 gentilium
3789 2481 3990 2534 errore

2377 2561 2541 2617 vitam
2567 2561 2713 2617 ducit
2739 2578 2898 2617 nemo
2926 2563 3334 2633 reprehenderit
3359 2583 3372 2620 :
3397 2566 3488 2636 qui
3515 2566 3657 2621 enim
3688 2568 3817 2623 tales
3848 2571 3988 2625 colit

2378 2651 2510 2709 deos
2533 2694 2549 2719 ,
2589 2655 2753 2710 festos
2779 2650 2895 2710 dies
2925 2655 3146 2726 perinde
3184 2667 3370 2726 turpes
3397 2668 3451 2713 et
3489 2658 3745 2715 ridiculos
3769 2702 3784 2724 ,
3816 2667 3988 2730 atquo

2377 2742 2449 2798 dii
2487 2743 2584 2814 ipsi
2615 2753 2770 2809 sunt,
2803 2743 3072 2808 celebrat,
3109 2761 3171 2800 ac
3201 2737 3358 2817 (ligna
3387 2748 3728 2818 dogmatibus
3757 2750 3986 2805 exhibet

2376 2839 2571 2906 Opera;
2600 2832 2688 2908 qui
2721 2851 2846 2892 vero
2884 2835 3049 2892 Deum
3081 2840 3265 2894 colunt
3288 2881 3302 2903 ,
3335 2840 3377 2893 si
3419 2841 3653 2909 segniter
3681 2841 3901 2907 vivant,
3935 2845 3971 2898 ti

2378 2929 2590 2983 nemine
2637 2943 2745 2983 non
2793 2924 3265 2998 reprehenduntur
3313 2935 3368 2986 et
3416 2931 3733 2986 accusantur
3766 2951 3778 2987 :
3811 2936 3986 2989 tanta!

2377 3016 2719 3091 admirationi
2771 3016 2930 3074 etiam
2979 3020 3118 3088 apud
3169 3020 3414 3075 inimicas
3459 3031 3585 3076 suos
3627 3033 3713 3077 est
3755 3023 3984 3080 veritas.

2383 3107 2513 3164 Vide
2549 3123 2678 3180 ergo
2718 3124 2876 3179 quam
2908 3119 3155 3165 accurate
3185 3108 3451 3180 loquatur.
3486 3111 3601 3179 Non
3631 3114 3771 3168 enim
3804 3114 3936 3170 dicit
3962 3158 3982 3180 ,

2375 3199 2464 3267 qui
2498 3214 2656 3268 prava
2687 3209 2958 3270 operatur,
2992 3216 3096 3254 non
3131 3203 3276 3256 venit
3301 3202 3368 3256 ad
3399 3203 3610 3271 lucem;
3641 3205 3757 3268 sed,
3786 3205 3887 3272 Qui
3920 3206 3985 3262 in

2374 3291 2528 3346 malis
2555 3291 2901 3361 perseverat;
2931 3290 2982 3346 id
3011 3301 3128 3357 est,
3158 3291 3257 3360 Qui
3297 3293 3407 3347 vult
3435 3309 3650 3365 semper
3681 3297 3732 3350 in
3766 3301 3985 3366 peccati

2372 3385 2529 3443 easne
2568 3385 2832 3451 volutari,
2875 3401 2980 3440 non
3022 3386 3133 3439 vult
3164 3401 3222 3440 se
3255 3386 3460 3451 legibus
3500 3389 3635 3444 meis
3665 3389 3981 3460 subjicere;

2372 3478 2466 3534 sed
2488 3485 2638 3532 extra
2666 3491 2890 3532 manens
2919 3477 3083 3533 libere
3113 3475 3430 3545 fornicatur,
3458 3489 3764 3551 emteraque
3789 3485 3980 3538 omnia

2376 3570 2640 3638 prohibita
2680 3570 3011 3640 exsequitur.
3059 3570 3172 3626 Huc
3200 3572 3342 3626 enim
3374 3586 3432 3627 se
3461 3572 3746 3629 conferens
3769 3618 3784 3642 ,
3817 3580 3981 3646 quasi

2373 3661 2457 3716 fur
2490 3656 2538 3716 in
2571 3661 2722 3725 luce,
2754 3661 2932 3716 statim
2964 3662 3284 3717 manifestus
3315 3662 3573 3718 redditur.
3610 3665 3842 3736 Ideoque
3873 3669 3983 3721 int-

2371 3755 2578 3824 perium
2609 3753 2738 3824 fugit
2765 3769 2963 3808 meum.
2995 3747 3157 3809 Certe
3192 3755 3389 3810 multos
3417 3756 3698 3826 gentilium
3725 3758 3982 3816 dicentes

2369 3847 2648 3908 audimus.
2682 3861 2741 3902 se
2767 3843 2888 3901 ideo
2916 3863 3020 3901 non
3063 3863 3224 3918 posse
3249 3849 3318 3904 ad
3350 3851 3506 3905 fidem
3540 3860 3778 3905 nostram
3809 3869 3978 3910 acce-

2368 3938 2526 4003 dere,
2558 3937 2701 4006 quod
2741 3953 2844 3991 non
2885 3949 3105 4007 possent
3143 3936 3212 3992 ab
3251 3938 3544 4005 ebrietate,
3577 3941 3932 4001 fornicatione
3955 3974 3975 4015 ,-

2367 4031 2682 4101 etcterisque
2709 4027 3014 4099 hujitsmodi
3043 4029 3184 4084 vitiis
3211 4032 3502 4088 abstinere.
3530 4035 3666 4100 Quid
3693 4039 3858 4108 ergo?
3888 4041 3944 4093 iri

2366 4123 2520 4190 quies
2560 4139 2573 4173 :
2615 4137 2794 4176 annon
2837 4131 2961 4176 sunt
2999 4122 3290 4178 Christiani
3331 4140 3438 4179 non
3481 4128 3722 4182 melioris
3761 4130 3975 4199 frugis,

2365 4227 2542 4267 annon
2573 4221 2626 4267 et
2651 4213 2879 4283 gentiles
2919 4211 3288 4284 phil050phice
3323 4215 3601 4271 viventes?
3628 4217 3940 4276 Christiano
3967 4273 3972 4276 .

2367 4317 2486 4357 esse
2513 4303 2598 4372 qui
2631 4303 2768 4356 mala
2798 4312 3127 4372 perpetrent,
3161 4319 3261 4374 ego
3285 4321 3499 4375 quoque
3529 4309 3648 4362 novi
3675 4325 3687 4360 :
3715 4319 3840 4363 nom
3870 4323 3976 4364 au.

2369 4402 2471 4448 tem
2516 4394 2741 4463 gentiles
2781 4393 2885 4449 sint
2931 4394 3020 4464 qui
3067 4393 3287 4464 probam
3316 4396 3512 4451 ducant
3542 4399 3705 4454 vitam
3727 4441 3742 4462 ,
3772 4400 3822 4455 id
3856 4418 3978 4456 non

2365 4484 2586 4554 perinde
2615 4494 2797 4539 notum
2828 4483 2979 4540 mihi.
3011 4485 3087 4540 Ne
3117 4482 3246 4540 milii
3279 4488 3397 4540 illos
3424 4487 3645 4557 objl'cias
3667 4493 3754 4562 qui
3777 4507 3841 4547 ex
3871 4510 3977 4548 na-

2364 4585 2478 4632 tura
2502 4592 2594 4630 sua
2625 4575 2846 4631 modesti
2872 4573 3154 4646 ornatique
3177 4590 3301 4632 sunt
3329 4597 3341 4632 :
3369 4579 3470 4634 hoc
3491 4582 3632 4634 enim
3657 4583 3824 4638 virtus
3853 4601 3974 4644 non

2364 4678 2475 4731 est;
2509 4668 2600 4722 sed
2636 4668 2756 4721 illos
2788 4667 2980 4721 afferas
3001 4711 3015 4730 ,
3048 4670 3134 4737 qui
3166 4669 3443 4724 affectibus
3473 4673 3818 4728 vehementer
3848 4687 3974 4729 Ira-

2365 4757 2578 4819 buntur,
2604 4767 2657 4811 et
2680 4766 2854 4810 tamen
2882 4757 3343 4828 philosophantur.
3371 4761 3437 4814 At
3459 4749 3731 4817 certe'non
3759 4772 3973 4834 possis.

2360 4851 2492 4905 Nam
2520 4850 2562 4904 si
2590 4851 2736 4919 regni
2767 4851 3068 4919 promissio,
3095 4851 3358 4920 gehenure
3387 4853 3751 4914 comminatio.
3777 4866 3832 4911 et
3851 4859 3972 4912 alia

2363 4942 2663 5010 hujusmodi
2693 4943 2778 4995 vix
2809 4942 3054 4996 homines
3083 4944 3132 4995 in
3163 4943 3375 4997 virtutis
3396 4945 3655 4999 exercitio
3682 4948 3919 5002 retinent
3953 4969 3970 5005 :

2362 5035 2514 5105 longe
2541 5034 2810 5088 difficilius
2840 5034 2980 5087 illaut
3009 5034 3336 5089 exercebunt
3358 5035 3448 5105 qui
3474 5037 3598 5089 nihil
3629 5051 3812 5092 comiti
3837 5054 3970 5094 cre~

2359 5127 2509 5182 dunt.
2543 5130 2692 5194 Quod
2731 5129 2772 5181 si
2804 5127 3018 5197 quidam
3058 5129 3304 5182 virtutem
3344 5130 3627 5193 simulent,
3678 5131 3726 5185 id
3767 5133 3972 5199 gloria-.-

2358 5237 2515 5277 causa
2550 5222 2779 5287 faciunt;
2809 5222 2895 5290 qui
2925 5232 3101 5275 autem
3129 5237 3279 5274 vana‘
3309 5222 3491 5291 gloria:
3512 5234 3670 5278 causa
3698 5225 3965 5281 virtutem

2357 5324 2632 5376 exercent,
2667 5315 2754 5367 ubi
2793 5314 2956 5368 latere
2989 5324 3259 5382 poterunt,
3289 5324 3393 5368 non
3422 5331 3450 5367 a
3485 5317 3661 5383 pravis
3689 5316 3969 5384 cupidita-

2358 5406 2495 5459 tibus
2536 5405 2892 5458 abstinebunt.
2946 5405 3144 5458 Verum
3182 5422 3250 5458 ne
3289 5406 3607 5458 conte-otiosi
3649 5405 3962 5479 videantur,

2355 5501 2710 5554 concedamus
2753 5500 2887 5566 apud
2934 5498 3161 5566 gentiles
3206 5511 3326 5550 esse
3368 5497 3628 5565 quosdam
3674 5501 3760 5569 qui
3803 5512 3968 5560 recte

2355 5593 2529 5644 vivant
2575 5609 2585 5644 :
2631 5590 2757 5643 nihil
2807 5592 2944 5643 enim
2998 5589 3097 5640 hoc
3142 5589 3300 5642 dictis
3348 5591 3545 5643 nostris
3583 5590 3768 5645 officit.
3816 5593 3961 5650 Nam

2424 5773 2434 5800 ‘
2478 5769 2657 5830 Moliri,
2686 5773 2908 5832 fugerunt
2936 5771 3078 5828 ltj'lftt'
3107 5769 3169 5816 ut!
3197 5767 3454 5828 perniciem
3479 5781 3632 5818 suam.
