4162 6326
188 371 275 448 tsi
1152 378 1217 438 IN
1253 362 1565 437 tomum
1612 366 1843 434 llOMIL.

188 504 311 575 quod
337 518 487 573 sape
511 502 801 573 contingit,
828 516 931 553 non
958 498 1096 569 quod
1121 514 1242 552 raro
1265 496 1480 562 accidit,
1507 495 1592 550 hic
1620 495 1781 550 intel-

189 596 462 666 ligendum.

250 690 299 744 5.
338 688 471 743 Vide
499 689 665 742 etiam
694 690 802 757 quo
849 695 1003 755 pacto
1042 682 1255 737 aliunde
1291 696 1504 753 quoque
1534 678 1641 736 illis
1665 695 1782 735 om-

191 782 298 836 nem
327 781 695 835 excusationis
717 778 930 832 modum
954 775 1179 837 auferat,
1203 778 1324 829 cum
1347 773 1495 839 dicit,
1529 773 1701 827 lucem
1726 772 1779 825 in

191 871 435 926 mundum
481 872 715 925 venisse.
762 869 936 932 Num,
982 869 1189 939 inquit,
1222 868 1367 921 illam
1409 864 1781 937 quaesierunt?

186 981 305 1019 num
344 965 655 1019 laborarunt
695 974 751 1017 ut
786 963 1239 1033 assequerentur?
1268 961 1384 1032 ipsa
1424 962 1510 1015 lux
1552 960 1617 1014 ad
1660 960 1783 1015 illos

186 1058 326 1111 venit
350 1100 363 1122 ,
399 1073 576 1129 neque
615 1058 693 1111 sic
737 1068 913 1110 tamen
958 1064 1324 1109 accurrerunt.
1359 1054 1492 1121 Quia
1526 1070 1654 1109 vero
1679 1054 1779 1109 ob.

186 1150 404 1206 tendere
435 1159 692 1221 possunt,
722 1148 1057 1203 Christianos
1086 1141 1205 1203 esse
1232 1147 1492 1217 quosdam
1522 1146 1611 1217 qui
1644 1146 1781 1200 male

185 1244 391 1308 vivant,
427 1240 903 1311 respondebimus,
938 1240 1025 1295 hic
1062 1254 1171 1309 non
1196 1238 1279 1309 agi
1310 1239 1377 1293 de
1417 1238 1483 1293 iis
1512 1238 1601 1309 qui
1628 1236 1782 1292 Chri-

187 1333 340 1387 Stiani
386 1333 495 1387 nati
538 1342 700 1399 sunt,
730 1333 931 1403 quique
960 1348 987 1384 a
1020 1332 1313 1402 majoribus
1341 1333 1483 1404 piam
1525 1339 1781 1399 accepere

186 1422 494 1492 religionem
518 1440 532 1487 ;
559 1423 657 1477 etsi
686 1438 829 1492 saepe
852 1421 927 1477 illi
951 1438 1013 1477 ex
1046 1434 1207 1493 prava
1236 1424 1340 1477 Vita
1365 1438 1393 1476 a
1418 1438 1541 1478 vera
1575 1420 1779 1476 doctri-

183 1531 245 1570 na
271 1516 487 1571 decussi
516 1516 734 1573 fuerint.
772 1512 966 1572 Verum
1000 1532 1106 1571 non
1136 1516 1202 1572 de
1229 1516 1295 1571 iis
1325 1524 1453 1587 puto
1482 1532 1623 1571 nunc
1650 1526 1773 1571 ser-

184 1626 395 1663 monem
430 1608 654 1673 haberi,
687 1609 781 1663 sed
810 1609 877 1664 de
909 1610 973 1663 iis
1001 1609 1279 1680 gentilium
1312 1610 1394 1663 vel
1426 1608 1741 1664 Judteorum
1764 1650 1777 1672 ,

181 1701 263 1772 qui
287 1701 549 1756 deberent
571 1700 636 1755 ad
662 1711 862 1756 rectam
892 1702 1129 1756 converti
1158 1700 1338 1756 fidem.
1362 1700 1773 1756 Ostenditenim

182 1793 450 1846 neminem
473 1806 659 1846 eorum
690 1791 777 1861 qui
810 1790 861 1846 in
885 1803 1070 1847 errore
1095 1792 1332 1864 degunt,
1356 1793 1494 1848 velle
1518 1793 1584 1847 ad
1618 1792 1776 1847 fidem

180 1882 469 1949 accedere,
495 1883 596 1937 nisi
620 1884 769 1953 prius
790 1892 950 1938 recta:
974 1884 1094 1938 vita:
1126 1899 1369 1939 normam
1401 1884 1503 1940 sibi
1538 1885 1780 1954 prtescri-

180 1976 373 2042 pserit;
405 1973 783 2045 neminemque
811 1975 862 2029 in
892 1975 1265 2030 incredulitate
1293 1990 1603 2030 mansurum
1623 2015 1639 2039 ,
1673 1976 1771 2029 nisi

180 2066 324 2135 prius
355 2066 661 2122 decreverit
691 2069 741 2121 iu
777 2068 1038 2137 pravitate
1077 2069 1389 2138 persistere.
1422 2068 1500 2124 Ne
1532 2068 1664 2123 mihi
1697 2067 1781 2123 di-

179 2158 325 2211 xeris
352 2169 561 2212 C3510“!
590 2155 740 2213 illum
764 2173 911 2226 esse,
945 2173 1045 2215 nec
1072 2160 1235 2215 furari
1261 2177 1274 2213 :
1306 2176 1409 2215 non
1437 2160 1581 2215 enim
1611 2162 1665 2215 in
1701 2161 1781 2216 his

180 2260 384 2303 tantum
435 2250 685 2304 consistit
723 2249 915 2306 virtus.
950 2250 1080 2317 Quae
1129 2252 1270 2305 cnim
1317 2252 1554 2318 utilitas,
1589 2252 1632 2306 si
1669 2252 1784 2306 haec

178 2342 397 2412 quidem
440 2342 726 2409 observet,
762 2342 857 2398 sed
899 2358 1049 2399 ramo
1076 2344 1262 2415 gloriae
1290 2346 1359 2399 sit
1403 2344 1663 2414 cupidus,
1701 2344 1782 2399 vel

176 2435 476 2488 amicorum
498 2433 664 2503 gratia
689 2434 740 2488 in
767 2448 952 2490 errore
982 2435 1233 2489 maneat?
1262 2435 1373 2490 Hoc
1395 2438 1539 2490 enim
1564 2452 1667 2491 non
1698 2444 1782 2491 est

177 2536 323 2580 recte
353 2526 559 2580 vivere.
589 2525 723 2581 Nam
762 2527 948 2598 gloria:
979 2540 1170 2582 servus
1202 2543 1308 2583 non
1352 2530 1528 2584 minus
1558 2539 1781 2597 peccat,

170 2612 338 2685 ﬂuam
368 2615 664 2671 fornicator
688 2638 703 2687 ;
731 2618 838 2672 imo
866 2618 1020 2689 longe
1048 2618 1195 2689 pltlra
1222 2628 1277 2675 et
1306 2619 1553 2690 graviora
1582 2620 1777 2675 admit-

180 2710 257 2761 tit.
280 2707 483 2762 Verum
509 2708 683 2763 indica
708 2708 837 2764 mihi
856 2709 1141 2781 quemdam
1161 2711 1300 2781 apud
1321 2712 1552 2781 gentiles
1573 2712 1641 2768 ab
1664 2726 1782 2767 0m-

178 2799 338 2853 nibus
368 2800 514 2854 vitiis
564 2802 906 2872 peccatisque
949 2803 1197 2859 liberum.
1234 2802 1534 2875 Numquam
1582 2806 1783 2875 possis.

178 2889 308 2946 Nam
340 2893 432 2963 qui
466 2895 699 2949 maxime
724 2894 863 2963 apud
896 2896 1013 2950 illos
1038 2896 1383 2962 claruerunt,
1406 2897 1494 2967 qui
1541 2907 1594 2952 et
1626 2912 1787 2967 pecu-

179 2983 296 3037 nias
340 2991 399 3038 et
442 2984 581 3053 gulae
631 2984 851 3040 delicias
898 2996 1373 3056 contempserunt,
1424 2996 1483 3041 ut
1528 2988 1715 3052 aiunt,
1747 2988 1784 3043 ii

178 3075 416 3130 maxime
448 3076 689 3130 omnium
731 3076 916 3146 gloria:
960 3077 1301 3143 servierunt;
1336 3078 1479 3147 quod
1509 3093 1639 3133 sane
1664 3091 1783 3133 om-

181 3167 326 3221 nium
351 3176 437 3221 est
459 3182 621 3221 causa
656 3168 919 3221 malorum
966 3168 1054 3223 Sic
1069 3176 1123 3223 et
1145 3167 1313 3223 Judari
1338 3169 1389 3223 in
1406 3169 1644 3239 nequitia
1665 3185 1787 3240 pcr-

176 3260 452 3315 stiterunt.
486 3258 667 3327 Quare
695 3259 816 3314 illos
844 3274 1073 3330 arguens
1101 3260 1317 3317 dicebat
1344 3278 1357 3312 :
1392 3260 1660 3326 Quomodo
1687 3274 1785 3333 po-

176 3353 315 3405 testis
336 3351 566 3416 credere,
590 3353 676 3423 qui
694 3351 911 3424 gloriam
932 3352 994 3407 ab
1019 3352 1306 3408 hominibus
1328 3354 1562 3423 accipitis
1585 3354 1781 3425 (Joan.

176 3442 224 3498 5.
248 3444 399 3512 ΗΠ
430 3443 499 3498 Et
518 3458 614 3498 cur
634 3442 951 3499 Nathauaeli
974 3486 989 3511 ,
1016 3447 1102 3501 cui
1127 3447 1406 3502 veritatem
1434 3447 1781 3517 prmdicabat,

175 3536 239 3593 de
271 3537 359 3591 his
408 3537 660 3605 loquutus
690 3551 795 3591 non
823 3546 935 3602 est,
972 3552 1074 3593 nec
1117 3538 1344 3609 longiori
1384 3552 1471 3595 est
1503 3556 1631 3595 usus
1665 3550 1785 3596 ser-

177 3644 336 3685 mone
352 3631 378 3685 ?
407 3629 544 3697 Quia
571 3629 614 3685 is
636 3645 742 3686 non
773 3645 895 3687 cum
919 3631 1012 3686 illo
1035 3629 1219 3688 studio
1244 3645 1486 3689 venerat.
1522 3634 1618 3689 ilic
1638 3635 1782 3690 enim

177 3724 317 3779 istud
340 3723 448 3779 sibi
474 3723 774 3780 faciendum
800 3725 1192 3793 constituerat,
1224 3735 1277 3782 et
1298 3727 1442 3797 quod
1470 3728 1559 3783 alii
1582 3728 1783 3797 quieti,

178 3818 260 3873 hic
308 3817 600 3873 audienda:
643 3817 906 3875 doctrinae
956 3826 1168 3890 tempus
1214 3819 1479 3875 adhibuit.
1528 3820 1621 3876 Ille
1654 3836 1784 3876 vero

174 3910 281 3965 alio
318 3910 592 3965 suadente
632 3911 861 3967 accessit
892 3929 904 3967 :
941 3926 1040 3967 nec
1082 3920 1258 3967 tamen
1301 3911 1452 3967 illum
1485 3913 1781 3981 praeteriit;

178 4003 351 4071 ipsum
375 4001 523 4057 enim
548 4001 626 4057 sic
648 4002 972 4072 alloquitur:
997 4001 1195 4057 Amodo
1216 4003 1445 4057 videbitis
1464 4004 1616 4057 cwlos
1635 4020 1785 4075 aper-

176 4092 247 4147 los
266 4133 282 4157 ,
308 4101 360 4147 et
400 4089 613 4163 angelos
639 4090 736 4146 Dei
766 4093 1090 4157 ascendentes
1115 4102 1167 4147 et
1191 4092 1551 4148 descendentes
1586 4093 1779 4165 (Joau.

178 4185 227 4238 ί.
256 4186 319 4240 5i
345 4183 390 4256 ).
423 4184 563 4239 liuic
586 4192 765 4239 autem
791 4184 924 4239 nihil
948 4184 1143 4239 horum
1169 4184 1345 4250 dixit;
1376 4184 1470 4240 sed
1501 4184 1569 4239 de
1603 4186 1773 4241 inearo

176 4277 398 4331 natione
426 4288 481 4332 et
510 4274 580 4330 de
618 4276 725 4330 vita
766 4284 968 4331 aeterna
1001 4276 1173 4347 ipsum
1202 4277 1531 4348 alloquitur,
1564 4277 1781 4333 diverso

175 4369 337 4424 modo
368 4369 598 4438 singulis
629 4383 725 4438 pro
750 4367 943 4424 aﬂectu
975 4371 1233 4440 cujusque
1263 4370 1511 4442 loquens.
1547 4371 1627 4427 illi
1656 4374 1779 4443 qui-

173 4461 295 4516 dem
316 4501 335 4527 ,
359 4464 487 4530 quia
513 4459 802 4530 prophetas
827 4460 1092 4522 callebat,
1126 4478 1301 4531 neque
1335 4463 1405 4516 ita
1434 4463 1615 4534 segnis
1641 4472 1777 4528 erat,

175 4551 290 4607 hac
318 4550 599 4606 audivisse
642 4551 778 4607 satis
821 4560 979 4607 erat:
1030 4552 1152 4607 huic
1184 4568 1346 4620 vero,
1395 4554 1517 4623 quia
1548 4554 1778 4625 quadam

174 4643 353 4699 adhuc
398 4640 689 4698 formidine
716 4640 1059 4698 detinebatur
1080 4683 1096 4709 ,
1130 4657 1234 4697 non
1268 4652 1438 4697 totum
1480 4644 1661 4698 statim
1688 4661 1778 4700 re-

1885 361 2080 431 XXIX.
2123 375 2192 430 al.
2240 366 2477 430 xxvm.
3396 372 3494 433 tae

1891 493 2125 559 velavit;
2159 493 2253 549 sed
2287 502 2523 549 mentem
2556 493 2673 565 ejus
2702 493 2998 561 excitavit,
3032 497 3094 547 u't
3123 504 3264 549 metu
3294 507 3493 552 metum

1888 586 2231 649 excluderet,
2264 603 2386 641 cum
2418 587 2555 641 dixit
2586 602 2708 642 eum
2738 587 2826 656 qui
2872 602 2979 642 non
3008 587 3297 655 crederet,
3337 590 3489 655 judi-

1889 680 1999 734 cari
2022 721 2039 745 ,
2084 689 2139 735 et
2169 695 2275 734 non
2307 679 2533 734 credere
2560 694 2588 733 a
2624 695 2784 747 prava
2838 680 3276 750 concupiscentia
3336 683 3497 752 proii-

1890 771 2043 827 cisci.
2074 770 2208 839 Quia
2238 771 2381 825 enim
2435 770 2711 824 hominum
2742 772 2970 841 gloriam
3017 772 3195 842 magni
3226 769 3456 827 faciebat
3480 814 3495 839 ,

1888 870 1943 917 et
1980 862 2148 932 pluris
2192 877 2352 932 quam
2399 863 2719 931 supplicium
2754 862 2952 935 (Multi
2991 864 3168 931 enim,
3199 865 3402 934 inquit,
3435 882 3499 921 ea:

1889 955 2205 1025 principibus
2244 950 2572 1009 crediderunt
2610 956 2665 1009 in
2712 961 2861 1022 eum,
2904 955 2995 1010 ml
3033 961 3243 1027 propter
3283 957 3498 1015 Judwos

1889 1063 1991 1102 non
2017 1048 2387 1117 conﬁtebantur
2414 1046 2604 1118 (Jaan.
2631 1049 2683 1104 5.
2709 1050 2780 1103 44
2800 1048 2819 1119 )
2842 1090 2853 1112 ,
2886 1049 3014 1104 hinc
3040 1049 3190 1105 illum
3219 1053 3494 1120 perstrin-

1886 1140 1998 1210 git,
2030 1139 2407 1210 ostenditque,
2437 1155 2544 1195 non
2588 1152 2746 1209 posse
2774 1155 2897 1195 eum
2940 1141 3031 1213 qui
3064 1142 3115 1196 in
3148 1158 3208 1198 se
3238 1153 3345 1198 nou
3374 1160 3497 1199 cre-

1888 1230 2075 1297 deret,
2104 1232 2205 1285 alia
2246 1231 2316 1287 de
2344 1247 2505 1287 causa
2549 1246 2656 1287 non
2706 1233 2966 1301 credere,
3010 1244 3171 1305 qnam
3213 1236 3357 1307 quod
3389 1238 3496 1293 vita

1890 1324 2132 1394 impurus
2162 1326 2325 1380 esset.
2363 1326 2426 1379 Et
2458 1327 2509 1379 in
2552 1324 2905 1396 sequentibus
2937 1328 3049 1384 ait:
3087 1316 3199 1400 Ego
3226 1344 3337 1384 sum
3367 1330 3494 1398 lux;

1891 1416 1977 1472 hic
2002 1424 2181 1472 autem
2211 1416 2320 1479 ait,
2359 1415 2507 1471 Venit
2549 1412 2639 1472 lux
2669 1418 2720 1471 in
2766 1419 3012 1472 mundum
3044 1408 3234 1490 (Joan.
3266 1422 3319 1477 8.
3365 1422 3493 1491 12).

1890 1504 1945 1563 in
1976 1509 2240 1579 principio
2268 1509 2411 1564 enim
2441 1510 2744 1577 obscurius,
2776 1509 2975 1565 deinde
3005 1513 3206 1567 clarius
3237 1514 3501 1584 loqiteba-

1894 1613 1998 1657 tur.
2031 1604 2282 1658 Altamen
2314 1604 2475 1657 homo
2523 1604 2611 1660 ille
2643 1605 3001 1660 multitudinis
3032 1601 3170 1661 fama
3221 1607 3503 1663 detiueha~

1893 1706 2008 1763 inr;
2027 1705 2353 1766 quaprOpIer
2380 1711 2484 1749 non
2512 1710 2691 1777 eaque
2712 1707 2938 1767 parerat
2958 1698 3207 1754 utebatur
3229 1700 3498 1757 libertate.

1971 1780 2117 1843 Vana
2170 1787 2337 1860 gloria
2386 1785 2670 1861 fugienda;
2710 1791 2909 1845 uirtutis
2958 1795 3182 1863 fructum
3234 1794 3387 1849 tollit.
3427 1826 3499 1835 -

1891 1881 2183 1952 Fugismus
2228 1895 2358 1951 ergo
2410 1882 2622 1935 inanem
2668 1882 2934 1952 gloriam;
2988 1883 3090 1939 hoc
3136 1886 3279 1939 enim
3327 1887 3503 1942 vitio-

1890 1988 2008 2028 rum
2045 1972 2284 2027 omnium
2338 1972 2870 2028 vehementissimum
2927 1985 3027 2029 est.
3081 1976 3214 2031 ilinc
3266 1980 3496 2033 avaritia

1890 2073 1945 2119 et
1966 2078 2119 2119 amor
2143 2064 2489 2133 pecuniarum
2519 2065 2789 2133 oriuntur,
2815 2064 2943 2121 hinc
2969 2066 3089 2121 odia
3116 2098 3132 2135 ,
3168 2068 3326 2132 bella,
3355 2071 3497 2123 lites.

1888 2155 2023 2212 Nam
2055 2156 2145 2227 qui
2194 2158 2343 2227 plura
2376 2156 2731 2225 Concupiscit,
2766 2172 3033 2228 nusquam
3065 2160 3363 2214 consistere
3399 2176 3497 2230 po-

1891 2248 2043 2305 terit.‘
2066 2248 2217 2304 Nulla
2254 2258 2432 2304 autem
2465 2249 2567 2303 alia
2599 2250 2666 2307 de
2696 2266 2858 2307 causa
2890 2261 3083 2307 cmtera
3124 2262 3302 2316 amat,
3335 2270 3497 2323 quam

1890 2339 2034 2411 quod
2061 2355 2253 2395 vanam
2280 2341 2507 2412 gloriam
2532 2352 2697 2397 amet.
2722 2341 2835 2398 Cur
2860 2344 3005 2398 enim
3029 2366 3051 2412 ,η
3075 2361 3259 2414 quaeso
3282 2385 3297 2410 ,
3327 2359 3498 2400 eumt-

1891 2430 2121 2487 chorum
2159 2448 2383 2503 agmen,
2427 2449 2649 2505 gregem
2699 2450 2981 2490 servorum
3005 2476 3019 2500 ,
3051 2451 3148 2490 cur
3180 2446 3387 2491 tantum
3420 2437 3498 2492 fa.

1892 2532 2034 2577 stum
2066 2521 2218 2576 multi
2256 2522 2556 2578 exhibent?
2579 2523 2698 2579 Non
2724 2525 2827 2580 alia
2854 2540 3013 2580 causa
3038 2567 3053 2591 ,
3086 2526 3187 2580 nisi
3218 2536 3274 2579 ut
3306 2527 3501 2583 multos

1893 2616 2131 2673 habeant
2172 2618 2548 2687 inopportunae
2598 2617 3015 2689 magniﬁcentia:
3057 2626 3243 2687 testes.
3275 2620 3330 2673 Si
3364 2620 3502 2675 hanc

1891 2724 2022 2780 ergo
2043 2708 2431 2776 rescindamus,
2456 2726 2577 2765 cum
2600 2711 2773 2781 capite
2794 2710 2955 2765 etiam
2977 2711 3218 2765 membra
3244 2713 3496 2779 nequitiae

1892 2799 2182 2865 tollemus,
2242 2802 2484 2871 nihilque
2541 2801 2892 2871 prohibebit,
2953 2802 3244 2871 quominus
3302 2813 3500 2857 tetram

1891 2896 2043 2964 quasi
2074 2896 2263 2950 multum
2312 2893 2628 2949 incolamus.
2685 2894 2874 2965 Neque
2915 2895 3059 2949 enim
3090 2895 3158 2949 ad
3202 2896 3498 2965 nequitiam

1896 2995 2099 3041 tantum
2126 3001 2261 3057 quos
2290 2987 2433 3055 capit
2477 2986 2741 3055 impellit,
2772 2986 2868 3040 sed
2895 2997 2949 3041 et
2976 2986 3160 3039 virtuti
3189 3001 3249 3041 se
3276 2985 3502 3042 subdole

1893 3078 2186 3143 admiscet;
2216 3086 2272 3133 et
2296 3092 2417 3132 cum
2447 3092 2475 3130 a
2504 3078 2702 3130 virtute
2728 3092 2827 3131 nos
2856 3076 3114 3131 decutere
3142 3090 3249 3129 non
3284 3084 3458 3146 putem
3482 3118 3495 3140 ,

1894 3171 1948 3227 in
1985 3172 2099 3241 ipsa
2133 3170 2219 3225 illa
2248 3170 2449 3225 virtute
2494 3184 2749 3239 magnum
2790 3168 3175 3224 detrimentum
3206 3170 3459 3240 importat
3487 3210 3502 3236 ,

1893 3264 2020 3320 dum
2044 3264 2259 3318 labores
2285 3263 2519 3317 tolerare
2542 3263 2718 3331 cogit,
2742 3270 2797 3315 et
2818 3261 3065 3315 laborum
3097 3260 3271 3316 fructu
3305 3262 3500 3331 privat.

1892 3354 2025 3410 Nam
2055 3354 2147 3425 qui
2177 3354 2245 3409 ad
2274 3368 2466 3408 vanam
2498 3352 2727 3423 gloriam
2772 3351 3028 3421 respicit,
3060 3353 3175 3410 sive
3198 3352 3501 3425 jejunium,

1892 3448 2008 3503 sive
2032 3446 2356 3512 orationem,
2388 3444 2503 3500 sire
2528 3443 2933 3517 eleemosynam
2962 3446 3215 3502 exerceat
3235 3490 3248 3513 ,
3278 3464 3497 3504 onmem

1893 3539 2092 3595 amittit
2117 3537 2447 3594 mercedem.
2479 3537 2598 3604 Quo
2624 3537 2825 3592 damno
2849 3538 2975 3609 quid
2999 3528 3365 3595 miserabilius
3390 3542 3503 3597 ine-

1892 3632 2003 3687 rit‘!
2031 3630 2249 3701 quando
2277 3646 2472 3701 nempe
2500 3630 2621 3700 quis
2650 3646 2709 3685 se
2738 3628 2936 3685 frustra
2972 3643 3247 3699 macerat,
3298 3634 3502 3691 ridicu-

1893 3723 2083 3793 Iusque
2103 3722 2303 3787 evadit,
2328 3733 2385 3777 et
2404 3737 2434 3777 a
2452 3736 2685 3792 superna
2713 3710 2886 3793 gloria
2908 3724 3133 3779 excidit.
3155 3723 3342 3795 Neque
3358 3729 3503 3781 enim

1893 3822 2071 3884 potest
2099 3814 2190 3884 qui
2242 3823 2526 3883 utramque
2556 3813 2868 3881 desiderat,
2902 3824 3189 3886 utramque
3219 3818 3499 3887 consequi.

1891 3905 2185 3960 Possumus
2216 3913 2394 3960 tamen
2426 3915 2709 3975 utramque
2743 3908 3006 3977 consequi
3031 3949 3046 3973 ,
3078 3908 3124 3963 si
3155 3923 3264 3963 non
3296 3919 3507 3964 utram-

1891 4012 1996 4067 que
2028 3996 2254 4067 gloriam
2300 3997 2751 4067 concupiscanms
2772 4039 2788 4063 ,
2819 3999 2915 4054 scd
2947 4000 3218 4055 cmlestem
3255 4010 3463 4055 tantum
3489 4019 3503 4069 ;

1890 4089 1981 4158 qui
2017 4096 2144 4143 vero
2176 4098 2460 4159 utramque
2486 4099 2631 4142 amat
2652 4132 2666 4156 ,
2697 4106 2803 4144 non
2834 4099 3118 4161 utramque
3145 4092 3373 4163 adipisci
3404 4109 3502 4162 po-

1893 4188 2015 4237 test.
2046 4181 2408 4249 Quamobrem
2440 4183 2484 4236 si
2518 4182 2747 4237 velimus
2781 4185 3009 4254 gloriam
3039 4186 3303 4257 adipisci,
3335 4185 3507 4257 fugia-

1892 4289 2011 4329 mus
2042 4274 2332 4329 humanam
2365 4276 2631 4345 gloriam,
2661 4286 2717 4331 et
2744 4293 2863 4332 eam
2907 4294 3028 4348 quae
3054 4299 3082 4333 a
3113 4280 3233 4335 solo
3274 4282 3387 4337 Deo
3420 4293 3503 4337 est

1889 4365 2301 4432 desideremus;
2334 4377 2388 4421 et
2431 4368 2508 4422 sic
2538 4376 2765 4439 utraque
2812 4371 3099 4438 potiemur.
3136 4372 3347 4428 Utinam
3380 4390 3507 4429 vero

1892 4457 1994 4513 hac
2014 4457 2278 4526 fruamur,
2301 4459 2474 4529 gratia
2499 4468 2554 4513 et
2577 4459 2907 4530 benignitate
2936 4462 3146 4517 Domini
3180 4466 3348 4519 nostri
3372 4464 3502 4521 Jesu

1888 4551 2088 4608 Christi
2117 4584 2131 4619 ,
2166 4568 2261 4623 per
2289 4569 2448 4623 quem
2481 4564 2537 4609 et
2567 4570 2689 4608 cum
2735 4571 2845 4625 quo
2895 4556 3036 4610 Patri
3082 4558 3254 4626 gloria
3288 4574 3501 4629 unaque

1889 4654 2077 4701 sancto
2104 4644 2328 4716 Spiritui
2354 4687 2369 4712 ,
2403 4647 2455 4700 in
2486 4648 2683 4700 szccula
2709 4649 3061 4702 swculorum.
3090 4652 3287 4703 Amen.

245 4778 3503 4806 W

1507 4855 1857 4919 HOMILIA
1902 4858 2149 4919 XXIX.

173 5002 262 5057 ἓξ.
319 5001 472 5057 Venit
510 5012 678 5057 autem
722 5003 777 5056 in
802 5000 1044 5056 Judmam
1072 5010 1261 5055 terram
1291 5002 1402 5070 ipse
1452 5011 1498 5055 et
1540 4999 1783 5071 discipuli

298 5097 434 5166 ejus,
462 5104 508 5148 et
530 5095 637 5148 illic
664 5094 1021 5148 demorabatur
1042 5110 1158 5149 cum
1183 5095 1274 5159 eis,
1299 5105 1344 5148 et
1364 5094 1674 5163 baptizabat.

256 5188 302 5240 Ι.
341 5185 494 5239 Nihil
528 5187 735 5240 ueritate
773 5186 981 5251 clarius,
1025 5185 1154 5240 nihil
1198 5187 1465 5240 mendacio
1504 5187 1782 5255 inﬁrmius.

172 5278 284 5332 Cur
309 5277 546 5334 Christus
568 5295 669 5333 non
697 5279 990 5347 baptizavit,
1022 5279 1112 5332 sed
1134 5278 1394 5349 discipuli.
1424 5308 1495 5320 —
1521 5279 1661 5334 Nihil
1690 5296 1783 5335 ve-

172 5373 339 5427 ritate
364 5372 587 5435 clarius,
626 5370 763 5426 nihil
805 5371 1013 5435 fortius,
1062 5380 1118 5426 ut
1157 5372 1439 5428 mendacio
1470 5373 1598 5429 nihil
1629 5373 1783 5428 infir-

174 5466 341 5529 mins,
375 5464 585 5518 etiamsi
620 5464 919 5519 innumeris
961 5479 1021 5519 se
1060 5472 1203 5534 tegat
1242 5465 1614 5536 operimentis.
1650 5466 1782 5522 Nam

175 5557 332 5611 facile
362 5556 809 5625 deprehenditur,
842 5563 896 5611 et
933 5554 1087 5611 facile
1112 5554 1323 5611 difﬂuit.
1356 5555 1575 5613 Veritas
1598 5567 1779 5613 contra

177 5650 323 5705 nuda
358 5660 561 5720 prostat
606 5650 881 5713 omnibus,
926 5649 1014 5717 qui
1062 5650 1247 5705 volunt
1285 5655 1401 5718 ejus
1432 5650 1782 5721 pulchritudi-

179 5760 302 5798 nem
336 5746 557 5808 iutueri;
590 5760 701 5799 non
744 5744 860 5797 vult
906 5743 1091 5809 latere,
1146 5759 1250 5797 non
1280 5744 1576 5812 periculum
1606 5744 1782 5809 timet,

181 5848 287 5893 non
318 5840 555 5904 insidias,
587 5853 698 5895 non
744 5836 973 5910 gloriam
1015 5836 1372 5893 multitudinis
1412 5836 1600 5903 ambit,
1652 5835 1785 5893 nulli

1903 5000 2256 5056 humanarum
2294 5018 2473 5058 rerum
2512 5004 2793 5075 subjacet;
2822 5004 2917 5062 sed
2949 5006 3200 5065 omnibus
3236 5010 3505 5080 superior,

1896 5096 2091 5150 multas
2118 5096 2318 5165 excipit
2356 5096 2595 5164 insidias,
2630 5109 2810 5156 manet
2845 5108 3024 5156 autem
3054 5102 3272 5169 invicta,
3302 5120 3507 5175 eosque

1895 5189 1985 5257 qui
2013 5187 2077 5241 ad
2107 5203 2166 5243 se
2190 5190 2523 5259 confugiunt,
2568 5192 2717 5260 quasi
2758 5192 3029 5248 tutissimo
3075 5211 3231 5251 muro
3269 5196 3511 5251 nnmitos

1896 5286 2097 5346 servat,
2131 5278 2292 5349 idque
2322 5296 2386 5335 ex
2434 5283 2688 5351 potentia:
2735 5298 2847 5339 sua:
2875 5286 3281 5355 magnitudine;
3310 5298 3364 5343 et
3407 5304 3503 5343 oc-

1898 5374 2071 5429 cultos
2100 5374 2327 5428 iusultus
2355 5378 2568 5441 evertit,
2600 5391 2694 5432 sua
2719 5393 2847 5433 vero
2878 5380 3055 5449 palam
3086 5382 3338 5436 omnibm
3378 5390 3503 5451 pl‘tu

1897 5467 2051 5537 ponit
2077 5484 2089 5519 :
2119 5466 2263 5535 quod
2286 5477 2340 5521 et
2368 5468 2613 5525 Christus
2634 5470 2807 5525 Pilato
2830 5470 2914 5527 his
2940 5474 3121 5528 verbis
3142 5474 3463 5543 significavit
3488 5492 3504 5530 t

1898 5560 2013 5632 Ego
2043 5561 2211 5629 palam
2244 5561 2479 5631 loquutus
2505 5579 2617 5614 sum
2643 5564 2853 5628 mundo,
2887 5574 2935 5617 et
2962 5565 3017 5618 in
3044 5566 3239 5619 occulto
3267 5567 3505 5634 loquutus

1897 5668 2010 5708 sum
2040 5653 2171 5707 nihil
2201 5654 2380 5723 (Joan.
2420 5656 2507 5710 l8.
2540 5654 2653 5726 20).
2688 5657 2839 5725 Quod
2882 5669 3006 5713 tunc
3034 5658 3167 5713 dixit
3189 5660 3364 5719 Jcsus,
3402 5658 3506 5715 hoc

1902 5762 2045 5801 nunc
2075 5745 2219 5802 fecit.
2268 5746 2392 5801 Post
2426 5750 2552 5815 ha'c,
2589 5750 2779 5821 inquit,
2816 5754 2945 5807 venit
2974 5754 3025 5805 in
3052 5753 3292 5807 Iudicum
3316 5764 3503 5807 terram

1898 5839 2006 5909 ipse
2034 5849 2078 5895 et
2109 5840 2343 5913 discipuli
2374 5844 2502 5913 ejus,
2537 5852 2580 5896 et
2612 5844 2716 5898 illic
2734 5845 3111 5917 demorabatur,
3134 5858 3178 5903 ct
3197 5845 3504 5909 baptisabtt;
