4162 6326
612 334 712 403 lti‘l

614 457 666 509 In
693 451 1116 510 salemnitatibds
1146 451 1196 503 in
1219 448 1500 504 civitatem
1540 442 1882 507 ascendebat,
1912 439 2044 494 utin
2075 452 2186 492 me-

612 547 701 600 dio
741 546 1033 600 doctrinam
1073 541 1178 596 illis
1222 548 1565 608 proponeret,
1611 546 1775 606 utque
1817 550 1882 587 ex
1923 529 2190 586 miraculis

618 638 892 690 utilitatem
942 640 1214 700 caperent.
1239 629 1492 683 'l‘eractis
1518 635 1693 680 autem
1719 624 1905 679 diebus
1935 620 2109 681 festis,
2137 617 2190 670 in

613 727 899 782 Jnrdanem
937 737 1080 792 smpe
1119 721 1396 786 ιὀιιὶυιιιιι,
1437 721 1558 789 quia
1593 716 1684 771 illo
1723 715 1873 769 multi
1905 724 2194 770 concurre-

619 820 760 873 bant.
789 817 879 870 llla
905 817 1046 869 enim
1076 830 1195 884 qua:
1223 812 1391 882 magis
1414 807 1884 876 frequentabantur
1909 805 2022 860 loca
2054 817 2195 857 sem-

617 923 710 976 per
739 905 983 974 petebat;
1032 918 1137 958 non
1164 898 1534 957 ostentationis
1571 910 1727 951 causa
1756 896 1838 950 vel
1868 891 2192 954 ambitionis,

615 997 711 1053 sed
743 1004 800 1049 nt
827 993 1063 1064 pluribus
1095 992 1385 1061 prodesset.
1415 988 1572 1058 Atqui
1603 987 1702 1042 sub
1731 987 1845 1040 haec
1878 986 2004 1040 dicit
2033 999 2197 1038 evan-

614 1089 824 1157 gelista,
858 1101 960 1139 non
984 1084 1163 1138 Je~um
1198 1083 1238 1146 ⁸.
1268 1082 1360 1137 sed
1385 1079 1675 1148 discipulos
1719 1077 1835 1146 ejus
1863 1077 2194 1145 baptizasse;

620 1181 760 1233 unde
789 1178 959 1247 palam
993 1185 1073 1230 est
1118 1173 1220 1228 hoc
1247 1172 1404 1228 etiam
1439 1172 1489 1224 in
1523 1170 1641 1225 loco
1673 1170 1742 1222 ita
1777 1165 2016 1236 intelligi,
2055 1166 2198 1233 ipsos

623 1285 813 1339 nempe
838 1269 980 1324 solos
1007 1266 1376 1336 baptizavisse.
1410 1264 1474 1318 Et
1502 1278 1618 1328 cur,
1649 1260 1874 1330 inquies,
1901 1273 2003 1311 non
2031 1255 2201 1325 bapti—

622 1363 812 1419 zabat?
835 1361 950 1416 Jam
977 1359 1121 1429 prius
1143 1356 1357 1412 dixerat
1386 1356 1615 1410 Joannes
1643 1375 1654 1406 :
1680 1350 1798 1421 Ipse
1825 1367 1907 1406 vos
1927 1347 2200 1420 baptizabit

621 1458 671 1508 in
701 1454 897 1525 Spiritu
927 1462 1098 1507 sancta
1121 1460 1166 1504 et
1195 1449 1318 1521 igni.
1344 1447 1598 1519 Spiritum
1627 1461 1752 1499 vero
1775 1441 2006 1498 nondum
2037 1439 2200 1494 dedc-

625 1557 724 1602 rut.
752 1546 881 1602 Jure
909 1560 1035 1614 ergo
1067 1559 1170 1597 non
1200 1540 1532 1609 baptizabat;
1578 1537 1672 1592 sed
1702 1535 1943 1604 discipuli
1975 1541 2199 1596 tantum,

624 1637 765 1708 quod
796 1635 994 1691 Vellent
1017 1633 1275 1704 plurimos
1298 1629 1363 1684 ad
1394 1631 1679 1684 salutarem
1716 1625 2012 1681 doctrinam
2042 1633 2206 1677 attra-

627 1731 773 1782 here.
803 1725 871 1780 Et
891 1737 1074 1794 quare,
1099 1720 1373 1790 discipulis
1391 1719 1519 1775 Jesu
1541 1717 1948 1788 baptizantibus,
1971 1713 2205 1769 Joannes

627 1816 895 1886 baptizare
921 1826 1027 1870 non
1049 1813 1271 1876 destitit,
1296 1811 1467 1866 donec
1493 1811 1545 1864 in
1572 1823 1843 1865 carcerem
1867 1804 2206 1862 traderetur?

631 1905 760 1961 Nam
790 1921 910 1960 cum
938 1904 1153 1968 dicitur,
1198 1899 1322 1956 Erat
1359 1900 1584 1955 Ioannes
1629 1898 1886 1967 baptizans
1918 1897 1972 1951 iu
1998 1894 2207 1960 Euan;

627 1998 1000 2067 adjiciturque,
1036 1992 1137 2048 25:
1172 1991 1412 2046 Nondum
1450 1991 1632 2045 missus
1664 1993 1828 2060 fuerat
1855 1989 1906 2042 in
1936 2001 2206 2049 carcerem,

627 2087 891 2158 signiﬁcat
939 2086 1120 2154 utique
1171 2083 1317 2136 illum
1365 2097 1470 2136 non
1516 2079 1770 2134 hactenus
1810 2076 2098 2132 destitisse.
2145 2073 2210 2127 Et

628 2195 722 2233 cur
747 2178 812 2232 ad
840 2176 966 2231 illud
999 2189 1164 2241 usque
1193 2182 1401 2241 tempus
1428 2169 1755 2241 baptizavit?
1782 2184 1902 2222 nam
1937 2165 2208 2236 digniores

629 2270 755 2326 Jesu
781 2268 1068 2339 discipulos
1090 2266 1436 2330 declarasset,
1466 2263 1509 2316 si
1541 2263 1641 2317 illis
1674 2260 2065 2330 incipientibus,
2098 2259 2211 2326 ipse

632 2363 944 2418 deatitisset.
983 2359 1092 2415 Cur
1125 2373 1253 2430 ergo
1283 2353 1619 2426 baptizabat?
1661 2353 1738 2408 Ne
1774 2350 2062 2420 discipulus
2086 2362 2212 2401 suos

634 2456 684 2508 in
715 2454 968 2522 majorem
989 2449 1237 2505 invidiam
1259 2459 1312 2504 et
1330 2445 1726 2502 contentionem
1750 2442 2055 2511 conjiceret.
2081 2439 2212 2493 Nam

634 2547 676 2600 si
725 2558 866 2613 sape
909 2540 1208 2607 clamando,
1262 2540 1564 2610 primasque
1592 2535 1804 2590 Christo
1846 2529 2210 2594 concedendo,

634 2650 858 2704 seseque
886 2633 1145 2687 minorem
1189 2627 1527 2700 pnrdicando
1569 2641 1674 2681 nou
1726 2622 1987 2694 persuasit
2031 2621 2215 2676 illisut

637 2726 703 2780 ad
734 2740 853 2778 eum
884 2722 1199 2778 accederent
1230 2738 1243 2773 :
1278 2720 1323 2774 si
1366 2721 1467 2773 hoc
1513 2717 1676 2772 etiam
1716 2713 2018 2783 adjecisset,
2061 2711 2217 2782 longe

636 2814 1076 2871 contentiosiores
1123 2811 1243 2866 iilos
1283 2808 1622 2866 reddidisset.
1656 2806 1777 2862 ideo
1805 2804 2052 2860 Christus
2091 2813 2216 2857 tunc

636 2905 865 2959 maxime
889 2902 1178 2972 przedicare
1201 2901 1384 2968 cmpit,
1411 2913 1532 2954 cum
1571 2897 1638 2952 de
1665 2895 1841 2951 medio
1867 2895 2106 2950 sublatus
2135 2901 2218 2949 est

636 2996 889 3055 Joannes.
918 2994 1053 3050 Puto
1073 3001 1251 3048 autem
1280 2992 1399 3046 ideo
1427 2990 1584 3045 citius
1603 2988 1860 3044 Joannem
1891 2995 2062 3041 morte
2089 2985 2218 3042 sub-

640 3088 801 3141 latum
845 3086 1023 3150 luisse,
1071 3093 1128 3139 ut
1157 3085 1318 3139 totius
1365 3080 1717 3137 multitudinis
1757 3079 1918 3134 anhni
1965 3077 2032 3133 ad
2066 3075 2220 3133 Chri-

639 3187 780 3233 stum
820 3182 1266 3232 converterentur
1292 3213 1308 3239 ,
1359 3187 1532 3243 neque
1575 3170 1802 3242 amplius
1847 3171 1987 3224 circa
2034 3168 2220 3223 ambos

641 3270 1029 3325 scinderentur.
1064 3268 1326 3322 Praeterea
1355 3264 1483 3321 dum
1512 3264 1812 3334 baptizabat
1834 3263 2090 3325 Joannes,
2116 3275 2219 3314 non

643 3362 798 3413 tinem
827 3359 1052 3413 iaciebat
1075 3355 1326 3413 monendi
1357 3365 1411 3411 et
1453 3370 1643 3427 magna
1668 3355 1736 3409 de
1764 3354 1889 3410 Jesu
1924 3352 2220 3423 prredican—

641 3450 692 3502 di
745 3448 1053 3517 Baptizabat
1081 3462 1208 3503 vero
1235 3457 1436 3502 tantum
1471 3447 1522 3500 in
1549 3436 1671 3501 eum
1701 3446 1789 3517 qui
1831 3453 1950 3516 post
1992 3459 2051 3500 se
2094 3461 2222 3500 ven-

645 3550 794 3593 tnrns
816 3548 955 3604 erat,
983 3547 1041 3592 ut
1066 3539 1117 3591 in
1145 3552 1264 3592 eum
1309 3537 1608 3592 crederent.
1635 3537 1734 3602 Qui
1765 3537 1922 3605 igitur
1950 3535 2051 3589 hoc
2079 3550 2220 3605 prte-

644 3631 872 3695 dicabat,
916 3628 1182 3699 quattlodo
1219 3628 1599 3698 discipulorum
1633 3627 1827 3683 Christi
1860 3627 2221 3698 przestanziam

645 3722 1083 3785 demonstrasset,
1129 3721 1174 3776 si
1213 3736 1241 3774 a
1287 3721 1603 3792 baptismate
1639 3719 1968 3774 destitisset?
2018 3718 2147 3773 Nam
2194 3733 2225 3772 ο

645 3813 911 3866 contrario
938 3812 1110 3866 visum
1137 3805 1341 3878 fuisset,
1372 3811 1544 3881 ipsum
1572 3826 1636 3867 ex
1664 3809 1857 3864 invidia
1882 3810 1962 3864 vel
2008 3811 2083 3862 ira
2111 3824 2227 3863 ees-

646 3921 766 3959 sarc
799 3921 813 3958 :
858 3903 1192 3973 persistendo
1230 3913 1430 3969 autem,
1475 3904 1589 3958 bzec
1633 3902 1861 3957 ﬁrmiora
1900 3902 2221 3956 declarabat.

648 3996 760 4049 Non
792 3997 933 4050 enim
958 3997 1058 4050 sibi
1089 3996 1311 4062 gloriam
1345 3996 1709 4065 comparabat,
1738 3994 1830 4050 sed
1862 3995 2133 4049 auditores
2158 3993 2223 4048 ad

647 4087 914 4143 Christum
941 4088 1202 4153 mittebat,
1231 4103 1328 4143 nec
1358 4089 1531 4142 minus
1556 4103 1716 4158 quam
1744 4086 1989 4156 discipuli
2018 4086 2083 4140 ad
2105 4102 2222 4140 eam

652 4196 760 4235 rem
791 4180 1106 4249 priestabat;
1141 4180 1246 4234 imo
1277 4181 1391 4249 plus
1420 4195 1578 4248 quam
1613 4177 1707 4233 illi.
1739 4177 1873 4233 Nam
1901 4186 2101 4246 quanto
2131 4177 2230 4231 mi-

653 4287 749 4324 nus
770 4280 1075 4340 suspectum
1111 4281 1227 4326 erat
1266 4272 1382 4339 ejus
1420 4270 1806 4332 testimonium,
1839 4279 1987 4323 tanto
2028 4269 2230 4338 majore

650 4377 807 4428 quam
839 4362 936 4429 ipsi
966 4360 1104 4414 fama
1134 4361 1342 4415 valebat
1369 4359 1507 4430 apud
1533 4373 1740 4415 omnes.
1766 4359 1878 4413 lloc
1907 4359 2229 4429 evangelista

651 4449 992 4503 subindicans
1021 4449 1232 4505 dicebat
1264 4467 1277 4503 :
1310 4449 1531 4504 Exibunt
1573 4460 1618 4503 et
1661 4449 2044 4519 baptisabantnr
2085 4449 2147 4502 ab
2174 4466 2230 4504 eo

651 4543 812 4595 omnis
849 4539 1035 4595 Iudam
1067 4549 1114 4595 et
1149 4540 1286 4612 regio
1325 4541 1461 4595 circa
1506 4539 1785 4594 Iordanem
1813 4540 2023 4610 (Matth.
2065 4542 2118 4595 '5.
2148 4541 2228 4609 5).

655 4633 930 4702 lliscipulis
959 4633 1367 4702 baptizantibus,
1416 4649 1519 4689 non
1549 4634 1829 4689 cessabant
1866 4634 2015 4688 multi
2042 4635 2106 4687 ad
2135 4633 2230 4690 Jo-

653 4738 845 4777 annem
876 4738 1174 4780 accurcrre.
1193 4723 1344 4790 Quod
1366 4725 1410 4778 si
1429 4724 1546 4792 quis
1573 4733 1936 4793 percontetur,
1966 4725 2089 4794 quid
2113 4726 2233 4794 plus

657 4814 901 4869 habuerit
929 4815 1333 4884 discipulorum,
1365 4831 1523 4885 quam
1568 4816 1791 4872 Joannis
1822 4817 2080 4885 baptisma
2102 4819 2126 4871 ?
2146 4817 2230 4872 di-

653 4921 856 4972 cemus,
886 4905 1038 4959 nihil.
1065 4905 1194 4961 Nam
1224 4918 1506 4977 utrumque
1533 4907 1792 4977 baptisma
1811 4907 2039 4976 Spiritus
2060 4911 2229 4979 gratia

659 5012 881 5052 vacuum
909 5006 1043 5063 erat,
1073 5007 1126 5052 et
1152 5014 1254 5051 una
1283 4999 1555 5068 utriusque
1585 4999 1882 5069 baptizandi
1911 5017 2067 5055 causa
2095 5011 2230 5067 erat,

656 5099 714 5144 nt
738 5090 1028 5159 baptizatos
1052 5089 1118 5143 ad
1146 5087 1415 5145 Christum
1447 5092 1830 5159 pertraherent.
1861 5093 1936 5148 Ne
1965 5093 2106 5148 enim
2131 5095 2234 5148 cir-

657 5191 1058 5238 cumcursantes
1088 5184 1400 5254 colligerent
1429 5199 1523 5238 eos
1565 5185 1654 5253 qui
1682 5185 1930 5239 credituri
1963 5196 2134 5252 erant,
2176 5199 2235 5242 ut

660 5275 928 5329 Simonem
959 5276 1141 5342 frater,
1167 5277 1546 5333 Nathanaelem
1577 5276 1849 5348 Philippus
1877 5279 2230 5349 adduxerunt,

662 5366 929 5434 baptizare
976 5368 1389 5433 constituerunt,
1451 5379 1507 5422 ut
1561 5383 1654 5439 per
1691 5368 2007 5438 baptismum
2049 5386 2234 5427 omnes

724 5520 756 5588 '_
779 5519 829 5567 lu
855 5516 1024 5588 libello
1044 5524 1366 5588 mnestiouum
1393 5528 1439 5572 ln
1459 5532 1711 5588 Joannem,
1739 5526 1893 5588 inquit
1935 5525 2149 5588 Saviltus,
2171 5531 2233 5578 ita

661 5580 840 5650 legitur
863 5581 940 5650 hic
965 5581 1099 5650 lpcus
1123 5582 1344 5650 pluribus
1365 5587 1530 5650 verbis
1555 5599 1565 5632 :
1596 5580 1820 5650 quamvis
1835 5580 2233 5650 Evangelista'hic

660 5641 789 5690 dicat
807 5641 867 5691 de
877 5641 1065 5712 ein-isto
1091 5679 1106 5704 ,
1125 5641 1259 5712 quod
1277 5646 1538 5712 (inputaret
1560 5683 1571 5704 ,
1598 5641 1684 5697 Iioc
1707 5648 1843 5712 dicit,
1875 5641 2234 5712 noii'Christmn

655 5714 744 5776 per
789 5717 838 5752 se
880 5703 1126 5766 baptizare
1146 5703 1462 5776 'signiﬁtqns.
1598 5703 2057 5776 magistt’o'lrs'bucns
2087 5713 2232 5764 dis-(i-

657 5781 688 5825 η
712 5763 878 5812 iturum
899 5763 1086 5818 mimus.
1114 5763 1516 5820 Ett‘iiim'snblta'c
1542 5769 1654 5820 :lu‘t'l
1677 5763 1770 5821 non
1793 5780 1953 5822 Jcstmt
1975 5809 1987 5832 ,
2016 5783 2107 5824 ctc.

1417 332 1474 388 s.
1502 316 1774 388 JOANNIS
1810 310 2284 384 ειιιιγδοδτυιιι
2324 315 2638 374 Αιιριιιει).
2681 304 3211 370 CONSTAN'HNO'P.

3789 295 3903 358 {63

2304 433 2417 487 sine
2434 432 2614 486 labore
2635 429 3023 498 pertraherent,
3045 435 3099 480 et
3115 427 3300 478 futura:
3316 421 3438 476 ﬁdei
3461 420 3598 474 viam
3616 428 3887 489 pararent.

2296 523 2447 592 Quod
2477 532 2653 576 autem
2683 521 2797 574 bzec
2825 520 3139 588 bapti~mata
3171 515 3398 570 alterum
3426 513 3594 567 altero
3616 510 3746 564 nihil
3773 509 3894 578 plus

2302 614 2557 667 baberent
2583 611 2856 681 sequentia
2892 609 3147 664 indicant.
3175 606 3431 674 Quzeuam
3454 602 3582 656 illa?
3608 601 3698 655 9.5.
3729 599 3895 653 Facta

2299 717 2392 771 est,
2428 704 2614 774 inquit,
2656 702 2867 766 qitwstio
2914 717 2974 754 ea:
3013 699 3276 767 discipulis
3303 695 3522 750 Ioannis
3561 709 3677 747 cum
3699 689 3897 746 Iudam

2301 797 2365 850 de
2410 795 2781 866 puriﬁcatione.
2826 791 3132 848 [invidebant
3173 789 3368 858 quippe
3406 792 3621 854 semper
3646 782 3897 852 discipuli

2302 888 2522 944 Ioannis
2560 887 2755 943 ChriSIi
2791 885 3083 957 discipulis,
3113 884 3221 937 imo
3253 882 3349 950 ipsi
3376 879 3631 940 Christo;
3679 886 3737 930 ct
3772 890 3898 929 cum

2307 979 2547 1034 vidi-rent
2595 980 2714 1033 illos
2746 977 3034 1043 baptizare,
3069 989 3164 1029 eos
3193 973 3281 1042 qui
3325 969 3731 1039 baptizabantur
3758 965 3896 1020 alla-

2305 1070 2393 1139 qui
2426 1078 2722 1138 cmpernnt,
2750 1066 2899 1136 quasi
2929 1065 3191 1132 baptisma
3237 1071 3390 1116 suum
3417 1059 3543 1129 quid
3572 1059 3692 1129 plus
3729 1057 3897 1109 habe-

2309 1171 2411 1226 ret,
2444 1177 2600 1231 quam
2649 1161 2907 1230 baptisma
2957 1157 3340 1225 discipulorum
3374 1153 3572 1209 Christi
3602 1171 3614 1207 :
3647 1160 3804 1220 atque
3832 1163 3901 1203 ex

2309 1251 2586 1320 baptizatis
2638 1250 2870 1319 aliquem
2910 1248 3104 1313 adorti,
3141 1247 3189 1301 id
3240 1248 3314 1300 illi
3358 1244 3680 1315 persuadere
3721 1242 3902 1296 conati

2308 1351 2452 1408 sunt,
2483 1357 2580 1395 nec
2603 1349 2906 1410 potuerunt.
2936 1339 3086 1405 Quod
3126 1347 3302 1392 autem
3345 1337 3440 1400 illi,
3469 1350 3574 1388 non
3603 1341 3779 1387 autem
3802 1330 3899 1385 Ju-

2309 1431 2459 1487 dteus
2505 1432 2612 1497 ille,
2656 1431 3006 1500 quarstionem
3053 1436 3351 1492 moverint,
3395 1424 3516 1480 audi
3545 1423 3821 1495 quomodo
3854 1423 3910 1476 id

2310 1525 2630 1596 evangelista
2659 1524 2976 1580 subindicet.
3010 1523 3125 1578 Non
3159 1522 3302 1577 enim
3332 1520 3486 1584 dixit,
3515 1518 3760 1573 Juda‘um
3801 1515 3905 1570 ali-

2311 1634 2470 1688 quem
2498 1617 2700 1672 abillis
2745 1616 3076 1686 qtnesivisse,
3107 1614 3203 1669 sed
3252 1629 3318 1668 ex
3357 1612 3582 1668 Joannis
3627 1606 3911 1676 discipulis

2312 1709 2659 1778 quzestioneni
2683 1715 2879 1762 motam
2911 1706 3075 1761 fuisse
3102 1720 3222 1761 cum
3253 1703 3438 1760 Juda‘o
3456 1701 3686 1772 quodam
3715 1700 3783 1755 de
3808 1714 3910 1768 pn-

2315 1799 2628 1854 rilicatione.

2385 1889 2440 1943 2.
2481 1888 2800 1944 Consideres
2834 1896 3011 1944 autem
3044 1887 3203 1942 velim
3237 1883 3580 1954 evangelista:
3609 1883 3907 1936 lenitatem.

2318 1980 2429 2035 Non
2457 1981 2600 2034 enim
2643 1980 2693 2033 in
2724 1979 3008 2035 adversum
3053 1977 3322 2032 invehitur
3345 2018 3359 2042 ,
3392 1975 3486 2031 sed
3533 1989 3629 2044 pro
3661 1973 3916 2027 ﬁtcultate

2316 2075 2523 2144 culpam
2567 2073 2791 2140 minuit,
2837 2073 3299 2143 quarstionemqne
3340 2069 3503 2124 fuisse
3542 2066 3918 2121 tzmtuminodo

2315 2165 2464 2221 dicit.
2493 2165 2629 2220 Nam
2653 2165 2792 2235 quod
2820 2181 2881 2220 ex
2913 2164 3113 2220 invidia
3145 2164 3218 2219 illi
3248 2163 3451 2234 loquuli
3477 2163 3606 2228 sint,
3632 2161 3918 2231 sequentia

2319 2258 2572 2323 indicant,
2597 2275 2713 2328 qure
2739 2259 2898 2313 etiam
2927 2258 3017 2314 ille
3043 2256 3318 2312 moderate
3345 2257 3574 2312 narravit
3602 2273 3615 2319 ;
3648 2271 3771 2310 nam
3797 2256 3875 2309 ait
3900 2273 3914 2310 :

2317 2349 2406 2404 26.
2443 2348 2694 2404 Venerunt
2713 2349 2783 2401 ad
2801 2348 3051 2402 Joannem
3072 2358 3120 2402 et
3141 2349 3372 2401 dixerunt
3393 2347 3440 2402 ei
3458 2363 3475 2400 :
3499 2346 3680 2408 Rabbi,
3699 2350 3788 2416 qui
3808 2356 3927 2400 erat

2321 2451 2481 2493 tecum
2509 2450 2648 2492 trans
2672 2437 2988 2504 Iordanem,
3017 2439 3099 2492 cui
3125 2447 3179 2491 tu
3209 2438 3546 2491 testimonium
3576 2437 3875 2506 perliibuisti
3901 2477 3915 2500 ,

2322 2549 2432 2587 ecre
2474 2533 2555 2586 hic
2589 2531 2844 2601 baptisat,
2878 2540 2923 2584 et
2969 2546 3144 2585 omnes
3181 2532 3384 2584 ueniunt
3423 2529 3491 2582 ad
3531 2545 3681 2590 eum;
3714 2529 3764 2583 id
3793 2537 3918 2592 est,

2321 2625 2490 2693 Quem
2535 2634 2590 2678 tu
2634 2624 2943 2692 baptizasti;
2977 2637 3098 2678 nam
3139 2621 3266 2676 illud
3293 2662 3308 2686 ,
3353 2621 3446 2676 Cui
3486 2629 3538 2672 tu
3577 2621 3920 2674 testimonium

2323 2715 2636 2783 perhibuisti,
2669 2714 2770 2769 hoc
2800 2714 2998 2768 indicat
3017 2753 3034 2781 ,
3068 2728 3131 2768 ae
3159 2714 3200 2767 si
3227 2712 3490 2776 dicerent,
3517 2712 3685 2779 Quem
3711 2711 3926 2766 clarum

2321 2818 2374 2863 et
2394 2809 2738 2878 conspicuum
2760 2807 3008 2874 eﬂ'ecisti,
3031 2808 3146 2864 lucc
3167 2823 3286 2876 qua:
3313 2817 3368 2862 tu
3396 2806 3524 2860 facis
3545 2806 3706 2863 audet
3729 2822 3923 2877 aggre-

2321 2900 2396 2954 di.
2441 2898 2556 2954 Non
2600 2899 2883 2966 dixerunt,
2914 2899 3084 2967 Quem
3127 2909 3180 2952 tu
3228 2897 3507 2968 baptizasti
3540 2915 3554 2951 :
3583 2914 3706 2952 nam
3745 2898 3922 2953 coacti

2325 2991 2548 3046 fuissent
2563 3005 2748 3046 vocem
2773 2991 2914 3045 illam
2937 3005 3222 3059 supernam
3242 3005 3688 3056 commemorare,
3709 3005 3927 3045 necnon

2323 3082 2554 3153 Spiritus
2581 3082 2750 3137 sancti
2777 3083 3093 3138 descensum
3121 3099 3135 3137 :
3158 3081 3252 3137 sed
3280 3080 3408 3153 quid
3437 3082 3658 3137 dicunt?
3689 3082 3787 3147 Qui
3811 3092 3927 3136 erat

2326 3182 2487 3226 tecum
2513 3184 2653 3227 trans
2680 3173 2992 3240 Iordanem,
3020 3174 3101 3227 cui
3128 3182 3182 3227 tn
3214 3173 3554 3228 testimonium
3583 3173 3881 3244 perhibuisti
3906 3189 3926 3225 :

2327 3265 2378 3318 id
2409 3273 2511 3331 est,
2539 3264 2639 3331 Qui
2664 3265 2715 3319 in
2741 3263 3122 3336 discipulorum
3148 3264 3339 3320 ordine
3363 3274 3498 3330 erat,
3523 3265 3612 3334 qui
3638 3264 3768 3318 nihil
3801 3265 3929 3332 plus

2329 3356 2556 3412 habebat
2583 3373 2741 3427 quam
2774 3372 2906 3423 nos,
2943 3357 2988 3411 is
3017 3372 3077 3412 se
3107 3357 3202 3412 abs
3233 3367 3284 3411 te
3311 3371 3597 3427 segregans
3617 3397 3632 3421 ,
3667 3355 3925 3425 baptizat.

2329 3449 2444 3504 Non
2474 3449 2575 3505 hoc
2603 3460 2780 3504 autem
2809 3450 2980 3504 solum
3011 3449 3171 3503 modo
3199 3449 3453 3518 putabant
3479 3463 3538 3502 se
3568 3448 3716 3502 illum
3742 3449 3932 3502 Conci‘

2332 3551 2445 3596 tare
2467 3557 2641 3612 passe,
2663 3541 2757 3596 sed
2779 3541 2920 3611 quod
2939 3540 3099 3595 etiam
3118 3554 3212 3594 sua
3226 3540 3335 3609 jam
3360 3539 3536 3592 minus
3553 3538 3697 3593 clara
3717 3545 3770 3593 et
3787 3552 3920 3592 con-

2333 3634 2515 3702 Spicua
2546 3634 2721 3688 forent
2750 3650 2762 3686 :
2797 3632 2983 3686 Omnes
3010 3632 3140 3685 enim
3165 3632 3366 3684 veniunt
3395 3631 3464 3683 ad
3491 3647 3625 3694 eum,
3656 3630 3929 3699 inquiunt.

2337 3723 2487 3778 Unde
2515 3724 2684 3792 palam
2717 3733 2795 3778 est
2828 3737 2922 3778 eos
2952 3738 3049 3777 nec
3079 3721 3342 3785 Judieum,
3376 3722 3589 3792 quicum
3619 3722 3934 3791 disputave-

2335 3827 2453 3872 rant
2476 3857 2490 3879 ,
2524 3817 2589 3869 ad
2620 3831 2770 3870 suam
2800 3816 3118 3869 sententiam
3154 3813 3462 3868 adduxisse.
3495 3814 3620 3869 Ilaec
3652 3829 3813 3884 porro
3837 3815 3931 3868 di-

2333 3910 2525 3964 cebant
2543 3950 2558 3974 ,
2585 3907 2725 3978 quod
2752 3907 2926 3962 adhuc
2954 3907 3398 3975 imperfectiores,
3430 3922 3529 3962 nec
3559 3921 3778 3977 prorsus
3807 3924 3933 3964 am-

2334 4001 2534 4056 bitione
2578 4001 2725 4054 vacui
2769 4007 2967 4054 essent.
3015 3998 3153 4067 Quid
3192 4014 3320 4069 ergo
3349 3997 3621 4054 Joannes?
3662 3999 3771 4054 Nec
3813 4001 3935 4072 ipse

2337 4095 2457 4150 illos
2484 4095 2832 4149 vehementer
2859 4093 3053 4163 arguit,
3082 4109 3148 4146 ne
3174 4107 3234 4146 se
3267 4092 3453 4147 relicto
3481 4091 3625 4147 aliud
3653 4093 3932 4162 quidpiam

2336 4186 2462 4240 tnali
2492 4186 2938 4254 aggrederentur;
2973 4183 3066 4238 sed
3095 4182 3220 4253 quid
3251 4182 3422 4238 dicit?
3449 4181 3539 4238 27.
3577 4183 3741 4237 Nemo
3769 4194 3936 4253 potest

2337 4281 2564 4348 accipere
2599 4279 2894 4347 quidquam,
2927 4276 3026 4331 nisi
3055 4277 3206 4343 fuerit
3233 4277 3279 4330 ei
3305 4280 3477 4329 datunt
3506 4277 3568 4330 de
3597 4278 3743 4332 cwlo.
3774 4277 3932 4342 Quod

2339 4373 2382 4424 si
2414 4370 2662 4424 humilius
2690 4370 2936 4439 loquatur
2959 4369 3027 4424 de
3052 4367 3297 4436 Christo,
3328 4383 3395 4423 ne
3420 4369 3664 4435 mireris;
3696 4385 3801 4423 non
3834 4386 3936 4438 po-

2341 4472 2478 4517 terat
2522 4463 2612 4516 tali
2639 4461 2830 4516 aﬂ‘ectu
2862 4469 3265 4531 prmoccupatos
3295 4460 3473 4514 statim
3505 4461 3682 4515 omnia
3713 4459 3935 4517 docere.

2337 4553 2439 4608 Sed
2477 4553 2589 4605 vult
2623 4553 2834 4605 interim
2878 4551 3000 4606 illos
3040 4560 3246 4606 terrere
3269 4592 3287 4618 ,
3329 4551 3565 4621 ipsisque
3604 4553 3894 4608 ostendere
3919 4597 3936 4620 ,

2341 4644 2485 4712 ipsos
2517 4658 2620 4694 non
2666 4642 2754 4696 alii
2796 4657 2952 4710 quam
2999 4642 3109 4696 Deo
3154 4642 3251 4710 ipsi
3287 4641 3579 4706 adversari,
3619 4643 3743 4696 dum
3786 4644 3937 4698 illuni

2341 4734 2743 4802 impugnarent;
2789 4732 2928 4802 quod
2979 4733 3151 4802 ipsum
3195 4733 3408 4789 dieebat
3453 4734 3712 4790 Gamaliel
3757 4754 3770 4788 :
3813 4735 3941 4790 Non

2341 4826 2566 4895 poteritis
2606 4825 2877 4879 dissolvere
2916 4825 3047 4878 illud
3071 4867 3086 4893 ,
3117 4827 3385 4896 nequando
3423 4837 3471 4881 et
3507 4827 3615 4880 Deo
3649 4843 3942 4899 repugnare

2342 4918 2665 4987 reperiamini
2689 4918 2702 4948 ¹
2733 4917 2872 4984 (Act.
2903 4918 2956 4972 5.
2987 4918 3100 4987 59).
3135 4917 3246 4972 lloc
3270 4928 3324 4973 et
3349 4919 3462 4989 ipse
3487 4913 3816 4975 subobscure
3840 4921 3942 4973 ad-

2341 5010 2516 5063 struit.
2557 5009 2690 5063 Cum
2732 5010 2873 5063 enim
2915 5009 3080 5074 dicit,
3125 5007 3292 5062 Nemo
3331 5019 3491 5079 potest
3529 5011 3796 5079 accipere,
3838 5011 3944 5064 nisi

2342 5102 2490 5172 fuerit
2528 5104 2573 5155 ei
2619 5103 2795 5155 datum
2832 5101 2897 5156 de
2924 5102 3084 5166 cwlo;
3115 5102 3246 5156 nihil
3268 5103 3408 5156 aliud
3440 5103 3745 5174 signiﬁcat,
3773 5117 3940 5172 quam

2344 5194 2487 5261 ipsos
2525 5192 2872 5261 impossibilia
2903 5193 3117 5263 aggredi
3145 5236 3159 5258 ,
3195 5194 3424 5263 hincque
3457 5193 3568 5248 Deo
3595 5191 3941 5249 adversarios

2343 5285 2692 5354 deprehendi.
2714 5284 2850 5351 Quid
2878 5285 3036 5355 igitur
3052 5287 3075 5325 ‘P
3105 5285 3356 5340 Theudas
3380 5300 3558 5340 nonne
3583 5301 3614 5340 a
3641 5285 3820 5355 seipse
3844 5301 3939 5341 ac-

2342 5376 2595 5445 ceperat?
2639 5376 2933 5444 Acceperat
2977 5376 3226 5445 quidem,
3273 5376 3366 5430 sed
3415 5377 3593 5431 statim
3640 5385 3942 5445 prostratus

2345 5468 2499 5536 periit
2531 5484 2540 5518 :
2571 5483 2656 5520 res
2702 5478 2878 5521 autem
2923 5468 3120 5522 Christi
3162 5482 3267 5521 non
3313 5469 3411 5521 sic.
3464 5468 3597 5521 llinc
3643 5481 3737 5520 eos
3774 5467 3939 5521 etiam

2343 5559 2544 5612 sensim
2598 5560 2939 5625 consolatur,
2988 5559 3279 5614 ostendens
3325 5575 3428 5612 non
3480 5559 3793 5625 hominem,
3841 5557 3940 5611 sed

2347 5653 2508 5706 Deum
2551 5667 2671 5705 csse
2699 5652 2785 5722 qui
2819 5653 2962 5722 ipsos
2991 5652 3155 5722 gloria
3196 5661 3494 5722 superaret.
3528 5653 3865 5720 Quapropter
3893 5649 3939 5705 si

2413 5779 2425 5806 ¹
2464 5777 2626 5828 \lot‘cl.
2658 5776 2798 5839 legit.
2827 5795 3139 5844 rrpmmnur,
3170 5795 3272 5844 pro,
3291 5779 3616 5845 remrtautint'.
