4162 6326
212 370 312 428 1G3

225 479 512 552 splendida:
554 490 644 531 res
684 475 800 544 ejus
828 482 1046 539 essent,
1080 472 1123 527 si
1165 486 1352 527 omnes
1396 469 1539 524 illum
1571 467 1819 530 adirent,

222 586 319 625 non
350 568 659 623 mirandum
691 582 847 629 esse;
881 563 1185 633 ltujusmodi
1215 562 1357 617 enim
1389 572 1514 615 sunt
1551 574 1638 615 res
1684 558 1823 611 divi-

220 676 330 725 nte;
367 670 417 714 et
455 660 623 713 Deum
665 673 784 713 esse
823 658 912 727 qui
955 656 1103 709 istmc
1143 662 1468 723 appararet:
1506 651 1637 704 alias
1677 649 1819 704 enim

217 769 318 807 non
354 762 563 806 tantum
610 750 958 804 invaluissent
982 750 1020 800 ³.
1055 747 1296 801 Ilumana
1323 746 1519 815 quippe
1550 743 1703 797 facile
1730 742 1823 797 de-

219 844 652 913 prehenduntur,
675 853 727 896 et
752 841 891 894 fluxa
916 848 1061 903 sunt,
1086 839 1193 893 cito
1216 837 1463 892 diffluunt
1483 845 1535 889 et
1562 842 1818 903 pereunt;

215 936 326 991 hate
367 952 535 1007 porro
575 952 679 988 non
719 935 879 998 item;
923 946 1096 1002 neque
1126 932 1283 1000 igitur
1314 930 1545 982 humana
1577 934 1721 981 sunt.
1758 926 1822 980 Et

214 1027 584 1082 attituadverte
612 1024 883 1094 quomodo
913 1038 1033 1077 cum
1066 1022 1338 1085 dicerent,
1370 1018 1465 1074 Cui
1504 1030 1558 1073 tu
1598 1018 1824 1075 testium-

214 1118 353 1171 niam
379 1116 681 1187 perhibuisti
706 1156 719 1177 ,
751 1124 1104 1184 pularentque
1134 1113 1261 1167 illud
1288 1112 1353 1166 ad
1386 1111 1657 1167 Lbristnm
1689 1110 1823 1179 deji-

213 1210 462 1264 ciendum
486 1208 812 1273 conducere,
832 1207 931 1261 hoc
952 1206 1127 1274 ipsum
1140 1189 1201 1258 in
1227 1204 1345 1259 illos
1362 1213 1661 1259 convertat.
1688 1202 1819 1256 Nam

214 1302 360 1371 prius
387 1315 511 1355 cum
546 1300 906 1363 ostendisset,
939 1314 1045 1353 non
1077 1313 1142 1353 ex
1183 1297 1493 1351 testimonio
1532 1311 1630 1350 suo
1658 1294 1817 1349 Chri-

214 1402 354 1447 stum
382 1392 592 1446 clarum
620 1392 857 1445 evasisse
882 1431 895 1453 ,
932 1390 1056 1443 hinc
1084 1398 1264 1459 postea
1298 1389 1439 1457 ipsos
1472 1387 1712 1455 reprimit
1741 1386 1822 1439 di-

213 1498 347 1539 cens
371 1503 382 1536 :
411 1482 534 1537 Non
557 1491 713 1551 potest
742 1482 889 1534 ltomo
913 1498 943 1533 tt
968 1482 1132 1550 seipso
1156 1482 1382 1550 accipere
1404 1481 1701 1549 quidquam,
1728 1479 1825 1531 nisi

212 1576 309 1641 ipsi
350 1577 527 1628 datum
570 1574 723 1644 fuerit
766 1574 829 1625 de
870 1573 1013 1627 cwlo.
1066 1572 1200 1639 Quid
1243 1573 1344 1626 hoc
1386 1572 1506 1626 est?
1548 1571 1602 1625 Si
1646 1586 1821 1624 meum

215 1681 437 1735 prorsus
474 1665 836 1720 testimonium
866 1665 1105 1733 accipitis
1126 1707 1139 1727 ,
1172 1673 1226 1717 ct
1255 1680 1438 1718 verum
1470 1666 1703 1734 putatis,
1740 1662 1824 1717 vel

214 1774 277 1813 ex
326 1774 393 1812 eo
433 1759 658 1822 discite,
688 1774 792 1811 non
838 1773 924 1810 me
948 1800 961 1821 ,
1001 1758 1093 1811 sed
1133 1757 1278 1811 illum
1318 1756 1576 1824 potiorem
1627 1755 1827 1809 haben»

213 1850 339 1903 dum
368 1865 509 1904 esse.
541 1849 677 1918 Quid
710 1849 850 1904 enim
887 1850 1203 1903 testificatus
1230 1848 1388 1901 sum?
1420 1847 1526 1902 Vos
1552 1862 1719 1902 evoco
1751 1848 1822 1901 rei

214 1952 403 1998 testes.
438 1942 562 1997 Ideo
591 1942 739 1995 addit
766 1960 777 1993 :
807 1941 899 1996 28.
935 1940 1044 2011 Ipsi
1072 1956 1157 1994 vos
1188 1940 1311 1992 milii
1338 1939 1682 1993 testimonium
1712 1956 1827 2007 per-

211 2034 414 2098 hibetis,
440 2034 577 2103 quod
600 2033 838 2095 dixerim,
870 2031 988 2086 Non
1011 2048 1122 2087 sum
1145 2047 1235 2102 ego
1260 2031 1508 2093 Christus,
1535 2032 1621 2084 sed
1645 2031 1827 2084 missus

211 2142 321 2178 sum
347 2136 468 2179 ante
489 2124 658 2177 illum.
684 2124 738 2179 Si
763 2138 891 2193 ergo
915 2139 1032 2178 meo
1058 2123 1325 2179 Itmreutes
1354 2125 1681 2187 testimonio,
1712 2121 1826 2177 haec

210 2220 340 2275 mihi
382 2218 616 2289 objicitis
653 2218 894 2272 dicentes
918 2259 931 2282 ,
965 2215 1058 2272 Cui
1101 2218 1441 2271 testimonium
1482 2217 1827 2286 perhibuisti:

212 2328 316 2367 non
348 2312 511 2366 modo
540 2327 641 2364 non
674 2311 760 2365 ille
789 2311 1100 2365 imminutus
1124 2308 1221 2364 fuit
1245 2325 1309 2364 ex
1339 2310 1646 2363 testimonio
1677 2323 1818 2375 meo,

211 2402 303 2457 sed
348 2418 414 2457 ex
466 2404 557 2457 illo
599 2403 884 2473 plurimum
927 2412 1150 2471 augetur
1188 2403 1465 2473 :alioqnin
1507 2413 1682 2455 autem
1719 2419 1822 2457 non

214 2509 417 2561 meum,
449 2494 544 2548 sed
582 2494 672 2548 Dei
702 2504 816 2549 erat
844 2495 1230 2549 testimOnium.
1260 2493 1622 2561 Quamobrem
1651 2495 1693 2548 si
1726 2494 1829 2549 fide

222 2587 417 2657 dignus
449 2586 599 2641 vobis
630 2588 811 2642 videar
841 2602 961 2642 esse
986 2629 1000 2653 ,
1037 2590 1137 2641 hoc
1164 2587 1323 2640 etiam
1358 2587 1497 2640 inter
1524 2587 1627 2641 alia
1661 2587 1827 2641 multa

218 2679 329 2733 dixi
355 2719 372 2744 ,
407 2695 496 2733 me
528 2680 753 2733 missum
795 2680 957 2733 fuisse
988 2688 1110 2732 ante
1142 2679 1313 2733 illum.
1344 2677 1533 2731 Viden’
1559 2680 1829 2747 quomodo

221 2772 483 2841 paulatim
533 2772 781 2826 ostendat
821 2787 1006 2825 vocem
1054 2770 1197 2823 illam
1240 2784 1359 2824 esse
1402 2769 1676 2822 divinam?
1718 2770 1831 2823 Hoc

223 2864 363 2917 enim
410 2863 524 2916 vult
572 2863 872 2932 significare
906 2881 918 2914 :
954 2862 1193 2915 Minister
1232 2876 1348 2914 sum
1374 2900 1392 2925 ,
1434 2869 1487 2914 et
1529 2874 1590 2913 ea
1641 2860 1831 2928 loquor

226 2971 340 3024 qua:
365 2955 433 3008 ad
464 2955 762 3008 mittentem
793 2969 879 3007 me
904 2961 1181 3020 spectant:
1213 2966 1319 3005 non
1352 2952 1640 3004 humanam
1668 2965 1830 3004 aucu-

226 3061 319 3115 por
358 3049 589 3117 gratiam
616 3089 630 3114 ,
666 3044 759 3101 sed
808 3044 980 3099 Patris
1018 3044 1135 3114 ejus
1164 3043 1255 3113 qui
1290 3058 1377 3097 me
1409 3043 1550 3097 misit
1585 3042 1829 3096 ministe-

227 3140 360 3192 rium
391 3138 645 3193 exhibeo.
677 3137 790 3192 Non
819 3154 947 3207 ergo
978 3136 1043 3191 ad
1068 3138 1294 3206 gratiam
1327 3136 1643 3189 testificatus
1673 3149 1793 3189 sum
1814 3176 1826 3198 ,

230 3230 319 3286 sed
352 3232 404 3286 id
437 3231 545 3285 dixi
574 3272 588 3297 ,
621 3229 763 3299 quod
796 3238 851 3283 ut
879 3230 1114 3284 dicerem
1143 3228 1339 3281 missus
1370 3242 1508 3281 sum.
1544 3226 1619 3282 Ne
1652 3228 1831 3296 itaque

226 3341 306 3378 me
330 3340 393 3379 ea
418 3327 486 3378 de
510 3338 669 3378 eausa
697 3337 945 3391 magnum
971 3336 1091 3376 esse
1120 3320 1320 3389 putetis
1346 3336 1359 3371 :
1386 3318 1487 3373 hoc
1515 3320 1657 3373 enim
1690 3318 1831 3372 illius

238 3415 472 3471 ostendit
500 3412 940 3483 magnitudinem.
977 3412 1069 3468 Ille
1101 3426 1332 3481 namque
1362 3426 1539 3465 rerum
1578 3410 1831 3465 Dominus

225 3518 335 3572 est;
364 3506 417 3560 id
446 3506 588 3576 quod
622 3520 832 3559 rursum
859 3503 1122 3574 signiﬁcat
1154 3504 1237 3557 his
1267 3503 1462 3557 additis
1487 3503 1661 3557 verbis
1691 3520 1703 3555 :
1738 3503 1826 3558 ἓξ).

229 3598 333 3662 Qui
357 3598 507 3651 liabet
534 3614 793 3667 sponsam,
821 3612 1036 3667 sponsus
1065 3605 1138 3649 est
1162 3612 1179 3649 :
1201 3597 1394 3649 amicus
1421 3605 1589 3649 autent
1617 3596 1791 3665 sponsi
1812 3637 1825 3661 ,

222 3690 304 3756 qui
348 3698 446 3741 stat
490 3699 537 3741 et
584 3688 727 3742 audit
770 3704 880 3741 eum
908 3729 922 3753 ,
962 3688 1148 3759 gaudio
1189 3686 1373 3756 gaudet
1417 3696 1625 3757 pr0pter
1663 3704 1832 3740 vocem

230 3781 425 3848 sponsi.
460 3779 639 3846 Quare
667 3778 757 3848 qui
783 3779 878 3847 ait,
905 3777 1027 3832 Non
1056 3795 1169 3832 sum
1198 3778 1404 3847 dignus,
1430 3788 1480 3830 ut
1506 3777 1697 3831 solvant
1726 3779 1832 3848 ejus

224 3873 497 3943 corrigiam
542 3871 901 3936 calceamenti,
940 3886 998 3926 se
1041 3875 1271 3925 amicum
1317 3870 1434 3938 ejus
1478 3885 1621 3924 nunc
1665 3870 1834 3925 dicit?

226 3959 339 4015 Non
392 3970 449 4015 ut
496 3961 720 4016 extollat
774 3970 827 4015 et
884 3960 1064 4015 laudet
1110 3975 1209 4025 se,
1259 3960 1373 4015 hac
1416 3959 1582 4025 dicit;
1631 3960 1724 4016 sed
1778 3968 1836 4016 ut

226 4054 479 4109 ostendat
522 4054 573 4108 id
604 4069 660 4109 se
698 4054 935 4109 maxime
976 4069 1203 4119 curare,
1248 4068 1424 4124 neque
1462 4070 1522 4109 se
1558 4055 1723 4108 invito
1752 4057 1833 4111 vel

230 4146 451 4201 nolente
479 4144 600 4200 ha'c
627 4144 741 4199 ﬁeri
771 4186 784 4209 ,
817 4146 910 4200 sed
940 4145 1223 4201 admodum
1253 4146 1500 4215 cupiente
1530 4155 1585 4201 ct
1614 4162 1833 4216 promo-

227 4248 401 4303 vente,
430 4248 485 4292 et
516 4238 618 4292 hac
642 4237 710 4292 de
739 4252 899 4292 causa
928 4252 988 4293 se
1013 4239 1191 4291 omnia
1221 4237 1443 4304 fecisse;
1478 4238 1618 4307 quod
1646 4238 1834 4295 admo-

225 4330 346 4384 dum
381 4330 676 4399 prudenter
706 4330 865 4385 amici
907 4330 1123 4385 nomine
1159 4329 1500 4399 significavit.
1537 4331 1653 4387 Non
1685 4334 1830 4387 enim

233 4422 303 4474 ita
337 4422 481 4477 servi
510 4421 714 4490 sponsi,
743 4430 801 4475 ut
830 4422 983 4476 amici
1011 4421 1261 4492 gaudent,
1292 4431 1451 4493 atque
1483 4422 1565 4478 his
1592 4426 1644 4479 in
1672 4425 1831 4481 rebus

236 4512 505 4567 hetantur.
536 4510 653 4567 Non
681 4527 809 4581 ergo
840 4526 898 4567 se
927 4510 1133 4567 honore
1165 4514 1424 4583 aequalem
1454 4514 1620 4582 dicit,
1652 4518 1784 4572 absit
1814 4537 1827 4583 ;

231 4603 321 4657 sed
356 4614 413 4656 ut
444 4602 622 4673 gaudii
648 4604 730 4658 sui
761 4604 1178 4675 magnitudinem
1210 4604 1466 4673 declaret,
1495 4616 1656 4677 atque
1688 4619 1744 4663 ut
1773 4626 1831 4665 se

228 4710 409 4749 eorum
437 4694 740 4751 inﬁrmitati
768 4704 1110 4767 attemperet,
1141 4699 1373 4753 amicum
1405 4715 1463 4755 se
1489 4699 1637 4756 dicit.
1673 4703 1829 4758 Mini-

229 4788 446 4841 sterium
489 4787 687 4857 quippe
720 4787 1111 4854 subindicavit,
1142 4804 1265 4844 cum
1307 4789 1487 4858 dixit,
1519 4807 1577 4847 se
1607 4794 1829 4848 missum

230 4877 389 4934 fuisse
414 4887 543 4934 ante
570 4879 742 4934 illum.
773 4880 978 4937 Idcirco
1000 4880 1142 4952 quod
1168 4892 1383 4953 putaret
1408 4884 1528 4940 illos
1553 4884 1669 4942 hmo
1690 4903 1831 4958 :rgre

228 4969 365 5027 terre
398 4972 421 5004 ³
448 5014 464 5039 ,
497 4986 558 5027 se
596 4974 827 5028 amicum
873 4976 1055 5044 sponsi
1092 4974 1224 5033 dicit
1261 4991 1383 5033 esse
1409 5020 1423 5044 ,
1454 4980 1743 5037 ostendens
1771 4997 1830 5038 se

230 5077 330 5135 non
372 5062 538 5118 modo
580 5078 685 5119 non
726 5080 868 5134 aegre
907 5066 1089 5131 ferre,
1133 5067 1227 5123 sed
1254 5068 1543 5125 admodum
1573 5072 1826 5142 gaudere.

230 5152 355 5220 Quia
389 5155 551 5224 igitur
592 5157 694 5209 ltoc
726 5156 1059 5224 perfecturus
1087 5157 1323 5228 adveni,
1358 5169 1566 5217 tantum
1593 5163 1747 5218 abest
1774 5178 1832 5223 ut

237 5245 295 5301 ie.
332 5248 495 5317 gestis
540 5246 756 5303 doleam
780 5290 795 5313 ,
830 5258 887 5303 ut
926 5252 1159 5304 maximo
1198 5267 1431 5309 mmrore
1469 5254 1713 5311 afficerer
1737 5300 1751 5323 ,
1785 5257 1831 5312 si

239 5350 333 5390 non
365 5337 575 5393 tierent.
624 5338 681 5393 Si
721 5352 918 5409 sponsa
958 5340 1021 5395 ad
1067 5356 1322 5411 sponsum
1355 5360 1460 5398 non
1503 5346 1826 5416 accederet,

237 5436 354 5481 tunc
381 5429 622 5484 dolerem
647 5446 661 5493 ;
693 5445 798 5483 non
832 5446 959 5485 vero
991 5447 1131 5487 nunc
1155 5474 1169 5498 ,
1204 5448 1325 5487 cum
1353 5444 1533 5489 nostra
1561 5441 1827 5507 completa

237 5528 372 5577 sunt.
403 5520 533 5575 Nam
572 5538 695 5578 cum
728 5537 817 5577 res
854 5523 971 5595 ejus
1011 5534 1155 5581 recte
1198 5528 1533 5596 procedunt,
1566 5539 1691 5586 tunc
1732 5548 1830 5588 nos

300 5638 313 5705 ξ
350 5643 394 5710 In_
419 5638 562 5710 savii.
601 5639 929 5710 legitur..._....
956 5640 1038 5710 qui
1073 5644 1089 5710 ξ
1117 5651 1206 5695 ttec
1236 5656 1499 5710 appararet
1525 5663 1541 5699 :
1570 5662 1830 5709 mangumn

236 5698 356 5763 enim
378 5698 514 5763 homo
538 5698 679 5751 tanta
700 5707 934 5763 potestate
958 5698 1196 5755 ualuisset.

300 5761 482 5835 ’-εει-11.
515 5770 573 5835 et
604 5761 790 5835 Boisius
811 5763 1075 5826 legendum
1101 5776 1268 5830 putant
1297 5785 1307 5819 :
1342 5770 1673 5835 tdcirtoquod
1694 5772 1830 5825 illum

244 5822 340 5870 Ita!!-
355 5835 484 5890 wgre
504 5826 637 5885 ferro
664 5822 909 5886 putarent.

1245 355 1320 411 1N
1351 349 1659 409 JOANNEII
1703 349 1933 407 IIOMIL.
1976 351 2172 408 XXIX.
2210 351 2277 407 aI.
2321 351 2559 409 XXVIII.
3444 363 3535 422 I70

1941 483 2196 539 prospere
2239 471 2483 540 agimus;
2526 472 2647 543 quia
2690 476 2831 543 quod
2880 477 3194 537 volebamus
3230 487 3443 553 evenit,
3485 499 3539 543 et

1932 573 2127 628 sponsa
2158 576 2414 629 sponsum
2442 566 2702 633 agnoscit.
2734 566 2797 620 Et
2825 582 2919 623 vos
2954 571 3051 641 ipsi
3086 572 3185 628 hoc
3220 577 3541 634 testim-ami-

1932 650 1983 702 ni
2014 665 2135 704 cum
2168 651 2343 706 dicitis
2368 692 2382 717 ,
2416 654 2603 709 Omnes
2632 659 2837 711 veniunt
2864 661 2931 714 ad
2959 678 3092 715 eum.
3130 665 3242 719 lloc
3266 667 3408 722 enim
3443 686 3537 723 cn-

1933 743 2116 796 raham
2138 787 2152 809 ,
2184 754 2237 799 et
2264 761 2324 800 ea
2357 746 2425 801 de
2458 763 2617 801 causa
2665 753 2843 804 omnia
2892 752 3014 809 feci.
3049 755 3227 822 Quare
3256 773 3377 813 cum
3412 762 3538 819 illud

1927 834 2036 903 jam
2064 837 2312 892 evenisse
2339 838 2547 894 videam
2569 884 2582 907 ,
2613 843 2819 911 gaudeo
2845 855 2896 898 ct
2923 847 3151 902 exsulto.

2005 927 2057 982 ὅ.
2106 926 2335 982 Ecclesia
2378 931 2631 1000 quomodo
2674 950 2864 1004 sponsa
2914 936 3106 992 Citriin
3145 940 3256 1007 ﬁat.
3310 940 3540 997 Joannes

1931 1018 2164 1087 Baptista
2195 1021 2256 1072 de
2283 1020 2482 1074 Christo
2512 1026 2853 1080 testimonium
2880 1031 3082 1097 sapiens
3120 1042 3165 1084 et
3194 1033 3538 1091 ineluctabile.

1945 1113 2101 1169 Vana:
2123 1116 2302 1187 gloria:
2324 1119 2544 1183 damna;
2565 1124 2815 1189 quomodo
2834 1128 2896 1178 sit
2914 1127 3237 1195 fnganda.—
3254 1133 3390 1195 Quid
3414 1150 3542 1189 vero

1931 1208 2197 1276 signiﬁcat
2227 1208 2355 1263 illud
2381 1252 2395 1276 ,
2431 1211 2532 1277 Qui
2552 1222 2648 1265 stat
2681 1222 2726 1267 et
2758 1217 2901 1268 audit
2950 1234 3061 1271 eum
3083 1260 3095 1280 ,
3128 1221 3316 1290 gaudio
3352 1225 3541 1295 gaudet

1932 1311 2137 1371 propter
2168 1318 2336 1355 vocent
2388 1306 2601 1375 sponsi?
2630 1308 2705 1360 Ex
2739 1310 2989 1376 parabola
3032 1313 3099 1367 ad
3144 1330 3255 1369 rem
3293 1323 3539 1387 preposi-

1933 1399 2038 1443 tam
2062 1405 2366 1448 sermonem
2393 1398 2681 1453 transtulit.
2704 1398 2837 1467 Quia
2862 1403 3001 1456 enim
3027 1419 3282 1473 sponsum
3308 1420 3359 1464 et
3381 1426 3539 1483 span.

1933 1494 2047 1535 sam
2096 1487 2451 1551 memoravit,
2478 1490 2711 1543 ostendit
2755 1497 3029 1561 quomodo
3067 1500 3334 1566 sponsalia
3368 1502 3493 1560 fiant
3524 1523 3538 1565 :

1933 1588 2027 1642 per
2057 1589 2241 1628 vocem
2265 1592 2458 1645 nempe
2482 1589 2643 1648 atque
2665 1581 2966 1639 doctrinam
2994 1605 3006 1640 :
3044 1588 3275 1646 ita-enim
3303 1594 3540 1653 Ecclesia

1932 1664 2297 1733 despondetur
2340 1671 2467 1723 Deo.
2512 1671 2717 1727 Idcirco
2760 1674 2954 1731 Paulus
3003 1679 3250 1736 dicebat:
3292 1683 3447 1741 Fides
3478 1707 3540 1745 ea:

1933 1760 2134 1824 auditu,
2173 1760 2383 1814 auditus
2411 1776 2582 1817 autem
2613 1782 2702 1833 per
2726 1768 2926 1821 rerbttm
2951 1770 3047 1825 Dei
3076 1772 3254 1841 (Rom.
3294 1778 3377 1832 10.
3412 1781 3540 1851 I7).

1934 1850 2045 1904 Hac
2076 1868 2175 1921 ego
2208 1869 2337 1909 voce
2367 1856 2593 1925 gaudeo.
2630 1860 2765 1914 Illud
2794 1878 2919 1916 vero
2945 1904 2962 1932 ,
2994 1866 3094 1933 Qui
3122 1880 3253 1933 stat,
3292 1889 3396 1927 non
3426 1878 3543 1933 sine

1932 1956 2093 1996 causa
2129 1946 2324 2011 posuit,
2357 1948 2449 2001 sed
2481 1959 2537 2001 ut
2566 1951 2898 2019 ostenderet,
2934 1971 3023 2031 res
3051 1975 3176 2013 suas
3199 1967 3498 2021 ces.~avisse
3522 2011 3535 2032 ,

1940 2042 1994 2085 et
2026 2034 2126 2087 sibi
2152 2035 2262 2104 jam
2295 2038 2543 2093 standum
2590 2052 2644 2095 et
2689 2044 3016 2100 audiendum
3046 2064 3167 2104 esse
3192 2092 3207 2118 ,
3237 2068 3300 2107 ac
3342 2071 3542 2125 sponso

1936 2126 2251 2182 tradendam
2281 2146 2404 2185 esse
2427 2147 2679 2201 spoilsam
2706 2150 2905 2206 :seque
2928 2140 3230 2198 ministrum
3254 2156 3305 2199 et
3327 2163 3540 2204 servum

1934 2226 2088 2314 esse,
2121 2222 2316 2277 bonam
2346 2240 2495 2294 Spem
2538 2242 2688 2281 suam
2719 2240 2879 2299 atque
2912 2233 3150 2290 laetitiam
3182 2238 3233 2291 in
3278 2256 3412 2312 opus
3431 2244 3542 2314 jam

1934 2312 2149 2369 caiisse.
2202 2314 2325 2370 Ideo
2372 2316 2450 2371 sic
2498 2320 2712 2389 pergit:
2749 2322 2863 2376 Hoc
2914 2342 3034 2397 ergo
3079 2331 3327 2399 gaudium
3378 2312 3543 2390 meum

1933 2400 2197 2471 impletum
2227 2417 2324 2472 est;
2353 2407 2404 2463 id
2437 2418 2538 2475 est,
2574 2411 2879 2470 Perfectum
2910 2426 2992 2471 est
3023 2435 3159 2488 Opus
3187 2438 3386 2490 meum,
3414 2428 3545 2483 nihil

1938 2493 2073 2548 ultra
2117 2497 2258 2566 quod
2307 2499 2562 2556 faciamus
2593 2503 2875 2562 habemus.
2923 2510 3125 2569 Deinde
3168 2533 3270 2570 non
3307 2536 3548 2588 prmsens

1936 2588 2219 2653 modo,scd
2238 2592 2398 2646 etiam
2419 2593 2654 2651 futurum
2675 2598 2879 2655 doloris
2899 2617 3242 2673 augmentum
3262 2612 3545 2682 cohibens,

1937 2679 2002 2732 dc
2042 2681 2233 2737 futuris
2278 2688 2586 2752 pronuntiat
2633 2706 2691 2744 ea
2727 2708 2847 2761 quae
2895 2712 2961 2749 ex
2991 2698 3148 2753 dictis
3196 2710 3250 2756 et
3293 2718 3355 2759 ex
3392 2679 3545 2761 factis

1936 2775 2220 2827 eonlirmat
2248 2775 2330 2830 bis
2363 2779 2541 2833 verbis
2575 2798 2588 2834 :
2622 2781 2711 2837 50.
2764 2784 2926 2839 Illum
2959 2803 3156 2855 Oportet
3184 2810 3425 2863 crescere,
3466 2817 3544 2853 me

1935 2880 2103 2917 autem
2128 2868 2288 2920 minui
2314 2884 2331 2921 :
2363 2867 2465 2924 Itoc
2494 2879 2595 2937 est,
2628 2873 2819 2928 Nostra
2850 2893 3201 2937 cessaverunt
3226 2903 3238 2938 :
3268 2904 3387 2956 qua:
3420 2906 3548 2945 vero

1936 2958 2076 3011 illius
2116 2970 2241 3014 sunt
2291 2972 2574 3032 augentur.
2611 2966 2721 3021 Iloc
2767 2970 2947 3040 itaque
2994 2975 3134 3043 quod
3171 2977 3369 3034 timetis
3396 3023 3409 3045 ,
3442 3000 3547 3039 non

1938 3050 2096 3103 modo
2128 3068 2269 3106 nunc
2298 3053 2494 3121 aderit,
2520 3057 2611 3112 sed
2644 3060 2817 3130 majus
2841 3064 3003 3118 etiam
3038 3066 3089 3121 in
3118 3071 3238 3125 dies
3271 3074 3377 3128 lict.
3416 3074 3547 3131 Illud
3588 3066 3597 3075 ί

1938 3142 2082 3197 enim
2131 3151 2363 3201 maxime
2417 3159 2500 3203 est
2551 3153 2694 3221 quod
2750 3170 2837 3209 res
2890 3167 3105 3215 nostras
3157 3165 3550 3234 splendidiores

1936 3238 2187 3291 ostendit.
2225 3239 2348 3294 Ideo
2370 3244 2515 3307 veni,
2540 3251 2595 3297 et
2614 3245 2822 3312 gaudeo
2849 3248 2916 3303 de
2939 3259 3086 3305 tanto
3109 3269 3286 3309 rerum
3311 3260 3374 3313 ad
3395 3261 3553 3317 Chri—

1936 3337 2076 3382 stum
2113 3332 2495 3398 pertinentium
2525 3335 2882 3407 incremento,
2916 3347 3135 3413 etquod
3167 3362 3227 3401 ea
3247 3356 3546 3422 evenerint,

1936 3435 2163 3489 quorttm
2188 3425 2355 3493 gratia
2386 3436 2567 3481 nostra
2601 3443 3010 3497 prmcesserunt.
3039 3436 3404 3511 Viden'qnam
3438 3451 3547 3516 pla.

1938 3511 2077 3577 cide,
2102 3530 2258 3583 quam
2283 3518 2554 3585 sapienter
2576 3520 2787 3576 illorum
2812 3525 2965 3579 ulcus
2987 3531 3299 3598 emollierit,
3324 3511 3547 3594 livorem

1938 3608 2278 3672 exstinxerit,
2307 3608 2558 3679 ipsosque
2583 3613 2935 3683 impossibilia
2964 3622 3179 3690 aggredi
3209 3625 3549 3686 demonstra~

1940 3698 2118 3751 verit?
2148 3715 2251 3769 qua
2281 3717 2337 3755 re
2370 3705 2602 3759 maxime
2643 3709 2779 3763 solet
2812 3713 3050 3783 nequitia
3092 3718 3293 3774 sedari.
3319 3722 3550 3796 Ide-nque

1939 3790 2210 3859 provisum
2237 3801 2340 3858 est,
2371 3805 2429 3849 ut
2453 3797 2545 3851 illo
2573 3798 2749 3856 adhuc
2777 3804 2992 3861 vivente
3017 3818 3070 3861 et
3098 3810 3399 3880 baptizante
3434 3790 3546 3873 hac

1941 3883 2151 3951 fierent,
2187 3896 2241 3940 ut
2274 3888 2421 3943 illum
2456 3898 2615 3945 tantm
2640 3896 3020 3965 magnitudinis
3050 3911 3239 3957 testem
3264 3906 3545 3977 haberent,

1940 3984 1993 4030 et
2020 3978 2217 4032 nullam
2244 3984 2664 4046 excusationem,
2686 3988 2728 4040 si
2754 4003 2860 4043 neu
2885 3992 3341 4064 obtemperarent.
3368 4000 3549 4072 Neque

1940 4084 2081 4124 emm
2110 4090 2137 4124 a
2167 4074 2347 4143 seipse
2375 4076 2440 4129 ad
2474 4076 2525 4131 id
2548 4078 2833 4135 dicendum
2855 4084 3118 4154 impul~us
3147 4102 3229 4146 est
3250 4134 3262 4154 ,
3293 4109 3399 4148 non
3430 4098 3548 4151 aliis

1941 4161 2333 4219 sciscitantibus
2365 4167 2383 4233 (
2407 4168 2565 4223 iidem
2594 4172 2736 4225 enim
2765 4185 2917 4229 erant
2945 4180 3225 4236 audientes
3245 4193 3300 4238 et
3322 4186 3550 4243 interro.-

1937 4258 2150 4327 gantes)
2174 4276 2185 4310 :
2219 4273 2390 4328 neque
2408 4276 2472 4315 es
2502 4276 2559 4317 se
2579 4264 2813 4334 loquenti
2847 4274 2914 4322 ita
2939 4272 3171 4328 eredid's
3190 4285 3314 4344 ent,
3337 4289 3396 4334 ut
3419 4281 3548 4350 ipsis

1940 4351 2382 4417 percontantibus
2421 4369 2479 4408 se
2514 4355 2882 4413 eonfutantem
2917 4366 3293 4431 respondentis
3324 4382 3545 4429 senten-

1941 4440 2067 4493 tiam
2099 4454 2470 4511 exceperunt;
2504 4451 2957 4517 quemadmodum
2991 4468 3045 4511 et
3078 4457 3250 4515 Judazi
3273 4504 3287 4527 ,
3315 4450 3550 4524 maxime

1938 4535 2007 4587 ob
2037 4534 2087 4588 td
2120 4575 2133 4597 ,
2175 4537 2319 4604 quod
2358 4538 2423 4593 ad
2474 4541 2622 4594 illum
2676 4545 2973 4615 miserunt,
3011 4553 3311 4625 talibusque
3355 4562 3551 4617 auditis

1939 4641 2043 4680 non
2088 4627 2474 4699 crediderunt,
2524 4649 2740 4690 omnem
2787 4639 2887 4693 sibi
2923 4647 3129 4698 veniam
3168 4650 3546 4715 prarciderunt.

1936 4718 2074 4785 Quid
2102 4716 2268 4789 igitur
2294 4722 2417 4779 hinc
2444 4724 2704 4783 docemur
2723 4729 2746 4783 7
2765 4728 3017 4788 Omnium
3042 4736 3303 4795 malorum
3331 4757 3548 4801 causam

1939 4826 2059 4866 esse
2084 4827 2274 4868 vanam
2307 4817 2554 4886 gloriam.
2584 4819 2674 4875 llla
2710 4824 2851 4877 enim
2884 4824 3030 4895 ipsos
3061 4828 3111 4881 in
3159 4830 3383 4889 livorem
3414 4852 3549 4894 cono

1932 4902 2063 4972 jecit
2093 4922 2109 4959 :
2140 4904 2257 4963 huc
2282 4908 2399 4963 illos
2429 4914 2752 4979 concitavit,
2782 4928 2836 4969 ut
2861 4917 3045 4974 Jesum
3075 4923 3285 4979 adirent
3310 4943 3374 4983 ac
3400 4930 3548 4987 dice-

1936 5008 2056 5096 rent
2088 5016 2101 5053 :
2136 5000 2307 5065 Quare
2336 5003 2576 5074 discipuli
2600 5008 2676 5061 tui
2706 5011 3068 5081 nowjejunant
3096 5015 3312 5088 (Matth.
3343 5022 3397 5077 9.
3434 5027 3551 5096 “)3

1938 5090 2051 5146 IIoc
2068 5108 2207 5187 ergo
2235 5096 2445 5187 vitium,
2475 5097 2677 5167 dilecti,
2709 5099 2993 5171 fugiamus.
3022 5105 3077 5160 Si
3112 5109 3212 5163 hoc
3240 5090 3545 5187 fugiamus,

1937 5199 1965 5238 a
1996 5183 2239 5255 gehenna
2283 5186 2648 5244 liberabimur.
2682 5192 2791 5247 lloc
2817 5195 2962 5250 enim
2984 5199 3063 5253 eis
3109 5201 3341 5259 maxime
3372 5183 3547 5276 ignem

1938 5276 2173 5331 incendit
2193 5293 2206 5332 :
2227 5277 2327 5333 hoc
2354 5281 2548 5351 ubique
2574 5282 2908 5340 dominatum
2937 5298 3156 5345 exercet
3179 5308 3356 5365 suum,
3390 5307 3549 5370 atque

1938 5379 2146 5425 tetatem
2174 5380 2227 5427 et
2254 5372 2563 5443 dignitatem
2592 5393 2807 5433 omnem
2838 5384 3115 5452 tyrannieo
3140 5401 3367 5459 occupat
3401 5408 3413 5445 :
3449 5390 3551 5448 hoc

1940 5462 2205 5519 Ecclesias
2218 5466 2497 5535 subvertit,
2514 5485 2601 5524 res
2614 5471 2797 5527 civiles
2809 5472 3113 5544 labefactat,
3129 5478 3318 5536 domos
3336 5486 3548 5551 evertit,

1941 5554 2201 5621 civitates,
2234 5559 2480 5627 pepulos.
2507 5571 2710 5629 gentes.
2748 5563 2951 5635 Ecquid
2981 5568 3214 5637 miraris,
3246 5575 3463 5641 quando
3490 5577 3545 5632 in

1939 5646 2211 5703 desertum
2264 5653 2446 5712 venit,
2504 5667 2856 5726 magnamque
2907 5658 2977 5712 ibi
3022 5667 3345 5731 potestatem
3390 5679 3543 5723 suam

1940 5739 2225 5794 exhibuit?
2268 5741 2400 5797 Nam
2447 5745 2537 5814 qui
2596 5746 2798 5803 divitiis
2849 5752 2968 5805 vale
3015 5752 3302 5821 dixerant,
3359 5761 3544 5815 mundi

1936 5826 2139 5887 fastum
2170 5844 2387 5888 omnem
2415 5836 2723 5906 abjecerant
2749 5881 2759 5898 .
2794 5852 2846 5895 et
2876 5841 3167 5901 humanam
3198 5847 3542 5902 consuetudi-
