4162 6326
658 371 752 427 Πὶ

656 500 801 548 nem,
819 482 905 551 qui
930 479 1179 533 violentas
1194 488 1475 543 corporum
1493 470 1810 541 cupiditates
1829 475 2227 539 superaverant:

660 580 713 632 hi
738 590 878 643 smpe
906 588 935 624 a
968 584 1099 623 vana
1123 567 1289 638 gloria
1309 566 1447 635 capti
1467 565 1645 618 omnia
1678 562 2041 633 perdiderunt.
2068 558 2233 627 llnjus

662 668 771 721 vitii
799 677 977 724 causa,
1007 660 1096 730 qni
1131 657 1356 713 multum
1386 656 1718 710 laboraverat
1746 696 1761 719 ,
1794 652 1863 705 ab
1889 666 1954 706 eo
1984 652 2071 719 qui
2103 648 2230 701 nihil

656 756 849 810 laboris
872 794 887 817 ,
932 752 1025 805 sed
1051 750 1215 807 multa
1261 755 1476 817 peccata
1507 744 1795 798 admiserat
1818 782 1833 807 ,
1866 740 2162 795 Pharisicus
2200 753 2228 790 a

654 846 931 917 publicano
961 843 1128 899 victus
1172 849 1271 895 cst.
1322 842 1388 892 At
1421 837 1519 891 hoc
1563 850 1813 889 accusare
1857 834 2039 885 vitium
2084 829 2231 883 nullo

653 940 834 993 labore
866 947 1149 1005 possumus
1179 930 1197 999 (
1226 943 1409 983 onmes
1436 928 1577 982 enim
1613 924 1861 979 eumdem
1895 924 2067 993 ipsum
2104 918 2219 974 cal-

653 1030 829 1083 culum
866 1026 1035 1080 ferunt
1068 1024 1087 1093 )
1113 1038 1127 1087 ;
1156 1019 1295 1090 quod
1326 1019 1579 1088 quaeritur
1608 1026 1786 1071 autem
1818 1026 1929 1080 cst,
1963 1012 2230 1083 quontodo

653 1122 823 1189 ipsum
864 1126 1116 1185 superare
1153 1112 1435 1181 possimus.
1460 1108 1738 1176 Quomodo
1766 1121 1894 1176 ergo
1924 1102 2229 1175 proﬂigabi-

652 1209 801 1264 mus?
830 1207 882 1261 Si
910 1206 1132 1277 gloriam
1159 1202 1340 1273 gloria:
1360 1214 1709 1269 opponamus.
1738 1196 1809 1254 Ut
1829 1197 1969 1250 enim
1994 1204 2230 1249 terrenas

648 1300 857 1353 divitias
887 1296 1317 1359 contemnimus,
1371 1289 1585 1361 quando
1629 1288 1695 1342 ad
1740 1288 1872 1342 alias
1916 1286 2231 1355 respicimus

646 1390 860 1445 divitias
883 1431 897 1454 ,
930 1397 983 1441 et
1013 1388 1147 1440 hanc
1185 1386 1348 1439 vitam
1393 1382 1719 1452 despicimus
1743 1420 1758 1446 ,
1789 1395 1907 1435 cunt
1937 1380 2230 1448 cogitamus

645 1482 801 1535 aliam
830 1480 928 1533 hac
948 1480 1101 1547 longe
1124 1476 1430 1539 meliorem;
1462 1475 1535 1529 sic
1556 1482 1609 1529 ct
1626 1472 1846 1543 gloriam
1870 1471 2027 1541 hujus
2048 1469 2227 1525 mundi

647 1586 900 1641 respuere
930 1570 1220 1641 poterimus
1246 1609 1259 1632 ,
1292 1582 1411 1621 cum
1451 1566 1608 1620 aliam
1640 1565 1797 1635 longe
1823 1564 1922 1618 hac
1948 1563 2226 1618 clariorem

651 1665 1014 1735 Spectabimus
1034 1704 1047 1727 ,
1078 1675 1303 1731 qumque
1333 1675 1460 1714 vere
1489 1658 1651 1729 gloria
1683 1666 1783 1711 est.
1819 1655 1950 1711 Nam
1983 1656 2095 1710 lucc
2118 1696 2131 1719 ,
2163 1654 2230 1709 de

646 1770 749 1825 qua
783 1754 1063 1823 loquimur,
1094 1765 1227 1825 vana
1256 1748 1538 1819 inanisque,
1556 1756 1660 1813 est,
1689 1762 1787 1805 nec
1815 1747 1915 1803 nisi
1947 1762 2144 1801 nomen
2172 1761 2228 1800 re

644 1860 867 1899 vacuum
896 1842 1089 1907 habet;
1119 1832 1211 1897 illa
1235 1850 1413 1896 autem
1442 1838 1669 1895 ctelcstis
1696 1853 1818 1893 vera
1843 1848 1944 1901 est,
1976 1852 2094 1906 qua:
2119 1852 2224 1891 non

643 1935 907 1999 homines,
938 1932 1033 1989 sed
1054 1931 1294 2003 angelos,
1317 1929 1685 2000 archangelos,
1710 1937 1764 1983 ct
1784 1926 2223 1998 arehangelorum

1378 360 1434 415 S.
1475 356 1749 414 JOANNIS
1786 348 2259 409 CIIRYSOSTUMI
2304 348 2616 405 ARCIIIEP.
2649 349 3174 407 CONS'I‘ANTINOI‘.

3359 418 3362 421 λ
3821 351 3926 405 ita

2341 463 2647 532 Dominum,
2672 465 2779 520 imo
2804 468 2964 521 etiam
2987 466 3231 519 homines
3253 465 3395 534 ipsos
3416 464 3716 519 laudatores
3741 464 3923 520 habet.

2336 555 2391 612 Si
2424 557 2489 611 ad
2517 556 2642 612 illud
2673 558 2937 611 theatrum
2961 558 3281 626 reSpcxcris,
3314 557 3358 610 si
3387 570 3613 610 coronas
3644 556 3760 610 illas
3782 556 3927 612 didi—

2337 650 2495 716 ceris,
2524 650 2567 704 si
2592 650 2657 703 ad
2688 650 2803 704 illos
2828 650 3044 719 plausus
3068 658 3117 703 te
3141 648 3505 703 transtuleris:
3533 658 3741 702 terrena
3766 666 3929 703 num-

2337 754 2493 809 quam
2524 749 2575 794 te
2598 740 2929 802 detinebunt,
2971 756 3074 793 non
3112 754 3299 809 magna
3324 739 3605 808 prmsentia
3628 738 3923 808 reputabis,

2338 846 2441 885 non
2466 832 2704 887 absentia
2734 848 2961 903 quazres.
2989 830 3044 885 In
3068 831 3167 885 hac
3189 832 3387 901 quippe
3411 833 3554 902 regia
3582 847 3743 888 nemo
3762 837 3925 889 satel-

2338 920 2489 975 litum
2522 923 2787 991 regiorum
2814 963 2830 987 ,
2861 937 2965 975 non
2995 936 3189 976 curans
3231 921 3476 976 diadema
3501 923 3763 992 gestantis
3790 934 3845 979 et
3870 923 3926 979 in

2335 1013 2473 1068 solio
2519 1014 2754 1069 sedentis
2783 1013 3007 1083 gratiam
3034 1055 3048 1076 ,
3079 1014 3417 1083 graculorum
3448 1030 3604 1069 voces
3644 1015 3883 1069 imitatur
3906 1056 3925 1078 ,

2337 1117 2641 1159 muscarum
2685 1112 2738 1157 et
2784 1103 3011 1157 culicum
3062 1103 3356 1158 volantium
3403 1098 3688 1158 stridorem
3733 1123 3747 1157 :
3791 1106 3925 1160 nihil

2334 1195 2475 1247 cnim
2505 1194 2752 1250 meliores
2777 1193 2842 1247 iis
2873 1202 2995 1247 sunt
3037 1193 3310 1249 hominum
3344 1194 3544 1250 laudes.
3565 1193 3788 1264 Cognita
3817 1195 3924 1251 ita-

2332 1302 2439 1357 que
2460 1287 2808 1341 humanarnm
2840 1302 3018 1341 rerum
3049 1286 3066 1317 ²
3090 1285 3314 1351 vilitate,
3344 1286 3520 1341 omnia
3547 1286 3598 1341 in
3623 1288 3925 1344 tutissimos

2332 1376 2671 1433 conferamus
2714 1377 2991 1432 thesauros
3016 1419 3031 1444 ,
3074 1387 3129 1432 et
3174 1390 3480 1433 manentem
3526 1393 3925 1449 percttncntquc

2335 1472 2555 1540 gloriam
2596 1485 2901 1542 quaeramus
2930 1486 2945 1525 :
2974 1485 3131 1539 quam
3165 1470 3366 1524 utinam
3400 1485 3496 1525 nos
3519 1485 3707 1526 omnes
3730 1486 3925 1527 conse-
3978 1462 3979 1465 ¹

2332 1576 2597 1630 quatitur,
2630 1560 2799 1631 gratia
2846 1569 2901 1615 cl
2946 1560 3270 1629 benignitate
3321 1560 3528 1615 Domini
3575 1562 3743 1616 nostri
3787 1560 3942 1616 Jcsu-

2330 1651 2529 1707 Christi
2557 1694 2571 1718 ,
2605 1668 2698 1721 per
2747 1668 2904 1721 quetn
2932 1662 2985 1705 ct
3013 1666 3132 1705 cum
3160 1668 3265 1720 quo
3294 1651 3437 1706 Patri
3464 1652 3629 1721 gloria
3658 1694 3672 1717 ,
3706 1668 3925 1723 unaque

2330 1752 2517 1798 sancto
2546 1742 2787 1811 Spiritui,
2830 1757 2969 1799 nunc
2993 1750 3047 1797 et
3076 1756 3289 1811 semper
3315 1753 3369 1797 et
3395 1742 3447 1797 in
3473 1741 3666 1803 smcula
3697 1743 3923 1800 saculo-

2330 1851 2466 1891 rutn.
2500 1837 2690 1889 Anton.
3134 1838 3151 1854 ‘

2399 1936 2414 1965 ¹
2455 1934 2616 1984 tuorel.
2650 1933 2792 1997 legit,
2816 1931 3077 1994 hominum,
3110 1946 3218 1998 pro,
3239 1932 3557 1984 humanarum
3578 1947 3760 1985 rerum.

1984 2107 2331 2169 HOMILIA
2374 2108 2560 2169 XXX

640 2261 731 2316 5i.
771 2259 871 2328 Qui
913 2258 975 2313 de
998 2273 1198 2312 sursum
1224 2254 1384 2323 venit,
1417 2270 1568 2325 super
1592 2268 1763 2308 omnes
1798 2261 1869 2306 est
1895 2251 2021 2318 :qtii
2054 2260 2126 2305 est
2154 2249 2217 2303 de

873 2361 1026 2417 terra,
1050 2350 1112 2403 de
1141 2359 1272 2403 terra
1298 2356 1400 2412 est,
1422 2354 1469 2400 et
1489 2345 1552 2400 de
1581 2354 1712 2399 terra
1740 2344 1981 2414 loquitur.

710 2444 762 2497 1.
793 2440 966 2496 Grave
991 2437 1242 2509 quiddam
1270 2447 1352 2491 est
1380 2436 1566 2507 gloria:
1594 2448 1765 2499 amor,
1796 2447 1960 2503 grave
1985 2441 2039 2486 et
2065 2432 2220 2493 malis

638 2535 821 2591 multis
868 2534 1121 2589 refertum
1152 2547 1165 2583 :
1193 2529 1347 2599 spina
1394 2540 1477 2583 est
1522 2543 1642 2598 qua:
1671 2525 1889 2591 difﬁcile
1931 2524 2216 2589 avellitur,

639 2626 749 2682 fera
793 2640 911 2695 qua:
962 2620 1300 2677 mansueﬁeri
1348 2617 1552 2688 nequit,
1604 2618 1785 2673 multis
1831 2616 2091 2687 capitibus
2142 2614 2223 2668 in—

636 2726 859 2779 structa,
912 2714 962 2768 in
1004 2728 1098 2767 eos
1136 2711 1279 2781 ipsos
1306 2709 1397 2779 qui
1436 2724 1498 2763 se
1526 2707 1764 2762 nutriunt
1810 2717 2031 2761 armata.
2074 2703 2221 2758 Sicut

632 2806 778 2862 enim
810 2802 1003 2859 vermis
1043 2802 1181 2870 ligna
1212 2815 1240 2852 a
1268 2799 1458 2869 quibus
1484 2798 1716 2869 gignitur
1744 2797 1979 2852 corrodit
2002 2837 2017 2862 ,
2050 2806 2103 2851 et
2133 2810 2220 2849 ru-

636 2897 760 2965 bigo
808 2895 1003 2948 ferrum
1056 2907 1123 2947 ex
1167 2904 1273 2961 quo
1320 2890 1555 2944 nascitur
1599 2890 1885 2954 consumit,
1939 2896 1994 2942 et
2046 2888 2218 2941 lanam

638 2988 794 3040 linea:
826 3026 838 3037 .
871 2984 942 3037 ita
974 2982 1143 3036 inanis
1168 2980 1335 3050 gloria
1366 2980 1604 3034 altricem
1634 2994 1785 3034 suam
1817 2978 2048 3041 animam
2093 2993 2217 3048 per-

636 3076 733 3131 dit.
766 3073 887 3128 ldco
916 3073 1081 3126 multa
1108 3070 1262 3124 nobis
1302 3083 1436 3139 Opus
1473 3078 1555 3125 cst
1592 3069 1895 3140 diligentia,
1940 3078 1998 3123 ut
2037 3070 2219 3123 vitium

638 3167 740 3221 hoc
786 3164 1051 3219 tollamus.
1102 3161 1234 3215 Vide
1260 3175 1389 3229 ergo
1436 3167 1631 3229 quanta
1684 3159 1933 3214 decantet
1982 3158 2218 3214 Joannes

635 3256 909 3328 discipulis
949 3254 1059 3309 suis
1103 3254 1203 3308 hoc
1247 3252 1435 3308 morbo
1478 3252 1877 3315 laborantibus,
1921 3268 1984 3308 ac
2009 3254 2093 3307 vix
2124 3266 2218 3309 eos

635 3348 825 3404 sedare
853 3354 1040 3416 potest.
1072 3344 1204 3399 Nam
1232 3352 1352 3415 pOSt
1382 3345 1557 3414 priora
1584 3345 1671 3399 illa
1693 3344 1774 3399 his
1794 3343 1953 3400 etiam
1983 3344 2101 3400 tllos
2122 3344 2216 3405 de-

636 3440 828 3495 mulcet
858 3436 1191 3492 sermonibus
1221 3452 1233 3488 :
1268 3435 1369 3502 Qui
1396 3434 1459 3488 de
1479 3451 1678 3489 sursum
1705 3436 1853 3499 venit,
1876 3451 2030 3505 super
2046 3450 2217 3489 omnes

636 3540 706 3585 cst
736 3546 753 3582 :
778 3529 864 3599 qui
891 3536 961 3582 est
984 3528 1047 3581 de
1072 3535 1204 3580 terra
1224 3567 1237 3590 ,
1270 3526 1333 3579 de
1357 3534 1489 3580 terra
1519 3534 1612 3593 est,
1643 3537 1689 3580 et
1720 3526 1782 3581 de
1812 3536 1945 3581 terra
1975 3526 2213 3595 loquitur.

635 3622 789 3689 Quia,
813 3618 1003 3687 inquit,
1035 3617 1396 3672 testimonium
1418 3632 1595 3671 meum
1623 3617 1817 3687 ubique
1837 3616 2215 3682 eireumfertis,

635 3718 690 3764 et
739 3724 825 3764 me
879 3708 981 3762 fide
1035 3707 1404 3777 dignissimum
1461 3706 1804 3777 praedicatis;
1860 3707 1985 3763 illud
2040 3707 2219 3762 sciatis

636 3802 878 3869 oportet,
932 3814 1037 3853 non
1096 3798 1257 3854 licere
1298 3814 1431 3871 ocum
1462 3800 1551 3869 qui
1608 3799 1674 3855 de
1720 3801 1853 3856 caelo
1900 3801 2060 3868 venit,
2113 3799 2219 3856 [ide

637 3893 857 3961 dignum
886 3890 1032 3944 reddi
1055 3890 1123 3945 ab
1152 3904 1217 3945 eo
1240 3890 1328 3961 qui
1361 3890 1411 3943 in
1440 3898 1579 3945 terra
1609 3889 1826 3946 habitat.
1859 3890 1991 3947 Illud
2013 3903 2214 3957 autem,

636 3984 811 4053 Supra
842 3992 1131 4049 omnesrst,
1164 3982 1288 4051 quid
1330 3982 1629 4052 significat?
1660 3983 1791 4038 Eum
1836 3983 1979 4039 nullo
2017 3998 2178 4056 egere
2198 4025 2212 4049 ,

632 4074 731 4126 sibi
770 4071 1040 4136 sufﬁcere,
1088 4081 1138 4126 et
1166 4073 1283 4127 sine
1321 4073 1718 4142 comparatione
1759 4074 1994 4129 omnium
2041 4073 2210 4129 maxi-

635 4180 782 4217 mum
810 4177 956 4222 esse.
984 4163 1053 4217 Se
1082 4177 1207 4217 vero
1235 4162 1302 4216 de
1340 4171 1479 4217 terra
1520 4176 1638 4218 esse
1659 4171 1713 4218 et
1737 4163 1881 4233 loqui
1904 4163 2031 4218 dicit
2055 4205 2068 4226 ,
2106 4178 2213 4217 non

634 4254 775 4323 quod
812 4271 874 4308 ex
918 4254 1125 4323 propria
1157 4262 1332 4307 mente
1360 4253 1703 4321 loqueretur,
1744 4254 1837 4307 sed
1880 4263 1936 4307 ttt
1975 4252 2216 4308 Christus

638 4349 711 4400 ait
738 4365 751 4399 :
782 4346 840 4399 Si
873 4355 1066 4397 terrena
1097 4343 1202 4396 diri
1248 4344 1404 4409 vobis,
1456 4353 1501 4397 et
1550 4359 1648 4396 non
1706 4345 1905 4399 creditis
1951 4342 2125 4414 (Joan.
2158 4346 2213 4400 5.

639 4436 749 4505 12).
780 4436 1042 4504 Baptism:
1074 4435 1150 4488 sic
1176 4435 1423 4503 appellat,
1457 4450 1560 4488 non
1589 4434 1727 4506 quod
1761 4446 2025 4492 terrenum
2050 4448 2213 4504 es-ct,

636 4529 729 4583 sed
759 4528 879 4596 quia
910 4526 1042 4579 illud
1076 4541 1196 4579 cum
1229 4525 1474 4581 incﬁ‘abili
1507 4528 1849 4596 generatione
1877 4545 1970 4583 sua
1992 4545 2210 4600 compa-

640 4620 822 4682 rabat;
850 4619 929 4672 sic
954 4627 1008 4671 et
1032 4617 1136 4671 hoc
1165 4618 1281 4671 loco
1307 4632 1365 4672 se
1389 4616 1457 4671 de
1481 4628 1615 4673 terra
1641 4620 1780 4689 loqui
1806 4619 1937 4674 dixit
1956 4621 2211 4687 Joannes,

638 4724 787 4763 suam
814 4724 935 4761 eum
965 4707 1163 4761 Christi
1192 4706 1433 4761 doctrina
1470 4710 1855 4778 comparando.
1898 4710 2038 4765 Nihil
2070 4714 2212 4767 enim

636 4797 779 4854 aliud
826 4798 1085 4867 signiﬁcat
1132 4796 1275 4860 illud,
1317 4796 1389 4850 De
1420 4808 1552 4851 terra
1582 4800 1801 4867 loquitur
1824 4842 1838 4865 ,
1870 4817 2027 4870 quam
2072 4803 2214 4871 quod

633 4906 728 4945 sua
784 4889 995 4958 exigua,
1052 4887 1269 4941 humilia
1320 4897 1371 4942 et
1423 4888 1547 4942 vilia
1592 4891 1718 4951 sint,
1772 4892 1815 4944 si
1867 4908 1986 4946 cum
2016 4892 2214 4949 Christi

634 4982 999 5050 magnitudine
1030 4988 1405 5048 comparentur
1425 5021 1437 5042 ,
1470 4997 1531 5033 ac
1564 4990 1788 5036 terrena:
1831 4996 2035 5039 naturae
2064 4986 2216 5055 quasi

634 5072 824 5127 similia
864 5074 986 5125 sint.
1022 5070 1173 5140 Apud
1202 5070 1345 5124 illum
1377 5072 1518 5125 enim
1552 5072 1737 5128 Omnes
1763 5077 1985 5129 thesauri
2011 5079 2215 5146 sapien-

635 5165 718 5217 tia:
748 5163 1084 5216 reconduntur
1116 5161 1249 5233 (Col.
1284 5162 1337 5217 2.
1368 5164 1444 5232 5).
1478 5164 1627 5229 Quod
1660 5177 1835 5221 autem
1876 5168 1943 5223 de
1975 5170 2217 5225 humanis

636 5255 927 5311 ratiociniis
959 5271 1060 5308 non
1091 5256 1367 5325 loquatur,
1401 5257 1525 5311 hinc
1554 5257 1726 5327 palam
1758 5270 1855 5313 est.
1891 5261 1989 5328 Qui
2039 5273 2109 5315 est
2157 5280 2219 5317 ex

638 5359 793 5411 terra,
826 5364 887 5399 ex
915 5356 1045 5398 terra
1070 5357 1161 5401 est.
1192 5349 1347 5418 Atqui
1381 5365 1485 5405 non
1518 5361 1634 5405 erat
1660 5362 1804 5407 totus
1830 5352 1897 5407 de
1927 5363 2090 5420 terra,
2125 5356 2216 5411 sed

637 5439 899 5511 praecipua
939 5438 1172 5492 etelestia
1211 5448 1363 5494 erant
1396 5457 1409 5505 ;
1450 5442 1682 5497 animum
1721 5444 1916 5514 quippe
1955 5445 2213 5514 habehat,

636 5544 689 5585 et
728 5530 945 5599 spiritus
985 5531 1248 5599 particeps
1286 5542 1436 5599 erat,
1478 5550 1597 5605 qua:
1641 5550 1744 5590 non
1795 5546 1919 5591 sunt
1948 5538 2013 5592 de
2054 5548 2211 5595 terra.

640 5624 917 5690 Quomodo
956 5638 1083 5692 ergo
1131 5637 1189 5678 se
1228 5624 1295 5677 de
1335 5634 1472 5679 terra
1525 5641 1643 5682 esse
1681 5627 1860 5683 dicit?
1897 5628 2035 5683 Nihil
2076 5631 2215 5687 aliud

640 5715 722 5770 his
756 5716 1085 5785 significatur
1122 5730 1281 5785 quam
1307 5757 1321 5781 ,
1364 5717 1561 5775 Parvus
1600 5734 1717 5775 sum
1757 5730 1812 5777 et
1851 5722 2045 5779 nullius
2085 5739 2208 5795 pre-

2333 2247 2388 2302 tii
2414 2289 2428 2316 ,
2474 2258 2655 2318 utpote
2696 2252 2785 2319 qui
2826 2252 2970 2303 huntt
3020 2264 3200 2320 rcpant
3232 2259 3285 2304 et
3313 2249 3364 2305 itt
3399 2260 3537 2305 terra
3572 2261 3729 2306 natus
3774 2251 3876 2306 situ
3903 2294 3919 2317 ,

2330 2338 2578 2396 Christus
2603 2354 2779 2395 autem
2807 2341 2871 2396 ad
2902 2358 2999 2397 nos
3028 2343 3096 2398 de
3133 2342 3266 2397 casio
3311 2343 3475 2399 venit.
3509 2340 3639 2406 Cum
3679 2360 3775 2412 per
3803 2342 3922 2403 ha\c

2331 2432 2509 2487 omnia
2555 2447 2739 2488 eorum
2780 2433 3023 2488 morbum
3052 2434 3425 2499 restinxisset,
3457 2450 3579 2493 cum
3622 2434 3830 2504 majore
3856 2436 3922 2487 ﬁ-

2330 2524 2483 2585 ducia
2523 2525 2591 2580 de
2619 2523 2837 2581 Christo
2884 2527 3136 2600 loquitur.
3186 2530 3357 2582 Antea
3402 2527 3544 2590 enim
3586 2527 3920 2603 superﬂuunt

2328 2612 2513 2668 fuisset
2544 2614 2703 2669 verba
2750 2615 3072 2686 profundere
3095 2658 3110 2685 ,
3148 2632 3269 2677 cunt
3313 2618 3425 2673 haec
3463 2618 3516 2671 in
3549 2627 3729 2675 mente
3758 2617 3918 2678 audi-

2327 2714 2499 2759 torum
2544 2705 2719 2761 locum
2768 2709 3012 2769 inVenire
3048 2723 3157 2773 non
3201 2720 3419 2781 possent
3452 2728 3464 2764 :
3497 2719 3776 2788 postquam
3822 2728 3922 2776 au-

2326 2802 2431 2849 tem
2480 2799 2660 2864 spinas
2710 2799 2919 2861 evulsit,
2964 2799 3073 2876 jam
3109 2799 3442 2859 conﬁdenter
3486 2800 3691 2865 semina
3733 2802 3923 2869 jacere

2328 2885 2511 2954 incipit
2540 2886 2622 2940 his
2654 2888 2863 2943 verbis:
2893 2888 2990 2955 Qui
3011 2890 3075 2949 de
3104 2891 3227 2945 ca'lo
3248 2892 3401 2957 venit,
3433 2907 3586 2959 super
3612 2908 3781 2946 omnes
3805 2904 3880 2947 est
3898 2912 3922 2959 ,-

2326 2973 2413 3029 52.
2446 2984 2494 3028 et
2519 2977 2653 3052 quod
2691 2977 2811 3031 vidit
2839 2988 2883 3031 et
2913 2980 3124 3045 audivit,
3156 2980 3249 3033 hoc
3279 2983 3595 3049 testiﬁcatur,
3619 2993 3666 3035 et
3688 2985 3920 3036 testimo-

2325 3068 2463 3120 nium
2492 3068 2601 3137 ejus
2632 3085 2776 3123 nemo
2804 3071 3007 3139 accipit.
3042 3070 3285 3141 Magnum
3322 3071 3449 3141 quid
3494 3080 3550 3127 et
3586 3072 3819 3129 sublime
3846 3073 3921 3129 de

2323 3158 2439 3237 ipso
2468 3159 2716 3229 loquutus
2742 3200 2754 3223 ,
2789 3174 2973 3215 rursus
3019 3161 3085 3216 ad
3114 3145 3398 3216 humiliora
3448 3163 3619 3233 pergit
3646 3181 3660 3217 :
3690 3178 3813 3217 nam
3847 3163 3917 3218 il-

2324 3248 2413 3303 lud
2434 3290 2449 3314 ,
2486 3249 2634 3315 Quod
2659 3251 2849 3303 audivit
2874 3261 2921 3304 ct
2945 3253 3099 3317 vidit,
3132 3251 3417 3309 humanius
3442 3252 3642 3309 dictum
3668 3265 3771 3309 est.
3803 3254 3915 3312 Nc-

2320 3355 2423 3411 quc
2448 3341 2589 3395 enim
2612 3357 2675 3397 ex
2711 3342 2826 3397 visu
2854 3344 2936 3398 vel
2971 3343 3154 3399 auditu
3186 3344 3273 3399 illa
3300 3361 3420 3416 qua:
3462 3346 3665 3402 sciebat
3688 3362 3921 3428 accepe-

2322 3439 2405 3485 rat
2438 3448 2453 3497 ;
2496 3432 2589 3486 sed
2622 3433 2674 3487 in
2702 3443 2888 3488 natura
2919 3443 3090 3491 totum
3138 3434 3389 3501 habebat,
3430 3438 3518 3508 qui
3548 3438 3821 3508 perfectus
3847 3454 3918 3496 ex

2323 3520 2443 3576 sinu
2476 3531 2697 3592 paterno
2727 3523 2963 3591 exierat,
3008 3540 3106 3580 nec
3133 3527 3322 3597 egebat
3349 3527 3571 3584 doctore
3600 3546 3613 3582 :
3646 3546 3769 3585 nam
3798 3531 3874 3595 ait
3893 3571 3916 3599 ,

2324 3612 2470 3669 Sicut
2509 3616 2643 3669 novit
2688 3632 2767 3669 me
2808 3613 2991 3681 Pater,
3039 3618 3111 3671 ita
3154 3629 3201 3673 et
3248 3636 3338 3689 ego
3384 3637 3630 3692 cognosco
3679 3621 3913 3678 Patrem.

2322 3707 2458 3775 Quid
2493 3722 2622 3778 ergo
2667 3709 2932 3778 significat
2969 3710 3117 3777 illud,
3160 3712 3310 3779 Quod
3345 3715 3559 3780 audivit,
3589 3715 3833 3786 loquitur,
3866 3731 3916 3773 et

2321 3800 2455 3868 quod
2494 3799 2637 3864 vidit,
2670 3810 2879 3855 testatur
2906 3802 2931 3855 .’
2966 3803 3096 3869 Quia
3131 3819 3227 3874 per
3252 3806 3351 3860 hos
3387 3821 3579 3863 sensus
3607 3790 3706 3865 nos
3731 3812 3917 3871 omnia

2321 3890 2578 3955 discimus
2618 3902 2865 3947 accurate
2897 3936 2910 3959 ,
2944 3904 2993 3947 ct
3038 3894 3139 3951 fide
3170 3895 3314 3965 digni
3357 3898 3599 3972 magistri
3628 3900 3916 3972 habemur,

2321 3984 2463 4040 circa
2490 3998 2551 4039 ea
2582 3999 2700 4055 qua:
2742 3985 2823 4040 vel
2856 3986 2968 4045 visu
3004 3988 3083 4041 vel
3110 3988 3293 4049 auditu
3324 3994 3693 4069 percepimus,
3728 4006 3919 4064 utpote

2322 4078 2413 4155 qui
2456 4092 2555 4131 nec
2604 4078 2903 4147 ﬁngamus,
2957 4095 3053 4134 nec
3092 4079 3222 4135 falsa
3251 4083 3511 4138 dicamus.
3549 4083 3603 4138 Id
3631 4086 3918 4142 adstruere

2323 4168 2511 4228 volens
2539 4168 2772 4223 Joannes
2801 4170 2963 4238 dixit,
3004 4171 3129 4243 Qua:
3158 4175 3350 4227 audirit
3378 4186 3424 4228 et
3464 4176 3607 4245 vidit,
3641 4186 3697 4230 ut
3725 4188 3916 4233 osten-

2324 4258 2417 4315 dat
2461 4260 2591 4315 nihil
2624 4262 2675 4315 in
2709 4262 2801 4317 illo
2838 4266 3123 4335 mendacii,
3156 4266 3249 4321 sed
3280 4268 3457 4322 omnia
3486 4284 3609 4324 vera
3640 4285 3776 4325 esse.
3820 4273 3917 4328 Sic

2324 4360 2379 4405 et
2418 4366 2515 4407 nos
2542 4367 2685 4424 saepe
2716 4354 2926 4409 curiose
2951 4356 3328 4427 perquirimus,
3364 4358 3515 4413 Tune
3543 4360 3758 4427 audisti,
3784 4373 3917 4420 tune

2320 4441 2501 4497 vidisti
2528 4444 2549 4497 ἲ
2576 4446 2620 4499 si
2663 4444 2712 4498 id
2760 4447 3073 4510 afﬁrmatur,
3123 4457 3247 4503 tunc
3288 4458 3493 4504 certmn
3541 4451 3914 4510 testimonium

2322 4534 2662 4591 habetur.Sic
2675 4547 2725 4591 et
2746 4539 2857 4608 ipse
2870 4553 2989 4593 cum
3008 4539 3154 4603 dicit,
3179 4540 3324 4595 Sicut
3340 4542 3514 4606 audio,
3524 4544 3707 4613 judico
3728 4543 3911 4615 (Joau.

2322 4627 2373 4680 5.
2404 4626 2525 4697 50),
2554 4637 2627 4696 et,
2652 4628 2777 4693 Qum
2817 4631 2985 4683 audivi
3028 4648 3058 4683 a
3086 4630 3245 4687 Patre
3272 4651 3400 4699 meo,
3432 4636 3626 4704 loquor,
3674 4648 3747 4703 et,
3784 4639 3919 4706 Qui:

2322 4718 2541 4773 vidimus
2567 4761 2579 4784 ,
2614 4721 2865 4789 loquimur
2896 4722 2913 4791 (
2943 4720 3029 4774 Id.
3062 4723 3113 4777 8.
3153 4724 3243 4779 26.
3285 4737 3329 4779 et
3360 4727 3413 4780 5.
3446 4728 3503 4779 Η
3536 4726 3591 4794 ),
3639 4738 3691 4783 et
3718 4730 3915 4785 similia

2322 4810 2422 4863 alia
2471 4811 2725 4881 loquitur,
2776 4826 2880 4866 non
2922 4814 2989 4867 ita
3041 4814 3189 4880 dicit,
3243 4825 3301 4871 ut
3342 4816 3611 4874 diseatnus
3658 4821 3804 4875 illutn
3848 4839 3915 4878 ca

2324 4903 2595 4971 accepisse
2638 4919 2757 4971 qua:
2800 4904 2927 4960 dicit
2970 4906 3065 4975 (id
3110 4908 3257 4962 enim
3292 4921 3475 4980 putare
3523 4922 3777 4968 extrema-
3809 4915 3917 4973 de-

2326 4995 2535 5047 mentia:
2564 5005 2707 5049 esset
2744 4994 2799 5066 );
2834 4998 2927 5054 sed
2974 5015 3039 5053 ne
3066 4999 3191 5069 quid
3223 5018 3284 5054 ex
3314 5002 3469 5062 dieti.
3499 5004 3616 5073 ejus
3654 5006 3707 5077 in
3736 5009 3917 5077 διιευί-

2324 5084 2529 5139 cionem
2558 5098 2835 5143 vocaretur
2864 5090 2929 5155 ab
2955 5092 3347 5161 impudentiluts
3366 5095 3581 5152 ludatis.
3613 5099 3745 5167 Quia
3765 5103 3916 5163 enim

2325 5175 2557 5230 nondum
2582 5194 2698 5232 cant
2731 5196 2887 5255 quam
2922 5199 3015 5251 par
3045 5194 3159 5239 erat
3199 5186 3265 5241 de
3290 5187 3380 5243 illo
3406 5190 3709 5258 opinionem
3738 5192 3915 5249 habe-

2326 5266 2473 5337 bant,
2504 5269 2814 5340 l'requenter
2840 5274 2904 5328 ad
2934 5276 3145 5332 Patrem
3177 5281 3433 5350 confugit,
3472 5282 3704 5354 hincque
3732 5288 3923 5346 verbis

2324 5360 2433 5413 suis
2467 5360 2622 5414 fidem
2654 5362 2796 5426 facit.

2394 5453 2447 5507 2.
2492 5453 2559 5508 Et
2588 5455 2712 5525 quid
2744 5457 2953 5513 miraris
2984 5460 3027 5513 si
3054 5460 3117 5514 ad
3150 5462 3359 5518 Patrem
3391 5464 3679 5536 confugiat,
3708 5474 3840 5526 cum
3869 5484 3925 5527 et

2322 5546 2387 5600 ad
2442 5546 2730 5615 prophetas
2772 5558 2825 5603 et
2868 5550 2934 5605 ad
2981 5552 3283 5622 Scripturas
3326 5572 3469 5627 saspe
3514 5556 3820 5637 recurrat?
3867 5578 3927 5621 ut

2324 5635 2535 5707 quando
2564 5636 2720 5706 dicit,
2750 5638 2868 5694 Ilhr
2892 5653 3008 5696 sunt
3046 5660 3161 5713 quia
3186 5647 3522 5703 testimonium
3560 5635 3835 5719 perhibetit
3865 5660 3936 5709 de

2324 5745 2401 5782 me
2448 5728 2623 5798 (Ibid.
2661 5731 2714 5786 5.
2746 5732 2870 5803 39).
2904 5733 3038 5789 Num
3078 5751 3205 5808 ergo
3246 5739 3519 5811 pr0pltctis
3560 5741 3707 5797 illum
3737 5728 3928 5811 nliino-
