4162 6326
201 376 296 430 177i
1231 367 1295 423 ΙΝ
1334 364 1645 423 JOANNEM
1686 364 1919 423 liOMIL.
1964 363 2132 421 XXX.
2175 364 2246 419 al.
2289 364 2484 420 XXIX.

198 508 303 547 rem
328 502 447 544 esse
485 487 735 541 dicemus
756 526 770 551 ,
801 485 923 555 quia
957 483 1081 537 inde
1122 482 1425 535 testimonia
1467 488 1738 535 mutuatur
1767 479 1791 531 τ

198 582 363 637 Absit.
382 579 487 635 Sed
514 588 739 648 propter
765 576 1066 630 auditorum
1091 573 1454 627 inﬁrmitatem
1476 571 1555 626 sic
1580 584 1791 625 sermo-

198 688 312 727 nem
356 680 654 738 temperat,
684 676 741 723 et
778 683 843 722 ex
886 666 1043 720 Patre
1074 662 1252 718 audita
1294 677 1355 718 se
1386 676 1607 716 narrare
1638 661 1788 727 dicit,

198 779 296 817 non
326 762 479 831 quasi
510 760 735 814 doctore
765 765 949 829 egeat,
983 754 1077 810 sed
1110 764 1169 808 ut
1204 754 1278 808 illi
1306 752 1550 818 credant,
1585 752 1721 807 nihil
1759 766 1790 806 a

196 870 249 908 se
291 853 488 907 falsum
526 853 653 907 diei.
690 848 841 917 Quod
873 857 1051 903 autem
1080 846 1213 902 dicit
1239 845 1498 911 Joannes,
1528 846 1608 900 sic
1636 842 1795 898 intel-

197 946 294 1015 lige
324 962 338 997 :
369 944 497 998 Mihi
529 957 665 1013 opus
690 951 770 996 est
800 940 983 994 audire
1010 939 1077 993 ab
1109 938 1223 992 illo.
1266 937 1401 992 Nam
1438 935 1507 991 de
1536 937 1671 991 casio
1702 950 1794 990 ve-

195 1036 296 1101 nit,
339 1045 395 1089 et
421 1033 659 1088 cmlestia
691 1032 934 1097 nuntiat,
965 1045 1083 1100 quze
1111 1028 1261 1083 solus
1290 1029 1403 1096 ipse
1426 1026 1570 1081 clare
1594 1026 1742 1081 novit
1771 1040 1786 1090 ;

192 1142 311 1180 nam
346 1125 499 1191 illud,
534 1122 738 1177 Audiuit
776 1131 824 1177 et
857 1123 1001 1187 vidit,
1032 1121 1135 1177 hoc
1157 1118 1440 1190 signiﬁcat.
1472 1116 1540 1171 Et
1567 1117 1791 1171 testimo-

192 1218 330 1271 nium
359 1220 471 1287 ejus
498 1232 642 1269 ncnto
668 1215 873 1283 accipit.

256 1306 483 1362 Joannis
518 1304 761 1373 discipuli
797 1302 998 1358 Christo
1038 1318 1140 1356 non
1168 1300 1512 1356 crediderant.
1532 1330 1604 1340 —
1628 1299 1789 1369 Atqui

189 1398 491 1468 discipulos
520 1396 707 1451 habuit
745 1404 801 1450 et
839 1394 991 1450 multi
1036 1394 1197 1449 dictis
1242 1393 1357 1465 ejus
1388 1392 1785 1457 attendebant;

189 1506 283 1544 cur
325 1503 458 1557 ergo
502 1487 664 1551 dicit,
698 1484 865 1540 Nemo
907 1484 1135 1554 accipit!
1163 1483 1276 1539 Hoc
1306 1491 1411 1549 est,
1440 1481 1602 1538 Pauci
1646 1482 1790 1537 acci—

189 1581 362 1647 piunt.
401 1578 535 1633 Nam
567 1580 609 1632 si
655 1576 923 1632 neminem
952 1577 1213 1643 dixisset,
1243 1590 1341 1630 cur
1371 1575 1743 1645 subjunxisset
1770 1592 1784 1628 :

186 1673 269 1728 35.
307 1671 414 1737 Qui
451 1673 644 1739 accepit
682 1672 791 1741 ejus
835 1672 1198 1737 testimonium,
1242 1671 1458 1740 signavit
1501 1670 1621 1739 quia
1650 1668 1788 1722 Deus

187 1782 340 1820 ra'aa:
368 1777 442 1819 est
472 1766 497 1818 2
532 1764 629 1820 llic
654 1763 947 1834 discipulos
977 1780 1104 1819 suos
1134 1763 1485 1834 perstringit,
1520 1776 1583 1818 ac
1609 1762 1651 1815 si
1678 1777 1785 1815 non

185 1858 414 1911 multum
455 1855 504 1910 ei
542 1854 795 1910 credituri
825 1862 1024 1910 essent.
1050 1853 1200 1921 Quod
1230 1854 1373 1909 enim
1402 1868 1576 1924 neque
1601 1860 1785 1923 postea

185 1948 279 2017 ipsi
331 1946 700 2013 crediderint,
734 1946 906 2015 palam
950 1958 1036 2001 est
1076 1960 1141 2001 ex
1181 1945 1549 2015 sequentibus.
1582 1944 1787 1998 idcirco

184 2039 301 2094 illos
334 2041 389 2094 iu
428 2054 648 2094 carcere
677 2038 915 2092 inclusus
954 2039 1096 2093 misit
1123 2038 1190 2093 ad
1216 2054 1339 2093 eum
1363 2079 1377 2105 ,
1410 2046 1467 2092 ut
1492 2036 1640 2107 ipsos
1668 2053 1783 2091 ma-

181 2132 256 2200 gis
300 2130 406 2200 ipsi
445 2138 810 2185 connecteret.
847 2129 924 2184 llli
964 2144 1092 2184 vero
1125 2139 1251 2184 tunc
1292 2128 1453 2184 etiam
1487 2130 1574 2182 vix
1605 2128 1784 2195 credi-,-

181 2223 415 2288 dcrunt,
446 2220 589 2291 quod
618 2220 967 2277 subindicans
996 2221 1240 2277 Christus
1281 2219 1435 2287 dixit,
1470 2219 1661 2273 Beatus
1697 2221 1785 2289 qui

180 2332 276 2369 non
306 2316 468 2384 fuerit
494 2314 870 2368 scandalizatus
900 2314 950 2367 in
983 2330 1061 2367 me
1091 2313 1109 2385 (
1138 2313 1325 2367 Matth.
1360 2314 1449 2368 Η.
1479 2313 1511 2367 6
1542 2314 1583 2381 ).
1627 2312 1783 2367 Nulla

181 2408 339 2477 igitur
386 2406 496 2461 alia
541 2405 611 2461 de
639 2420 803 2461 causa
831 2406 989 2471 dicit,
1019 2402 1090 2458 Et
1117 2404 1459 2458 testimonium
1500 2404 1609 2473 ejus
1638 2419 1783 2457 nemo

179 2504 387 2571 accipit,
432 2516 593 2572 quam
624 2512 681 2556 ut
705 2499 1001 2571 discipulos
1030 2513 1159 2555 suos
1189 2498 1420 2563 erudiat,
1455 2512 1519 2552 ac
1544 2497 1590 2552 si
1629 2496 1779 2551 dice-

180 2603 259 2648 ret
292 2611 305 2644 :
350 2592 428 2648 Ne
466 2594 663 2662 putetis
691 2592 813 2663 quia
849 2590 1002 2662 pauci
1032 2589 1289 2646 credituri
1320 2596 1475 2655 sunt,
1506 2587 1625 2643 ideo
1651 2587 1781 2641 falsa

180 2684 264 2738 illa
314 2699 437 2739 esse
468 2699 587 2753 quas
616 2684 888 2739 dicuntur.
920 2681 1050 2737 Nam
1092 2682 1221 2748 Qua
1249 2681 1394 2745 vidit,
1434 2687 1665 2744 testatur,
1696 2679 1780 2733 in-

177 2775 312 2845 quit.
346 2774 477 2829 Ha'c
509 2788 672 2844 porro
700 2773 851 2839 dicit,
889 2782 945 2827 ut
978 2772 1138 2827 simul
1164 2772 1473 2827 Judzrorum
1506 2770 1777 2842 ignaviam

178 2867 541 2935 perstringat;
573 2873 629 2918 ut
666 2866 717 2919 in
760 2864 1026 2935 principio
1052 2864 1327 2935 Evangelii
1357 2864 1507 2933 ipsos
1535 2862 1780 2933 coarguit

179 2961 256 3015 his
286 2960 470 3015 verbis
504 2978 518 3012 :
547 2957 613 3012 In
641 2959 849 3027 propria
891 2958 1044 3022 venit,
1072 2967 1120 3012 et
1162 2958 1243 3011 sui
1283 2973 1399 3011 eum
1440 2972 1544 3009 non
1573 2971 1777 3026 recepe-

174 3061 310 3104 runt.
342 3049 459 3104 Hoc
484 3060 662 3104 autem
692 3063 798 3102 non
826 3047 1113 3112 venientis,
1142 3046 1238 3102 scd
1268 3060 1373 3101 non
1400 3045 1775 3115 recipientium

178 3154 456 3213 peccatum
489 3151 594 3199 est.
629 3140 943 3211 Quiaccepit
972 3142 1083 3211 ejus
1110 3139 1470 3204 testimonium,
1496 3140 1774 3211 obsignavit

174 3236 289 3301 quia
326 3233 467 3288 Deus
506 3250 663 3287 verax
689 3243 783 3287 est.
812 3231 911 3287 Hie
942 3233 1062 3287 illos
1088 3240 1352 3297 exterret,
1387 3246 1510 3285 cum
1542 3230 1778 3286 ostendit

172 3342 291 3381 eum
322 3326 413 3396 qui
451 3324 671 3379 Christo
696 3340 801 3378 non
828 3323 1022 3390 credit,
1063 3338 1168 3377 non
1196 3323 1357 3377 modo
1384 3337 1491 3376 non
1529 3322 1651 3391 ipsi,
1679 3321 1772 3377 sed

173 3433 347 3488 neque
376 3416 521 3471 Patri
544 3416 767 3471 credere
795 3433 810 3479 ;
838 3416 1187 3486 quamobrem
1215 3413 1398 3484 adjicit
1428 3432 1442 3469 :
1478 3414 1567 3468 54.
1610 3412 1772 3480 Quem

170 3510 306 3561 enim
355 3509 490 3561 misit
527 3506 688 3574 Deus,
718 3508 871 3561 verba
894 3505 991 3561 Dei
1016 3506 1259 3576 loquitur.
1290 3504 1424 3573 Quia
1453 3519 1581 3575 ergo
1608 3503 1771 3559 verba

169 3600 289 3667 ejus
336 3600 590 3669 loquitur,
621 3606 675 3653 et
724 3598 952 3653 credens
1003 3597 1077 3652 illi
1127 3596 1318 3661 credit,
1353 3604 1407 3651 et
1457 3595 1770 3650 incredulus

172 3692 250 3746 illi
280 3708 390 3747 non
418 3691 611 3747 credit.
653 3690 791 3745 illud
835 3700 1037 3757 autem,
1073 3690 1392 3761 Obsignavit,
1438 3688 1489 3744 id
1530 3698 1632 3754 est,
1663 3688 1768 3744 Os-

171 3783 365 3840 tendit.
407 3783 695 3852 Postquam
743 3783 858 3840 hzec
901 3784 1037 3838 dixit
1060 3791 1115 3838 et
1143 3782 1391 3838 timorem
1420 3782 1600 3846 auxit,
1635 3780 1771 3850 adji-

166 3874 283 3928 cit:
319 3875 452 3940 Quia
479 3872 616 3929 Deus
640 3891 793 3929 veras;
816 3884 928 3941 est;
956 3873 1282 3945 signiﬁcans,
1313 3871 1586 3927 neminem
1610 3886 1769 3941 posse

165 3966 250 4020 illi
291 3980 399 4019 non
428 3966 669 4032 credere,
704 3967 804 4021 nisi
833 3965 1095 4021 mendacii
1126 3974 1312 4035 arguat
1343 3963 1509 4019 Deum
1552 3962 1639 4033 qui
1668 3963 1769 4017 mi-

164 4058 241 4112 sit
280 4058 481 4128 ipsum.
522 4056 785 4125 Quoniam
817 4057 977 4127 igitur
1017 4056 1148 4111 nihil
1190 4064 1339 4111 extra
1368 4070 1431 4109 ea
1479 4069 1599 4125 qua:
1644 4062 1769 4109 sunt

166 4149 355 4205 Patris
384 4148 508 4203 dicit
532 4148 799 4213 Christus,
844 4149 937 4203 sed
982 4149 1161 4202 omnia
1192 4147 1336 4202 illius
1361 4155 1487 4202 sunt
1516 4147 1654 4221 ;.qui
1688 4146 1769 4217 ip.

162 4258 284 4297 sum
318 4257 428 4296 non
460 4240 624 4307 audit,
661 4242 960 4295 mittentem
1001 4240 1215 4296 Patrem
1243 4255 1348 4295 non
1380 4239 1549 4295 audit.
1577 4238 1765 4295 Viden’

159 4332 443 4406 quomodo
476 4333 621 4403 ipsos
663 4348 759 4403 per
801 4332 916 4389 haec
954 4334 1117 4389 etiam
1157 4332 1464 4404 percellat?
1495 4332 1766 4389 Hactenus

159 4427 314 4481 enim
351 4424 475 4477 nihil
502 4440 666 4495 grave
695 4423 955 4495 putabant
977 4438 1100 4479 esse
1125 4425 1395 4479 Christum
1421 4438 1527 4479 non
1555 4424 1763 4480 audire.

161 4518 294 4575 Ideo
332 4525 533 4571 tantum
581 4516 875 4585 periculum
908 4515 1199 4572 incredulis
1230 4516 1545 4587 impendere
1574 4526 1765 4571 osten-

154 4612 276 4677 dit,
308 4618 377 4664 ut
422 4608 629 4663 discant
666 4606 938 4663 Christum
985 4622 1091 4662 non
1136 4607 1322 4663 audire
1368 4607 1600 4678 idipsum
1643 4622 1767 4663 esse

154 4704 311 4775 quod
349 4700 509 4756 Deum
550 4717 654 4755 non
688 4700 894 4755 audire.
936 4700 1141 4755 Deinde
1184 4701 1548 4771 prosequitur,
1590 4700 1763 4755 imbe-

152 4794 382 4852 cillitati
423 4795 840 4854 mentiseorum
875 4808 934 4849 se
961 4804 1357 4865 attemperans,
1404 4795 1488 4850 his
1537 4794 1717 4850 verbis
1747 4811 1760 4847 :

154 4892 288 4947 Non
327 4890 462 4945 enim
497 4890 566 4944 ad
590 4906 880 4945 mensuram
917 4890 1005 4943 dat
1040 4887 1181 4944 Deus
1222 4871 1499 4959 Spirilu'tt.
1532 4888 1760 4954 Rursus,

153 4994 211 5038 ut
243 4980 392 5044 dixi,
412 4980 674 5037 humiliori
704 4981 864 5037 modo
886 4981 1142 5051 loquitur,
1173 4982 1251 5035 sic
1284 4980 1500 5035 varians
1527 4980 1593 5035 ad
1627 4980 1762 5036 faci-

152 5075 365 5131 liorem
389 5072 687 5128 auditorum
732 5083 947 5142 captum
981 5088 997 5138 ;
1047 5087 1153 5126 non
1183 5073 1327 5129 enim
1360 5080 1570 5143 poterat
1605 5071 1766 5130 aliter

152 5152 610 5234 uretnmtangere.
642 5163 775 5219 Nam
806 5165 850 5219 si
872 5162 998 5234 quid
1026 5162 1093 5218 de
1124 5164 1240 5233 ipso
1268 5178 1519 5234 magnum
1548 5171 1603 5219 et
1625 5162 1760 5218 sub-

150 5259 289 5315 iime
338 5256 590 5321 dixisset,
625 5271 729 5312 non
774 5257 1159 5323 credidissent,
1190 5255 1285 5311 sed
1334 5256 1386 5310 id
1424 5255 1575 5310 nihili
1606 5256 1763 5312 fecis-

151 5360 309 5407 sent.
342 5346 463 5403 ldeo
486 5349 550 5403 ad
571 5349 784 5403 Patrem
804 5358 974 5402 totum
998 5346 1184 5414 refert,
1210 5348 1278 5402 de
1305 5346 1523 5402 Christo
1550 5348 1758 5403 interim

151 5444 317 5514 quasi
353 5440 418 5497 de
446 5441 663 5497 homine
684 5444 930 5511 loquens.
960 5440 1098 5509 Quid
1132 5456 1262 5496 vero
1289 5440 1553 5511 signiﬁcat
1581 5442 1709 5496 illud
1744 5461 1757 5497 :

156 5536 285 5591 Non
335 5535 403 5587 ad
448 5551 734 5588 mensuram
776 5535 864 5587 dat
910 5534 1045 5588 Deus
1076 5536 1377 5605 Spiritum?
1404 5534 1511 5589 Nos
1548 5551 1755 5599 omucs,

149 5629 226 5683 sit
252 5669 266 5691 ,
307 5624 375 5678 ad
413 5642 718 5681 mensuram
748 5626 977 5696 Spiritus
1004 5627 1373 5695 operationem
1402 5628 1707 5694 accepimus
1736 5648 1751 5691 ;

154 5738 254 5790 per
287 5718 544 5788 Spiritum
591 5718 736 5774 enim
784 5719 867 5773 hic
908 5721 1271 5789 operationem
1310 5718 1560 5788 intelligit
1600 5739 1611 5773 :
1647 5720 1759 5773 Inui:

155 5815 362 5885 quippe
413 5826 474 5867 ea
522 5820 607 5865 est
656 5825 777 5879 qua:
830 5810 1168 5864 distribuitur
1213 5828 1226 5862 :
1280 5808 1369 5864 hic
1418 5824 1548 5864 vero
1592 5819 1753 5866 totam

477 5920 755 5983 Pnaon
808 5923 923 5982 Gn.
976 5925 1134 5986 LIX.

3410 365 3511 420 1'“

1911 479 2060 534 illam
2105 480 2222 535 sine
2278 495 2531 535 mensura
2581 479 2745 536 habet
2788 479 3182 550 operationem.
3233 480 3288 537 Si
3328 492 3509 537 autem

1902 571 2146 640 operatio
2170 572 2289 642 ejus
2318 573 2580 628 immensa
2608 583 2693 629 est
2720 573 2889 628 multo
2916 573 3088 645 magis
3114 574 3233 643 ejus
3259 574 3509 627 substan-

1905 661 1997 715 tia.
2030 661 2216 716 Viden‘
2239 661 2503 732 Spiritum
2533 664 2694 719 etiam
2719 664 3043 719 immensum
3067 658 3228 719 esse?
3252 662 3351 730 Qui
3380 679 3512 733 ergo

1902 760 2067 806 totam
2121 752 2352 822 Spiritus
2399 756 2769 824 operationem
2818 755 3070 825 accepit;
3118 755 3209 824 qui
3258 771 3342 822 ea,
3390 770 3511 826 qua:

1901 854 2027 898 sunt
2070 843 2199 910 Dei,
2249 848 2435 911 novit;
2486 849 2576 918 qui
2626 847 2799 903 dicit;
2837 848 2987 914 Quod
3024 848 3313 903 audivimus
3343 849 3512 917 loqui-

1900 950 2035 1000 mur,
2083 944 2128 989 et
2165 937 2302 1007 quod
2330 938 2547 993 vidimus
2591 946 2835 992 testamur
2858 955 2878 1001 ,'
2907 938 3181 1009 quomodo
3211 941 3381 1008 possit
3412 954 3507 994 su-

1897 1033 2114 1093 spectus
2161 1026 2395 1083 haberi?
2431 1027 2575 1083 Nihil
2602 1028 2749 1084 enim
2789 1029 2920 1083 dicit
2959 1028 3103 1100 quod
3148 1045 3256 1083 non
3286 1030 3356 1084 sit
3387 1030 3504 1095 Dei,

1899 1114 2033 1169 nihil
2071 1116 2218 1181 quod
2262 1132 2367 1172 non
2410 1118 2481 1172 sit
2522 1118 2778 1189 Spiritus.
2822 1121 2999 1191 Atque
3027 1120 3241 1175 interim
3270 1120 3406 1175 nihil
3436 1121 3507 1177 de

1898 1204 2011 1261 Deo
2024 1206 2201 1262 Verbo
2234 1209 2492 1279 loquitur,
2520 1211 2615 1265 sed
2633 1226 2701 1267 ex
2724 1211 2882 1266 Patre
2900 1220 2955 1266 et
2978 1228 3042 1267 ex
3068 1212 3272 1282 Spiritu
3299 1211 3503 1269 dcctri-

1896 1313 1979 1353 na:
2020 1313 2133 1354 suae
2181 1299 2341 1356 ﬁdem
2370 1302 2646 1361 conciliat.
2676 1302 2831 1370 Quod
2862 1303 3001 1359 Deus
3030 1311 3178 1359 esset
3208 1314 3504 1373 noverant,

1895 1388 2040 1459 quod
2068 1389 2302 1459 Spiritus
2340 1401 2487 1447 esset
2526 1392 2805 1459 sciebant,
2834 1393 2937 1449 etsi
2974 1409 3082 1449 non
3114 1406 3505 1465 congruentem

1896 1479 1964 1536 de
1994 1482 2083 1537 illo
2109 1484 2419 1553 opinionem
2446 1484 2710 1540 haberent
2740 1504 2754 1539 :
2782 1486 2925 1556 quod
2954 1495 3135 1541 autem
3168 1485 3337 1542 Filius
3360 1497 3508 1543 esset

1895 1576 2227 1632 nesciebant.
2272 1576 2399 1633 ideo
2429 1592 2645 1647 semper
2684 1577 2751 1633 ad
2782 1578 2996 1633 Patrem
3044 1588 3099 1633 et
3135 1578 3201 1633 ad
3245 1579 3503 1648 Spiritum

1894 1666 2169 1738 confugit,
2201 1678 2260 1724 ut
2286 1669 2444 1724 dictis
2485 1670 2647 1726 ﬁdem
2679 1671 2953 1726 conciliet.
2988 1670 3122 1724 Nam
3154 1672 3197 1725 si
3241 1672 3362 1741 quis
3405 1670 3506 1724 hac

1893 1759 2101 1815 sublata
2145 1776 2338 1829 causa,
2390 1776 2697 1819 sermonem
2750 1777 2847 1833 per
2876 1777 2947 1818 se.
2975 1761 3312 1844 consideret,
3344 1760 3503 1832 longe

1894 1851 2046 1907 abest
2075 1868 2104 1907 a
2133 1852 2397 1923 dignitate
2436 1850 2656 1909 Christi.
2688 1852 2804 1908 Non
2836 1854 2978 1908 enim
3013 1851 3135 1907 ideo
3162 1852 3267 1909 ﬁde
3307 1852 3499 1923 dignus

1894 1944 2026 2014 ipsis
2055 1953 2191 2010 erat,
2213 1944 2356 2014 quod
2384 1943 2615 2014 Spiritus
2644 1945 3015 2015 operationem
3041 1943 3263 2000 haberet
3297 1964 3313 2001 :
3343 1945 3503 2015 quip-

1892 2049 1959 2103 pe
1987 2034 2076 2104 qui
2110 2050 2216 2089 non
2248 2045 2402 2105 egeat
2431 2036 2631 2091 auxilio
2655 2034 2820 2100 illius,
2850 2036 2945 2091 sed
2974 2036 3072 2090 sibi
3104 2036 3219 2105 ipse
3244 2035 3498 2091 sufﬁciat.

1892 2124 2111 2182 Interim
2139 2142 2269 2183 vero
2296 2128 2595 2183 secundum
2626 2128 3015 2197 simpliciorum
3061 2128 3371 2197 opinionem
3414 2129 3503 2183 lo-

1891 2219 2095 2289 quitur,
2125 2230 2183 2275 ut
2201 2220 2271 2275 ab
2300 2220 2678 2276 humilioribus
2710 2221 2966 2290 paulatim
2996 2220 3117 2275 illos
3148 2222 3339 2291 erigat.
3374 2220 3503 2275 Hasc

1891 2319 2071 2367 autem
2099 2311 2223 2367 dico
2244 2352 2258 2378 ,
2287 2320 2345 2366 ut
2375 2327 2447 2366 ne
2482 2311 2660 2367 obiter
2690 2312 2985 2383 Scriptum
3008 2311 3149 2367 dicta
3180 2321 3517 2382 prastercur-r

1888 2420 2090 2471 ramus,
2121 2405 2214 2461 sed
2249 2414 2304 2462 et
2330 2404 2564 2462 dicentis
2592 2420 2818 2477 scopum
2846 2414 2901 2461 et
2928 2404 3235 2462 auditarum
3263 2405 3497 2461 imbecilo

1891 2498 2095 2556 litatem
2144 2501 2357 2572 aliaque
2410 2504 2577 2559 multa
2641 2503 2974 2574 exploranda
3026 2517 3148 2559 esse
3200 2503 3497 2558 discamus.

1890 2590 2154 2648 Doctores
2194 2594 2338 2649 enim
2382 2610 2490 2649 non
2521 2595 2699 2649 omnia
2745 2603 2805 2650 ut
2830 2594 3033 2649 vellent
3059 2594 3162 2664 ipsi
3193 2593 3497 2665 proferunt,

1888 2682 1982 2739 sed
2018 2684 2275 2755 pleraque
2314 2687 2380 2741 ad
2422 2687 2731 2742 auditorum
2770 2697 2986 2755 captum
3021 2685 3498 2753 inﬁrmitatemque

1889 2783 2212 2845 temperant.
2261 2776 2387 2832 ideo
2430 2777 2630 2833 Paulus
2679 2778 2756 2833 ait
2796 2795 2810 2831 :
2845 2776 2967 2831 Non
3015 2777 3158 2847 potui
3186 2776 3322 2831 vobis
3360 2775 3497 2847 loqui

1884 2868 2033 2936 quasi
2059 2868 2434 2939 spiritualibns,
2459 2872 2550 2926 sed
2576 2872 2727 2944 quasi
2761 2872 3073 2926 carnalibus.
3102 2869 3207 2925 Lac
3234 2872 3370 2925 vobis
3404 2888 3497 2940 po-

1884 2970 1992 3014 tum
2019 2955 2157 3028 dedi,
2183 2979 2285 3017 non
2312 2962 2478 3017 cibum
2507 2964 2583 3037 (i.
2605 2963 2722 3019 Cor.
2749 2966 2873 3021 5.1.
2895 2962 2977 3034 2).
3000 2964 3279 3031 Volebam,
3300 2963 3494 3033 inquit.

1883 3052 2037 3108 vobis
2067 3064 2124 3109 ut
2149 3054 2519 3123 spiritualibus
2560 3057 2726 3127 loqui,
2772 3071 2871 3112 nec
2910 3056 3079 3126 potui.
3121 3057 3300 3125 Quare
3327 3056 3351 3108 τ
3377 3054 3493 3110 Non

1882 3144 2023 3215 quod
2066 3146 2157 3201 ille
2188 3162 2294 3201 non
2325 3156 2544 3216 posset,
2574 3147 2670 3203 sed
2711 3147 2835 3218 quia
2880 3147 2956 3203 illi
2985 3162 3092 3203 non
3127 3154 3379 3217 poterant
3414 3146 3496 3201 sic

1881 3236 2092 3292 audire.
2119 3235 2211 3293 Sic
2228 3248 2284 3290 et
2306 3235 2543 3293 Joannes
2569 3238 2787 3304 volebat
2812 3252 3003 3309 magna
3023 3236 3268 3309 quaedam
3292 3236 3494 3292 docere

1880 3328 2198 3399 discipulos,
2230 3329 2325 3385 sed
2372 3330 2423 3384 id
2456 3330 2532 3385 illi
2563 3330 2801 3385 nondum
2829 3344 3023 3399 capere
3056 3337 3327 3401 poterant.
3363 3327 3490 3385 Ideo

1880 3419 1934 3474 iu
1958 3419 2333 3476 humilioribus
2363 3422 2598 3478 maxime
2626 3431 2895 3478 versatur.

1949 3513 2002 3567 5.
2048 3512 2342 3584 Diligenter
2374 3513 2533 3585 igitur
2569 3513 2750 3569 omnia
2795 3521 2921 3569 sunt
2969 3512 3322 3584 exploranda.
3356 3512 3489 3569 Nam

1878 3604 2169 3675 Scriptum
2206 3604 2351 3660 dicta
2397 3606 2696 3677 spiritualia
2738 3622 2891 3663 arma
2934 3616 3080 3662 sunt.
3121 3605 3320 3664 Verum
3348 3608 3394 3663 si
3424 3623 3487 3663 ea

1875 3696 2131 3767 adaptare
2155 3707 2207 3755 et
2236 3698 2531 3769 discipulos
2562 3700 2728 3771 probe
2754 3716 2968 3757 armare
2995 3701 3324 3768 nesciamus,
3372 3703 3491 3771 ipsa

1875 3788 2090 3859 quidem
2120 3804 2281 3845 suam
2303 3792 2411 3845 vim
2442 3790 2680 3858 habent,
2710 3791 2809 3848 sed
2851 3793 3074 3848 armatis
3104 3792 3315 3847 inutilia
3339 3803 3486 3848 sunt.

1876 3883 2258 3955 Supponamus
2282 3899 2404 3941 esse
2421 3882 2637 3940 ﬁrmum
2659 3886 2957 3953 thoracem,
2982 3886 3210 3957 galeam,
3236 3887 3484 3958 clypeum

1874 3986 1929 4032 ct
1953 3980 2192 4033 hastam:
2214 3976 2412 4034 deinde
2437 3993 2583 4034 arma
2614 3979 2702 4034 illa
2724 3980 2847 4050 quis
2866 3979 3115 4050 accipiat,
3140 3989 3194 4034 et
3212 3979 3487 4035 thoracem

1875 4069 2131 4140 pedibus;
2158 4070 2366 4141 galeam
2392 4087 2499 4127 non
2529 4073 2713 4144 capiti,
2748 4073 2843 4129 sed
2872 4074 3072 4139 oculis;
3100 4075 3352 4145 clypeum
3376 4089 3483 4129 non

1876 4161 2099 4230 pectori,
2127 4161 2221 4217 sed
2251 4162 2477 4233 pedibus
2504 4163 2726 4234 adaptet
2753 4182 2767 4219 :
2791 4180 2857 4219 an
2878 4166 3077 4235 poterit
3103 4165 3186 4220 his
3211 4166 3379 4219 armis
3398 4165 3489 4233 ju-

1874 4253 2026 4307 vari?
2052 4268 2232 4308 annon
2257 4254 2437 4323 potius
2466 4255 2531 4310 iis
2561 4255 2827 4310 lazdetur?
2860 4256 2994 4311 Illud
3042 4266 3191 4311 certe
3221 4256 3485 4328 liquidum

1871 4352 1975 4399 est.
2006 4343 2121 4399 Hoc
2144 4359 2272 4400 vero
2319 4360 2425 4400 non
2454 4362 2518 4400 ex
2549 4360 2823 4401 armorum
2856 4346 3225 4402 imbecillitate
3248 4389 3264 4414 ,
3296 4348 3389 4403 sed
3419 4363 3487 4402 ex

1872 4435 2138 4505 imperitia
2165 4437 2365 4492 utentis
2384 4438 2653 4507 provenit.
2683 4438 2757 4493 ita
2788 4448 2843 4494 et
2870 4438 2923 4493 in
2947 4438 3264 4511 Scripturis,
3294 4440 3341 4496 si
3362 4441 3484 4496 illa-

1872 4540 1990 4581 rum
2036 4525 2283 4581 ordinem
2322 4526 2719 4582 confundamns
2746 4569 2761 4595 ,
2806 4528 2913 4583 illa:
2943 4544 3162 4600 semper
3186 4544 3283 4585 sua
3324 4541 3486 4587 erunt

1872 4618 1923 4672 vi
1955 4618 2233 4675 instructae
2264 4636 2277 4672 :
2308 4635 2409 4675 nos
2436 4635 2569 4675 vero
2594 4621 2725 4675 nihil
2752 4620 3037 4691 juvabunt.
3064 4620 3193 4679 llaec
3213 4622 3369 4679 vobis
3391 4639 3485 4696 pu-

1873 4711 2011 4768 blice
2034 4720 2090 4768 et
2112 4713 2356 4783 privatim
2386 4721 2661 4783 repetens,
2687 4714 2820 4769 nihil
2852 4716 3077 4783 proﬁcio
3105 4733 3119 4769 :
3152 4704 3281 4772 nam
3308 4733 3483 4774 smcu-

1872 4803 2075 4859 laribus
2105 4819 2200 4859 vos
2237 4819 2459 4875 semper
2497 4805 2661 4862 rebus
2699 4805 2946 4862 addictos
2982 4809 3259 4879 conspicio
3286 4852 3301 4875 ,
3349 4810 3481 4866 dum

1876 4893 2171 4965 spiritualia
2210 4894 2344 4950 nihil
2377 4894 2632 4966 penditis.
2664 4896 2790 4952 ideo
2816 4907 2867 4951 et
2903 4896 3067 4953 vitam
3118 4900 3439 4971 negligimus
3464 4943 3481 4967 ,

1870 4998 1922 5043 et
1952 5004 2073 5044 cum
2096 5003 2194 5059 pro
2215 4990 2442 5046 veritate
2467 4999 2760 5057 certamus,
2793 5005 2899 5046 non
2934 5007 3125 5063 magna
3149 4994 3199 5047 vi
3230 4994 3481 5051 instructi

1868 5093 2077 5147 sumus,
2101 5080 2194 5136 sed
2224 5080 2431 5136 ridiculi
2458 5082 2755 5147 evadimus,
2784 5092 2893 5139 tum
2921 5084 3061 5153 apud
3084 5086 3337 5155 gentiles,
3367 5097 3481 5143 tum

1870 5172 2009 5243 apud
2034 5172 2250 5227 Judaeos
2276 5180 2331 5228 et
2357 5174 2498 5244 apud
2532 5174 2839 5230 haereticos.
2864 5177 3019 5243 Quod
3045 5180 3088 5231 si
3118 5179 3169 5231 in
3196 5178 3319 5235 aliis
3340 5196 3481 5250 quo-

1869 5280 1974 5336 que
1998 5265 2161 5319 rebus
2188 5265 2301 5334 pari
2345 5265 2672 5335 negligentia
2694 5269 2981 5322 nteremiui
3008 5309 3024 5335 ,
3055 5284 3121 5323 ne
3146 5270 3223 5325 sic
3260 5270 3478 5339 quidem

1870 5356 2021 5410 vobis
2050 5364 2195 5410 esset
2236 5356 2645 5425 ignoscendum.
2676 5355 2877 5412 Verum
2912 5358 2963 5412 in
2990 5359 3343 5415 smcularibus
3388 5375 3480 5415 ne-

1870 5450 2029 5519 gotiis
2058 5449 2284 5520 quisque
2310 5457 2550 5504 vestrum
2580 5460 2662 5505 est
2682 5450 2863 5520 gladio
2884 5453 3111 5520 acutior,
3143 5462 3251 5508 tam
3274 5455 3363 5525 qui
3387 5470 3481 5510 ar-

1874 5553 1952 5596 tes
1980 5550 2258 5607 exercent,
2284 5556 2443 5613 quam
2475 5544 2563 5613 qui
2594 5558 2680 5597 res
2708 5544 2893 5600 civiles
2917 5555 3169 5601 tractant.
3198 5546 3253 5602 In
3288 5564 3481 5603 ncces-

1872 5633 2029 5687 sariis
2054 5648 2183 5687 vero
2232 5630 2287 5686 et
2326 5634 2697 5702 spiritualibus
2723 5678 2737 5701 ,
2774 5638 2947 5707 ignavi
2992 5654 3213 5707 prorsus
3248 5654 3433 5695 sumus
3462 5684 3473 5706 ,

1873 5723 2004 5778 levia
2050 5723 2211 5778 rebus
2252 5723 2409 5777 seriis
2448 5724 2816 5793 prarferentes.
2868 5728 2999 5795 Qua:
3041 5741 3220 5785 autem
3267 5735 3478 5787 caeteris

1872 5816 2120 5869 omnibus
2162 5814 2513 5869 antcfereuda
2554 5826 2745 5885 erant,
2797 5818 2910 5873 haec
2965 5836 3031 5875 ne
3078 5821 3216 5876 levia
3262 5823 3475 5892 quidem

3034 5933 3094 5988 ii
