4162 6326
690 388 789 443 1ῖὸ

687 520 912 566 censere
922 505 1228 576 dignamur.
1249 496 1332 551 An
1350 487 1565 548 nescitis
1587 484 1700 538 lucc
1716 493 1821 534 non
1848 473 2037 546 priscis
2058 475 2259 576 tantum

696 557 1216 661 hominibususcripta
1237 599 1377 651 esse,
1405 579 1500 639 sed
1519 577 1677 635 etiam
1700 571 1856 627 nobis
1885 567 1945 622 ‘l
1969 564 2085 622 Non
2111 557 2263 661 audis

697 692 916 750 Paulum
936 651 1197 742 dicentem
1228 696 1243 733 :
1279 677 1404 733 Hec
1428 672 1497 728 ad
1522 679 1746 726 nostram
1766 660 2060 750 doctrinm:
2076 651 2263 750 scripta

1114 775 1238 845 ﬁnes
1263 767 1562 825 saeculorum
1583 760 1884 850 devenerunt
1917 749 2002 850 (l;
2019 743 2137 850 cor:
2169 738 2259 795 10.

871 879 927 927 ut
960 834 1064 940 ’ρον
1107 834 1398 935 patientiam
1442 863 1490 910 et
1531 845 1920 949 consolationem
1963 834 2264 949 Scriptura-

693 926 1266 1031 tspem'habeamus
1301 949 1472 1021 (Rem.
1501 943 1588 999 15.
1616 940 1724 1031 h)“:
1753 933 1876 990 Scio
1902 926 2268 1031 equidem.

694 1013 1106 1119 frus-traloqui,
1151 1042 1244 1100 sed
1295 1013 1453 1094 finem
1499 1027 1711 1088 dicendi
1753 1038 1858 1079 non
1901 1019 2110 1119 faciam.
2143 1013 2269 1112 Haec

696 1144 840 1198 enim
881 1101 1120 1195 facigndo
1148 1129 1286 1202 apud
1325 1129 1489 1182 Deum
1528 1123 1812 1178 excusatus
1856 1124 1988 1175 ero,
2016 1101 2267 1202 etiamsi

701 1235 874 1289 nullus
899 1190 1108 1286 audiat;
1129 1190 1285 1278 Certe
1314 1217 1402 1290 qui
1421 1211 1637 1270 attentis
1663 1204 1916 1277 loquitur,
1950 1190 2270 1290 consolatio-

701 1344 819 1384 nem
849 1341 915 1381 ex
941 1321 1241 1378 auditorum
1287 1304 1630 1379 obsequentia
1669 1297 1866 1367 accipit
1899 1310 1914 1349 :
1957 1288 2046 1362 qui
2093 1290 2270 1386 autem

699 1430 843 1485 smpc
884 1411 1206 1467 concionans
1234 1418 1338 1459 non
1369 1399 1599 1463 auditur,
1633 1404 1732 1447 nec
1759 1397 1939 1444 tamen
1967 1385 2271 1436 concionari

769 1572 785 1601 ¹
821 1567 1016 1627 Quidam
1035 1563 1235 1621 habent,
1262 1557 1406 1617 vobis,
1432 1565 1537 1618 pro,
1558 1546 1708 1600 nobis.

1435 379 1493 433 5.
1532 364 1803 430 JOANNIS
1837 347 2306 422 CHRYSOSTOMI
2347 341 2663 402 ARClllEP.
2702 337 3233 396 CONSTANTINOP.

3853 331 3956 385 176

2367 465 2566 526 cessat,
2621 451 2810 523 majori
2855 449 3076 521 prmmio
3112 448 3305 517 dignus
3333 444 3434 500 erit
3457 485 3472 510 ,
3513 443 3634 513 quia
3661 443 3960 497 secundum

2375 550 2470 604 Dei
2517 545 2808 618 placitum,
2839 539 3172 594 auscultante
3216 535 3432 592 nemine
3454 575 3470 600 ,
3501 532 3736 588 officium
3774 531 3964 600 implet

2367 653 2544 696 suum.
2577 638 2822 689 Attamen
2856 629 2979 684 licet
3005 627 3161 683 nobis
3203 624 3376 695 major
3405 637 3611 678 merces
3657 622 3726 676 ob
3767 636 3958 677 socor-

2369 731 2509 785 diam
2535 735 2765 782 vestram
2790 730 3028 793 paretur,
3056 717 3322 773 malumus
3353 714 3493 770 hanc
3517 711 3790 777 minui,,ct
3815 709 3961 765 salu-

2373 821 2441 876 tis
2493 829 2684 874 vestrae
2734 829 2885 885 spem
2935 826 3055 868 esse
3105 809 3360 878 majorem
3407 823 3422 861 :
3470 804 3766 875 profectum
3813 803 3964 858 enim

2371 923 2607 970 vestrum
2647 907 2908 964 mercedis
2942 906 3059 960 loco
3095 902 3376 956 habemus.
3411 898 3479 954 Et
3509 898 3624 951 hmc
3655 910 3794 950 nunc
3817 894 3966 949 dici-

2373 1022 2492 1062 mus
2515 1045 2530 1072 ,
2560 1018 2665 1059 non
2705 1011 2763 1055 ut
2811 997 3022 1054 molesti
3051 1004 3104 1050 et
3131 992 3344 1048 onerosi
3373 990 3530 1046 vobis
3557 989 3747 1055 simus,
3783 987 3876 1042 sed
3907 997 3970 1040 ut

2375 1096 2612 1153 dolorem
2642 1099 2880 1146 nostrum
2901 1086 2968 1142 dc
2994 1085 3218 1156 segnitie
3244 1091 3420 1137 vestra
3448 1086 3764 1148 conceptum
3797 1075 3963 1131 exhi-

2376 1187 2596 1242 beamus
2623 1200 2636 1237 :
2666 1195 2769 1252 qua
2797 1178 2998 1233 utinam
3021 1189 3118 1228 nos
3139 1185 3326 1227 omnes
3350 1168 3585 1234 liberati,
3608 1164 3968 1238 spiritualium

2376 1291 2555 1333 rerum
2585 1272 2758 1328 studio
2785 1270 3107 1332 hmreamus,
3139 1273 3194 1320 et
3227 1261 3462 1319 caelestia
3487 1262 3627 1317 bona
3658 1272 3968 1326 consequa-

2378 1383 2518 1432 mur,
2548 1364 2712 1436 gratia
2739 1370 2791 1417 et
2813 1357 3142 1429 benignitate
3168 1354 3378 1410 Domini
3399 1352 3565 1407 nostri
3594 1350 3725 1406 Iesu
3739 1347 3968 1416 Christi,

2379 1460 2590 1532 quicum
2619 1455 2761 1512 Patri
2788 1452 2955 1523 gloria
2979 1464 3190 1521 unaque
3210 1446 3430 1517 Spiritui
3450 1453 3659 1512 sancto,
3689 1444 3744 1499 in
3767 1444 3970 1498 stecula

2383 1549 2720 1607 saeculorum.
2751 1546 2946 1601 Amen.

712 1662 3947 1745 ____________________________.___._________.

1678 1791 1680 1794 ’
1979 1765 2328 1836 HOMILIA
2367 1758 2611 1822 XXXI.

711 1926 800 1981 55.
845 1923 1002 1977 Pater
1036 1916 1200 1988 diligit
1228 1911 1439 1975 Filium,
1468 1917 1516 1963 et
1540 1904 1708 1961 omnia
1729 1899 1866 1955 dedit
1893 1897 1946 1950 in
1968 1907 2122 1949 manu
2150 1888 2279 1986 ejus:

900 1973 1010 2078 Qui
1039 1973 1194 2061 credit
1217 2005 1270 2056 in
1292 1973 1508 2065 Filium,
1532 1995 1676 2050 habet
1705 1991 1860 2078 vitam
1887 1993 2126 2040 (sternam
2147 1994 2179 2078 ε.
2194 1973 2282 2076 qui

777 2065 953 2156 auten:
973 2095 1261 2152 incredulus
1287 2098 1358 2146 est
1385 2086 1545 2153 Filio,
1572 2099 1674 2138 non
1693 2076 1874 2136 ridebit
1898 2077 2072 2140 vitam,
2093 2068 2179 2123 sed
2204 2065 2282 2119 ira

782 2193 878 2248 Dei
904 2197 1068 2244 manet
1089 2200 1239 2254 super
1267 2197 1401 2236 eum.

782 2289 832 2340 1.
875 2283 1118 2351 Magnum
1144 2251 1599 2343 attemperationis
1627 2271 1681 2321 et
1708 2255 2049 2330 indulgentia:
2074 2251 2281 2331 lucrum

712 2380 765 2432 in
796 2373 1042 2432 omnibus
1069 2369 1228 2425 rebus
1253 2363 1578 2435 experimur.
1610 2357 1700 2414 Sic
1742 2359 1888 2408 artes
1934 2344 2280 2435 perfecimus,

715 2481 820 2522 non
859 2473 1078 2533 repente
1106 2459 1281 2514 omnia
1308 2470 1337 2509 a
1362 2449 1627 2523 magistris
1659 2445 1961 2504 discentes;
2002 2435 2081 2492 sic
2122 2429 2284 2487 urbes

713 2554 1127 2616 ronstruximus,
1157 2548 1353 2604 sensim
1399 2547 1454 2599 et
1500 2536 1753 2611 paulatim
1803 2527 2175 2588 aedificantes;
2207 2520 2286 2574 sic

713 2649 873 2702 vitam
895 2637 1396 2701 sustentamus.Nec
1420 2632 1630 2688 mireris
1654 2629 1698 2683 si
1721 2627 1806 2681 hic
1831 2621 2020 2678 modus
2047 2618 2100 2671 in
2131 2613 2288 2682 hujus

716 2738 837 2791 vita:
864 2735 1022 2789 rebus
1056 2738 1256 2785 tantam
1290 2728 1396 2780 vim
1437 2722 1648 2784 habeat,
1678 2713 1888 2789 quando
1915 2713 1965 2765 in
1995 2703 2284 2778 spirituali-

718 2827 817 2880 bus
845 2837 1058 2893 quoque
1102 2819 1203 2873 hoc
1239 2815 1471 2887 prudens
1516 2811 1991 2879 temperamentum
2026 2799 2095 2853 ita
2127 2793 2284 2847 valet.

715 2915 804 2970 Sic
850 2885 916 2967 ab
961 2885 1260 2965 idololatria
1310 2913 1527 2974 potuere
1570 2896 1738 2953 Judaei
1768 2891 1935 2961 eripi,
1966 2885 2166 2943 sensim
2199 2895 2287 2936 rc-

717 3004 859 3059 tlucti
885 3020 900 3069 ;
926 3001 1015 3073 qui
1042 3016 1070 3053 a
1097 2996 1354 3070 principio
1382 2991 1512 3048 nihil
1539 2987 1764 3045 sublime
1784 2982 2086 3045 audierunt,
2115 2987 2289 3043 neque

721 3065 973 3165 quantum
1003 3091 1068 3144 ad
1099 3065 1365 3159 dogmata,
1399 3097 1572 3152 neque
1598 3085 1852 3148 quantum
1884 3071 1950 3126 ad
1992 3071 2114 3124 vitae
2140 3065 2292 3120 insti-

720 3154 910 3241 liitum.
962 3179 1050 3235 Sic
1102 3154 1262 3234 etihm
1312 3182 1433 3245 post
1475 3169 1669 3227 Christi
1717 3166 2033 3225 adventum,
2084 3154 2293 3228 quando

722 3273 1089 3330 sublimiorum
1133 3267 1437 3336 dogmatum
1483 3271 1693 3328 tempus
1731 3264 1866 3315 erat,
1897 3263 2086 3306 omnes
2124 3246 2294 3303 addu-

726 3364 915 3420 cebant
943 3358 1188 3430 apostoli,
1219 3355 1348 3410 nihil
1376 3351 1604 3408 sublime
1631 3363 1661 3402 a
1705 3343 1965 3416 principio
1991 3341 2290 3410 loquentes.

725 3455 813 3510 Slc
839 3461 892 3507 et
914 3427 1155 3504 Christus
1185 3446 1364 3502 multis
1399 3459 1429 3497 a
1455 3439 1713 3513 principio
1740 3435 1900 3490 verba
1931 3432 2175 3487 faciebat.
2207 3427 2295 3484 Sic

723 3541 954 3596 Joannes
983 3554 1121 3594 nunc
1149 3537 1274 3592 fecit
1297 3535 1363 3589 de
1389 3533 1478 3588 illo
1503 3529 1652 3602 quasi
1683 3527 1751 3582 de
1775 3523 2004 3581 mirabili
2046 3520 2295 3592 quopiam

728 3631 941 3687 homine
978 3631 1221 3699 loquens,
1242 3623 1589 3689 sublimiaque
1635 3616 1911 3674 obscurius
1943 3613 2292 3699 interserens.

731 3721 882 3775 Initio
911 3685 1136 3788 namque
1157 3685 1367 3771 dicebat
1394 3731 1405 3766 :
1439 3685 1558 3765 Non
1590 3716 1748 3778 potest
1781 3707 1929 3759 homo
1957 3720 1988 3755 a
2015 3685 2180 3769 seipse
2209 3715 2297 3753 ac-

725 3812 890 3879 cipere
927 3809 1215 3878 quidquam.
1252 3801 1449 3858 Deinde
1492 3808 1769 3870 postquam
1801 3791 1999 3862 aliquid
2047 3803 2297 3860 magnum

729 3901 941 3971 adjecit,
975 3899 1073 3966 Qui
1098 3897 1160 3951 de
1180 3894 1302 3950 cwlo
1329 3895 1478 3957 venit,
1501 3906 1659 3958 supra
1692 3901 1862 3942 omnes
1888 3893 1996 3947 est;
2021 3896 2207 3938 rursus
2235 3880 2300 3935 ad

732 3969 950 4045 humilia
996 3986 1290 4051 descendit,
1323 3991 1518 4052 przeter
1562 3979 1664 4032 alia
1694 3976 1858 4030 multa
1903 3973 2129 4028 dicens:
2181 3969 2299 4024 Non

730 4082 862 4136 enim
893 4095 954 4133 ea:
982 4094 1214 4131 mensura
1239 4076 1325 4128 dat
1370 4073 1505 4126 Deus
1534 4069 1822 4140 Spiritum;
1868 4073 2050 4136 postea
2094 4075 2298 4124 rursus,

735 4172 894 4226 Pater
923 4170 1090 4241 diligit
1140 4165 1356 4232 Filium,
1384 4173 1429 4218 et
1477 4161 1647 4216 omnia
1693 4157 1830 4213 dedit
1869 4158 1922 4209 in
1976 4170 2129 4208 manu
2170 4154 2299 4223 ejus.

733 4265 859 4319 Inde
882 4278 1001 4318 cum
1034 4259 1381 4329 intelligeret,
1413 4262 1613 4308 metum
1639 4248 1885 4319 supplicii
1912 4259 2157 4313 magnam
2197 4242 2302 4295 uti-

735 4355 935 4408 litatem
961 4364 1174 4420 parere,
1209 4345 1510 4412 multosque
1553 4355 1660 4395 non
1703 4347 1810 4392 tam
1844 4334 2122 4402 promissis
2146 4344 2304 4401 quam

732 4439 1231 4497 comminationibus
1260 4434 1484 4498 moveri,
1521 4431 1609 4486 hic
1637 4430 1847 4485 tandem
1875 4422 2075 4480 claudit
2101 4437 2309 4478 sermo-

735 4547 856 4587 nem
884 4540 938 4586 et
966 4531 1070 4584 ait:
1099 4528 1197 4595 Qui
1223 4526 1378 4580 credit
1403 4525 1455 4577 in
1481 4522 1673 4576 Filium
1697 4520 1842 4573 habet
1864 4517 2014 4571 vitam
2032 4524 2305 4569 teternam:
2354 4585 2358 4589 _

733 4623 819 4690 qui
870 4637 984 4674 vero
1021 4635 1121 4673 non
1165 4617 1323 4671 credit
1363 4614 1522 4681 Filio,
1565 4627 1665 4665 non
1705 4607 1884 4663 videbit
1914 4605 2086 4671 vitam,
2115 4603 2204 4658 sed
2229 4602 2306 4655 ira

739 4713 829 4768 Dei
856 4722 1019 4766 manet
1043 4727 1192 4781 super
1231 4725 1363 4762 eum.
1391 4705 1623 4783 Rursum
1674 4701 1762 4756 hic
1811 4698 1877 4754 ad
1923 4698 2133 4753 Patrem
2176 4707 2330 4762 sup:

737 4805 876 4877 plicii
926 4815 1225 4858 sermonem
1273 4797 1456 4853 refert.
1505 4795 1621 4850 Non
1662 4793 1803 4847 enim
1850 4789 2003 4854 dixit,
2036 4787 2116 4842 Ira
2165 4783 2306 4851 Filii,

736 4876 944 4951 etiamsi
1002 4893 1091 4948 ille
1143 4891 1212 4945 sit
1234 4888 1434 4959 judex;
1481 4885 1576 4940 sed
1627 4883 1836 4938 Patrem
1888 4876 2221 4940 memoravit,
2254 4882 2312 4929 ut

737 4987 904 5055 magis
946 4991 1188 5039 terreret.
1217 4980 1352 5036 Num
1381 4993 1510 5048 ergo
1534 4973 1748 5040 sufficit,
1783 4971 2008 5042 inquies,
2037 4971 2089 5024 in
2116 4967 2311 5023 Filium

739 5077 980 5143 credere,
1003 5083 1062 5129 ut
1086 5074 1192 5128 vita
1217 5080 1418 5126 aeterna
1448 5064 1742 5122 habeatur?
1781 5062 2148 5133 Nequaquam.
2175 5057 2311 5112 Audi

740 5166 1010 5221 Christum
1059 5165 1160 5219 hoc
1207 5164 1380 5233 ipsum
1431 5159 1789 5214 declarantem
1837 5153 1918 5208 his
1948 5151 2148 5217 verbis,
2191 5148 2314 5202 Non

742 5256 904 5310 omnis
930 5254 1014 5324 qui
1040 5255 1159 5306 dicit
1197 5252 1342 5318 mihi,
1375 5248 1614 5315 Domine,
1645 5244 1880 5308 Domine,
1907 5241 2115 5296 intrabit
2152 5239 2205 5293 in
2230 5255 2314 5291 re-

741 5363 894 5418 gnum
921 5346 1154 5399 certorum
1181 5341 1390 5417 (Matth.
1423 5341 1474 5393 7.
1503 5335 1633 5410 2i);
1666 5345 1719 5391 et
1744 5331 2077 5402 blasphemia
2108 5329 2162 5383 in
2192 5327 2312 5398 Spi-

743 5439 902 5493 ritum
933 5434 1126 5491 sufficit
1149 5443 1206 5488 ut
1231 5433 1282 5487 in
1308 5431 1602 5500 gehennam
1625 5428 1744 5498 quis
1768 5423 2100 5480 detrudatur.

819 5527 973 5581 Fides
1015 5527 1120 5580 sine
1170 5524 1270 5578 vita
1301 5523 1430 5576 bona
1471 5521 1597 5574 nihil
1627 5516 1851 5589 prodest.
1885 5513 2052 5581 Illud,
2097 5512 2175 5567 ira
2203 5525 2314 5565 ma-

746 5629 836 5673 net
860 5631 1021 5686 super
1047 5631 1190 5681 eum,
1224 5627 1419 5684 pernam
1460 5619 1698 5665 cateruam
1723 5607 1970 5677 designat.
1991 5634 2061 5644 —
2092 5603 2158 5658 Et
2194 5601 2317 5672 quid

745 5709 866 5761 dico
891 5707 957 5762 de
989 5715 1136 5776 parte
1161 5701 1460 5775 dogmatis?
1503 5699 1636 5755 Nam
1666 5707 1720 5751 ct
1742 5698 1786 5751 si
1820 5697 1938 5766 quis
1967 5704 2113 5750 recte
2139 5693 2321 5748 credat

747 5800 800 5852 iu
827 5797 1033 5853 Patrem
1063 5806 1115 5853 et
1143 5795 1336 5850 Filium
1359 5804 1412 5848 et
1429 5791 1682 5864 Spiritum
1708 5788 2025 5854 sanctum,si
2049 5794 2194 5843 recte
2216 5799 2320 5838 non

2385 1880 2550 1942 vivat,
2566 1873 2697 1929 nihil
2723 1872 2820 1942 ipsi
2846 1869 2980 1924 fides
3003 1864 3321 1938 proderitad
3344 1863 3587 1920 salutem.
3604 1861 3745 1930 Ergo
3762 1860 3971 1931 quando

2385 1969 2538 2034 dicit,
2572 1964 2697 2018 Hac
2725 1972 2797 2017 est
2823 1962 2955 2014 enim
2999 1961 3098 2014 vita
3125 1952 3337 2026 (eterna,
3367 1964 3422 2008 ut
3449 1962 3756 2025 cognoscant
3801 1961 3846 2004 te
3888 1968 3976 2004 so-

2387 2060 2496 2113 lum
2537 2070 2709 2109 verum
2734 2051 2900 2106 Deum
2931 2048 3106 2117 (Joan.
3147 2049 3234 2102 t7.
3265 2047 3346 2114 5),
3371 2059 3440 2099 ne
3466 2052 3712 2114 putemus
3744 2042 3793 2096 id
3819 2041 3980 2095 nobis

2386 2149 2453 2204 ad
2485 2147 2710 2202 salutem
2741 2143 2869 2198 satis
2891 2155 3028 2196 esse.
3053 2139 3199 2211 Opus
3225 2152 3453 2207 namque
3481 2135 3635 2190 nobis
3658 2143 3740 2190 est
3769 2142 3824 2189 et
3854 2133 3981 2187 vitm

2385 2249 2441 2296 et
2472 2252 2678 2293 morum
2711 2234 2955 2289 instituto
2995 2231 3223 2302 probo‘.
3269 2229 3338 2284 Et
3380 2228 3422 2282 si
3476 2226 3562 2280 hic
3607 2225 3823 2289 dixerit,
3874 2224 3983 2291 Qui

2387 2329 2546 2384 credit
2583 2328 2636 2381 in
2675 2324 2891 2389 Filium,
2934 2322 3080 2376 habet
3127 2322 3280 2374 vitam
3323 2328 3607 2381 azternam;
3650 2331 3836 2370 verum
3888 2331 3983 2372 se-

2388 2420 2603 2490 quentia
2629 2413 2997 2472 vehementius
3046 2410 3287 2482 protulit.
3333 2407 3517 2478 Neqne
3547 2408 3692 2463 enim
3732 2422 3799 2462 ex
3823 2405 3988 2462 bonis

2392 2520 2619 2574 tantum,
2653 2506 2746 2563 sed
2774 2507 2931 2560 etiam
2961 2519 3027 2559 ex
3054 2502 3338 2557 contrariis
3367 2514 3676 2555 sermonem
3705 2498 3986 2560 contexit;

2392 2610 2446 2658 et
2471 2601 2592 2656 vide
2629 2613 2736 2669 quo
2765 2606 2941 2666 pacto.
2986 2592 3152 2649 Infert
3177 2596 3342 2659 enim,
3377 2591 3477 2658 Qui
3505 2607 3605 2644 non
3635 2589 3791 2644 credit
3820 2587 3987 2652 Filio,

2393 2708 2492 2745 non
2519 2689 2701 2743 videbit
2739 2687 2913 2751 vitam,
2939 2685 3028 2738 sed
3057 2687 3133 2738 ira
3175 2682 3270 2736 Dei
3302 2691 3468 2734 manet
3499 2696 3649 2746 super
3669 2695 3800 2731 eum.
3835 2679 3993 2731 Atta-

2392 2795 2513 2835 men
2538 2793 2641 2833 non
2671 2777 2795 2831 hinc
2818 2774 3120 2840 inferimus,
3145 2774 3312 2827 solam
3337 2771 3494 2825 fidem
3521 2769 3588 2823 ad
3614 2770 3842 2822 salutem
3865 2782 3993 2822 esse

2392 2872 2557 2936 satis;
2590 2868 2730 2940 quod
2763 2867 3020 2938 probatur
3048 2879 3113 2920 ex
3139 2863 3297 2920 dictis
3323 2860 3650 2931 evangelicis
3694 2857 3995 2929 frequenti-

2396 2962 2516 3028 bus,
2541 2960 2736 3014 bonam
2757 2959 2922 3015 vitam
2957 2955 3344 3028 spectantibus.
3372 2953 3495 3008 Ideo
3521 2967 3627 3007 non
3658 2951 3812 3016 dixit,
3863 2950 3996 3004 llaec

2395 3052 2506 3133 sola
2533 3057 2616 3106 est
2640 3050 2747 3104 vita
2787 3058 3009 3114 aeterna,
3039 3061 3232 3115 neque,
3265 3043 3314 3098 ls
3337 3043 3424 3114 qui
3453 3041 3792 3097 solummodo
3819 3039 3998 3094 credit

2397 3131 2700 3206 in‘Filium,
2737 3139 2898 3193 habet
2924 3138 3086 3192 vitam
3126 3144 3418 3199 aeternam;
3448 3132 3542 3188 sed
3574 3133 3625 3186 in
3658 3140 3889 3200 utroque
3913 3131 4000 3184 vi-

2399 3242 2506 3288 tam
2534 3246 2653 3287 esse
2680 3231 2961 3300 significat.
2993 3227 3153 3284 Certe
3179 3227 3222 3281 si
3255 3227 3360 3281 vita
3386 3225 3556 3295 proba
3580 3238 3684 3279 non
3712 3232 3996 3293 sequatur,

2399 3337 2647 3393 magnum
2703 3329 2958 3390 sequetur
3010 3316 3351 3387 supplicium.
3404 3315 3587 3385 Neque
3627 3314 4001 3380 dixit,Manet

2399 3428 2544 3478 eum,
2576 3411 2690 3477 sed,
2720 3410 2892 3464 Manet
2923 3425 3074 3478 super
3100 3422 3247 3471 eum;
3291 3405 3573 3461 declarans
3599 3419 3891 3474 numquam
3929 3405 4002 3458 ab

2401 3517 2466 3558 eo
2505 3503 2865 3557 discessuram
2917 3501 3049 3553 iram
3094 3512 3237 3553 esse.
3265 3496 3343 3551 Ne
3383 3504 3604 3567 putares
3648 3495 3792 3550 enim
3839 3495 4000 3561 illud,

2406 3593 2528 3648 Non
2571 3592 2751 3647 videbit
2795 3593 2967 3658 vitam,
2998 3599 3226 3646 mortem
3276 3599 3674 3659 temporaneam
3716 3586 3999 3652 indicare;

2406 3683 2500 3739 sed
2530 3682 2779 3737 crederes
2809 3689 3122 3752 perpetuum
3144 3695 3264 3735 esse
3293 3679 3633 3749 supplicium,
3668 3677 3772 3734 hoc
3791 3677 4003 3734 dictum

2406 3775 2607 3845 posuit,
2640 3784 2696 3826 ut
2735 3771 3046 3828 ostenderet
3092 3771 3241 3825 illam
3283 3779 3541 3840 perpetuo
3570 3782 3790 3824 manere
3831 3779 3886 3825 et
3919 3771 4007 3825 in-

2407 3865 2602 3919 sidere.
2655 3862 2786 3918 Illud
2831 3872 3013 3918 autem
3044 3861 3185 3926 fecit,
3222 3869 3281 3916 ut
3321 3877 3415 3932 per
3445 3860 3562 3916 haec
3605 3861 3785 3916 omnia
3828 3861 4006 3916 verba

2407 3957 2552 4028 ipsos
2596 3954 2662 4010 ad
2691 3954 2964 4009 Christum
3009 3953 3325 4022 impelleret.
3378 3951 3718 4022 Quapmpter
3772 3966 3881 4006 non
3935 3952 4006 4006 ad

2409 4049 2529 4103 illos
2557 4047 2800 4118 privatim
2841 4045 3041 4100 monita
3087 4044 3286 4114 dirigit,
3311 4045 3406 4099 sed
3438 4044 3493 4098 in
3519 4045 3812 4108 communi,
3839 4052 3896 4099 et
3951 4054 4012 4100 ut

2409 4139 2644 4193 maxime
2689 4137 2834 4207 ipsos
2878 4136 3092 4189 allicere
3143 4143 3374 4203 poterat.
3415 4134 3530 4188 Non
3576 4135 3718 4188 enim
3759 4133 3917 4200 dixit,
3951 4136 4008 4190 Si

2411 4228 2664 4292 credatis,
2687 4226 2746 4280 Si
2774 4241 2879 4280 non
2906 4224 3178 4286 credatis;
3216 4223 3311 4279 sed
3339 4225 3391 4277 in
3441 4223 3710 4277 communi
3742 4221 4009 4294 loquitur,

2413 4326 2472 4370 ut
2499 4330 2618 4386 qua:
2645 4314 2895 4369 dicuntur
2923 4313 3052 4367 nulli
3084 4312 3191 4366 sint
3218 4312 3506 4383 suSpicioni
3530 4313 3761 4368 obnoxia
3791 4332 3804 4367 :
3846 4313 4013 4383 idque

2416 4407 2538 4462 fecit
2567 4403 2958 4470 vehementius,
2990 4418 3148 4473 quam
3177 4401 3443 4459 Christus.
3476 4401 3607 4456 Nam
3636 4402 3884 4458 Christus
3926 4405 4015 4458 di-

2415 4501 2505 4563 cit,
2535 4498 2634 4564 Qui
2657 4514 2757 4551 non
2778 4495 2958 4561 credit,
2974 4497 3090 4566 jam
3108 4495 3374 4565 judicatus
3394 4505 3506 4560 est;
3537 4494 3625 4548 hic
3649 4504 3852 4560 autem,
3881 4492 3940 4546 Ν
3945 4512 4013 4548 an

2415 4590 2595 4643 videbit
2638 4590 2812 4654 vitam,
2841 4587 2930 4641 sed
2959 4587 3039 4639 ira
3071 4585 3164 4638 Dei
3205 4595 3373 4638 manet
3420 4601 3576 4656 super
3619 4599 3770 4649 eunt;
3801 4592 3858 4640 et
3885 4584 4016 4655 jure

2416 4681 2651 4752 quidem.
2681 4679 2868 4749 Neque
2897 4679 3038 4733 enim
3071 4677 3209 4732 idem
3232 4685 3316 4732 est
3358 4676 3590 4747 aliquem
3623 4676 3690 4732 de
3715 4677 3898 4746 seipse
3933 4678 4017 4733 lo—

2417 4772 2530 4839 qui.
2559 4779 2615 4826 ct
2654 4770 2879 4825 alterum
2909 4769 2977 4824 de
3006 4768 3116 4823 illo.
3147 4767 3281 4822 Nam
3309 4766 3582 4822 Christum
3635 4776 3913 4837 putassent
3949 4783 4016 4822 ex

2418 4861 2705 4915 ambitione
2726 4871 2779 4915 et
2801 4860 2938 4914 fastu
2964 4874 3106 4929 saepe
3129 4859 3251 4913 talia
3279 4859 3452 4928 loqui:
3482 4857 3720 4913 Joannes
3748 4871 3879 4912 vero
3911 4857 4018 4913 hac

2419 4956 2635 5008 carebat
2676 4953 3002 5022 suspicione.
3037 4950 3190 5019 Quod
3230 4951 3274 5006 si
3320 4931 3507 5020 postea
3550 4949 3796 5004 Christus
3840 4948 4021 5005 vehe-

2420 5039 2684 5098 meﬂibre
2711 5057 2842 5098 usus
2868 5051 2952 5098 est
2995 5056 3267 5105 sermone,
3293 5041 3344 5096 id
3377 5049 3502 5095 tunc
3533 5040 3676 5106 fecit,
3702 5041 3922 5110 quando
3954 5042 4023 5098 de

2421 5133 2536 5204 ipso
2557 5148 2800 5203 magnam
2826 5132 3093 5188 habebant
3121 5132 3446 5200 opinionem.
3471 5129 3625 5201 (Cap.
3642 5131 3698 5201 4)
3721 5132 3771 5185 l.
3800 5130 3870 5186 Ut
3896 5149 4022 5204 ergo

2422 5226 2646 5295 cognouit
2686 5223 2859 5288 Jesus,
2889 5223 3009 5294 quia
3045 5223 3315 5277 audierunt
3356 5221 3632 5288 Phariscei,
3676 5221 3813 5288 quod
3859 5221 4023 5277 Jesus

2423 5316 2592 5386 plures
2631 5314 2911 5383 discipulos
2940 5313 3082 5384 facit,
3115 5323 3163 5366 et
3200 5311 3456 5382 baptisat,
3488 5328 3638 5381 quam
3667 5310 3899 5366 Joannes
3930 5311 4018 5383 (ἓ.

2421 5421 2724 5474 quamquam
2749 5403 2900 5459 Iesus
2930 5419 3030 5456 non
3060 5403 3358 5474 baptisaret,
3391 5402 3478 5456 sed
3504 5401 3740 5469 discipuli
3763 5403 3938 5473 ejus),
3966 5404 4020 5458 5.

2423 5500 2622 5553 secessit
2652 5513 2716 5551 ea:
2743 5497 2949 5563 Judaza,
2991 5506 3036 5550 et
3065 5496 3196 5549 venit
3234 5495 3285 5548 in
3318 5493 3607 5548 Galateam.
3642 5493 3758 5564 Ipse
3797 5493 4021 5563 quidem

2427 5607 2531 5647 non
2576 5590 2830 5660 baptizat,
2860 5588 2955 5644 sed
3005 5589 3178 5644 nuntii
3218 5602 3338 5643 cum
3381 5587 3580 5643 vellent
3626 5587 3892 5657 majorem
3946 5588 4022 5644 illi

2428 5681 2680 5735 invidiam
2702 5678 2959 5744 conﬂare,
2984 5679 3053 5732 ita
3081 5677 3403 5734 referebant.
3425 5678 3552 5742 Cur,
3589 5678 3820 5748 inquies,
3844 5692 4022 5736 seces-

2497 5795 2510 5824 ¹
2548 5791 2695 5844 savil.
2727 5789 2869 5854 legit,
2902 5803 3089 5840 morum
3113 5785 3319 5841 instituto
3338 5781 3614 5853 purissimo.
