4162 6326
239 340 332 399 177
1265 326 1329 386 IN
1365 323 1679 384 JOANNEM
1720 320 1947 375 IIUMIL.
1998 316 2182 375 XXXI.
2217 318 2287 375 al.
2334 317 2498 373 XXX.

236 458 338 509 ait?
378 454 491 508 Non
521 452 667 521 quod
703 453 930 516 timeret,
960 448 1051 502 sed
1083 455 1139 502 ut
1170 444 1382 499 invidiae
1428 454 1640 497 causam
1669 451 1805 503 pra:-

237 544 524 606 scinderet,
555 552 610 596 et
648 544 870 596 livorem
900 540 1186 607 mitigaret.
1232 536 1445 589 Poterat
1472 529 1612 585 enim
1640 543 1697 581 se
1723 540 1816 593 ag—

237 634 545 704 gredientes
596 630 872 695 cohibere,
917 627 1010 682 sed
1052 626 1263 679 uolebat
1311 620 1436 676 illud
1494 616 1819 686 frequentius

237 739 415 794 agere,
448 739 515 777 ne
544 720 921 775 incarnationis
950 717 1105 770 tidem
1133 715 1198 768 de
1228 712 1403 767 medio
1432 710 1660 764 tolleret.
1684 705 1816 759 Nam

235 818 277 870 si
309 830 455 882 smne
486 814 856 880 deprehensus
887 808 1195 876 aufugisset,
1231 806 1281 857 in
1309 817 1424 856 eam
1454 798 1594 867 apud
1624 797 1817 850 multos

232 904 598 973 suspicionem
632 902 881 953 venisset.
923 897 1045 951 Ideo
1076 895 1241 949 multa
1290 892 1524 944 humano
1551 900 1699 940 more
1744 885 1819 937 fa-

235 997 431 1050 ciebat.
483 993 555 1049 Ut
596 993 737 1047 enim
784 989 927 1044 credi
958 987 1143 1050 voluit,
1177 998 1236 1039 se
1286 983 1451 1035 Deum
1480 994 1620 1043 esse,
1652 978 1724 1030 ita
1764 982 1819 1029 et.

241 1104 460 1143 carnem
487 1094 745 1156 gestasse.
772 1083 894 1137 Ideo
922 1091 1038 1151 post
1075 1075 1521 1133 resurrectionem
1554 1068 1816 1137 discipulo

234 1178 479 1233 dicebat:
506 1175 675 1242 Pulpa
700 1184 746 1227 et
769 1174 898 1238 vide,
920 1172 1039 1240 quia
1069 1168 1273 1240 spiritus
1300 1179 1500 1219 carnem
1520 1170 1563 1215 et
1584 1176 1697 1214 ossa
1716 1174 1816 1212 non

233 1272 379 1322 habet
413 1267 564 1340 (Luc.
587 1266 677 1320 2i.
708 1264 822 1333 59).
852 1262 1053 1317 Idcirco
1076 1260 1288 1313 Petrum
1320 1250 1814 1323 increpavitdicen-

236 1372 367 1422 teut,
400 1357 669 1425 PrOpitius
699 1364 801 1407 esto
827 1354 933 1417 tibi,
959 1367 1061 1404 non
1106 1350 1197 1403 erit
1226 1348 1312 1401 tibi
1358 1346 1451 1399 hoc
1477 1342 1687 1414 (Matth.
1728 1340 1813 1395 16.

236 1447 351 1517 29.).
384 1446 615 1500 Tantum
645 1459 707 1499 ea
736 1443 801 1497 de
832 1458 889 1496 re
916 1440 1175 1495 sollicitus
1206 1438 1322 1492 fuit.

303 1540 361 1591 εἰ.
394 1536 526 1591 Nam
557 1550 662 1588 non
688 1531 889 1587 modica
921 1530 1036 1585 haec
1062 1538 1144 1585 est
1170 1529 1308 1582 inter
1329 1526 1578 1581 Ecclesiae
1602 1521 1819 1590 dogma-

233 1641 282 1685 ta
314 1629 512 1700 portio,
547 1630 654 1680 imo
675 1626 856 1680 salutis
897 1632 1092 1677 nostra:
1131 1628 1288 1689 caput
1312 1659 1326 1682 ,
1358 1633 1451 1688 per
1477 1614 1617 1686 quod
1640 1612 1817 1667 omnia

236 1724 369 1778 facta
400 1726 876 1787 consummataque
900 1722 1042 1770 sunt.
1077 1711 1167 1767 Sic
1192 1724 1335 1765 mors
1373 1708 1545 1763 soluta
1567 1747 1581 1770 ,
1624 1718 1813 1774 pecca-

236 1825 347 1868 tum
380 1812 673 1874 sublatum,
701 1805 1035 1861 maledictum
1068 1803 1373 1871 abrogatum
1417 1838 1432 1864 ,
1464 1798 1737 1851 innumera
1766 1793 1817 1846 in

233 1905 398 1956 vitam
468 1908 707 1954 nostram
763 1896 974 1950 inducta
1028 1894 1165 1948 bona
1215 1899 1358 1946 sunt.
1415 1888 1539 1943 Ideo
1592 1884 1820 1939 maxime

229 1993 591 2048 meonomiam
624 1987 771 2044 credi
800 1984 1046 2049 volebat,
1091 1997 1209 2053 qua:
1237 1980 1383 2034 radix
1421 1987 1476 2032 et
1503 1976 1622 2031 fons
1666 1973 1821 2028 nobis

232 2086 643 2136 innumerorum
672 2078 846 2133 luerat
870 2076 1152 2131 bonorum.
1204 2073 1336 2126 Dum
1364 2079 1542 2125 autem
1593 2068 1819 2122 humana

229 2170 602 2241 dispensabat,
652 2183 757 2223 non
784 2166 992 2221 sinebat
1018 2164 1193 2219 divina
1213 2162 1506 2217 obscurari.
1554 2158 1686 2212 Cum
1732 2172 1819 2211 re-

230 2262 490 2317 cessisset
516 2274 665 2331 ergo,
695 2273 754 2314 ea
781 2258 913 2328 ipsa,
947 2271 1062 2326 qua:
1087 2254 1251 2324 prius,
1287 2261 1517 2307 tractare
1544 2248 1818 2320 pergebat.

231 2355 423 2422 Neque
454 2352 597 2407 enim
624 2350 741 2404 sine
766 2362 925 2404 causa
956 2348 1006 2400 in
1028 2344 1301 2401 Galilaeam
1333 2343 1560 2407 abierat,
1584 2339 1677 2395 sed
1705 2354 1821 2393 ma-

232 2461 338 2511 gna
368 2457 564 2514 parans
584 2440 725 2512 apud
754 2440 1115 2495 Samaritanos
1140 2438 1346 2507 negotia
1370 2452 1383 2502 ;
1414 2450 1513 2490 nec
1538 2443 1823 2503 utcumque

234 2538 326 2591 illa
354 2535 696 2605 dispensans,
729 2532 821 2587 sed
850 2541 1043 2601 quanta
1070 2544 1166 2599 par
1190 2529 1285 2598 ipsi
1315 2536 1431 2583 erat
1458 2526 1739 2596 sapientia,
1765 2532 1823 2577 ut

236 2626 446 2679 nullam
472 2624 671 2679 Judmis
698 2621 782 2676 vel
809 2619 1128 2689 impudentis
1149 2618 1505 2673 excusationis
1534 2632 1715 2670 ansam
1746 2632 1824 2669 re-

237 2720 511 2787 linqueret
541 2735 554 2769 :
584 2713 724 2785 quod
754 2712 1096 2767 subindicans
1118 2710 1436 2779 evangelista
1456 2708 1747 2778 subjunxit,
1768 2707 1820 2763 4.

237 2807 518 2878 Oportebat
547 2815 712 2859 autem
742 2802 881 2857 illum
904 2804 1120 2856 transire
1142 2818 1229 2871 per
1258 2801 1584 2865 Samariam,
1637 2807 1693 2851 ut
1738 2813 1825 2852 os-

236 2901 490 2955 tenderet
528 2899 700 2967 ipsum
742 2896 842 2949 hoc
864 2895 1015 2963 quasi
1037 2894 1210 2948 obiter
1235 2893 1447 2948 fecisse.
1477 2891 1565 2946 Sic
1605 2899 1657 2945 et
1689 2903 1820 2957 apo-

235 2992 365 3046 stoli
392 2989 639 3060 agebant.
672 2986 804 3042 Nam
835 2986 972 3041 sicut
1000 2986 1097 3050 illi,
1119 2985 1319 3041 Judtcis
1350 2983 1819 3054 persequentibus,

235 3082 306 3136 ad
330 3089 521 3151 gentes
549 3078 833 3133 veniebant
860 3094 874 3130 :
906 3076 976 3130 ita
1003 3084 1058 3131 et
1086 3074 1327 3130 Christus
1348 3114 1362 3137 ,
1394 3072 1606 3143 quando
1651 3072 1823 3141 ipsum

236 3172 534 3243 pellebant,
565 3178 689 3224 tunc
714 3178 900 3239 gentes
922 3166 1120 3233 adibat,
1147 3174 1203 3221 ut
1233 3166 1284 3219 in
1316 3164 1724 3236 Syrophoenissa
1750 3163 1826 3218 fe-

136 3294 139 3295 ν
235 3266 335 3319 cit.
355 3263 482 3317 llaec
503 3276 662 3331 porro
678 3261 754 3313 sic
774 3267 919 3329 gesta
944 3266 1086 3321 sunt,
1112 3257 1355 3310 utomnis
1370 3255 1610 3311 defensio
1626 3254 1824 3309 ludatis

240 3353 542 3417 tolleretur,
572 3366 670 3405 nec
684 3348 863 3404 dicere
884 3358 1120 3418 possent.
1151 3345 1315 3402 Nobis
1343 3338 1543 3401 relictis
1573 3346 1638 3401 ad
1660 3347 1823 3400 incir-

241 3445 513 3499 cumcisos
544 3440 813 3511 profectus
835 3449 937 3496 est.
959 3439 1294 3508 Quapmpter
1314 3436 1579 3505 discipuli,
1619 3445 1676 3491 ut
1705 3450 1825 3490 sese

243 3546 553 3609 purgarent,
610 3535 855 3590 dicebant
891 3551 904 3586 :
967 3532 1117 3586 Vobis
1140 3532 1395 3601 Oportebat
1424 3531 1642 3599 primum
1689 3530 1826 3599 loqui

243 3629 448 3682 verbum
468 3626 566 3680 Dei
591 3641 609 3679 :
638 3624 755 3695 quia
784 3640 898 3678 vero
919 3623 1151 3693 indignos
1180 3637 1265 3675 vos
1281 3620 1548 3690 judicatis,
1580 3636 1687 3672 ecce
1713 3634 1827 3672 con-

243 3719 485 3773 vertimur
509 3718 577 3770 ad
618 3717 829 3786 gentes(
862 3715 972 3767 Act.
1002 3713 1087 3767 I3.
1132 3711 1201 3766 46
1228 3712 1276 3780 );
1310 3718 1364 3765 et
1414 3711 1528 3778 ipse
1576 3724 1785 3764 rursum
1807 3750 1823 3775 ,

249 3808 371 3863 Non
395 3810 506 3861 veni
551 3807 651 3859 nisi
677 3805 744 3858 ad
805 3820 916 3857 oves
962 3819 1073 3873 qua:
1125 3804 1374 3873 perierunt
1421 3802 1599 3854 domus
1649 3798 1815 3853 Israel

248 3902 267 3969 (
305 3898 493 3953 Matth.
533 3897 616 3951 15.
644 3897 735 3949 24.
765 3896 785 3963 )
812 3912 825 3959 ;
850 3905 902 3950 et
935 3908 1145 3949 misum
1171 3933 1186 3958 ,
1221 3891 1339 3945 Non
1378 3902 1458 3969 est
1474 3892 1658 3945 bonum
1686 3891 1826 3945 acci-

246 3962 367 4058 pere
408 4004 590 4057 panem
626 3962 877 4053 ﬁliorum,
905 3992 950 4037 et
993 3983 1114 4037 dare
1160 3982 1363 4035 canibus
1394 3980 1411 4050 (
1446 3962 1581 4033 ibid.
1609 3996 1654 4035 υ.
1681 3980 1751 4034 26
1785 3982 1823 4049 ).

244 4081 381 4134 Cum
403 4088 579 4131 autem
614 4075 757 4128 illunt
786 4073 1119 4142 repulerunt,
1152 4080 1275 4125 tunc
1317 4070 1533 4140 januam
1581 4062 1829 4139 gentibus

245 4175 590 4237 aperuerunt.
612 4165 792 4234 Neque
818 4172 990 4217 tamen
1018 4163 1095 4217 sic
1124 4160 1189 4214 ad
1217 4160 1331 4215 illos
1359 4160 1624 4228 przecipue
1649 4158 1831 4213 venie-

248 4262 362 4323 bat,
381 4257 477 4313 sed
500 4254 825 4311 transeundo
849 4263 1074 4307 tantum.
1106 4251 1396 4307 Transiens
1426 4249 1615 4318 igitur,
1640 4250 1692 4303 5.
1731 4247 1825 4304 γε.

248 4354 324 4404 uit
348 4353 361 4381 ί
394 4351 445 4403 in
472 4350 717 4401 ciuitatem
743 4347 992 4401 Samaria:
1016 4386 1029 4409 ,
1053 4360 1167 4414 quia
1195 4344 1378 4397 dicitur
1405 4342 1625 4413 Sychar,
1672 4358 1831 4414 prape

249 4444 441 4503 locum,
461 4454 606 4509 quem
625 4436 763 4490 dedit
787 4434 947 4489 Iacob
971 4433 1160 4503 Joaeplt
1184 4433 1291 4502 ﬁlio
1318 4449 1431 4486 suo.
1478 4433 1529 4487 6.
1568 4431 1696 4486 Erat
1727 4449 1828 4485 au-

248 4545 348 4586 tem
378 4532 482 4583 illic
510 4528 625 4597 [om
657 4525 962 4581 Jacob.Cur
982 4525 1306 4593 evangelista
1334 4524 1536 4578 deloco
1566 4525 1644 4578 sic
1668 4538 1826 4578 accu-

250 4632 365 4675 rate
410 4618 643 4689 loquitur
669 4617 692 4670 ?
720 4616 789 4672 Ut
813 4632 931 4671 cum
949 4615 1181 4669 audieris
1209 4614 1484 4668 mulierem
1513 4614 1777 4668 dicentem
1810 4653 1827 4681 ,

248 4710 413 4763 Jacob
442 4718 585 4777 pater
610 4716 776 4759 noster
806 4705 939 4758 dedit
976 4703 1116 4758 nobis
1160 4704 1292 4756 hunc
1333 4713 1540 4769 puteum
1560 4742 1574 4763 .
1606 4717 1673 4757 ne
1716 4712 1832 4758 stu-

251 4813 398 4865 peas.
431 4796 562 4850 Nam
591 4796 739 4850 locus
765 4794 853 4849 ille
894 4803 1040 4855 erat,
1077 4794 1161 4847 ubi
1206 4808 1301 4862 pro
1333 4793 1463 4847 Dina
1497 4792 1831 4862 indignantes

252 4890 379 4943 Levi
406 4897 461 4941 et
489 4886 723 4956 Symeon
747 4926 759 4950 ,
799 4898 1008 4952 gravem
1042 4883 1181 4935 illam
1231 4882 1433 4938 easdem
1464 4890 1756 4951 patrarunt.

325 4976 767 5031 Samaritanorum
783 4974 989 5044 origo.-—
1001 4972 1113 5027 Non
1140 4974 1232 5027 abs
1251 4988 1307 5027 re
1329 4982 1503 5026 autem
1524 4974 1702 5038 fuerit,
1728 4989 1830 5027 un-

251 5069 323 5123 de
342 5069 602 5137 originem
635 5056 919 5121 habuerint
942 5064 1259 5119 Samaritani
1285 5079 1523 5117 narrare.
1560 5063 1692 5118 Nam
1721 5072 1829 5118 tota

254 5161 345 5212 illa
374 5159 521 5228 regio
548 5156 786 5214 Samaria
815 5166 1051 5211 vocatur.
1102 5155 1252 5211 Unde
1300 5170 1429 5225 ergo
1476 5156 1551 5210 sic
1581 5155 1830 5223 appellati

251 5252 423 5303 sunt?
451 5249 645 5303 Somor
674 5262 826 5301 mons
875 5246 965 5299 ille
1013 5246 1382 5300 nominabatur
1410 5262 1437 5298 a
1486 5246 1712 5315 quodam
1743 5246 1831 5315 qui

251 5344 403 5396 illum
438 5341 773 5412 possederat,
799 5340 997 5394 utdicit
1020 5338 1217 5403 Isaias,
1265 5337 1333 5391 Et
1376 5349 1527 5407 caput
1582 5339 1833 5394 Somoron

253 5432 507 5500 Ephraim
550 5435 568 5503 (
606 5431 735 5484 Isai.
768 5432 819 5483 7.
845 5430 878 5485 9
906 5431 925 5500 )
953 5446 967 5495 ;
1000 5430 1091 5484 sed
1113 5431 1200 5499 qui
1230 5432 1373 5484 illum
1405 5431 1703 5485 incolebant
1727 5446 1831 5484 non

250 5523 595 5587 Samaritani,
619 5522 713 5578 sed
741 5521 994 5576 Israelita:
1018 5522 1358 5575 vocabantur.
1392 5521 1450 5574 lu
1482 5522 1709 5576 decursu
1737 5536 1831 5576 ve-

316 5656 330 5726 l
362 5656 413 5726 l'n
440 5656 601 5726 atorel.
627 5654 838 5726 legitur:
862 5657 1183 5723 «transeundo
1205 5663 1402 5706 tantum.
1438 5658 1510 5708 sic
1536 5657 1728 5709 cons:tt'o
1750 5672 1835 5710 suo

244 5719 502 5779 rruqiu'to,
527 5719 681 5781 pergit
707 5719 873 5769 dicens
902 5719 1089 5777 :I'cntt,
1119 5727 1212 5767 etc.

3405 314 3508 368 UB

1930 446 1989 485 ro
2015 432 2268 498 temporis
2297 433 2459 485 Deum
2486 429 2856 492 oh'enderunl;
2883 436 2935 482 et
2958 427 3165 482 Pltacee
3204 438 3459 496 regnante
3486 466 3502 490 ,

1931 521 2230 575 asrendeus
2280 516 2542 587 Theglatb
2574 517 2861 580 Phalasar,
2894 515 3088 569 multas
3128 514 3269 583 cepit
3316 512 3505 575 urbes,

1926 611 2077 665 Elam
2127 610 2343 664 adortus
2397 610 2629 674 occidit,
2684 618 2743 663 et
2790 606 2943 663 Osca:
2999 620 3219 676 regnum
3267 604 3503 658 tradidit.

1925 701 2076 755 Ilunc
2099 716 2377 770 aggressus
2406 700 2745 779 Sglmanasar
2772 697 2938 751 alias‘
2962 697 3107 765 cepit
3128 695 3305 757 urbcs,
3333 703 3387 749 et
3410 694 3515 747 tri-

1924 792 2158 847 butarias
2189 790 2310 845 fecit
2336 793 2411 859 (4.
2439 789 2561 861 Reg.
2593 788 2910 858 I7).Verum
2936 787 3073 842 Osce
3092 787 3267 855 primo
3290 783 3505 855 quidem

1924 884 2104 946 cessit,
2130 882 2321 937 deinde
2354 897 2479 935 vero
2509 880 2809 945 rebellavit,
2833 890 2887 933 et
2909 878 2975 932 ad
3012 876 3333 945 Ethiopum.
3352 876 3502 929 auxi-

1925 974 2050 1028 lium
2080 972 2334 1041 confugit.
2359 973 2437 1026 lle
2458 971 2691 1041 cognita,
2725 969 2976 1037 Assyrius
3007 969 3299 1022 exercitum
3329 965 3509 1020 admo-

1924 1065 2019 1128 vit,
2052 1071 2278 1132 etcapta
2308 1062 2555 1125 civitate,
2578 1069 2790 1131 gentem
2817 1059 2964 1113 illam
2991 1072 3097 1112 non
3153 1057 3223 1111 ibi
3277 1056 3507 1125 amplius

1927 1155 2169 1209 habitare
2193 1153 2451 1222 permisit,
2478 1168 2543 1205 ne
2563 1152 2755 1205 iterum
2788 1149 3083 1205 deficerent
3112 1164 3126 1213 ;
3158 1146 3252 1202 sed
3285 1148 3379 1211 bis
3405 1147 3504 1201 Ba-

1924 1246 2171 1317 bylonem
2202 1253 2258 1299 et
2288 1243 2341 1297 in
2365 1242 2587 1296 Mediam
2620 1239 2911 1303 translatis,
2941 1247 3128 1309 gentes
3155 1238 3291 1292 alias
3344 1238 3509 1291 variis

1925 1354 1989 1394 ex
2019 1339 2152 1392 locis
2177 1336 2398 1391 eductas
2444 1336 2494 1390 in
2541 1334 2838 1391 Samariam
2887 1332 3184 1387 habitatum
3232 1332 3399 1396 misit,
3454 1339 3508 1382 ut

1924 1430 2135 1485 ﬁrmum
2163 1444 2317 1484 suum
2344 1428 2426 1482 his
2456 1428 2507 1481 in
2534 1427 2663 1481 locis
2687 1426 2966 1494 imperium
2998 1432 3183 1494 postea
3210 1430 3355 1477 esset
3382 1461 3395 1487 ,
3426 1436 3510 1475 re-

1924 1521 2082 1592 gione
2111 1520 2229 1575 (ldis
2259 1520 2447 1574 incolis
2472 1517 2681 1573 tradita.
2725 1517 2817 1571 llis
2840 1518 2909 1571 ita
2932 1517 3119 1587 gestis,
3150 1515 3296 1570 Deus
3333 1524 3390 1568 ut
3411 1528 3507 1581 po-

1929 1612 2145 1669 tentiam
2171 1626 2319 1665 suam
2350 1609 2682 1673 ostenderet,
2713 1607 2961 1679 quodque
2983 1622 3092 1661 non
3123 1605 3192 1660 ob
3219 1602 3501 1658 imbecilli-

1926 1713 2086 1759 tatem
2124 1701 2337 1758 Judmos
2386 1699 2722 1765 tradidisset,
2781 1698 2875 1753 sed
2931 1704 3151 1768 propter
3208 1696 3504 1750 incolarum

1927 1803 2165 1865 peccata,
2199 1792 2383 1846 leones
2412 1790 2464 1843 in
2494 1789 2752 1843 barbaros
2783 1787 3024 1851 immisit,
3066 1786 3154 1855 qui
3186 1794 3348 1840 totam
3375 1798 3501 1853 gen-

1929 1895 2031 1939 tem
2058 1881 2424 1938 devastabant.
2455 1881 2579 1935 Hme
2602 1879 2713 1949 regi
2739 1879 3084 1941 nuntiantur;
3111 1875 3201 1931 ille
3226 1875 3389 1929 mittit
3418 1889 3510 1929 sa-

1926 1975 2198 2031 cerdotem
2225 1971 2530 2043 quemdam,
2563 1971 2653 2040 qui
2690 1970 2782 2024 Dei
2819 1968 2961 2037 leges
2984 1967 3112 2037 ipsis
3141 1966 3392 2021 traderet.
3418 1968 3513 2020 At-

1930 2077 2105 2123 tamen
2136 2080 2202 2121 ne
2223 2067 2300 2119 sic
2320 2063 2531 2135 quidem
2557 2063 2774 2117 omnino
2804 2060 2871 2115 ab
2895 2059 3168 2128 impietate
3193 2057 3514 2113 destiterunt

1926 2158 2018 2215 sed
2050 2157 2241 2227 partim
2265 2162 2490 2209 tantum.
2521 2150 2824 2221 Insequenti
2854 2158 3033 2204 autem
3065 2157 3304 2217 tempore
3328 2189 3344 2213 ,
3393 2146 3513 2201 ido-

1931 2253 2102 2308 lorum
2128 2250 2335 2319 abjccto
2357 2247 2523 2313 cultu,
2553 2246 2719 2300 Deum
2767 2242 3067 2298 coluerunt.
3117 2241 3252 2295 Cum
3308 2238 3411 2294 boc
3458 2238 3512 2292 in

1928 2352 2068 2398 statu
2093 2356 2180 2396 res
2208 2347 2406 2405 essent,
2433 2336 2632 2393 reversi
2652 2334 2843 2397 Judaei,
2874 2333 2973 2387 hos
3003 2341 3062 2386 ut
3086 2330 3417 2401 alienigenas
3459 2337 3515 2382 et

1930 2422 2111 2491 hostes
2142 2433 2526 2488 aversabantur
2546 2472 2563 2497 ,
2590 2443 2725 2499 quos
2756 2441 2784 2480 a
2818 2435 2998 2481 monte
3022 2423 3389 2480 Samaritanos
3416 2437 3513 2476 vo-

1928 2527 2140 2582 cabant.
2164 2524 2365 2579 Judzeis
2395 2535 2523 2576 vero
2566 2534 2672 2575 non
2702 2520 2824 2573 hinc
2852 2531 3010 2586 parva
3033 2530 3153 2569 cum
3205 2513 3334 2583 ipsis
3374 2513 3513 2567 orie-

1928 2620 2083 2673 batur
2112 2617 2404 2682 contentio,
2427 2612 2569 2685 qnod
2589 2627 2693 2666 non
2719 2619 2856 2666 totas
2870 2608 3172 2676 Scripturas
3191 2606 3511 2685 reciperent,

1928 2711 2023 2767 sed
2072 2710 2266 2781 Moysis
2326 2680 2525 2762 tantum
2555 2705 2755 2769 libros;
2807 2716 2905 2757 nec
2956 2699 3247 2770 prophetas
3292 2680 3513 2775 multum

1929 2809 2198 2857 curarent.
2225 2799 2502 2855 Samarita:
2520 2810 2647 2852 vero
2669 2795 2940 2851 Iudaicam
2957 2791 3288 2847 nobilitatem
3312 2789 3517 2844 ambie-

1930 2897 2079 2962 bant,
2108 2907 2383 2964 genusque
2411 2906 2565 2946 suum
2609 2890 2675 2944 ad
2703 2888 2974 2944 Abraham
3006 2885 3158 2955 quasi
3202 2882 3515 2953 progenito-

1932 3005 2043 3044 rem
2075 2986 2398 3050 referebant,
2439 2991 2620 3053 utpote
2645 2982 2733 3051 qui
2753 2996 2819 3035 ex
2845 2978 3096 3034 Chaldma
3118 2982 3321 3041 essent,
3350 2984 3405 3028 et
3430 2973 3516 3027 Ja-

1929 3078 2030 3137 cob
2056 3088 2256 3147 patrem
2283 3090 2439 3131 suum
2468 3075 2747 3140 vocabant,
2774 3080 2957 3141 utpote
2984 3068 3211 3124 Abrahte
3234 3074 3514 3136 nepotem:
3604 3062 3605 3065 “

1928 3172 2094 3228 Judtei
2119 3185 2245 3224 vero
2266 3157 2389 3224 cum
2417 3168 2625 3223 ueteris
2649 3165 2899 3219 omnibus
2948 3162 3095 3232 ipsos
3132 3174 3347 3231 quoque
3387 3158 3515 3212 abo-
3544 3158 3547 3167 '

1931 3263 2285 3318 minabantur.
2346 3257 2493 3314 Unde
2520 3266 2574 3311 et
2596 3255 2810 3311 Christo
2837 3251 3234 3322 exprobrabant
3265 3250 3345 3303 his
3392 3263 3515 3301 ver-

1931 3355 2011 3409 bis
2034 3370 2047 3407 :
2092 3352 2450 3408 Samaritanus
2476 3365 2526 3403 es
2550 3358 2601 3402 tu
2622 3390 2638 3413 ,
2662 3357 2707 3400 et
2729 3346 3033 3401 damonium
3057 3344 3209 3397 habes
3236 3345 3252 3411 (
3278 3340 3436 3395 Jorm.
3458 3340 3515 3395 8.

1931 3444 2000 3499 48
2026 3444 2069 3513 ).
2098 3444 2165 3498 Ει
2196 3441 2246 3495 in
2273 3441 2493 3502 historia
2523 3439 2640 3507 ejus
2665 3436 2753 3505 qui
2799 3434 3157 3489 descenderat
3204 3432 3270 3486 ab
3299 3430 3518 3485 Jerusa-

1934 3536 2038 3591 lem
2072 3536 2123 3588 in
2144 3532 2381 3595 Jericbo,
2417 3531 2505 3583 illa
2537 3530 2649 3597 ipsa
2678 3528 2745 3581 de
2766 3540 2927 3581 causa
2955 3525 3200 3580 Christus
3229 3522 3521 3577 Samarita-

1933 3642 2058 3683 num
2091 3624 2311 3689 inducit,
2346 3621 2445 3687 Qui
2473 3623 2590 3690 fecit
2635 3616 3034 3671 misericordiam
3092 3616 3145 3667 in
3197 3613 3288 3666 illo
3338 3609 3513 3682 (Luc.

1933 3718 2022 3774 10.
2054 3720 2119 3773 ’57
2152 3716 2190 3789 ),
2226 3716 2384 3769 vilem
2418 3726 2609 3780 nempe
2637 3723 2945 3779 personam,
2976 3706 3286 3774 despectam
3305 3712 3359 3757 et
3377 3702 3518 3771 apud

1934 3811 2051 3863 illos
2072 3804 2505 3863 abominabilem.
2537 3802 2605 3855 Et
2631 3816 2695 3855 ex
2718 3800 2905 3854 decem
2955 3796 3183 3866 leprosis
3205 3809 3370 3848 unum
3387 3792 3523 3847 alie-

1934 3903 2177 3971 nigenam
2210 3908 2383 3963 vocat,
2431 3896 2553 3967 quia
2598 3894 2962 3949 Samaritanus
3016 3898 3173 3944 erat:
3203 3896 3362 3955 atque
3410 3885 3523 3954 ipse

1933 3990 2205 4061 discipulis
2225 3988 2445 4058 loquens
2470 3985 2680 4041 dicebat
2714 4001 2724 4037 :
2754 3983 2819 4037 In
2843 3983 2972 4035 viam
2994 3980 3216 4051 gentimu
3247 3993 3310 4030 ne
3336 3976 3521 4029 abieri-

1935 4086 2016 4149 tis,
2041 4092 2084 4136 et
2110 4083 2159 4135 in
2177 4082 2422 4135 civitatem
2439 4077 2881 4134 Satttaritanorum
2906 4090 2969 4127 ne
2985 4070 3285 4126 itttraveritis
3307 4066 3521 4139 (Matth.

1935 4175 2144 4243 10.5).

2006 4269 2059 4321 ‘5.
2083 4266 2196 4320 Non
2226 4274 2281 4318 ut
2304 4262 2575 4318 historiam
2604 4268 2805 4316 texeret
2829 4268 3052 4325 tantum,
3085 4254 3407 4324 evangelista
3435 4252 3524 4307 Ja-

1934 4358 2125 4414 cobum
2171 4355 2506 4419 memoravit,
2554 4352 2648 4408 sed
2696 4360 2755 4407 ut
2781 4350 2994 4404 Judmos
3022 4346 3224 4417 jamdiu
3270 4344 3521 4413 expulsos

1934 4449 2259 4507 ostenderet.
2303 4446 2577 4516 Siquidem
2621 4443 3018 4513 progenitorum
3056 4436 3385 4507 temporibus
3410 4434 3521 4502 jam

1936 4546 2052 4597 haec
2099 4540 2229 4596 olim
2270 4553 2365 4594 sua
2421 4538 2535 4591 loca
2588 4533 2922 4602 occupabant
2946 4530 3038 4584 illi.
3076 4528 3205 4594 Qua:
3232 4526 3372 4581 enim
3404 4524 3520 4579 loca

1936 4637 2302 4707 progenitores
2354 4634 2453 4694 sui,
2489 4645 2595 4684 non
2628 4629 2753 4683 olim
2780 4641 2892 4690 sua,
2928 4622 3282 4691 occupabant,
3311 4620 3425 4672 hmo
3454 4618 3523 4671 ob

1937 4728 2198 4799 ignaviam
2230 4734 2281 4779 et
2309 4723 2599 4791 nequitiam
2629 4718 2680 4772 bi
2705 4732 2855 4771 suam
2908 4716 3221 4768 amiserant.
3252 4711 3343 4765 Sic
3392 4707 3521 4761 nihil

1936 4820 2151 4891 prodest
2181 4834 2211 4871 a
2239 4817 2394 4872 bonis
2419 4810 2846 4883 progenitoribus
2875 4807 3026 4871 oriri,
3050 4806 3091 4859 si
3120 4812 3340 4873 nepotes
3366 4801 3524 4868 dege-

1938 4890 2143 4968 nerent.
2169 4908 2389 4963 Barbari
2415 4906 2576 4967 enim,
2627 4898 2845 4952 leonum
2882 4904 3091 4950 tantum
3128 4890 3392 4970 saevitiam
3427 4904 3522 4944 ex-

1938 4999 2178 5074 perti,ad
2208 4998 2485 5053 Iudaicum
2527 4993 2704 5047 statim
2750 4990 2949 5044 cultum
2997 4986 3306 5047 redierunt;
3355 4981 3520 5035 ,ιυάιιτε

1938 5108 2065 5147 vero
2087 5100 2164 5146 tot
2180 5088 2432 5144 aerumnis
2448 5082 2709 5152 etstigati,
2731 5097 2797 5138 ne
2825 5080 2893 5133 ita
2917 5077 3132 5148 quidem
3162 5074 3516 5143 resipuerunt.

2004 5293 2018 5320 ³
2058 5284 2218 5335 Morel.
2244 5283 2388 5344 legit,
2425 5284 2691 5344 sexcentos.
2716 5288 2819 5339 pro,
2842 5274 2984 5344 aliqs.

2003 5330 2494 5409 (aj'ihj'sep—tiiag'iuta
2530 5330 2858 5409 Interpr'etum
2899 5335 3123 5409 Edi‘tione
3151 5339 3201 5400 et
3234 5330 3525 5409 inﬁHebrafo

1941 5391 2125 5473 legitur
2136 5391 2499 5473 iipbiaimuante
2520 5391 2763 5473 sontoron,
2780 5404 2828 5447 El
2854 5402 2995 5460 caput
3020 5391 3264 5456 Ephmim,
3282 5401 3523 5473 sqmoron,

1942 5454 2377 5525 cytoeodem‘ordine
2398 5467 2447 5513 in
2468 5463 2686 5525 Vulgata.
2708 5454 2820 5525 Quae
2844 5454 2963 5525 vero
2984 5454 3104 5525 mdx_
3123 5454 3408 5525 memoriter
3423 5462 3526 5525 uar-

1941 5512 2482 5599 r’dtvaEv—sostotnusde
2502 5512 2739 5593 Tlfeglatli
2762 5520 3058 5599 Phalassarti‘,
3076 5517 3139 5565 de
3156 5516 3320 5599 occiso
3344 5512 3446 5599 Ela,
3461 5512 3525 5558 de

1939 5574 2373 5655 “ibit-liumqu
2396 5600 2542 5649 quem
2588 5574 2719 5645 p‘ouit
2736 5597 2828 5655 pro
2852 5594 2973 5641 rege
2998 5578 3330 5655 Egy‘pti‘orum
3360 5587 3370 5619 :
3398 5574 3522 5655 ὴίυςε

1942 5635 2449 5718 ἶιῖίῖιῖδιιῖόἰῃῆἰεηυὶι
2469 5635 2693 5695 accurate
2718 5635 2840 5718 dicta
2868 5635 3005 5701 sinit;
3041 5635 3133 5687 sed
3154 5645 3207 5718 ult
3232 5648 3345 5718 sese
3369 5635 3522 5718 menti

1940 5697 2264 5768 3.133651%
2287 5711 2576 5768 offerebant,
2611 5706 2737 5768 quod
2772 5704 2889 5753 alias
2913 5697 3006 5753 nou
3030 5697 3188 5751 semel
3212 5700 3521 5747 observatur.
