4162 6326
663 331 762 389 179

659 441 772 496 lluc
801 441 978 511 itaque
1002 437 1240 496 Christus
1266 436 1438 500 venit,
1465 431 1678 487 mollem
1706 438 1761 485 et
1788 426 2040 483 lascivam
2062 424 2221 478 vitam

659 546 871 603 semper
897 531 1132 601 abigens,
1155 526 1469 582 laboriosam
1501 535 1627 578 vero
1648 529 1702 577 et
1728 527 1927 574 arctam
1948 514 2220 603 inducens.

659 601 939 678 Non—enim
966 614 1324 688 subjugalibus
1342 627 1470 670 usus
1498 618 1604 679 est,
1644 609 1741 667 sed
1765 609 1839 664 ita
1868 604 2079 662 assidue
2123 601 2226 656 iter

658 715 787 784 agit,
813 720 870 767 ut
890 708 1224 780 defetigetur.
1243 705 1356 762 Hoc
1375 703 1573 778 ubique
1595 702 1772 766 docet,
1798 707 1854 754 ut
1878 696 1977 752 sibi
2003 695 2226 765 quisque

658 811 928 872 operetur,
958 815 1058 856 nec
1084 807 1288 871 querat
1306 794 1589 867 superﬂua,
1620 807 1721 848 nec
1749 790 1927 846 multis
1954 794 2125 857 egeat.
2149 785 2224 839 ita

660 905 817 962 porro
843 890 958 945 vult
981 903 1080 945 nos
1106 903 1138 944 a
1161 885 1562 958 supervacaneis
1592 883 1796 938 alienos
1824 893 1963 948 esse,
1987 876 2222 933 utetiam

658 982 820 1035 multa
843 979 1141 1036 necessaria
1168 982 1483 1046 amputaret.
1530 973 1654 1028 Ideo
1701 969 1914 1027 dicebat
1962 984 1978 1022 :
2039 964 2224 1035 Vulpes

661 1072 829 1138 foveas
860 1069 1061 1135 habent,
1089 1075 1135 1123 et
1161 1067 1381 1121 uolucres
1409 1063 1520 1118 ccli
1540 1063 1686 1116 nidos
1709 1075 1728 1125 ;
1753 1058 1921 1114 Filius
1945 1065 2112 1111 autem
2135 1055 2226 1108 lto-

658 1158 809 1214 minis
853 1174 952 1213 non
987 1157 1131 1212 habet
1166 1156 1252 1210 ubi
1298 1160 1448 1225 caput
1482 1152 1685 1207 reclinet
1736 1149 1962 1221 (Matth.
2001 1147 2053 1202 8.
2092 1143 2162 1202 ΩΟ
2180 1143 2222 1214 ).

657 1249 915 1316 Quocirca
960 1248 1012 1302 in
1040 1245 1306 1302 montibus
1334 1256 1477 1314 saepe
1500 1249 1744 1298 versatur
1771 1247 1826 1295 et
1869 1238 1925 1293 in
1967 1233 2223 1300 desertis,

661 1356 765 1395 non
811 1338 1036 1395 interdiu
1088 1327 1312 1402 tantum,
1360 1333 1457 1392 sed
1495 1333 1658 1390 etiam
1703 1337 1887 1387 noctu.
1936 1327 2045 1382 Hoc
2063 1325 2224 1381 etiam

668 1429 830 1486 David
858 1427 1220 1501 przeuuntians
1258 1424 1486 1491 dicebat,
1535 1422 1615 1480 De
1641 1428 1858 1478 torrente
1904 1419 1959 1472 in
1993 1417 2074 1471 ria
2096 1414 2224 1470 bibet

663 1523 844 1591 (Psal.
875 1522 999 1578 l09.
1031 1521 1062 1574 7
1082 1520 1102 1591 )
1122 1561 1139 1586 ,
1165 1529 1224 1576 ut
1246 1521 1362 1589 ejus
1386 1516 1683 1588 expeditam
1704 1513 1825 1572 vita:
1847 1511 2104 1567 rationem
2131 1504 2226 1561 de-

658 1621 997 1669 monstraret.
1027 1611 1257 1681 ldipsum
1291 1609 1376 1664 hic
1399 1607 1633 1664 Joannes
1670 1603 1869 1661 indicat
1895 1619 1907 1655 :
1930 1598 2085 1654 Iesus
2107 1612 2225 1666 ergo

658 1705 896 1774 fatigatus
918 1719 982 1758 ea:
1005 1703 1199 1768 itinere,
1228 1699 1425 1756 sedebat
1451 1700 1523 1755 sic
1541 1713 1690 1769 super
1714 1700 1923 1762 fontem.
1949 1689 2095 1745 Hora
2118 1696 2225 1743 erat

657 1793 800 1861 quasi
822 1801 980 1847 secta.
999 1792 1053 1847 7.
1081 1789 1229 1847 Venit
1252 1789 1431 1845 mulier
1449 1789 1512 1845 de
1538 1787 1777 1844 Samaria
1797 1783 1999 1838 haurire
2017 1795 2221 1853 aquam.

656 1881 794 1938 Dicit
816 1883 863 1938 ei
879 1881 1031 1939 Iesus
1057 1897 1077 1938 :
1097 1880 1178 1936 Da
1199 1881 1322 1936 mihi
1347 1879 1525 1935 bibere.
1551 1879 1602 1936 8.
1635 1875 1888 1947 Discipuli
1927 1883 2094 1928 autent
2117 1872 2228 1944 ejus

657 1974 882 2029 abierant
918 1975 974 2028 in
1013 1974 1197 2044 forum,
1227 1981 1284 2028 ut
1305 1974 1439 2028 cibos
1469 1979 1704 2028 emerent.
1738 1967 1870 2023 Hinc
1889 1965 2005 2036 ejus
2024 1963 2227 2035 patien-

659 2067 787 2122 tiam
811 2065 867 2122 in
887 2065 1154 2136 carpendo
1171 2066 1380 2131 itinere,
1406 2073 1462 2122 et
1486 2063 1724 2120 ciborum
1752 2059 2048 2130 neglectum
2069 2055 2228 2112 disci-

657 2171 799 2222 mus,
849 2164 905 2212 et
926 2169 1081 2226 quam
1113 2155 1284 2212 obiter
1320 2155 1440 2211 huic
1467 2153 1542 2210 rei
1575 2153 1665 2209 det
1689 2165 1943 2222 operam;
1965 2148 2042 2203 sic
2061 2147 2225 2203 disci-

659 2245 765 2315 puli
794 2260 1004 2317 quoque
1026 2260 1113 2302 res
1136 2258 1258 2301 suas
1291 2253 1518 2301 tractare
1556 2242 1878 2300 didicerunt.
1921 2239 2036 2296 Non
2081 2238 2223 2295 enim

656 2341 846 2398 viatica
874 2356 1055 2398 secum
1083 2342 1392 2400 sumebant:
1423 2341 1563 2412 quod
1590 2341 1725 2396 alter
1760 2339 1957 2394 indicat
1993 2349 2224 2406 evange-

658 2431 778 2487 lista
809 2430 1029 2503 (Matth.
1054 2431 1142 2488 16.
1174 2434 1232 2488 ll
1255 2434 1294 2502 ).
1322 2447 1440 2488 cum
1462 2431 1529 2488 de
1551 2431 1812 2489 fermento
1838 2429 2222 2484 Pharisaeorum

658 2525 786 2594 ipsis
812 2522 1137 2595 loqueretur,
1167 2523 1306 2596 quod
1327 2523 1400 2579 illi
1424 2523 1622 2580 dictum
1664 2521 1939 2594 putabant,
1971 2518 2092 2589 quia
2136 2533 2224 2585 pa-

659 2631 754 2671 nes
784 2632 887 2671 non
932 2624 1286 2686 sumpserant.
1317 2615 1385 2671 Et
1409 2629 1531 2672 cum
1574 2615 1873 2670 esurientes
1911 2609 2144 2674 inducit,
2171 2617 2227 2664 et

657 2705 832 2773 spicas
853 2706 1109 2762 vellentes
1136 2715 1191 2760 ut
1215 2705 1466 2772 ederent;
1511 2718 1575 2761 ac
1601 2719 1720 2760 cum
1748 2703 1879 2760 dicit
1915 2717 2056 2766 eum,
2083 2698 2225 2771 quod

656 2792 901 2856 esuriret,
920 2794 986 2848 ad
1005 2794 1159 2849 ficum
1189 2795 1398 2851 venisse
1429 2812 1443 2849 :
1474 2793 1605 2848 nihil
1630 2792 1772 2848 aliud
1812 2792 1896 2847 his
1920 2803 2019 2845 nos
2045 2789 2220 2854 docet,

653 2899 815 2954 quam
842 2893 1077 2941 ventrem
1105 2900 1223 2942 esse
1247 2886 1394 2956 parvi
1418 2883 1774 2956 pendendum,
1807 2898 1908 2938 nec
1932 2879 2077 2936 illum
2101 2889 2222 2936 tan-

657 2983 840 3044 topere
865 2975 1153 3032 curandum
1173 2991 1313 3033 esse.
1331 2975 1620 3033 Considera
1650 2976 1736 3032 hic
1753 2990 1964 3048 quoque
1993 2975 2110 3030 illos
2137 2977 2220 3030 ni-

656 3061 732 3120 hil
754 3064 1012 3132 attulisse,
1039 3079 1210 3135 uertue
1236 3075 1410 3120 tamen
1439 3065 1560 3122 ideo
1580 3066 1755 3121 statim
1782 3080 1813 3120 a
1835 3065 2094 3135 principio
2117 3065 2222 3120 diei

656 3154 793 3210 lianc
826 3169 938 3210 rem
990 3169 1196 3220 curare,
1244 3155 1338 3210 sed
1380 3170 1503 3211 cum
1541 3153 1672 3210 hora
1727 3155 1936 3225 prandii
1973 3154 2220 3221 advenit,

656 3258 810 3300 escas
862 3251 1095 3315 emptum
1120 3244 1218 3300 ire.
1245 3244 1353 3301 Nos
1398 3260 1528 3300 vero
1554 3254 1739 3300 contra
1786 3246 1965 3302 statim
2006 3254 2165 3316 atque
2192 3259 2221 3300 a

656 3333 793 3388 lecto
820 3335 1165 3400 surreximus,
1189 3343 1312 3390 ante
1338 3335 1515 3391 omnia
1562 3334 1675 3391 haec
1702 3349 1965 3403 curamus,
2017 3350 2218 3407 coquos

652 3433 708 3478 et
753 3439 1017 3495 caupones
1065 3427 1418 3494 aceersimus,
1467 3425 1626 3498 idque
1671 3442 1863 3500 magno
1901 3443 2019 3484 cum
2046 3427 2221 3485 studio

654 3516 860 3586 agimus
887 3537 903 3574 :
929 3527 983 3574 et
1008 3528 1126 3589 post
1146 3519 1259 3575 hzee
1286 3519 1390 3574 alia
1412 3534 1680 3588 curamus,
1723 3520 1840 3576 haec
1863 3535 2074 3592 semper
2096 3537 2213 3577 cara

657 3608 796 3666 nalia
823 3609 1185 3682 spiritualibus
1209 3621 1614 3685 anteponentes,
1636 3621 1692 3669 et
1719 3627 1838 3684 quae
1865 3613 2225 3684 perfunctorie

655 3703 928 3760 tractanda
948 3713 1118 3770 erant,
1163 3706 1313 3776 quasi
1353 3704 1655 3762 necessaria
1694 3713 2066 3774 exsequentes.
2101 3704 2225 3760 Ideo

654 3796 834 3851 omnia
889 3805 1210 3866 praepostere
1263 3793 1512 3867 aguntur.
1554 3794 1748 3853 Contra
1793 3795 2013 3851 omnino
2065 3810 2225 3866 agere

654 3885 909 3956 oportuit,
931 3885 1280 3956 spiritualium
1301 3902 1542 3958 magnam
1560 3886 1757 3944 habere
1785 3888 2045 3944 rationem
2069 3901 2084 3954 ;
2106 3885 2226 3958 qui-

653 3976 756 4034 bus
783 3976 1049 4048 perfectis,
1079 3977 1195 4036 hzec
1227 3979 1485 4051 attingere
1509 3993 1607 4051 par
1635 3979 1753 4035 luit.
2159 3971 2161 3973 ’

726 4069 953 4126 Christus
1003 4072 1227 4141 mplo
1267 4071 1408 4126 docet
1447 4072 1632 4141 fastum
1657 4087 1761 4127 esse
1802 4071 2122 4126 calcandum.
2152 4101 2223 4112 —

655 4162 792 4220 llinc
822 4178 980 4234 porro
1020 4177 1123 4219 non
1151 4163 1392 4220 laborum
1424 4163 1703 4219 tolerantia
1746 4162 1905 4218 modo
1926 4163 1977 4218 in
2006 4161 2221 4219 Christo

655 4256 1003 4323 observanda,
1029 4258 1124 4314 sed
1166 4257 1323 4313 etiam
1353 4264 1605 4326 quantum
1650 4262 1793 4312 esset
1830 4270 1863 4310 a
1909 4255 2048 4310 fastu
2087 4253 2221 4311 alie-

656 4362 793 4411 nus;
821 4364 923 4403 non
945 4356 1147 4403 tantum
1177 4347 1316 4415 quod
1344 4346 1590 4415 fatigatus
1609 4353 1771 4407 esset,
1818 4343 1958 4414 quod
2008 4345 2224 4401 sederet

657 4450 815 4492 secus
837 4436 971 4489 viam
996 4451 1011 4499 ;
1052 4434 1148 4488 sed
1179 4435 1337 4488 etiam
1367 4434 1507 4504 quod
1535 4435 1680 4492 solus
1712 4433 1928 4490 relictus
1978 4442 2141 4499 esset,
2170 4443 2225 4490 et

657 4524 900 4594 discipuli
926 4523 1043 4595 ejus
1070 4523 1458 4580 discessissent.
1492 4525 1650 4595 Atqui
1691 4533 1914 4595 poterat,
1945 4524 1988 4578 si
2019 4524 2219 4579 voluis-

655 4625 757 4680 set,
784 4624 877 4671 aut
905 4630 1008 4671 non
1045 4630 1232 4671 omnes
1267 4616 1494 4680 misisse,
1549 4615 1912 4684 autprofectis
1948 4615 2058 4670 illis
2086 4615 2220 4671 alios

655 4703 852 4761 habere
896 4706 1192 4771 ministros;
1219 4703 1314 4760 sed
1343 4705 1527 4760 noluit.
1561 4703 1769 4759 Etenim
1809 4703 2100 4775 discipulos
2139 4704 2218 4759 sic

654 4796 1032 4850 assuefaciebat
1056 4795 1121 4850 ad
1154 4794 1345 4851 fastum
1371 4809 1583 4850 omnem
1620 4793 1953 4850 calcandum.
1997 4795 2063 4849 Et
2090 4796 2218 4865 quid

651 4886 868 4952 mirum,
898 4884 1086 4940 dixerit
1128 4883 1263 4940 forte
1287 4885 1567 4957 quispiam,
1623 4882 1670 4938 si
1720 4881 1977 4937 moderati
2022 4892 2175 4938 erant
2200 4925 2215 4950 ,

650 4992 770 5033 cum
794 4978 1081 5047 piscatores
1103 4987 1300 5042 essent,
1320 4982 1410 5033 aut
1424 4976 1764 5032 tentoriorum
1779 4973 1997 5045 opifices
2013 4975 2036 5028 τ
2055 4974 2219 5030 Erant

651 5068 896 5138 equidem
917 5069 955 5117 ¹ε
975 5081 1160 5121 verum
1187 5067 1365 5122 statim
1391 5065 1459 5120 ad
1476 5067 1658 5121 caelum
1684 5065 1983 5123 evolarunt.
2007 5073 2060 5140 et
2077 5065 2215 5135 regi-

652 5157 751 5211 bus
780 5156 1030 5214 clariores
1073 5165 1378 5222 evaserunt,
1406 5154 1689 5210 familiares
1731 5170 1923 5224 nempe
1950 5155 2069 5210 facti
2100 5157 2218 5212 uui-

651 5247 791 5303 versi
818 5247 962 5301 orbis
995 5247 1225 5313 Domini,
1266 5256 1321 5303 et
1366 5244 1660 5301 admirandi
1710 5245 1946 5316 magistri
1976 5247 2213 5302 asseclaa.

647 5336 806 5394 Scitis
834 5345 1009 5392 autem
1031 5351 1123 5391 eos
1149 5337 1237 5406 qui
1263 5351 1325 5390 ex
1367 5335 1648 5391 humiliore
1676 5335 1845 5405 gradu
1883 5335 1948 5390 ad
1985 5335 2214 5406 dignita-

649 5440 728 5484 tes
759 5429 1093 5499 perveuiunt,
1127 5428 1328 5483 facilius
1353 5428 1405 5482 in
1431 5429 1782 5504 arrogantiam
1809 5427 2005 5494 efferri,
2035 5431 2215 5498 utpote

647 5521 736 5590 qui
764 5531 919 5576 antea
949 5519 1165 5576 honoris
1189 5527 1434 5589 expertes
1459 5530 1670 5575 essent.
1699 5521 1756 5576 ιιι
1783 5520 1881 5576 hac
1912 5519 2067 5591 igitur
2096 5520 2213 5589 illos

711 5699 729 5730 ⁸
765 5695 896 5760 Hec,
921 5705 1054 5749 erant
1073 5692 1315 5760 equidem,
1339 5709 1364 5749 a
1396 5694 1754 5746 Iontefalcouio
1780 5710 1871 5748 non
1899 5697 2026 5748 lecta
2046 5707 2172 5750 sunt.

1397 324 1454 380 S.
1494 316 1768 378 JOANNIS
1803 309 2268 371 CHRYSOSTO)“
2300 307 2615 365 ARCHIEP.
2655 307 3189 366 CONSTANTlNOP.

3811 308 3919 365 180

2332 419 2630 478 humilitate
2654 423 2953 486 continens,
2975 422 3154 477 docuit
3173 434 3266 477 eos
3293 429 3348 477 ut
3370 435 3465 491 per
3479 421 3656 477 omnia
3684 422 3912 479 modesti

2331 522 2386 569 et
2431 513 2662 569 humiles
2691 523 2890 580 essent,
2942 527 3002 568 ac
3029 527 3315 584 numquam
3363 512 3622 567 ministris
3667 523 3906 584 egerent.

2331 603 2448 674 Ipse
2464 615 2663 670 autem,
2691 605 2876 674 inquit,
2907 604 3173 676 Fatigatus
3202 620 3265 659 ea:
3291 603 3487 671 itinere,
3517 605 3716 658 sedebat
3740 606 3811 659 sic
3841 604 3913 658 ad

2331 694 2540 763 fontem.
2569 693 2754 748 Viden'
2783 693 2986 748 sedisse
3018 693 3164 747 illum
3196 692 3391 747 laboris
3416 701 3472 750 et
3515 703 3676 749 azstus
3710 709 3870 748 causa
3892 734 3909 758 ,

2330 780 2396 835 ad
2425 781 2714 852 discipulos
2754 781 3170 851 exspectandos?
3193 780 3360 836 Norat
3384 781 3581 852 quippe
3609 781 3732 851 quid
3763 791 3916 837 esset

2331 871 2679 928 Samaritanis
2725 882 3062 928 eventurum.
3091 871 3207 927 Non
3235 881 3411 928 tamen
3435 872 3523 926 illa
3549 872 3814 941 prmcipue
3839 872 3915 927 de

2328 977 2486 1018 causa
2516 970 2764 1029 venerat;
2795 977 2986 1033 neque,
3019 962 3228 1016 etiamsi
3247 975 3310 1018 ea
3327 960 3393 1017 de
3411 974 3571 1016 causa
3599 975 3703 1016 non
3731 962 3913 1016 venis-

2328 1063 2424 1120 set
2471 1053 2776 1122 repellenda
2818 1052 3128 1107 muliercula
3178 1051 3266 1108 illa
3312 1061 3448 1120 erat,
3501 1067 3621 1123 qua:
3665 1067 3724 1108 se
3770 1052 3913 1108 adeo

2329 1143 2568 1199 discendi
2597 1143 2842 1214 cupidam
2867 1143 3128 1200 exhibuit.
3156 1142 3327 1199 Judaei
3376 1145 3519 1199 enim
3555 1143 3728 1214 ipsum
3750 1143 3816 1198 ad
3848 1159 3913 1199 se

2329 1235 2629 1291 venientem
2675 1235 3041 1306 repellebant;
3071 1234 3297 1306 gentiles
3327 1245 3515 1292 contra
3546 1236 3653 1291 alio
3695 1236 3913 1305 profici-

2327 1337 2562 1384 scentem
2585 1329 2651 1384 ad
2675 1344 2735 1385 se
2753 1329 3052 1386 trahebant.
3075 1329 3153 1384 Illi
3170 1329 3491 1394 invidebant,
3513 1328 3567 1384 lii
3587 1328 3908 1394 credebant;

2328 1419 2403 1475 llll
2427 1419 2855 1490 indignabantur,
2897 1421 2948 1476 hi
2997 1421 3324 1476 mirabantur
3347 1430 3400 1476 et
3421 1420 3735 1476 adorabant.
3767 1420 3910 1490 Quid

2327 1513 2488 1583 ergo?
2511 1511 2857 1582 oportebatne
2889 1521 2965 1568 tot
3000 1510 3276 1568 hominum
3321 1511 3548 1569 salutem
3593 1512 3908 1583 despicere,

2327 1612 2380 1659 rt
2411 1614 2516 1660 tam
2546 1605 2838 1662 studiosum
2864 1603 3110 1660 aﬂ'ectum
3151 1601 3461 1681 dimittere?
3497 1602 3608 1658 Hoc
3645 1614 3792 1659 certe
3821 1603 3908 1658 in-

2327 1698 2544 1769 dignum
2585 1699 2727 1755 illius
2755 1697 3080 1770 benignitate
3112 1716 3127 1752 :
3159 1695 3383 1766 ideoque
3406 1760 3408 1763 τ
3429 1695 3543 1751 hrec
3579 1695 3756 1750 omnia
3783 1712 3908 1750 cum

2329 1787 2588 1859 sapientia
2622 1789 2723 1844 sibi
2748 1795 3076 1859 congruente
3110 1785 3400 1857 dispensat.
3429 1784 3682 1850 Sedeliat,
3709 1798 3910 1852 corpus

2329 1879 2642 1948 recreabat,
2689 1889 2747 1937 et
2788 1879 2937 1950 juxta
2987 1878 3189 1934 fontem
3241 1876 3613 1948 refrigerabat.
3669 1875 3910 1944 Eratque

2331 1980 2459 2028 tunc
2495 1970 2766 2037 meridies,
2816 1968 2958 2041 quod
3014 1968 3336 2040 evangelista
3384 1966 3620 2030 declarat
3669 1965 3752 2021 his
3786 1981 3908 2020 ver-

2329 2061 2444 2128 bis,
2489 2059 2631 2115 Hora
2673 2069 2782 2114 erat
2815 2059 2958 2129 quasi
3007 2068 3149 2113 secta
3170 2099 3187 2124 ,
3235 2066 3281 2113 et
3309 2058 3511 2112 sedebat
3537 2057 3627 2112 sic.
3659 2054 3796 2123 Quid
3823 2065 3911 2109 cst

2327 2153 2494 2219 illud,
2540 2152 2693 2208 Sic?‘
2720 2151 2836 2208 Non
2890 2151 2942 2206 in
2988 2151 3162 2218 solio,
3216 2148 3321 2207 non
3357 2151 3410 2206 in
3464 2149 3760 2221 pulvinari,
3807 2150 3907 2204 sed

2331 2243 2640 2312 simpliciter
2681 2242 2849 2297 humi.
2892 2240 3036 2296 Venit
3081 2240 3264 2297 mulier
3307 2255 3372 2297 ea:
3407 2239 3648 2295 Samaria
3701 2240 3908 2296 haurire

2325 2349 2527 2404 aquam.

2397 2429 2451 2483 4.
2467 2425 2780 2497 Colloquium
2799 2427 2984 2485 Christi
3003 2442 3117 2481 cum
3142 2427 3347 2482 muliere
3363 2425 3691 2484 Samaritana
3713 2428 3906 2482 evolui-

2330 2531 2435 2589 tur;
2447 2523 2703 2592 utriusque
2713 2523 2894 2593 agendi
2913 2523 3044 2578 ratio
3058 2521 3619 2578 commentatum—Vide
3635 2523 3908 2593 quomodo

2327 2613 2565 2672 declaret
2588 2614 2862 2671 mulierem
2899 2622 3116 2684 propter
3157 2613 3301 2683 aliud
3346 2627 3615 2683 egressam
3665 2627 3786 2669 esse
3835 2628 3908 2668 ex

2327 2707 2540 2763 civitate
2559 2748 2575 2774 ,
2604 2707 2800 2776 ubique
2823 2705 3186 2773 impudentem
3215 2704 3520 2760 ludteorum
3551 2704 3908 2774 pervicaciam

2327 2798 2626 2867 reprimens
2649 2837 2664 2864 ,
2703 2810 2771 2852 ne
2797 2796 2916 2866 quis
2953 2794 3158 2851 diceret
3203 2797 3376 2865 ipsum
3420 2795 3717 2867 transgredi
3761 2811 3908 2865 prat-

2326 2898 2538 2959 ceptum
2578 2903 2729 2942 suum
2749 2927 2766 2956 ,
2798 2901 2917 2942 cum
2949 2894 3152 2944 vetaret
3181 2886 3234 2942 in
3259 2886 3525 2942 civitatem
3556 2887 3755 2956 ingredi
3801 2885 3908 2942 Sa-

2327 2979 2740 3045 maritanorum,
2771 2978 2858 3048 qui
2882 2978 2997 3048 ipse
3021 2992 3142 3033 cum
3181 2975 3533 3033 Samaritanis
3576 2977 3909 3047 loqueretur.

2329 3067 2454 3123 Ideo
2469 3108 2484 3128 ,
2512 3067 2763 3136 Discipuli
2787 3068 2894 3136 ejus
2920 3067 2972 3120 in
2994 3067 3244 3121 civitatem
3263 3066 3400 3120 cibos
3419 3068 3634 3137 erupturi
3652 3068 3908 3134 abierant,

2330 3160 2500 3230 inquit
2536 3158 2891 3229 evangelista,
2941 3156 3138 3212 multas
3183 3157 3440 3214 inducens
3483 3159 3731 3231 colloquii
3781 3176 3912 3218 cum

2330 3253 2551 3308 muliere
2595 3263 2804 3305 musas.
2854 3248 2991 3315 Quid
3029 3263 3159 3320 ergo
3196 3249 3430 3306 mulier?
3469 3249 3601 3306 Cum
3630 3250 3910 3318 audisset,

2329 3341 2412 3398 Da
2438 3343 2560 3398 mihi
2582 3341 2780 3409 bibere,
2813 3339 3098 3397 admodum
3128 3340 3417 3411 prudenter
3439 3340 3708 3396 Christum
3736 3341 3911 3396 inter-

2327 3435 2547 3505 rogandi
2575 3432 2913 3491 occasionem
2941 3441 3162 3504 captans
3192 3431 3362 3501 inquit
3397 3448 3411 3486 :
3439 3429 3493 3486 9.
3515 3429 3908 3498 Quomodotu‘,

2326 3525 2541 3581 Juda’us
2566 3542 2682 3580 cum
2712 3525 2782 3579 sis
2800 3563 2817 3592 ,
2844 3522 3006 3578 bibere
3029 3538 3061 3576 a
3088 3538 3167 3576 me
3194 3521 3357 3592 poscis
3375 3561 3392 3589 ,
3422 3537 3535 3592 qua
3567 3537 3679 3575 sum
3724 3521 3912 3576 ntalier

2329 3615 2702 3672 Samaritana?
2727 3613 2850 3668 Non
2877 3614 3012 3668 enim
3037 3621 3309 3667 coutuntur
3335 3611 3508 3666 Judtsi
3536 3611 3906 3666 Samaritanis.

2333 3706 2398 3762 Et
2428 3707 2566 3764 unde
2594 3707 2743 3761 illum
2772 3705 3012 3762 Judamm
3039 3717 3161 3760 esse
3188 3702 3376 3759 novit?
3404 3701 3480 3757 Ex
3510 3700 3691 3756 habitu
3732 3702 3871 3758 forte
3889 3745 3909 3772 ,

2328 3807 2419 3853 aut
2441 3813 2509 3854 ex
2537 3812 2804 3854 sermone.
2835 3796 2917 3851 Tu
2945 3810 3074 3852 vero
3099 3794 3464 3851 animadverte
3489 3808 3649 3864 quam
3689 3795 3910 3864 perspi-

2329 3903 2425 3946 cax
2454 3889 2645 3944 mulier
2679 3894 2842 3961 esset.
2887 3887 3021 3942 Nam
3061 3886 3108 3942 si
3152 3886 3446 3943 cavendum
3483 3894 3634 3951 erat,
3686 3886 3912 3941 Christo

2328 3983 2502 4049 potius
2545 3979 2792 4035 cautione
2827 3994 2960 4050 opus
3012 3987 3161 4046 erat,
3221 3992 3380 4048 quam
3429 3978 3549 4048 ipsi.
3593 3975 3709 4033 Non
3755 3975 3910 4032 enim

2327 4067 2492 4135 dixit,
2523 4069 2636 4124 Non
2664 4077 2949 4124 eoutuntur
2973 4069 3293 4125 Samaritani
3320 4067 3519 4125 ludatis
3545 4085 3560 4134 ;
3590 4070 3704 4137 sed,
3729 4068 3907 4125 Judaei

2328 4161 2689 4217 Samaritanos
2719 4176 2824 4216 non
2850 4160 3154 4218 admittunt.
3181 4161 3428 4216 Attamen
3460 4157 3651 4214 m’ulier
3673 4199 3688 4224 ,
3720 4159 3825 4214 etsi
3871 4175 3907 4214 a

2326 4252 2477 4319 culpa
2509 4249 2789 4314 immunis,
2819 4251 2940 4319 quia
2973 4249 3192 4320 putabat
3216 4249 3377 4305 alium
3423 4249 3474 4303 in
3511 4248 3719 4316 culpam
3763 4249 3909 4303 inci-

2324 4341 2483 4406 dere,
2518 4355 2621 4396 non
2650 4339 2845 4406 tacuit,
2873 4339 2967 4394 sed
2997 4340 3227 4394 correxit
3252 4339 3303 4393 id
3333 4338 3471 4410 quod
3497 4345 3680 4393 contra
3723 4337 3909 4408 legem

2324 4431 2438 4487 fieri
2461 4431 2695 4501 putabat.
2723 4429 2826 4486 Sed
2851 4439 3030 4500 posset
3052 4429 3312 4502 quispiam
3335 4443 3597 4499 querere,
3627 4444 3721 4483 cur
3740 4428 3912 4484 Jesus

2290 4538 2293 4542 ·
2322 4523 2390 4579 ab
2415 4525 2502 4579 illa
2534 4532 2714 4594 potum
2745 4523 2995 4593 petierit,
3030 4521 3082 4575 id
3119 4520 3236 4592 lege
3276 4534 3383 4574 non
3425 4519 3809 4590 permittente?
3846 4519 3910 4576 Si

2320 4617 2439 4686 quis
2469 4617 2610 4670 enim
2656 4614 2886 4679 dixerit,
2937 4612 3079 4682 quod
3130 4611 3446 4681 praevideret
3493 4625 3601 4665 non
3651 4610 3908 4668 daturam

2321 4721 2441 4761 esse
2471 4722 2485 4760 :
2517 4706 2638 4760 ideo
2665 4705 2843 4758 minus
2865 4711 3045 4774 petere
3071 4703 3322 4772 oportuit.
3351 4701 3487 4767 Quid
3536 4715 3666 4772 ergo
3710 4700 3909 4757 dicen-

2320 4797 2444 4852 dum
2469 4796 2492 4849 ?
2520 4794 2829 4850 lndiﬂ'erens
2851 4795 2958 4864 jam
2987 4791 3149 4848 fuisse
3178 4775 3908 4847 talesobservationesabro-

2321 4907 2464 4962 gare.
2497 4889 2627 4946 Nam
2654 4890 2742 4958 qui
2774 4888 2907 4944 alios
2931 4887 2997 4943 ad
3028 4875 3522 4956 transgrediendum
3575 4884 3904 4954 inducebat,

2324 4981 2488 5037 multo
2518 4981 2688 5051 magis
2715 4979 2830 5034 illas
2857 4974 3153 5048 transgredi
3179 4975 3423 5031 debebat.
3453 4974 3570 5031 Non
3589 4976 3730 5032 enim
3751 4978 3907 5047 quod

2321 5070 2640 5142 ingreditur,
2671 5070 2874 5140 inquit,
2910 5067 3217 5138 coinquinat
3255 5066 3522 5122 hominem
3547 5107 3562 5131 ,
3611 5067 3706 5122 sed
3750 5057 3908 5137 quod

2319 5160 2587 5231 egreditur
2618 5157 2838 5229 (Matth.
2871 5159 2954 5214 15.
2991 5159 3048 5212 ll
3075 5157 3115 5226 ).
3144 5156 3258 5212 Non
3291 5171 3449 5228 parva
3475 5165 3653 5212 autem
3681 5155 3909 5211 Judzno-

2319 5267 2435 5307 rum
2476 5250 2742 5307 accusatio
2779 5258 2860 5305 est
2899 5248 3026 5303 illud
3075 5264 3194 5302 cum
3239 5248 3460 5304 muliere
3510 5247 3837 5318 colloquium
3887 5267 3904 5302 :

2317 5343 2438 5413 quia
2470 5342 2543 5396 illi
2574 5356 2717 5411 smpe
2745 5351 2800 5396 et
2822 5341 2998 5396 verbis
3028 5348 3081 5395 et
3109 5341 3270 5410 gestis
3297 5340 3512 5406 allecti,
3539 5355 3643 5394 non
3682 5339 3905 5395 obtema

2318 5434 2591 5505 pcrabaut.
2621 5432 2746 5487 llzec
2773 5441 2945 5486 autem
2969 5430 3090 5486 vide
3137 5445 3293 5499 quam
3341 5431 3446 5486 cito
3493 5429 3596 5484 levi
3651 5430 3904 5486 interro-

2381 5568 2395 5600 ³
2426 5566 2479 5617 lu
2509 5567 2616 5619 aliis
2646 5567 2714 5617 sic
2747 5562 3049 5627 eli'erturrhic
3072 5560 3206 5627 locus
3233 5573 3246 5608 :
3270 5559 3394 5619 Quid
3416 5558 3721 5627 ergonuilier
3746 5573 3906 5627 quant

2315 5633 2530 5686 Christus
2552 5641 2725 5690 aqnmn
2771 5625 3042 5693 poposcit}.
3069 5623 3248 5693 Etenim
3278 5641 3299 5666 ι
3329 5621 3537 5693 {mmihi
3573 5621 3779 5693 biberes
3825 5621 3902 5672 air

2319 5684 2388 5748 iui
2419 5684 2630 5746 (In-iniis-
2656 5705 2670 5740 :
2702 5684 2954 5750 ouid'ergo
2988 5684 3072 5736 illa
3095 5685 3118 5734 γ
3140 5685 3376 5745 Quomodo
3397 5690 3465 5745 tu,
3488 5691 3584 5732 etc.
