4162 6326
211 338 309 396 Ηθ

215 452 483 525 χρηστῶν,
503 453 638 509 ὅταν
659 454 739 526 μὴ
757 455 991 511 τοιοῦτοι
1022 455 1259 526 τύχωσιν
1289 460 1337 512 οί
1377 458 1436 524 ἐξ
1468 460 1694 514 ἐκείνων
1722 462 1813 515 δνο

212 549 320 595 τις.
344 534 406 585 Ol
431 532 530 603 μέν
549 534 663 607 7&9
695 534 989 607 βάρδαροι,
1013 535 1100 589 ἵνα
1128 536 1361 591 λεόντων
1382 540 1579 611 πεῖραν
1600 539 1812 595 λάϐωσι

207 622 385 693 μόνον,
424 623 563 694 πρὸς
596 624 701 696 τὴν
746 622 1041 693 Ἰουδαῖκὴν
1076 621 1357 675 εὐσέὸειαν
1387 621 1692 693 ἐπανῆλθον
1716 623 1810 676 εύ-

207 706 373 769 θέως’
424 707 627 761 ἐκεῖνοι
682 706 740 761 δέ
778 705 1052 769 τοσαύτας
1095 702 1464 775 ὑπομένοντες
1499 706 1771 777 τιμωρίας
1795 748 1809 773 ,

204 787 319 842 οὐδὲ
346 787 525 853 οὕτως
557 788 1065 861 ἐσωφρονίσθησαν.
1115 784 1384 846 Ἐνταῦθα
1413 788 1592 841 τοίνυν
1625 792 1655 844 6
1680 790 1813 859 Χρι-

206 869 325 933 στδς
364 872 723 942 παρεγένετο,
751 872 844 926 τὸν
877 871 976 943 μὲν
1000 870 1267 941 βάναυσον
1298 870 1394 924 καὶ
1424 870 1591 941 ὑγρὸν
1614 871 1815 925 ἐκϐάλ-

203 952 307 1007 λων
337 952 454 1024 βίον
482 956 593 1019 ἀεὶ,
630 955 723 1007 τὸν
750 954 807 1008 δέ
832 955 1090 1008 ἐπίπονον
1118 954 1356 1023 εἰσάγων
1393 954 1489 1009 καὶ
1519 956 1812 1008 συνεσταλ-

206 1036 384 1106 μένον.
411 1039 492 1091 Οὐ
530 1036 641 1109 γάρ
689 1037 1008 1106 ὑποζυγίοις
1038 1038 1328 1108 κέχρηται,
1376 1037 1490 1090 ἀλλ’
1520 1037 1666 1092 οὕτω
1708 1039 1808 1109 βα-

199 1120 332 1184 δίζει
357 1122 630 1183 συντόνως
656 1160 672 1186 ,
706 1120 785 1186 ὡς
817 1122 912 1176 καὶ
954 1116 1217 1176 κοπιᾶσαι
1252 1123 1319 1175 ἐκ
1349 1121 1450 1192 τῆς
1478 1122 1805 1195 ὁδοιπορίας.

201 1204 306 1256 Καὶ
368 1204 532 1257 τοῦτο
580 1206 863 1276 πανταχοῦ
913 1205 1181 1270 παιδεύει,
1224 1205 1286 1259 :6
1330 1206 1633 1277 αὐτουργὸν
1666 1203 1809 1261 εἶναι

199 1288 288 1341 καὶ
312 1289 635 1360 ἀπέριττον,
661 1290 758 1344 καὶ
789 1290 849 1343 :6
881 1290 957 1361 μὴ
990 1290 1201 1343 πολλῶν
1231 1289 1463 1344 δεῖσθαι.
1508 1291 1666 1345 Οὕτω
1699 1293 1810 1365 γὰρ

198 1370 449 1440 βούλεται
484 1372 593 1427 τῶν
635 1371 912 1444 περιττῶν
960 1372 1281 1444 ἀλλοτρίους
1320 1376 1471 1444 ἡμᾶς
1512 1369 1685 1438 εἶναι,
1731 1375 1809 1439 ῶς

197 1454 286 1507 καὶ
330 1455 517 1509 αὐτῶν
567 1454 677 1510 τῶν
707 1455 1028 1524 ἀναγκαίων
1075 1454 1247 1510 πολλὰ
1290 1456 1668 1527 περικόπτειν.
1706 1457 1805 1511 Διά

197 1538 354 1593 τοῦτο
385 1538 609 1609 ἔλιγενθ
643 1542 714 1594 At
752 1538 1058 1607 ἀλώπεκες
1095 1539 1372 1610 φωλεοὺς
1400 1541 1617 1609 ἔχουσι
1640 1582 1655 1606 ,
1707 1540 1807 1595 καὶ

194 1623 263 1675 τὰ
314 1623 562 1677 πετεινά
611 1622 719 1677 τοῦ
766 1623 1031 1691 οὐρανοῦ
1088 1624 1587 1693 κατασκηνώσεις
1614 1642 1629 1657 ο
1671 1629 1703 1679 d
1736 1625 1807 1679 δὲ

202 1705 331 1774 r16;-
364 1706 475 1761 τοῦ
506 1706 826 1777 ἀνθρώπου
859 1710 973 1763 οὐκ
1006 1708 1133 1776 ἔχει
1180 1707 1301 1763 ποῦ
1356 1708 1472 1778 τὴν
1525 1710 1807 1779 κεφαλὴν

192 1792 388 1860 κλίνη.
419 1791 521 1844 Διά
557 1791 716 1846 τοῦτο
757 1792 854 1845 καὶ⁸
892 1791 951 1845 ἐν
992 1794 1107 1857 τοῖς
1131 1791 1285 1863 δρεσι
1331 1793 1398 1846 τά
1433 1793 1656 1847 πλείονα
1687 1794 1803 1848 δια-

190 1872 384 1945 τρίϐει,
411 1877 514 1929 οὐκ
546 1878 602 1928 ἐν
633 1876 817 1947 ἡμέρᾳ
844 1875 1005 1947 μόνον
1026 1916 1041 1939 ,
1087 1874 1226 1929 ἀλλά
1251 1876 1344 1929 καὶ
1373 1877 1431 1928 ἐν
1470 1876 1626 1929 νυκτὶ
1644 1918 1659 1938 ,
1707 1878 1803 1931 καὶ

191 1958 243 2009 ἐν
273 1961 393 2022 ταῖς
424 1959 678 2030 ἐρήμοις.
730 1958 903 2012 Τοῦτο
965 1960 1061 2011 καὶ
1114 1961 1142 2013 6
1193 1958 1357 2013 Δαυῖδ
1401 1959 1802 2031 ἀνακηρύττων

188 2039 395 2109 ίλεγεν,
445 2041 548 2096 Ἐκ
585 2040 909 2110 χειμάρῤου
939 2042 1009 2095 ἐν
1038 2040 1156 2107 ὀδῷ
1195 2042 1414 2107 πίεται,
1448 2042 1511 2095 :6
1542 2042 1801 2106 εὐσταλὲς

188 2122 348 2177 αὐτοῦ
378 2123 478 2177 τοῦ
512 2124 628 2195 βίου
655 2125 856 2195 δηλῶν.
906 2124 1081 2178 Τοῦτο
1120 2125 1215 2179 καὶ
1268 2126 1522 2196 Ἰωάννης
1562 2126 1800 2180 ἐνταῦθα

184 2205 493 2259 δείκνυσιν·
541 2208 593 2260 '0
644 2203 808 2263 οὖνι
852 2208 1097 2277 Ἰησοῦς
1143 2208 1519 2275 κεκοπιακὼς
1565 2209 1633 2263 ἐκ
1688 2207 1801 2276 τῆς

185 2288 567 2358 ὁδοιπορίας,
611 2289 625 2361 [
639 2289 763 2363 I79]
818 2291 1076 2359 ἐκάθητο
1110 2292 1301 2358 οὕτως
1345 2292 1445 2345 ἐπὶ
1478 2292 1553 2361 τῇ
1605 2290 1793 2362 πηγῇ.

187 2375 328 2439 Ὥρα
476 2374 622 2427 ὡσεὶ
651 2374 815 2443 ἕκτη.
852 2376 1132 2443 Ἔρχεται
1166 2374 1322 2445 γυνὴ
1358 2376 1426 2429 ἐκ
1467 2375 1575 2443 τῆς
1604 2380 1797 2445 Σαμα-

178 2456 341 2525 ρείας
399 2457 710 2526 ἀντλῆσαι
772 2457 949 2541 ὕδωρ.
1012 2460 1185 2527 Λέγει
1236 2457 1392 2527 αὐτῇ
1443 2462 1476 2513 ὁ
1505 2460 1754 2541 χησοῦς
1780 2477 1793 2491 ·

182 2542 286 2607 Δός
308 2558 417 2610 μοι
448 2541 631 2596 πιεῖν.
676 2544 741 2595 Ol
774 2540 844 2595 δὲ
871 2542 1134 2612 μαθηταί
1165 2542 1354 2597 αὑτοῦ
1385 2540 1671 2611 ἀπῆλθον
1707 2545 1797 2610 είς

182 2624 290 2691 τὴν
332 2626 600 2695 ἀγορὰν,
654 2626 755 2678 ἵνα
789 2626 1014 2695 τροφὰς
1050 2626 1462 2696 ἀγοράσωσιν.
1509 2627 1794 2681 Ἐντεῦθεν

185 2709 533 2779 μανθάνομεν
556 2710 733 2763 καὶτὸ
760 2711 889 2783 περὶ
910 2710 1011 2774 τὰς
1032 2710 1341 2782 ὁδοιπορίας
1367 2709 1585 2765 εὔτονον
1603 2712 1791 2777 αὐτοῦ,

182 2794 271 2846 καὶ
304 2793 370 2846 :6
400 2793 534 2863 περὶ
564 2793 663 2857 τάς
693 2795 903 2865 τροφὰς
932 2794 1301 2866 ἠμελημένον,
1331 2796 1424 2848 καὶ
1451 2796 1567 2858 πῶς
1596 2798 1796 2868 παρέρ-

182 2893 288 2945 γως
321 2876 404 2947 τῷ
441 2878 734 2948 πράγματι
769 2879 1061 2950 κέχρηται.
1107 2878 1265 2933 υῦτω
1287 2878 1419 2947 γοῦν
1454 2880 1549 2932 καὶ
1593 2882 1645 2932 οι
1689 2898 1793 2951 μα-

182 2960 338 3032 θηταὶ
360 2962 770 3033 ἐπαιδεύθησαν
800 2962 868 3015 τὰ
906 2963 1031 3016 καθ’
1065 2963 1295 3025 ἑαυτοὺς
1319 2963 1676 3016 διατίθεσθαι.
1714 2966 1790 3017 υῦ

181 3046 285 3117 γάρ
308 3047 587 3116 ἐπήγοντο
629 3046 839 3116 ἐφόδια.
882 3047 992 3100 Καὶ
1025 3047 1176 3115 δηλοῖ
1209 3046 1366 3101 τοῦτο
1406 3048 1593 3119 ἕτερος
1623 3050 1791 3117 εύαγ-

180 3129 434 3200 γελιστὴς
456 3127 653 3197 λέγων,
680 3129 842 3201 ἡνίκα
866 3131 995 3200 περὶ
1022 3131 1124 3201 τῆς
1146 3130 1326 3202 ζύμης
1348 3131 1457 3184 τῶν
1478 3133 1790 3203 Φαρισαίων

182 3212 359 3277 αὐτοῖς
385 3212 684 3281 διελέγετο,
708 3214 789 3266 ὅτι
816 3214 1016 3267 ἐκεῖνοι
1053 3214 1304 3285 ἐνόμιζον
1342 3216 1422 3269 ὅτι
1462 3214 1658 3286 ἄρτους
1690 3216 1789 3270 οὐκ

179 3296 503 3361 ἐϐάσταζον.
541 3299 651 3351 Καὶ
688 3298 817 3351 ὅταν
840 3299 1144 3361 πεινῶντας
1181 3298 1382 3372 είσάγῃ
1403 3339 1417 3362 ,
1453 3302 1548 3355 καὶ
1576 3301 1789 3353 τίλλον-

177 3397 273 3442 τας
305 3381 417 3435 τῶν
450 3381 745 3452 ἀσταχύων
778 3382 804 3421 δ
825 3424 839 3446 ,
874 3382 968 3435 καὶ
1002 3381 1282 3446 ἐσθίοντας
1308 3424 1323 3448 ,
1365 3385 1459 3436 καὶ
1490 3384 1621 3437 ὅταν
1656 3384 1791 3459 λέγῃ

178 3465 337 3517 αὑτὸν
367 3466 463 3518 ἐπὶ
502 3466 603 3535 τὴν
635 3466 809 3535 συκῆν
839 3465 928 3519 διὰ
959 3465 1055 3537 τὴν
1091 3468 1284 3521 πεῖναν
1311 3466 1667 3537 ἐληλυθέναι,
1700 3471 1791 3523 οὺ·-

176 3546 260 3599 δὲν
282 3547 414 3602 ἀλλο
444 3550 477 3619 ἢ
509 3549 670 3602 τοῦτο
692 3549 781 3603 διὰ
814 3548 1036 3603 πάντων
1059 3550 1208 3620 ἡμᾶς
1237 3550 1509 3617 παιδεύει,
1531 3551 1593 3604 :6
1622 3570 1791 3605 κατα-

177 3635 396 3700 φρονεῖν
426 3635 669 3702 γαστρος
690 3673 706 3696 ,
739 3633 833 3686 καὶ
875 3632 950 3703 μὴ
983 3632 1458 3703 περισπούδαστον
1482 3634 1583 3705 τὴν
1618 3636 1790 3706 αὐτῆς

178 3715 422 3785 νομίζειν
453 3713 593 3769 εἶναι
637 3716 1000 3788 λειτουργίαν.
1048 3716 1250 3770 Σκόπει
1290 3717 1422 3785 γοῦν
1453 3719 1652 3781 αὐτοὺς
1694 3720 1790 3771 καὶ

178 3800 438 3865 ἐνταῦθα,
491 3801 618 3854 οῦτε
672 3801 1105 3872 ἐπιφερομένους
1155 3818 1233 3863 τι,
1287 3798 1413 3854 οὕτε
1469 3801 1656 3870 ἐπειδὴ
1712 3802 1787 3871 μὴ

177 3882 501 3949 ἐδάσταζον,
534 3885 600 3937 ἐκ
629 3883 935 3955 προοιμίων
964 3884 1058 3937 καὶ
1089 3881 1251 3946 εὐθὺς
1286 3884 1386 3955 τῆς
1421 3884 1637 3955 ἡμέρας
1664 3883 1786 3936 τού-

178 3983 273 4019 του
306 3968 717 4037 φροντίζοντας,
735 3966 873 4021 ἀλλὰ
890 3966 1033 4020 κατά
1049 3968 1141 4022 τὸν
1163 3966 1377 4037 καιρὸν,
1397 3967 1520 4020 καθ’
1541 3968 1789 4021 ὃνᾶπαν-

176 4066 267 4113 τες
294 4048 810 4121 ἀριστοποιοῦνται,
845 4051 1050 4121 τροφὰς
1082 4050 1476 4123 ἀγοράζοντας.
1520 4050 1659 4104 Ἀλλ’
1689 4052 1787 4123 οὐχ

177 4132 429 4203 ήμεῐς,οῖ
460 4132 662 4198 εὐθέως
692 4144 715 4172 ο
746 4133 856 4187 ἀπὸ
887 4134 1077 4205 κλίνης
1108 4134 1515 4205 διανιστάμενοι
1547 4134 1652 4205 πρὸ
1675 4135 1787 4188 τῶν

175 4218 353 4271 ἀλλων
396 4216 556 4271 τοῦτο
601 4218 991 4288 σκοπούμεθα,
1032 4218 1330 4289 μαγείρους
1380 4218 1475 4269 καὶ
1516 4216 1787 4289 τραπεζο-

177 4302 365 4365 ποιοὺς
398 4300 716 4367 καλοῦντες,
755 4302 850 4355 καὶ
887 4301 1029 4371 μετά
1069 4301 1273 4371 πολλῆς
1330 4300 1504 4353 ταῦτα
1548 4304 1785 4371 ἐπισκή-

177 4401 407 4448 πτοντες
434 4385 533 4456 τῆς
552 4385 828 4455 σπουδῆς,
857 4386 952 4439 καὶ
983 4386 1098 4456 μετ’
1132 4386 1318 4439 ἐκεῖνα
1348 4384 1457 4439 τῶν
1490 4385 1665 4439 ἄλλων
1692 4384 1785 4438 οὔ·

173 4484 285 4533 τως
329 4469 631 4538 ἁπτόμενοι
658 4509 673 4532 ,
718 4468 787 4522 τὰ
823 4467 1053 4538 βιωτικά
1101 4470 1209 4539 πρὸ
1235 4468 1344 4521 τῶν
1394 4468 1785 4539 πνευματικῶν

176 4551 445 4605 σπουδαῖα
480 4552 799 4622 ποιούμενοι
820 4593 832 4616 ,
876 4553 972 4605 καὶ
1006 4551 1042 4605 ἃ
1070 4552 1350 4623 πάρεργον
1386 4551 1532 4623 ἔχειν
1573 4552 1740 4622 ἐχρῆν
1767 4591 1781 4616 ,

171 4638 248 4701 ὡς
296 4640 575 4705 ἀναγκαῖα
622 4637 915 4708 τιμῶντες.
965 4636 1065 4692 Διά
1112 4636 1273 4691 τοῦτο
1308 4636 1489 4691 πάντα
1530 4636 1643 4691 ἀνω
1688 4637 1784 4689 καὶ

172 4723 329 4776 κάτω
366 4724 602 4792 γίνεται.
659 4722 987 4775 Τοῦναντίον
1032 4721 1141 4794 7&9
1174 4720 1346 4791 ἐχρῆν
1380 4719 1637 4773 ἀπάντων
1673 4719 1783 4773 τῶν

174 4806 568 4877 πνευματικῶν
611 4806 780 4859 πολὺν
824 4806 1227 4876 ποιησαμένους
1284 4805 1477 4873 λόγον,
1529 4806 1669 4875 μετὰ
1723 4804 1784 4856 τὸ

174 4892 462 4961 πληρῶσαι
495 4894 711 4955 ἐκεῖνα,
744 4891 863 4943 τότε
896 4887 1163 4945 ἅπτεσθαι
1196 4888 1424 4944 τούτων.

243 4977 322 5031 Οὐ
347 4976 410 5029 τὸ
429 4977 687 5029 ἐπίπονον
713 4975 771 5028 δέ
796 4975 977 5046 μόνον,
1002 4974 1137 5027 ἀλλα
1169 4973 1261 5026 καὶ
1282 4972 1342 5025 :6
1364 4972 1569 5041 ἄτυφον
1593 4970 1799 5024 ἐντεῦ-“

172 5058 268 5110 θεν
300 5056 596 5121 δείκνυται,
623 5058 685 5110 οὐ
716 5056 797 5127 τῷ
831 5056 1119 5121 κοπιᾶσαι,
1162 5054 1281 5107 οῦδέ
1312 5051 1392 5122 τῷ
1436 5050 1661 5105 καθίσαι
1690 5051 1783 5103 ἐπὶ

170 5138 279 5208 τῆς
315 5137 436 5189 ὁδοῦ
490 5136 672 5208 μόνον,
715 5136 851 5189 ἀλλά
888 5135 981 5189 καί⁵
1025 5133 1103 5203 τῷ
1152 5130 1581 5201 καταλειφθῆναι
1622 5129 1784 5199 μόνον

174 5216 274 5268 καὶ
306 5215 435 5279 τοὺς
464 5214 716 5284 μαθητὰς
758 5213 926 5268 αὑτοῦ
970 5212 1231 5266 ἀπελθεῖν
1249 5210 1311 5263 ’(1.
1342 5210 1534 5263 Καίτοι
1564 5226 1626 5276 γε
1654 5208 1784 5278 ἐξῆν

176 5296 231 5348 εί
258 5312 324 5363 γε
358 5294 635 5357 ἐϐούλετο,
669 5295 701 5365 ἢ
750 5295 825 5366 μὴ
870 5294 1078 5356 πάντας
1109 5290 1413 5361 ἐκπέμψαι,
1448 5289 1481 5360 ἢ
1519 5288 1783 5342 ἀπελθόν-

172 5394 291 5430 των
317 5375 563 5440 ἐκείνων,
596 5375 823 5443 ἐτέρους
846 5373 1128 5437 διακόνους
1164 5373 1333 5442 ἔχειν’
1364 5370 1479 5423 ἀλλ’
1514 5371 1616 5422 οὐκ
1657 5369 1784 5437 ῆθέ-

170 5458 347 5527 λησε⁸
385 5456 480 5509 καὶ
527 5455 637 5526 γὰρ
682 5457 815 5517 τοὺς
871 5453 1123 5525 μαθητὰς
1171 5452 1347 5514 οῦτως
1391 5450 1559 5503 εἴθισε
1604 5450 1783 5503 πάντα

172 5536 352 5603 τῦφον
390 5536 749 5589 καταπατεῖν.
798 5534 907 5587 Καὶ
947 5531 998 5585 τί
1034 5532 1198 5603 μέγα,
1228 5532 1415 5601 φησὶν,
1444 5532 1493 5582 εὶ
1528 5528 1783 5598 ἐμετρία-

173 5614 297 5679 ζον,
336 5614 466 5677 ἴσως
498 5615 644 5667 εἴποι
670 5630 756 5676 τις
797 5613 885 5680 ἂν,
909 5612 1083 5675 ἁλιεῖς
1113 5613 1265 5675 ὄντες
1300 5611 1394 5663 καὶ
1434 5607 1783 5679 σκηνοποιοί;

171 5695 190 5764 ί
214 5694 417 5756 ’Δλιεῖς
455 5694 554 5762 μὲν
584 5689 727 5764 ἦσαν
757 5694 853 5747 καὶ
880 5690 1245 5764 exva-50:01,]
1274 5689 1388 5743 ἀλλ’
1421 5689 1618 5759 ἀθρόον
1650 5690 1727 5751 είς
1760 5699 1783 5727 ε

241 5787 271 5815 ⁸
301 5785 473 5835 Morel.
511 5786 712 5835 ἐνταῦθα
748 5787 930 5842 δεικνὺς
970 5787 1123 5847 λέγει’
1159 5784 1218 5834 Ὃ
1253 5782 1381 5847 οὗνη
1421 5782 1449 5821 1³
1486 5783 1636 5847 Ξιινῆί.
1664 5798 1788 5847 στα-

174 5849 324 5909 χύων.
398 5850 419 5877 ε
455 5848 587 5897 Ἀλλ’
618 5849 709 5910 οὐχ
749 5851 814 5902 ὡς
845 5848 983 5909 ἡμεῖς
1027 5843 1212 5910 εῦθέως.
1252 5844 1493 5910 Sa7i|._et
1529 5843 1785 5910 cod._705,

175 5905 285 5973 in)?
421 5912 486 5966 ὡς
504 5910 643 5972 ἡμεῖς
662 5905 760 5973 ἀπὸ
799 5905 975 5967 κλίνης.
1044 5908 1072 5947 εὶ
1088 5908 1253 5973 ᾼδιινίι.
1290 5905 1439 5973 αύτοῦ
1475 5906 1784 5973 χωρισθῆχαι.

178 5970 310 6035 ἷδξα
324 5966 701 6035 ὶιῗσιηνάποιοι,
721 5972 961 6035 ἀθρόονδὲ
981 5974 1060 6026 εἰς.
1088 5971 1235 6022 L'ncis
1258 5970 1442 6019 inclusa
1461 5966 1649 6019 é‘cudu.
1676 5966 1787 6028 705,

178 6033 276 6083 τι.ξὸ
296 6044 349 6084 ει
372 6036 464 6085 Sav
516 6034 707 6095 adjecta
731 6033 862 6085 sunt.
886 6034 1023 6085 Εοιτ.

1212 337 1278 393 ΙΝ
1323 336 1642 399 ΙΟᾹΝΝΕΜ
1686 338 1923 394 ΠΟΜΙΙ..
1966 340 2158 400 XXXI.
2202 344 2273 399 al.
2314 343 2482 398 XXX.

3426 342 3545 400 18οι

1922 462 2092 534 αὐτὴν
2125 464 2401 533 ἀνέδησαν
2426 462 2524 516 τοῦ
2546 462 2782 534 ούρανοῦ
2811 462 2911 533 τὴν
2942 459 3212 533 κορυφὴν,
3259 461 3357 516 καὶ
3394 462 3531 517 πάνυ

1917 558 2029 596 των
2049 541 2299 609 ἐγένοντο
2321 540 2590 611 βασιλέων
2622 542 2965 613 σεμνότεροι,
2990 540 3254 613 ὁμιληταὶ
3273 541 3531 609 γενέσθαι

1921 619 2358 685 καταξιωθέντες
2418 619 2513 673 τοῦ
2559 620 2661 689 τῆς
2701 619 3033 691 οἰκουμένης
3085 620 3384 686 Δεσπότου,
3433 622 3531 676 καὶ

1919 698 2405 770 παρακολουθῆσαι
2432 698 2510 770 τῷ
2541 698 2950 771 θαυμαζομένῳ
2983 699 3270 754 πάντοθεν.
3297 700 3443 754 Ἵστε
3473 700 3531 753 δὲ

1916 778 2160 842 κάκεῖνο,
2209 781 2293 833 ὃτι
2346 779 2585 849 μάλιστα
2633 780 2683 833 οἱ
2741 780 2808 831 ἐκ
2849 777 3127 832 ταπεινῶν
3170 778 3347 841 ὄντες,
3397 778 3531 831 ὅταν

1915 857 2248 930 ἀξιωμάτων
2300 859 2433 913 ποτέ
2490 858 2788 919 λάϐωνται,
2852 855 3224 931 εὐκολώτερον
3274 856 3530 926 αἴρονται

1911 938 2057 1010 ,πρὸς
2100 940 2387 1002 ἀπόνοιαν,
2432 938 2530 993 ἀτε
2579 937 2965 1009 ἀπειροκάλως
2999 937 3220 1009 ἔχοντες
3254 935 3393 1007 πρὸς
3427 935 3528 1006 τὴν

1913 1019 2186 1091 τοσαύτην
2216 1021 2405 1091 τιμήν.
2440 1018 2705 1089 Κατέχων
2734 1014 2830 1071 οῦν
2859 1017 3059 1079 αὐτοὺς
3092 1015 3190 1070 ἐπὶ
3220 1016 3322 1087 τῆς
3352 1015 3529 1085 αὐτῆς

1912 1100 2442 1174 ταπεινοφροσύνης,
2474 1099 2762 1155 ἐπαίδευεν
2792 1098 2994 1163 αὐτοὺς
3020 1096 3109 1151 διά
3148 1096 3370 1151 πάντων
3402 1113 3528 1150 συν-

1913 1181 2192 1235 εστάλθαι.
2228 1183 2322 1236 καὶ
2356 1180 2613 1251 μηδαμοῦ
2639 1179 2850 1234 δεῖσθαι
2877 1178 2986 1232 τῶν
3018 1175 3522 1247 διακονησομένων.

1912 1261 2087 1323 Αὐτὸς
2131 1261 2186 1314 δὲ
2231 1259 2619 1326 Κεκοπιακὼς
2656 1259 2726 1312 ἐκ
2766 1255 2879 1325 τῆς
2917 1255 3288 1325 ὁδοιπορίας,
3334 1254 3522 1325 φησὶν,

1910 1339 2168 1408 ἐκάθητο
2213 1340 2405 1405 οὕτως
2436 1339 2536 1392 ἐπὶ
2584 1335 2661 1407 τῇ
2720 1335 2907 1405 πηγῇ.
2960 1335 3125 1406 Ὁρᾷς
3164 1336 3248 1388 ὅτι
3296 1334 3387 1387 διὰ
3432 1334 3524 1387 τὸν

1912 1420 2081 1473 κόπον
2113 1422 2146 1490 ἠ
2185 1418 2421 1490 καθέδρα
2452 1420 2667 1486 γέγονε,
2704 1416 2793 1470 διὰ
2827 1416 2887 1468 τὸ
2922 1414 3134 1485 καῦμα,
3160 1414 3250 1468 διὰ
3272 1412 3337 1466 τὸ
3366 1429 3525 1485 περι-

1914 1501 2097 1569 μεῖναι
2123 1500 2251 1562 τοὺς
2292 1498 2579 1569 μαθητάς;
2608 1497 2765 1569 ’ῌδει
2804 1496 2905 1567 μὲν
2944 1495 3055 1566 7&9
3099 1492 3523 1569 συμϐησόμενον

1909 1566 1969 1631 τὸ
1996 1578 2140 1631 κατά
2180 1566 2308 1641 τοὺς
2352 1566 2724 1646 Σαμαρείτας.
2777 1566 2894 1629 Ούκ
2935 1574 3031 1626 ἐπὶ
3078 1570 3241 1625 τοῦτο
3288 1570 3345 1623 δὲ

1910 1657 2374 1729 προηγουμένως·⁸
2417 1657 2478 1709 οὐ
2518 1655 2625 1727 μὴν
2670 1654 2862 1725 ἐπειδὴ
2903 1653 2995 1707 διὰ
3020 1652 3185 1705 τοῦτο
3222 1650 3325 1704 οὐκ
3366 1647 3521 1723 [180]

1906 1731 2061 1808 ἦλθε,
2096 1737 2546 1807 παραγενόμενον
2583 1735 2646 1788 :6
2679 1733 2906 1802 γύναιον
2945 1731 3275 1801 ἀπώσασθαι
3323 1729 3519 1801 ἐχρῆν,

1906 1816 2050 1871 οῦτω
2071 1814 2273 1885 πολλὴν
2298 1815 2663 1885 φιλομάθειαν
2685 1815 3158 1886 ἐπιδεικνύμενον.
3189 1814 3252 1867 υἱ
3280 1811 3378 1882 μὲν
3410 1810 3521 1880 γὰρ

1920 1892 2169 1946 Ἰουδαῖοι
2202 1892 2298 1946 καὶ
2340 1892 2478 1962 1:96;
2519 1893 2717 1955 αὐτοὺς
2758 1892 3057 1961 ἐρχόμενον
3098 1892 3438 1961 ἀπήλαυνον,
3470 1891 3519 1942 οί

1905 1972 1962 2047 δέ
2008 1972 2069 2037 ἐξ
2117 1972 2289 2026 ἐθνῶν
2337 1972 2433 2025 καὶ
2484 1970 2721 2047 ἀλλαχοῦ
2777 1970 3063 2041 βαδίζοντα
3111 1970 3249 2039 πρὸς
3293 1969 3521 2031 ἑαυτοὺς

1904 2046 2112 2106 εἷλκον·
2141 2051 2238 2104 καὶ
2273 2053 2321 2104 οἱ
2359 2051 2457 2119 μὲν
2490 2046 2773 2120 ἐφθόνουν,
2806 2052 2854 2103 οί
2880 2049 2938 2103 δὲ
2968 2051 3280 2103 ἐπίστευοψ
3317 2052 3519 2103 ἐκεῖνοι

1904 2132 2274 2201 ἠγανάκτουν,
2324 2126 2473 2187 οὗτοι
2519 2128 2838 2200 ἐθαύμαζον
2882 2129 2977 2183 καὶ
3025 2130 3420 2200 προσεκύνουν.
3452 2131 3519 2184 Τί

1902 2207 2031 2278 οὖνς
2074 2212 2184 2265 ἔδει
2218 2211 2493 2265 τοσούτων
2532 2209 2808 2280 σωτηρίαν
2842 2210 3143 2279 ὑπεριδεῖν,
3192 2210 3287 2263 καὶ
3313 2208 3519 2281 προθυ-

1905 2293 2039 2363 μίαν
2067 2292 2213 2347 οῦτω
2245 2290 2500 2360 γενναίαν
2540 2291 2794 2359 ἀφεῖναι;
2824 2289 2997 2344 Τοῦτο
3037 2288 3136 2359 μέν
3165 2284 3258 2343 οὖν
3294 2287 3517 2355 ἀνάξιον

1899 2366 2175 2443 ἦναύτοῦ
2204 2372 2305 2442 τῆς
2334 2369 2771 2439 φιλανθρωπίας*
2805 2368 2995 2440 διόπερ
3028 2368 3169 2437 μετά
3212 2368 3309 2438 τῆς
3348 2384 3516 2440 προσ-

1901 2452 2146 2523 ηκούσης
2176 2450 2329 2521 αὐτῷ
2372 2450 2568 2519 σοφίας
2612 2449 2795 2503 πάντα
2823 2447 2891 2501 τὰ
2923 2448 3171 2519 παρόντα
3216 2449 3513 2518 οἰκονομεῖ.

1913 2532 2186 2602 Ἐκάθητο
2212 2531 2312 2601 μὲν
2334 2530 2466 2599 γὰρ,
2496 2528 2795 2583 ἀναπαύων
2822 2527 2884 2581 τὸ
2912 2527 3096 2596 σῶμα,
3122 2527 3218 2581 καὶ
3244 2527 3396 2595 παρά
3416 2526 3516 2598 τὴν

1900 2611 2086 2682 πηγὴν
2122 2609 2467 2680 (ἀναψύχων
2501 2609 2652 2663 αὑτό.
2684 2608 2826 2662 Αὐτὸ
2856 2609 2966 2679 7&9
2989 2605 3058 2679 ἦν
3087 2608 3187 2677 τῆς
3215 2607 3427 2678 ἡμέρας
3453 2608 3516 2660 :6

1902 2692 2252 2762 μεσαίτατον,
2288 2691 2425 2759 ὅπερ
2466 2689 2559 2741 καὶ
2604 2691 2633 2742 6
2675 2687 3084 2756 Εύαγγελιστὴς
3136 2686 3405 2753 ἐδήλωσεν
3438 2688 3515 2740 εί-

1899 2770 2037 2831 πὼν,
2068 2770 2215 2837 Ὥρα
2260 2764 2339 2838 ἦν
2368 2767 2512 2821 ὡσεὶ
2549 2768 2714 2834 ἕκτη·
2766 2766 2865 2821 καὶ
2897 2764 3156 2833 ἐκάθητο
3196 2764 3403 2832 οὕτως.
3448 2766 3512 2819 Τί

1896 2848 1951 2901 δέ
1986 2850 2158 2910 ἐστιν,
2207 2848 2440 2912 Ο·ὓτως;
2494 2847 2610 2900 Ούκ
2652 2846 2747 2899 ἐπὶ
2790 2845 3005 2916 θρόνου,
3055 2844 3243 2915 φησὶν,
3282 2845 3381 2897 οὐκ
3419 2844 3515 2897 ἐπὶ

1897 2926 2367 2998 προσκεφαλαίου,
2392 2926 2507 2979 ἀλλ’
2526 2925 2715 2988 ἁπλῶς
2734 2927 2828 2978 καὶ
2847 2925 2921 2987 ὼς
2939 2924 3131 2993 ἔτυχεν
3149 2924 3235 2975 ἐπ’
3255 2922 3446 2990 ἐδάφοι
3456 2941 3503 2986 ς,

1901 3010 2183 3077 Ἔρχεται
2207 3006 2365 3076 γυνὴ
2396 3008 2465 3059 ἐκ
2492 3005 2607 3073 τῆς
2635 3004 2972 3073 Σαμαρείας
2997 3000 3303 3070 ἀντλῆσαι
3328 3001 3509 3069 ὕδωρ.

1969 3088 2031 3141 6'.
2077 3088 2220 3158 Ὅρα
2264 3086 2380 3150 πῶς
2422 3085 2519 3138 καὶ
2562 3084 2659 3153 τὴν
2701 3086 2941 3151 γυναῖκα
2971 3081 3037 3134 δι’
3078 3080 3207 3135 ἄλλο
3238 3080 3514 3132 δείκνυσιν

1895 3166 2243 3231 ἐξελθοῦσαν,
2279 3162 2557 3233 πανταχοῦ
2591 3162 2691 3232 τὴν
2715 3161 3072 3231 ἀναίσχυντον
3092 3158 3203 3212 τῶν
3239 3158 3515 3211 Ἰουδαίων

1894 3242 2265 3313 ἐπιστομίζων
2315 3241 2652 3309 ἀντιλογίαν,
2702 3238 2798 3291 καὶ
2854 3239 2942 3291 ἵνα
2990 3238 3064 3309 μή
3113 3252 3197 3300 τις
3244 3235 3381 3306 λέγῃ
3426 3236 3510 3289 ὄτι

1894 3322 2235 3376 ἐναντιοῦται
2268 3318 2465 3372 ἑαυτοῦ
2500 3318 2580 3389 τῷ
2629 3317 3043 3388 προστάγματι,
3082 3318 3164 3380 είς
3207 3315 3305 3385 μὲν
3352 3315 3511 3369 πόλιν

1894 3400 2132 3455 κελεύων
2182 3401 2256 3470 μὴ
2301 3397 2532 3452 εἰσιέναι
2586 3395 2979 3465 Σαμαρειτῶν,
3028 3394 3404 3463 Σαμαρείταις
3450 3393 3509 3446 δὲ

1893 3479 2299 3547 διαλεγόμενος.
2331 3476 2421 3529 Διὸ
2450 3476 2543 3528 καὶ
2574 3475 2657 3537 τδ,
2696 3473 3213 3539 Ἀπεληλύθεισαν
3240 3475 3295 3526 οι
3318 3475 3511 3541 μαθη-

1894 3559 1988 3612 ταὶ
2017 3556 2205 3612 αὐτοῦ
2237 3558 2326 3621 είς
2353 3554 2469 3623 τὴν
2500 3558 2705 3619 πόλιν,
2743 3554 2845 3607 ἵνα
2880 3552 3108 3621 τροφὰς
3136 3551 3507 3620 άγοράσωσι,

1893 3636 2140 3689 τέθεικεν
2167 3637 2196 3687 6
2228 3633 2661 3704 Εὑαγγελιστὴς,
2699 3631 2901 3692 πολλὰς
2934 3632 3173 3699 εἰσάγων
3199 3624 3379 3688 άίτίας
3407 3630 3511 3700 τῆς

1893 3715 2031 3785 πρὸς
2067 3714 2238 3785 αὐτὴν
2267 3712 2579 3777 διαλέξεως.
2624 3712 2688 3764 Τί
2737 3708 2831 3765 οῦν
2875 3712 2909 3782 ἡ
2952 3711 3132 3779 γυνή;
3175 3708 3506 3774 Ἀκούσασα,

1892 3796 2005 3859 Δός
2064 3809 2169 3861 μοι
2222 3790 2401 3851 πιεῖν,
2457 3790 2665 3860 σφόδρα
2725 3788 2964 3851 συνετῶς
3024 3788 3106 3850 είς
3152 3786 3510 3860 κατασκευὴν

1892 3873 2220 3944 ἐρωτήσεως
2265 3870 2357 3923 τὸν
2408 3869 2563 3940 παρὰ
2605 3869 2700 3921 τοῦ
2747 3868 2985 3941 Χριστοῦ
3022 3866 3182 3935 λόγον
3213 3865 3506 3937 λαμϐάνει,

1892 3952 1988 4006 καὶ
2036 3951 2223 4021 λέγει·
2275 3948 2408 4015 Πῶς
2434 3948 2561 4003 δσὺ
2626 3948 2917 4013 Ἰουδαῖος
2966 3945 3073 4012 ὢν,
3121 3946 3308 4011 αἰτεῖς
3367 3949 3508 4016 παρ’

1888 4031 2038 4101 ἐμοῦ
2096 4030 2257 4085 ,πιεῖν
2308 4028 2505 4096 οὔσης
2560 4026 2865 4095 γυναικὸς
2903 4025 3371 4095 Σαμαρείτιδος;
3422 4029 3508 4082 Οὐ

1891 4110 2003 4182 γὰρ
2036 4107 2422 4179 συγχρῶνται
2458 4106 2738 4182 Ἰουδαῖοι
2765 4105 3179 4175 Σαμαρείταις.
3207 4104 3319 4157 Καὶ
3342 4105 3507 4160 πόθεν

1890 4181 2054 4244 αὐτὸν
2088 4189 2341 4243 Ἰουδαῖον
2388 4184 2640 4258 ἐνόμιζεν
2681 4181 2857 4248 εἷναις
2907 4181 3043 4237 Ἀπὸ
3089 4182 3183 4236 τοῦ
3226 4186 3506 4254 σχήματος

1892 4270 2043 4332 ἴσως,
2079 4269 2173 4321 καὶ
2205 4266 2313 4320 ἀπὸ
2344 4268 2445 4337 τῆς
2482 4265 2793 4331 διαλέξεως.
2830 4263 2902 4315 Σὺ
2934 4261 2991 4315 δέ
3040 4278 3131 4332 μοι
3163 4262 3358 4313 σκόπει
3388 4262 3507 4326 πῶς

1890 4346 2288 4418 διεσκεμμένον
2321 4346 2383 4399 τὸ
2431 4344 2656 4415 γύναιον
2685 4340 2773 4415 ἦν.
2814 4341 2876 4395 Εί
2922 4341 3033 4413 γὰρ
3062 4343 3231 4411 ἐχρῆν
3264 4340 3507 4418 φυλάξα-

1894 4428 2044 4493 σθαι,
2082 4416 2173 4481 τδν
2209 4424 2419 4497 Ἰησοῦν
2461 4426 2650 4497 ἐχρῆν,
2688 4424 2789 4476 ούκ
2815 4421 3055 4491 ἐκείνην.
3089 4422 3163 4475 Οῦ
3193 4419 3303 4491 7&9
3327 4416 3504 4485 εἶπεν,

1889 4510 1970 4561 ὅτι
2011 4509 2354 4576 Σαμαρεῖται
2383 4507 2496 4568 τοῖς
2534 4503 2813 4565 Ἰουδαίοις
2853 4502 2915 4554 ού
2950 4498 3321 4571 συγχρῶνται,
3363 4500 3505 4568 ἀλλ’,

1902 4587 2148 4640 ’1ουδαῖοι
2200 4584 2550 4655 Σαμαρείτας
2599 4584 2660 4635 οὐ
2711 4579 3052 4652 προσίενται.
3095 4578 3236 4631 Ἀλλ’
3289 4580 3441 4651 ὅμως
3470 4583 3504 4651 ἡ

1888 4666 2027 4737 γυνὴ
2056 4665 2233 4719 καίτοι
2261 4664 2598 4734 κατηγορίας
2633 4660 3059 4732 ἀπηλλαγμένη,
3092 4659 3283 4729 ἐπειδὴ
3320 4660 3505 4729 ἐνόμι.

1891 4765 1982 4801 σεν
2012 4748 2201 4816 ἕτερον
2242 4745 2379 4815 αὐτῇ
2426 4743 2797 4803 ἀντιπίπτειν,
2850 4739 2971 4793 οὐδὲ
2999 4737 3176 4802 οὕτως
3221 4738 3503 4811 ἐσίγησεν⁹

1891 4825 2008 4880 ἀλλ’
2038 4825 2113 4887 ὡς
2146 4823 2317 4876 οἴεται
2346 4822 2658 4893 διορθοῦται
2703 4820 2765 4873 :6
2796 4820 2873 4891 μὴ
2909 4817 3054 4872 κατά
3078 4818 3244 4888 νόμον
3278 4818 3505 4889 γινόμε-

1887 4923 1997 4958 νον.
2034 4902 2173 4957 Ἀλλ’
2202 4905 2380 4957 έκεῖνο
2424 4902 2491 4956 ἄν
2531 4919 2616 4965 τις
2662 4901 3041 4972 διαπορήσειε,
3078 4900 3197 4963 πῶς
3228 4900 3256 4952 ὁ
3294 4898 3504 4975 Ἰησοῦς

1887 4984 2122 5055 ἐζήτησε
2166 4982 2297 5053 παρ’
2333 4983 2503 5051 αὐτῆς
2544 4984 2711 5047 πιεῖν,
2758 4980 2862 5055 τοῦ
2914 4980 3080 5050 νόμου
3124 4979 3227 5031 οῦκ
3277 4979 3504 5049 ἐπιτρέ-

1893 5082 2124 5129 ποντος;
2162 5064 2225 5115 Et
2256 5064 2365 5131 7&9
2394 5062 2541 5130 λέγοι
2574 5078 2679 5124 τις,
2716 5060 2800 5113 ὅτι
2838 5059 2915 5130 τῷ
2943 5058 3253 5129 προειδέναι
3296 5058 3370 5130 μὴ
3397 5059 3504 5111 δώ-

1891 5160 2113 5213 σουσαν,
2163 5141 2229 5194 δι’
2269 5141 2403 5193 αὐτὸ
2443 5141 2541 5211 μὲν
2566 5135 2662 5193 οῦν
2689 5137 2850 5192 τοῦτο
2876 5139 2999 5192 οὐδὲ
3032 5138 3256 5207 αἰτῆσαι
3305 5138 3498 5208 ἐχρῆν.

1890 5222 1955 5274 Τί
1982 5218 2076 5275 οῦν
2112 5220 2258 5273 ἐστιν
2295 5221 2504 5287 εἱπείνς
2554 5220 2676 5273 ’Ότι
2708 5218 3003 5290 ἀδιάφορον
3040 5215 3191 5287 αὐτῷ
3218 5216 3406 5270 λοιπὸν
3432 5213 3501 5287 ἦν

1887 5302 1987 5365 τὰς
2038 5301 2297 5364 τοιαύτας
2347 5299 2636 5355 ἐκϐάλλειν
2680 5299 3120 5369 παρατηρήσεις.
3139 5298 3198 5349 '0
3229 5296 3339 5367 7&9
3372 5296 3499 5361 τοὺς

1889 5380 2083 5443 ἄλλους
2132 5379 2345 5447 ἐνάγων
2392 5381 2471 5442 είς
2521 5378 2583 5431 τὸ
2628 5377 2799 5440 λύειν,
2853 5374 3035 5446 πολλῷ
3095 5374 3297 5446 μᾶλλον
3336 5376 3501 5439 αὐτὸς

1888 5459 2058 5523 αὑτὰς
2106 5458 2173 5513 ἃν
2219 5458 2597 5531 παρέδραμεν.
2641 5457 2719 5509 Οὐ
2755 5456 2865 5527 γὰρ
2904 5455 2966 5508 :6
3016 5455 3500 5527 εἰσπορευόμενον,

1891 5543 2048 5611 φησι,
2085 5542 2256 5592 κοινοῖ
2283 5538 2374 5592 τὸν
2404 5537 2716 5608 ἄνθρωπον,
2764 5536 2903 5590 ἀλλά
2942 5534 3005 5587 τὸ
3035 5535 3498 5605 ἐκπορευόμενον.

1890 5624 1966 5675 Οὐ
2004 5620 2179 5691 μικρά
2226 5618 2284 5671 δὲ
2333 5618 2638 5689 κατηγορία
2676 5616 2874 5685 γένοιτ’
2910 5615 2976 5668 ἂν
3012 5614 3122 5667 τῶν
3161 5613 3429 5667 Ἰουδαίων
3465 5618 3499 5686 ἡ

1893 5699 2034 5771 πρὸς
2064 5697 2091 5735 ³³
2132 5699 2233 5769 τὴν
2260 5699 2498 5766 γυναῖκα
2532 5695 2789 5761 διάλεξις,
2834 5695 2971 5748 διότι
3008 5697 3207 5747 ἐκεῖνοι
3242 5693 3341 5763 μὲν
3373 5695 3505 5747 πολ-

1956 5798 2160 5874 ‘_..S?V“.-
2460 5796 2586 5871 Πὶίάο
2603 5794 2869 5874 ἑγξιξῑβὲχωγ
2889 5793 3034 5874 οξῦτδι
3060 5793 3301 5874 ’ὶῩΞδέᾲρ
3319 5793 3386 5874 1"?
3403 5800 3504 5874 377‘-

1893 5860 2029 5910 Velil
2054 5864 2156 5923 legi
2180 5856 2334 5923 Szivil.
2364 5856 2429 5923 ἦν
2454 5860 2563 5920 γάρ,
2596 5856 2771 5923 deleto
2792 5856 2939 5923 αῦτὸ-
3008 5857 3040 5923 Β⁸
3062 5856 3209 5923 Αιὶἱῄὴ
3230 5856 3347 5923 γυνῂ
3372 5857 3510 5923 αἰτη-

1890 5924 2027 5972 θεῖσα
2048 5917 2177 5985 ὓδωρ
2198 5921 2329 5985 παρὰ
2348 5920 2435 5985 τοῦ
2592 5920 2682 5985 Δός
2700 5920 2908 5985 μοι-γὰρ,
2930 5918 3064 5985 φςησὶ,
3087 5917 3228 5985 πιεῖν,
3252 5919 3277 5963 ὁ
3300 5919 3510 5985 X_p:_a:0;

1895 5988 2024 6040 ἔλεγε
2042 5977 2162 6093 πρὸς
2179 5977 2343 6038 αύτῆν.
2368 5982 2426 6031 Τί
2446 5977 2528 6029 οὖν
2551 5977 2735 6041 ἐκείνης
2757 5977 2886 6034 Πῶς.
2943 5977 2979 6015 7|?
3006 5980 3216 6038 Quidam
3234 5978 3340 6043 περ(
3382 5977 3510 6028 Tum

1896 6046 1980 6093 alii
2004 6046 2079 6093 διά
2114 6047 2216 6093 εεις“
2247 6044 2452 6093 ἐκείνους
2480 6045 2562 6093 μὲν
2585 6043 2672 6093 γὰο
2693 6059 2743 6091 π.
2772 6040 3099 6091 ἐπεσπάσατο.

1896 6046 1980 6098 akii
2004 6040 2216 6103 διάλεξις*
2247 6044 2452 6100 ἐκείνους
2480 6045 2562 6105 μὲν
2585 6043 2672 6105 γὰρ
2693 6059 2743 6091 π.
2772 6040 3099 6091 ἐπεσπάσατο.
