4162 6326
234 391 320 446 131
1277 375 1340 434 IN
1378 366 1690 431 JOANNEM
1732 360 1959 420 lltZMIL.
2005 363 2173 419 XXXI
2215 369 2284 422 al.
2330 370 2497 430 XXX.

228 509 438 578 gatiunc
466 504 728 575 capiatur.
757 498 913 555 Jesus
942 512 1067 553 vero
1109 496 1209 550 hac
1250 496 1301 548 in
1346 509 1440 557 re,
1491 492 1591 545 hac
1630 490 1682 542 in
1730 484 1810 538 via

232 617 275 654 nt
303 600 465 652 udum
499 594 734 649 instabat
762 609 775 645 :
804 591 896 645 sed
922 604 1016 645 eos
1044 588 1132 658 qui
1158 585 1476 641 accederent
1502 599 1608 637 non
1642 581 1812 647 impc-

233 691 428 744 diebat.
483 684 769 754 Discipulis
809 694 1038 750 namque
1079 676 1394 747 simpliciter
1440 673 1606 736 dixit,
1647 688 1713 725 ne
1758 668 1812 725 in

232 764 503 833 civitatem
527 776 981 831 Samaritanorum
1027 770 1322 833 intrarent,
1372 781 1478 821 non
1531 774 1712 819 tamen
1760 771 1816 815 ut

232 870 553 924 accedentes
580 869 698 922 illos
725 865 1049 935 repellerent
1074 878 1090 916 ε
1117 877 1204 917 res
1230 861 1371 916 enim
1400 859 1541 913 illius
1566 857 1814 925 benigni-

230 969 337 1013 tate
357 957 654 1013 admodum
693 955 907 1024 indigna
948 951 1158 1007 fuisset.
1206 949 1435 1020 ideoque
1476 947 1687 1002 mulieri
1740 946 1818 1000 sic

228 1046 521 1116 reSpondet
552 1064 566 1099 :
600 1045 686 1100 10.
734 1043 796 1098 Si
822 1042 978 1098 scires
996 1041 1185 1094 donum
1226 1038 1359 1106 Dei,
1390 1046 1437 1093 et
1482 1038 1596 1107 quis
1634 1045 1706 1089 est
1730 1036 1817 1105 qui

226 1138 312 1191 tibi
342 1138 507 1203 dicit,
542 1136 623 1190 Da
652 1135 775 1188 mihi
793 1133 958 1189 bibere
984 1148 1003 1187 ε
1029 1142 1082 1185 ιιι
1106 1132 1318 1191 forsitan
1363 1131 1567 1198 petisses
1606 1127 1668 1181 ab
1721 1142 1778 1181 ea
1798 1166 1812 1192 ,

226 1239 269 1282 et
299 1230 522 1283 dedisset
548 1214 638 1279 tibi
664 1241 848 1295 aquam
891 1225 1072 1280 vivam.
1111 1221 1266 1277 Prius
1305 1220 1502 1275 indicat
1538 1233 1656 1273 eam
1696 1231 1816 1272 esse

224 1318 445 1388 dignam
469 1332 593 1386 qua:
619 1315 863 1370 audiatur
881 1356 894 1378 ,
926 1327 1025 1367 nec
1055 1312 1366 1381 rejiciatur;
1398 1325 1459 1363 ac
1484 1306 1676 1363 deinde
1698 1307 1816 1377 quis

223 1411 340 1480 ipse
366 1409 436 1463 sit
468 1408 689 1463 revelat.
718 1406 849 1461 Nam
877 1420 1001 1459 mox
1032 1402 1279 1458 auditura
1321 1401 1441 1471 quis
1483 1408 1663 1463 esset,
1710 1398 1807 1467 ipsi

220 1501 660 1568 ubtemperatura
689 1505 839 1562 erat;
876 1494 1017 1566 quod
1046 1494 1114 1549 de
1151 1492 1351 1550 Judazis
1392 1505 1551 1546 neruo
1595 1489 1808 1546 dixerit.

220 1592 353 1647 Nam
381 1606 506 1646 cum
531 1589 871 1653 didicissent,
921 1587 1054 1641 nihil
1100 1586 1168 1641 ab
1207 1586 1325 1656 ipso
1371 1584 1667 1654 petierunt,
1712 1595 1815 1636 nec

219 1681 499 1753 quidpiam
532 1680 661 1735 utile
686 1679 924 1735 ediscere
952 1677 1273 1746 cupierunt;
1306 1675 1412 1730 imo
1441 1674 1589 1729 illum
1619 1681 1811 1727 contu-

218 1772 398 1826 mellis
427 1771 725 1826 onerabant
748 1777 802 1825 et
845 1768 1132 1839 pellebant.
1182 1766 1278 1821 His
1327 1765 1522 1821 auditis
1574 1765 1808 1829 mulier,

216 1865 341 1919 vide
366 1878 531 1935 quam
552 1861 794 1917 modeste
819 1859 1142 1930 respondeat
1170 1875 1185 1912 :
1216 1858 1305 1914 ll.
1350 1856 1572 1911 Domine
1588 1897 1603 1922 ,
1654 1870 1813 1923 neque

214 1960 267 2010 in
296 1973 397 2025 quo
429 1956 640 2009 haurias
666 1954 835 2019 habes,
882 1963 930 2008 et
969 1962 1148 2023 puteus
1190 1952 1324 2006 altus
1364 1959 1479 2015 est;
1521 1949 1655 2003 unde
1691 1964 1810 2019 ergo

215 2050 375 2104 habes
403 2064 589 2119 aquam
619 2046 823 2102 vivam?
850 2045 968 2101 Jatn
1000 2045 1145 2100 illam
1173 2059 1201 2097 a
1229 2043 1418 2099 viliore
1446 2042 1698 2111 opinione
1726 2056 1809 2094 rc-

216 2145 413 2210 tmxit,
470 2145 543 2197 ita
591 2152 649 2196 ut
693 2156 799 2196 nun
847 2140 987 2195 ultra
1031 2137 1279 2193 crederet
1329 2137 1475 2191 illum
1530 2134 1806 2205 vulgarem

212 2233 527 2303 quempiam
554 2246 674 2287 esse
695 2230 987 2285 hominem.
1016 2228 1131 2283 Non
1160 2226 1319 2281 modo
1346 2226 1491 2281 enim
1510 2225 1657 2279 illum
1690 2224 1811 2278 Do—

212 2324 425 2379 minum
456 2330 645 2387 vocat,
689 2320 784 2378 sed
833 2320 1130 2376 honoriﬁce
1179 2317 1434 2388 loquitur.
1482 2316 1617 2371 Nam
1662 2312 1806 2384 quod

213 2416 443 2471 honoris
473 2431 630 2471 causa
661 2414 739 2469 sic
780 2414 1109 2483 loqueretur,
1141 2426 1203 2467 es
1232 2407 1580 2481 sequentibus
1615 2407 1802 2476 liquet.

210 2506 333 2562 Non
361 2507 507 2561 enim
539 2506 742 2570 irrisit,
772 2520 878 2560 non
920 2502 1155 2560 traduxit
1202 2502 1352 2556 illum
1378 2542 1394 2568 ,
1447 2500 1542 2557 sed
1590 2499 1803 2554 interim

210 2596 620 2653 Subdubitabat.
661 2594 815 2663 Quod
863 2595 908 2650 si
951 2610 1057 2651 non
1099 2594 1279 2649 statim
1306 2607 1419 2648 rem
1451 2600 1616 2647 totam
1646 2590 1803 2646 intel-

210 2689 380 2753 lexit,
412 2703 480 2741 nc
510 2687 723 2741 mireris
752 2704 767 2741 :
798 2700 972 2756 neque
1002 2685 1144 2740 enim
1176 2684 1498 2739 Nicodemus
1528 2682 1805 2738 intellexe-

209 2790 321 2833 rat.
352 2777 486 2831 Nam
516 2777 641 2848 quid
668 2776 755 2832 ille
781 2775 953 2831 dicit?
986 2775 1251 2843 Quomodo
1277 2783 1488 2847 possunt
1512 2774 1621 2829 lucc
1650 2773 1761 2842 ﬁeri
1778 2772 1804 2826 Ρ

208 2881 266 2924 ct
297 2883 535 2937 rursum,
571 2867 837 2934 Quomodo
856 2876 1017 2937 potest
1040 2867 1188 2921 homo
1209 2866 1352 2921 nasci
1376 2881 1491 2919 cum
1519 2865 1582 2920 sit
1610 2864 1805 2919 senex?

205 2971 263 3017 et
296 2931 815 3028 uerita-Numquid
842 2931 1003 3029 potest
1029 2957 1082 3012 in
1111 2967 1313 3012 uterum
1342 2958 1519 3011 ntatris
1560 2972 1666 3011 sure
1707 2957 1801 3010 ite-

205 3061 328 3105 rnto
348 3050 557 3104 introire
577 3059 623 3103 et
640 3050 781 3103 nasci
799 3050 825 3103 7
846 3048 970 3103 llaec
989 3055 1168 3103 autem
1187 3046 1539 3103 verecundius
1563 3045 1800 3113 Domine,

210 3158 375 3213 neque
404 3141 456 3195 in
480 3157 578 3212 quo
606 3139 815 3193 haurias
842 3138 993 3193 habes
1012 3180 1027 3204 ,
1054 3148 1101 3193 et
1126 3150 1307 3210 puteus
1334 3140 1471 3193 altus
1514 3147 1620 3203 est;
1668 3138 1804 3193 unde

210 3250 333 3305 ergo
378 3231 532 3287 habes
578 3248 762 3301 aquam
808 3231 1015 3285 vivam!
1058 3230 1215 3285 Aliud
1260 3230 1507 3286 Christus
1548 3228 1801 3296 dicebat,

210 3325 354 3378 aliud
389 3323 478 3376 illa
504 3322 875 3391 suspicabatur
896 3362 914 3390 ,
952 3320 1087 3376 nihil
1112 3321 1257 3376 aliud
1284 3337 1443 3391 quam
1487 3321 1651 3377 verba
1700 3337 1799 3376 au-

208 3416 387 3479 diens,
418 3428 591 3484 neque
612 3412 789 3469 adhuc
812 3413 1040 3470 sublime
1064 3414 1335 3484 quidpiam
1380 3414 1677 3485 intelligere
1705 3430 1800 3469 va-

211 3505 376 3562 lebat.
435 3506 594 3577 Atqui
644 3506 968 3576 petulantius
1016 3506 1345 3576 respondere
1393 3506 1694 3577 potuisset,
1743 3505 1799 3563 Si

212 3597 446 3653 haberes
473 3613 665 3668 aquam
697 3598 870 3653 vivam
896 3640 910 3666 ,
942 3614 1048 3655 non
1080 3608 1292 3669 peteres
1319 3616 1475 3655 a'me
1497 3640 1513 3667 ,
1564 3600 1656 3655 sed
1708 3601 1798 3656 tibi

209 3693 362 3762 prius
412 3692 681 3761 pra-heres
712 3708 723 3744 :
751 3692 863 3761 jam
904 3708 1033 3747 vero
1084 3702 1136 3747 te
1174 3692 1367 3763 jactas.
1413 3692 1618 3749 Verum
1671 3693 1798 3748 nihil

212 3784 407 3837 horum
437 3783 571 3837 dixit
598 3799 613 3846 ;
643 3782 737 3837 sed
771 3782 1010 3839 modeste
1038 3783 1273 3853 loquitur
1294 3792 1348 3838 et
1374 3782 1426 3838 in
1457 3784 1717 3853 principio
1745 3792 1801 3839 et

210 3877 264 3930 in
293 3875 657 3945 sequentibus.
685 3873 816 3927 Nam
844 3874 899 3929 in
930 3876 1191 3944 principio
1237 3876 1311 3930 ait
1342 3892 1356 3928 :
1389 3876 1654 3941 Quomodo
1701 3887 1755 3931 tu
1780 3916 1796 3942 ,

207 3965 425 4018 Iudicas
451 3980 568 4019 cum
593 3964 662 4019 sis
689 4006 705 4030 ,
732 3965 898 4019 bibere
920 3981 952 4018 a
976 3981 1054 4018 me
1080 3965 1246 4035 poscis
1266 3965 1292 4019 1
1317 3964 1500 4036 Neque
1524 3966 1660 4021 dixit
1686 4007 1702 4032 ,
1734 3982 1795 4022 ac

208 4059 253 4113 si
289 4059 643 4129 alienigenam
690 4066 745 4113 et
783 4058 1057 4114 inimicum
1097 4058 1465 4131 alloqucretur
1495 4078 1510 4115 :
1541 4061 1695 4117 Absit
1742 4071 1800 4117 ut

210 4152 306 4203 tibi
325 4151 595 4219 prmbeam
615 4150 816 4204 homini
844 4150 1060 4205 inimico
1075 4160 1129 4206 et
1147 4166 1177 4205 a
1205 4161 1364 4221 gente
1388 4163 1569 4208 nostra
1600 4154 1795 4209 alieno.

214 4242 424 4297 Deinde
452 4257 577 4298 cum
605 4257 794 4313 magna
823 4242 1127 4314 loquentem
1171 4244 1411 4312 audiret,
1457 4261 1576 4315 quae
1623 4247 1799 4302 solent

210 4332 462 4386 inimicos
490 4334 721 4388 maxime
750 4333 1031 4400 mordere,
1065 4350 1169 4389 non
1199 4335 1395 4402 irrisit,
1440 4353 1546 4392 non
1586 4338 1801 4394 cachin-

210 4425 297 4477 nis
324 4423 749 4493 excepitillum;
784 4426 876 4478 sed
905 4424 1031 4495 quid
1081 4424 1243 4481 dicit?
1293 4426 1378 4481 12.
1431 4427 1699 4500 Numquid
1744 4439 1799 4485 tu

209 4515 380 4583 major
408 4531 457 4567 es
484 4526 629 4583 patre
659 4525 834 4569 nostro
862 4516 1023 4571 Jacob
1047 4558 1060 4579 ,
1090 4518 1175 4586 qui
1219 4518 1359 4571 dedit
1403 4518 1546 4574 nobis
1596 4531 1799 4590 puteum

210 4606 348 4658 hunc
371 4647 388 4669 ,
423 4614 467 4658 et
497 4606 605 4675 ipse
628 4622 690 4661 ex
718 4621 776 4660 eo
804 4605 958 4672 bibit,
987 4616 1033 4661 et
1057 4608 1157 4677 ﬁlii
1180 4610 1288 4680 ejus
1310 4650 1324 4674 ,
1355 4619 1401 4664 et
1442 4628 1625 4681 pecora
1644 4614 1670 4667 .’
1708 4613 1802 4669 Vi-

212 4696 335 4751 den'
368 4710 474 4764 quo
501 4706 657 4765 pacto
680 4711 747 4753 se
766 4696 818 4752 in
849 4698 1125 4753 ludaicam
1172 4699 1503 4758 nobilitatem
1551 4703 1803 4774 ingerat?

210 4785 325 4840 Hoc
352 4797 529 4839 autem
555 4787 667 4839 vult
694 4786 998 4855 signiﬁcare
1028 4807 1042 4843 :
1070 4788 1164 4845 llle
1196 4789 1296 4845 hac
1321 4806 1449 4847 usus
1488 4801 1571 4848 est
1620 4809 1755 4865 aqua
1779 4836 1797 4865 ,

210 4875 345 4929 nihil
380 4876 516 4929 ultra
542 4876 684 4946 quod
708 4876 863 4932 daret
891 4878 1093 4934 habuit.
1120 4879 1212 4934 His
1252 4896 1415 4951 porro
1456 4881 1693 4940 declarat
1740 4901 1799 4943 se

212 4984 281 5022 ex
313 4968 482 5037 prima
517 4970 868 5040 responsione
895 4986 1141 5041 magnum
1173 4980 1228 5028 et
1252 4974 1482 5029 sublime
1527 4976 1796 5046 quidpiam

208 5062 571 5117 intellexisse.
606 5061 736 5116 Nam
761 5076 882 5117 cum
912 5064 1019 5129 ait,
1052 5063 1173 5134 Ipse
1192 5065 1333 5130 bibit,
1368 5075 1415 5121 et
1444 5067 1541 5136 ﬁlii
1569 5070 1715 5139 ejus,
1753 5080 1800 5126 et

209 5166 424 5218 pecora,
472 5151 610 5205 nihil
652 5151 798 5206 aliud
840 5152 1177 5219 subindicat,
1218 5170 1378 5225 quam
1418 5172 1478 5213 se
1520 5158 1572 5212 in
1620 5168 1801 5219 mente

208 5242 414 5297 habere
435 5242 596 5296 aliam
627 5244 1054 5313 praestantiorem
1080 5261 1271 5315 aquam
1292 5284 1309 5312 ,
1338 5262 1496 5317 quam
1524 5264 1624 5305 nec
1647 5266 1795 5320 repco

208 5332 380 5398 riret,
415 5348 515 5388 nec
541 5334 688 5389 clare
717 5344 918 5390 nosset.
954 5334 1025 5391 Ut
1050 5347 1228 5391 autem
1253 5338 1381 5408 quid
1410 5339 1496 5393 illa
1541 5341 1801 5413 intelligat

207 5422 413 5478 clarius
444 5425 748 5493 exprimam
786 5443 797 5477 :
827 5424 942 5479 Non
975 5436 1124 5495 potes
1153 5427 1333 5484 dicere
1358 5471 1372 5492 ,
1421 5430 1627 5499 inquit,
1655 5432 1802 5488 Jaco-

209 5513 335 5565 bum
399 5513 541 5569 hunc
587 5514 745 5569 nobis
793 5514 1002 5570 dedisse
1050 5516 1251 5572 fontem
1281 5560 1296 5585 ,
1341 5521 1435 5574 sed
1479 5522 1586 5575 alio
1646 5539 1799 5581 usum

208 5601 375 5657 fuisse
407 5620 421 5659 :
452 5620 575 5658 nam
599 5614 651 5658 et
671 5606 783 5673 ipse
806 5614 859 5660 ct
880 5605 970 5660 lilii
997 5607 1112 5676 ejus
1138 5622 1202 5661 ex
1233 5608 1331 5663 hac
1358 5609 1607 5665 bibebant
1635 5630 1797 5684 aqua,

207 5710 315 5745 mm
354 5694 569 5750 biltituri
601 5697 643 5749 si
673 5695 831 5750 aliam
876 5697 1153 5752 meliorem
1198 5698 1529 5757 habuissent.
1576 5704 1651 5757 Ex
1700 5706 1799 5761 hac

203 5786 371 5853 igiur
404 5803 500 5844 nec
533 5800 586 5841 tu
619 5787 824 5858 puteris
844 5786 1003 5855 dare;
1032 5790 1187 5844 aliam
1219 5806 1343 5847 vero
1376 5793 1647 5849 meliorem
1701 5796 1793 5853 ha-

3414 393 3519 449 ἰδὲ

1928 482 2055 586 bere
2086 504 2193 543 non
2223 503 2372 560 potes
2394 536 2407 558 ,
2442 496 2541 551 nisi
2567 508 2616 554 te
2642 501 2842 561 iacebo
2884 510 3143 579 majorem
3192 517 3515 586 proﬁtearis.

1933 574 2083 632 Unde
2112 581 2271 650 igitur
2299 599 2457 652 quam
2491 598 2542 643 te
2573 590 2821 647 daturum
2870 574 3141 667 polliceris
3192 574 3384 675 aquam

1928 668 2053 724 bere
2086 673 2295 738 possis?
2322 676 2390 729 At
2415 676 2581 733 Judmi
2604 698 2708 737 non
2738 693 2842 739 tam
2867 690 2979 744 miti
3004 707 3125 747 cum
3155 668 3519 758 illo-sermone

1925 769 2164 828 utuntur,
2189 778 2310 817 cum
2332 768 2517 823 eadem
2546 771 2613 824 de
2643 788 2700 827 re
2730 774 3057 848 loqueretur,
3090 784 3330 852 ejusdem
3362 807 3518 861 aqua:

1924 852 2196 908 mentione
2264 855 2399 911 facta
2436 876 2448 913 :
2482 862 2574 916 sed
2629 863 2758 919 nihil
2814 868 2939 924 hinc
2994 872 3129 929 lucri
3200 852 3517 951 consequuti
3598 879 3601 882 ⁴

1924 950 2067 1044 sunt.
2103 942 2327 1009 Quando
2353 958 2531 1005 autem
2564 952 2793 1010 Abrahae
2837 962 3118 1026 meminit,
3166 965 3339 1035 ipsum
3380 942 3517 1044 iapi-

1924 1029 2081 1086 dibus
2110 1035 2368 1104 impetere
2398 1043 2574 1096 conati
2615 1054 2759 1099 sunt.
2814 1048 3013 1107 Verum
3047 1068 3154 1109 non
3186 1029 3273 1112 ita
3325 1029 3518 1118 m'uilier

1925 1137 2047 1177 cum
2076 1126 2166 1181 illo
2193 1130 2334 1199 agit;
2363 1132 2457 1186 sed
2482 1149 2603 1189 cum
2628 1142 3038 1199 mansuetudine
3071 1145 3125 1199 in
3160 1156 3309 1203 tanto
3343 1162 3476 1213 testu
3498 1198 3513 1222 ,

1926 1215 1977 1269 in
2003 1218 2252 1287 meridie,
2286 1224 2463 1278 omnia
2490 1229 2755 1295 patienter
2779 1232 3066 1291 admodum
3091 1248 3146 1294 et
3164 1240 3294 1296 dicit
3322 1252 3375 1297 et
3417 1215 3515 1302 au;

1924 1304 2033 1372 dit,
2063 1317 2119 1363 et
2150 1311 2281 1365 nihil
2308 1328 2495 1370 eorum
2527 1322 2725 1389 cogitat
2764 1338 2883 1393 qua:
2929 1325 3101 1382 Judaei
3152 1333 3518 1391 vcrisimiliter

1924 1394 2217 1465 dixissent,
2269 1403 2440 1473 ipsmn
2486 1423 2681 1479 nempe
2708 1412 2953 1469 insanum
2986 1426 3041 1471 et
3071 1432 3257 1476 mente
3299 1436 3514 1493 captum

1921 1499 2042 1541 esse
2066 1529 2080 1552 ,
2113 1492 2200 1559 qui
2229 1507 2288 1546 se
2316 1493 2594 1554 dcluderel
2620 1501 2761 1556 circa
2792 1501 2994 1561 fontem
3023 1517 3075 1563 et
3108 1520 3326 1581 puteum
3348 1492 3379 1580 ,ί
3417 1532 3517 1572 nec

1922 1578 2211 1673 quidquam
2259 1597 2577 1655 praestaret,
2636 1593 2729 1647 scd
2773 1578 3129 1663 iactabundus
3182 1578 3510 1673 loqueretur.

1924 1667 2014 1722 llla
2044 1687 2170 1726 vero
2192 1688 2603 1744 perseveranter
2629 1687 2925 1751 auscultat,
2957 1688 3085 1745 dum
3127 1667 3271 1765 quod
3320 1672 3514 1766 quan-it

1920 1762 2173 1819 inveniat.

1990 1854 2043 1910 5.
2085 1855 2139 1910 Si
2171 1873 2297 1913 vero
2325 1860 2520 1917 mulier
2544 1862 2875 1923 Samaritana
2909 1878 3112 1927 tantum
3143 1875 3361 1933 adhibet
3396 1889 3512 1934 stu-

1915 1946 2083 2012 dium,
2117 1958 2171 2003 ιιι
2194 1950 2319 2020 quid
2344 1954 2471 2008 utile
2492 1955 2715 2025 ediscat,
2745 1968 2800 2015 et
2827 1959 3039 2019 Christo
3059 1968 3278 2033 assidet,
3302 1972 3511 2028 etiamsi

1917 2038 2064 2093 illum
2094 2054 2199 2095 non
2244 2052 2457 2111 noscat;
2498 2061 2656 2116 quam
2705 2065 2803 2104 nos
2843 2053 3051 2108 veniam
3096 2070 3508 2129 consequemur,

1916 2131 2005 2199 qui
2052 2130 2222 2201 ipsum
2272 2139 2536 2205 novimus,
2573 2140 2662 2208 qui
2710 2156 2817 2196 non
2861 2158 3015 2201 secus
3044 2158 3282 2216 puteum,
3323 2155 3509 2208 nonin

1914 2220 2129 2277 deserto
2156 2234 2382 2292 stamus,
2415 2244 2520 2284 non
2550 2229 2601 2286 in
2631 2234 2871 2299 meridie,
2900 2252 3007 2293 non
3046 2239 3217 2296 adusﬁ
3248 2243 3510 2300 solaribus

1914 2311 2113 2379 radiis;
2147 2316 2240 2370 sed
2266 2317 2366 2372 sub
2394 2334 2607 2390 aurora,
2637 2326 2737 2380 sub
2768 2325 2868 2383 hoc
2899 2338 3038 2384 tecto
3070 2333 3254 2387 umbra
3280 2334 3510 2392 fruitnur

1913 2414 1968 2458 et
1983 2408 2219 2463 suaviter
2234 2410 2461 2479 agimus,
2480 2430 2652 2485 neque
2673 2417 2934 2487 patienter
2952 2423 3197 2489 audimus
3212 2427 3506 2497 quidpiam,

1912 2494 2007 2550 sed
2036 2496 2238 2553 desidia
2270 2505 2583 2571 torpemus?
2606 2506 2722 2562 Non
2751 2508 2831 2565 sic
2858 2511 2980 2577 illa;
3016 2513 3111 2569 sed
3144 2516 3212 2569 ita
3230 2494 3394 2572 dictis
3424 2494 3507 2575 at?

1913 2587 2100 2655 tendit,
2126 2600 2182 2644 ut
2208 2593 2372 2648 etiam
2407 2596 2541 2651 alios
2567 2597 2812 2655 advocet.
2844 2601 3015 2659 Judzni
3043 2622 3173 2661 vero
3213 2626 3317 2665 nun
3350 2613 3508 2670 modo

1907 2694 2021 2735 non
2046 2681 2397 2752 advocabant,
2441 2688 2535 2743 sed
2575 2692 2735 2746 etiam
2780 2708 2875 2749 eos
2895 2698 2991 2766 qui
3023 2701 3282 2758 accedere
3312 2706 3508 2761 vellent

1914 2768 2305 2865 impediebant;
2337 2780 2682 2848 quamobrem
2732 2784 3021 2843 dicebant:
3060 2790 3196 2847 Nam
3225 2794 3408 2865 aliquis
3444 2815 3509 2853 ex

1914 2863 2225 2933 principibus
2245 2868 2401 2923 credit
2426 2870 2479 2924 in
2508 2873 2661 2927 eum?
2687 2875 2794 2931 Sed
2816 2879 2963 2933 turba
2988 2884 3095 2937 Ittcc
3117 2901 3229 2954 qua:
3253 2863 3351 2941 non
3371 2891 3506 2943 novit

1912 2954 2089 3050 legem,
2104 2957 2373 3050 maledicti
2398 2973 2516 3016 sunt
2540 2963 2718 3036 (Joan.
2752 2967 2804 3020 7.
2833 2970 2921 3026 48.
2946 2972 3056 3044 49).
3081 2972 3358 3032 Imitemur
3377 2996 3505 3050 ergo

1910 3044 2300 3104 Samaritanam
2336 3068 2349 3105 :
2377 3053 2749 3125 colloquamur
2768 3075 2888 3115 cum
2933 3062 3171 3120 Christo.
3201 3066 3335 3122 Nxm
3362 3086 3506 3126 nunc

1907 3138 2071 3191 etiam
2118 3138 2171 3194 in
2219 3141 2398 3199 medio
2441 3154 2683 3204 nostrum
2732 3158 2859 3218 stat,
2913 3168 3009 3222 per
3062 3156 3369 3226 prepheias,
3415 3177 3507 3231 ιιι-ι’

1909 3224 2201 3298 discipulos
2222 3247 2322 3287 nos
2350 3233 2646 3307 alloquens.
2675 3240 2972 3299 Audiamus
2996 3260 3124 3316 ergo
3153 3224 3208 3302 et
3232 3224 3506 3320 obtempe-

1908 3334 2109 3376 remus.
2138 3322 2428 3395 Usquequo
2453 3327 2651 3384 frustra
2681 3341 2735 3386 et
2762 3333 3028 3390 inutiliter
3066 3338 3342 3394 vivemus?
3370 3340 3503 3396 Nam

1910 3408 1995 3463 illa
2041 3426 2198 3483 agerc
2237 3430 2356 3484 quae
2402 3417 2512 3473 Deo
2558 3435 2663 3474 non
2697 3422 2927 3491 placent,
2961 3426 3086 3481 illud
3117 3440 3199 3484 est
3247 3431 3507 3488 inutiliter

1909 3502 2122 3569 vivere;
2157 3498 2264 3560 imo
2290 3521 2395 3562 non
2441 3518 2645 3565 tantum
2690 3512 2971 3582 inutiliter,
3000 3518 3095 3573 sed
3143 3521 3193 3574 in
3225 3521 3503 3578 damnum.

1908 3592 2042 3649 Cum
2074 3597 2216 3653 enim
2248 3600 2401 3655 nobis
2427 3602 2609 3658 datum
2642 3613 2855 3677 tempus
2884 3609 3145 3667 inutiliter
3167 3630 3385 3682 prorsus
3411 3620 3508 3671 imo

1912 3688 2213 3758 pendimus,
2265 3690 2388 3748 hinc
2435 3696 2783 3766 migrabimus
2811 3711 3081 3759 extremas
3108 3703 3280 3760 daturi
3321 3724 3507 3778 pmnas

1910 3781 2170 3838 inutiliter
2196 3789 2498 3856 consumpti
2532 3790 2810 3859 temporis.
2841 3792 2975 3847 Cum
2994 3793 3037 3848 is
3062 3797 3150 3865 qui
3169 3800 3423 3867 pecunias
3440 3801 3506 3855 ad

1908 3875 2285 3944 negotiandum
2316 3878 2546 3947 recepit,
2580 3890 2635 3935 et
2660 3896 2754 3937 eas
2797 3884 3083 3955 insumpsit
3117 3896 3171 3942 et
3195 3888 3494 3957 devoravit,

1902 3965 2169 4020 rationem
2198 3968 2245 4021 ei
2273 3969 2363 4038 qui
2390 3969 2491 4025 sibi
2522 3971 2752 4028 credidit
2775 3973 2997 4030 daturus
3029 3978 3097 4031 sit
3132 3996 3143 4032 :
3179 3979 3223 4034 is
3244 3992 3389 4035 certe
3413 3984 3505 4050 qui

1908 4056 2045 4113 hanc
2072 4058 2232 4113 vitam
2280 4059 2540 4116 inutiliter
2586 4063 2865 4133 impendit,
2912 4083 3015 4121 non
3060 4069 3215 4124 erita
3245 4073 3507 4142 supplicio

1907 4148 2061 4203 liber.
2091 4147 2208 4204 Non
2234 4150 2356 4207 ideo
2384 4167 2481 4208 nos
2508 4153 2647 4209 Deus
2679 4158 2730 4209 in
2760 4158 2897 4213 hanc
2928 4161 3087 4214 vitam
3120 4163 3359 4231 protulit,
3392 4164 3507 4217 ani-

1906 4254 2153 4310 mamque
2177 4241 2343 4308 dedit,
2378 4253 2435 4298 ut
2466 4250 2711 4314 prmsenti
2738 4257 2941 4304 tantum
2984 4251 3222 4307 fruamur
3251 4254 3372 4316 vita,
3408 4256 3503 4310 sed

1910 4338 1967 4384 ut
1994 4346 2091 4400 pro
2121 4331 2293 4387 futura
2323 4336 2427 4389 vita
2459 4338 2811 4406 negotiemur.
2836 4340 2997 4396 Bruta
3020 4345 3270 4411 prmscnti
3300 4355 3502 4401 tantum

1910 4421 2032 4476 vita:
2059 4424 2175 4477 ttsui
2202 4435 2355 4491 sunt;
2388 4442 2491 4482 nos
2515 4440 2691 4485 autem
2716 4430 2835 4487 ideo
2858 4434 3214 4490 immortalem
3243 4439 3504 4493 habemus

1908 4514 2161 4582 animam,
2197 4526 2253 4570 ut
2282 4518 2348 4573 ad
2382 4520 2527 4575 illam
2556 4522 2712 4578 nobis
2737 4526 3031 4594 parandam
3057 4527 3217 4583 vitam
3245 4528 3373 4583 nihil
3397 4544 3502 4585 non

1905 4621 2147 4680 agamus.
2190 4611 2247 4667 Si
2287 4614 2407 4684 quis
2454 4616 2759 4673 sciscitatur
2803 4620 2925 4689 quis
2969 4636 3096 4675 usus
3122 4622 3191 4676 sit
3220 4638 3501 4692 equorum,

1906 4702 2204 4769 asinorum,
2238 4704 2425 4771 boum,
2473 4708 2807 4779 aliorumque
2852 4710 3157 4781 hujusmodi
3207 4729 3504 4785 pecorum,

1912 4792 2110 4849 nullum
2138 4797 2300 4851 alium
2332 4797 2574 4854 dicemus
2602 4815 2760 4872 quam
2793 4804 3149 4861 ministerium
3178 4807 3229 4861 in
3255 4812 3504 4877 praesenti

1909 4883 2015 4937 vita
2046 4887 2362 4954 priestitum.
2400 4889 2472 4944 De
2500 4890 2655 4946 nobis
2694 4908 2824 4947 vero
2851 4910 2955 4949 non
2987 4897 3146 4963 item;
3190 4903 3283 4952 sed
3314 4900 3508 4954 melior

1909 4984 2080 5032 status
2121 4986 2203 5031 est
2235 4989 2355 5048 post
2382 4980 2677 5037 discessum
2704 5000 2770 5039 ex
2796 4984 2899 5041 hac
2929 4988 3033 5042 vita
3065 5006 3078 5042 :
3122 4989 3359 5059 nihilque
3398 5006 3505 5044 non

1908 5070 2171 5140 agendum
2213 5081 2315 5136 est,
2369 5084 2425 5128 ut
2454 5075 2525 5129 ibi
2568 5077 2828 5133 clariores
2875 5080 3043 5136 simus
3071 5090 3269 5136 etcum
3298 5083 3505 5152 angelis

1908 5161 2133 5217 choreas
2178 5178 2419 5231 agamus,
2470 5174 2528 5219 ut
2576 5166 2704 5237 [legi
2748 5152 3026 5224 adstemus
3072 5183 3333 5242 perpetuo
3362 5183 3416 5227 ct
3455 5175 3506 5227 in

1909 5251 2102 5306 smcula
2126 5252 2352 5308 inﬁnita.
2383 5253 2503 5310 ideo
2526 5272 2755 5328 namque
2778 5258 3095 5316 immortalis
3120 5273 3203 5315 est
3227 5262 3425 5328 anima,
3454 5275 3503 5319 et

1908 5356 2107 5411 corpus
2150 5344 2449 5401 immortale
2476 5348 2599 5414 erit,
2650 5358 2708 5402 ut
2748 5353 3018 5419 perpetuis
3052 5352 3292 5407 fruamur
3330 5354 3500 5408 bouis.

1909 5430 1965 5488 Si
2001 5448 2129 5513 vero
2150 5435 2296 5491 caelis
2339 5438 2429 5491 tibi
2474 5441 2780 5507 propositis,
2813 5451 2969 5496 terra:
3014 5444 3300 5509 iulircreas,
3336 5448 3504 5515 cogita

1909 5512 2163 5596 quantam
2209 5527 2380 5582 datori
2423 5531 2801 5585 contumeliam
2862 5533 3083 5589 inferas.
3134 5536 3229 5591 Ille
3278 5551 3506 5604 superna

1909 5616 2004 5672 tibi
2031 5616 2189 5672 olTert
2219 5637 2232 5671 :
2265 5628 2317 5672 tu
2350 5635 2474 5674 vero
2515 5638 2619 5675 non
2648 5638 2838 5693 magna
2881 5625 3023 5679 illius
3059 5625 3235 5681 habita
3278 5626 3503 5689 ratione,

1910 5720 2105 5764 terram
2134 5712 2432 5781 anteponis.
2456 5712 2579 5767 Ideo
2604 5714 2902 5783 gehennam
2923 5718 3300 5779 comminatur,
3322 5728 3507 5782 utpote

1911 5811 2251 5871 contemptus
2326 5813 2378 5857 ut
2408 5803 2529 5858 hinc
2574 5804 2748 5861 discas
2789 5809 2999 5878 quantis
3034 5820 3083 5863 tc
3122 5810 3301 5881 privos
3329 5810 3512 5867 bonis.
