4162 6326
653 341 749 398 183

647 459 748 514 Sed
777 459 911 513 absit
938 465 993 512 ut
1015 455 1140 511 illud
1170 449 1483 523 supplicium
1513 446 1881 537 experiamur;
1915 452 2098 494 verum

651 553 745 606 tim
781 552 887 606 Deo
915 550 1200 618 placentes,
1233 555 1429 598 mterna
1454 552 1847 607 consequamur
1870 535 2026 595 bona,
2055 535 2222 599 gratia

649 656 696 699 ct
734 641 1054 708 benignitate
1109 635 1313 690 Domini
1368 635 1532 687 nostri
1586 629 1712 686 Jesu
1755 625 1974 689 Christi,
2009 621 2220 692 quicum

1438 335 1496 392 S.
1527 325 1803 387 JOANNIS
1839 316 2311 378 CllliYSOSTOMl
2348 321 2667 380 ARCIIIEP.
2706 323 3234 382 CONSTANTINOP.

3813 330 3918 387 ιει

2332 436 2472 492 Patri
2501 439 2689 509 gloria,
2721 456 2928 512 unaque
2955 440 3169 511 Spiritui
3195 453 3401 510 sancto,
3434 444 3486 498 in
3519 447 3714 502 saecula
3743 465 3920 502 samu-

2327 529 2520 590 lorum.
2541 532 2740 616 .Amcn.

1885 822 2232 891 HOMlLlA
2274 818 2550 881 XXXII.

653 990 737 1042 l5.
787 986 1062 1055 Respondit
1088 985 1238 1039 lesus
1263 995 1308 1038 et
1327 983 1452 1037 dicit
1470 983 1516 1036 ei
1545 997 1563 1036 :
1586 979 1763 1035 Omnis
1787 977 1872 1045 qui
1909 976 2026 1030 bibit
2056 988 2117 1026 ex.
2133 971 2228 1025 hac

721 1094 873 1148 aqua,
897 1079 1028 1132 sitiet
1055 1077 1231 1129 iterant
1263 1089 1280 1127 :
1312 1075 1395 1128 Μ.
1427 1073 1512 1142 qui
1545 1080 1713 1123 autem
1751 1067 1922 1121 biberit
1957 1081 2019 1118 ex
2051 1076 2182 1132 aqua
2210 1099 2225 1124 ,

720 1179 871 1238 quam
897 1183 988 1237 ego
1013 1165 1140 1219 dabo
1167 1165 1232 1229 ei,
1262 1181 1362 1217 non
1401 1164 1530 1217 sitiet
1573 1163 1625 1215 in
1666 1170 1907 1217 talentum
1937 1173 1956 1212 :
1985 1155 2074 1211 sed
2097 1169 2230 1224 aqua

720 1273 870 1326 quant
893 1273 984 1326 ego
1010 1254 1138 1311 dabo
1167 1255 1250 1320 εἰν
1275 1255 1362 1321 ﬁet
1401 1253 1454 1306 in
1481 1268 1539 1307 eo
1588 1251 1702 1321 fons
1742 1263 1887 1318 aquat
1924 1244 2149 1301 salientis
2177 1244 2231 1298 in

723 1349 872 1400 vitam
897 1355 1154 1401 aeternam.
1229 1355 1234 1359 '

723 1437 774 1489 Ι.
818 1435 1040 1506 Spiritus
1069 1443 1268 1488 sanctus
1294 1433 1440 1486 modo
1464 1430 1596 1502 ignis
1625 1428 1774 1483 modo
1793 1445 1922 1498 aqua
1943 1443 1972 1478 a
1993 1425 2230 1492 Scriptu-

659 1546 720 1581 ra
745 1528 1047 1597 appellatus.
1073 1523 1348 1579 Prudentia
1375 1523 1557 1578 Christi
1583 1521 1956 1577 Samart‘tanam
1978 1517 2230 1579 docentis;

665 1619 1002 1675 Samaritana
1027 1619 1322 1680 sinceritas;
1362 1597 1474 1685 ipsa
1518 1612 1799 1668 Nicodemo
1840 1609 2132 1682 sapientior.
2162 1637 2234 1648 —-

658 1713 885 1782 Spiritus
910 1710 1129 1779 gratiam
1155 1708 1428 1777 Scriptura
1457 1706 1824 1776 modoignem,
1854 1702 2011 1758 modo
2036 1715 2229 1768 aquam

656 1799 902 1868 appellat,
939 1814 1044 1853 non
1090 1797 1420 1860 substantiae,
1465 1794 1558 1850 sed
1599 1794 1892 1864 operationi
1937 1789 2233 1846 indicanda:

656 1891 769 1946 huic
794 1901 913 1959 apta
943 1889 1154 1945 nomina
1177 1903 1298 1944 esse
1323 1887 1718 1942 demonstrans.
1756 1884 1869 1939 Non
1892 1885 2033 1939 cnim
2063 1898 2126 1937 ex
2156 1881 2234 1934 di-

656 1981 825 2036 versis
851 1980 1160 2036 substantiis
1186 1968 1662 2047 constat'Spiritus
1681 2018 1696 2042 ,
1729 1991 1847 2030 cum
1879 1973 2154 2028 invisibilis
2181 1981 2235 2025 et

660 2071 816 2124 unius
841 2071 1054 2140 generis
1083 2070 1169 2124 sit.
1205 2069 1448 2124 Alterum
1495 2077 1641 2120 certe
1678 2065 1910 2121 Joannes
1953 2063 2232 2134 signiﬁcat,

657 2176 775 2216 cum
805 2159 933 2214 dicit
959 2177 974 2214 :
1001 2159 1118 2230 Ipse
1136 2175 1223 2213 vos
1250 2158 1522 2228 baptisabit
1549 2159 1599 2210 in
1632 2155 1826 2227 Spiritu
1851 2163 2023 2208 sancto
2051 2164 2098 2208 et
2122 2155 2235 2224 igne

659 2254 678 2322 (
707 2251 887 2306 Matth.
917 2253 969 2307 3.
995 2253 1128 2322 ll);
1163 2251 1386 2306 alterum
1432 2265 1561 2306 vero
1605 2248 1867 2312 Christus,
1906 2246 2142 2301 Flumina
2172 2247 2235 2300 de

659 2354 826 2396 ventre
849 2344 957 2409 ejus
982 2343 1140 2412 ﬂuent
1165 2357 1310 2413 aqua
1335 2343 1475 2396 virtu.
1507 2339 1624 2394 Hoc
1649 2349 1814 2392 autem
1855 2338 1984 2391 dixit
2025 2337 2086 2392 de
2113 2336 2235 2405 Spi-

660 2433 779 2496 ritu,
811 2447 955 2500 quem
979 2432 1230 2500 πανίαν-ἱ
1253 2438 1394 2484 eram
1411 2429 1587 2499 (Joan.
1614 2430 1666 2483 7.
1690 2427 1777 2484 58.
1807 2426 1920 2498 59).
1953 2427 2021 2480 Ita
2045 2436 2098 2482 et
2123 2443 2238 2481 mu—

663 2525 847 2579 lierem
875 2522 1172 2592 alloquens,
1199 2519 1455 2592 Spiritum
1485 2530 1639 2577 vocat
1664 2536 1852 2590 aquam
1885 2539 1898 2574 :
1937 2519 2036 2586 Qui
2066 2519 2238 2574 biberit

663 2628 725 2666 ea:
752 2628 902 2681 aqua,
933 2628 1084 2682 quam
1104 2628 1195 2683 ego
1218 2611 1348 2665 dabo
1376 2612 1439 2675 ei,
1469 2627 1568 2666 non
1605 2611 1734 2664 sitiet
1763 2612 1813 2665 in
1852 2622 2125 2675 teternum;
2162 2610 2240 2665 sic

664 2703 921 2772 Spiritum
945 2711 1098 2757 vocat
1140 2703 1312 2772 ignem
1339 2744 1355 2768 ,
1397 2711 1454 2757 ut
1483 2703 1588 2756 vim
1619 2701 1986 2771 fervoremque
2015 2705 2199 2771 gratia:
2222 2743 2238 2768 ,

662 2801 718 2848 et
749 2801 1079 2860 peccatorum
1104 2793 1388 2860 perniciem
1415 2791 1674 2863 significet
1698 2809 1712 2856 ;
1743 2807 1955 2862 aquam,
1977 2800 2032 2845 ut
2054 2790 2238 2860 purifi-

663 2882 923 2937 cationem
947 2883 1384 2952 refrigeriumque
1410 2899 1503 2953 per
1535 2884 1674 2936 illam
1717 2882 2102 2952 excipientibus
2128 2881 2241 2935 ani-

666 2973 768 3028 mis
792 2982 997 3042 partum
1029 2973 1243 3028 indicet.
1277 2973 1345 3027 Et
1385 2972 1505 3042 jure
1539 2973 1775 3042 quidem.
1806 2973 1936 3027 Nam
1975 2983 2239 3043 tamquam

670 3063 902 3127 hortum,
935 3063 1219 3118 fructiferis
1269 3078 1586 3132 semperque
1634 3064 1928 3117 virentibus
1965 3064 2244 3118 arboribus

671 3153 1121 3214 comantem,sic
1162 3152 1454 3209 studiosam
1511 3153 1739 3206 animam
1789 3164 2032 3217 exornat,
2073 3169 2244 3224 neque

672 3243 950 3307 litteroris,
983 3257 1156 3312 neque
1182 3243 1538 3296 satanicarum
1571 3241 1884 3296 insidiarum
1915 3257 2130 3296 sensum
2157 3259 2244 3298 ca-

672 3349 797 3402 pere
819 3334 942 3387 sinit
969 3372 985 3399 ,
1017 3334 1210 3404 quippe
1237 3349 1353 3403 qum
1385 3333 1543 3403 ignita
1573 3333 1786 3403 maligni
1817 3333 1916 3387 tela
1945 3333 2099 3388 facile
2128 3349 2232 3388 ex-

670 3428 919 3495 stinguat.
955 3426 1030 3480 Tu
1063 3441 1190 3481 vero
1218 3426 1346 3480 mihi
1369 3426 1566 3480 Christi
1597 3426 1913 3496 sapientiam
1934 3427 2244 3481 consideres

674 3516 853 3579 velim,
881 3531 1037 3586 quam
1070 3511 1258 3571 leniter
1285 3517 1651 3571 mulierculam
1679 3517 1864 3586 erigat.
1888 3515 2070 3587 Neque
2102 3520 2242 3573 enim

671 3626 703 3665 a
734 3610 992 3680 principio
1021 3609 1152 3664 dixit
1195 3609 1267 3664 illi
1290 3652 1304 3676 ,
1341 3609 1400 3664 Si
1422 3611 1574 3663 scires
1619 3612 1731 3682 quis
1759 3619 1832 3662 est
1859 3610 1944 3679 qui
1980 3611 2100 3664 dicit
2129 3613 2244 3676 tibi,

679 3700 758 3754 Da
787 3701 909 3753 mihi
949 3701 1263 3755 bibere:sed
1295 3708 1573 3770 postquam
1613 3701 1949 3755 occasionem
1987 3701 2062 3754 illi
2099 3717 2250 3771 pra:—

675 3791 884 3857 bnerat,
916 3799 970 3845 ut
997 3805 1055 3846 sc
1083 3789 1323 3846 Judaeum
1357 3801 1566 3848 Vocaret
1598 3799 1651 3844 et
1675 3798 1968 3855 accusaret,
1996 3790 2250 3846 crimina-

677 3884 878 3940 tionem
921 3883 1197 3953 depellens
1251 3884 1351 3937 hoc
1387 3882 1535 3937 dicit.
1586 3882 1718 3938 Cum
1745 3899 1872 3937 vero
1919 3884 2157 3949 dixisset,
2191 3885 2252 3939 Si

677 3979 829 4032 scires
868 3979 979 4048 quis
1005 3987 1076 4033 est
1120 3978 1207 4047 qui
1246 3977 1368 4031 dicit
1393 3977 1501 4043 tibi,
1527 3974 1607 4030 Da
1637 3977 1759 4029 mihi
1806 3978 1987 4043 bibere,
2038 3979 2251 4048 forsitan

681 4069 902 4132 petiisses
919 4069 981 4122 ab
998 4085 1075 4136 eo,
1104 4077 1157 4123 et
1179 4069 1384 4140 magnis
1406 4066 1844 4138 promissionibus
1865 4083 1930 4123 eo
1958 4068 2252 4124 induxisset

681 4160 822 4214 illam
851 4169 905 4213 ut
928 4161 1239 4230 patriarcha:
1263 4162 1584 4216 mentionem
1629 4161 1869 4228 faceret,
1919 4161 1996 4215 sic
2044 4162 2250 4216 mulieri

680 4251 862 4306 oculos
891 4253 1084 4306 mentis
1134 4253 1361 4321 aperuit.
1407 4253 1605 4307 Deinde
1633 4253 1718 4307 illa
1744 4262 2056 4321 repnnente,
2090 4251 2256 4305 Num-

678 4343 802 4409 quid
824 4353 875 4394 tu
897 4345 1059 4410 major
1083 4358 1136 4396 es
1165 4352 1308 4412 patre
1331 4352 1500 4397 nostro
1519 4342 1680 4395 Jacob
1705 4343 1849 4396 ?non
1881 4344 2028 4408 dixit,
2059 4343 2253 4412 Etiam,

682 4431 854 4501 major
879 4445 996 4486 sum
1029 4450 1040 4485 :
1071 4448 1192 4487 nam
1215 4432 1356 4487 visus
1378 4431 1562 4488 fuisset
1595 4433 1646 4487 id
1678 4449 1736 4488 se
1760 4433 2011 4503 jactando
2035 4435 2213 4491 dicere
2236 4479 2252 4504 ,

682 4537 804 4577 cum
831 4521 972 4575 nulla
1005 4523 1180 4577 adhuc
1208 4533 1350 4578 esset
1379 4523 1463 4579 rei.
1485 4524 1870 4579 demonstratio
1896 4543 1908 4578 :
1936 4541 2030 4595 per
2067 4541 2128 4581 ea
2157 4542 2255 4580 au-

684 4624 791 4669 tem
822 4630 940 4685 quae
964 4615 1110 4679 dicit,
1143 4616 1209 4670 ad
1233 4616 1357 4670 illud
1391 4627 1668 4687 praeparat.
1701 4619 1817 4673 Non
1846 4621 1987 4676 enim
2005 4621 2257 4690 simplici-

685 4714 770 4758 ter
794 4704 920 4759 dicit
948 4746 962 4770 ,
997 4705 1138 4760 Dabo
1168 4706 1260 4760 tibi
1291 4721 1515 4776 aquam;
1561 4707 1653 4762 sed
1687 4717 1962 4777 postquam
2000 4710 2067 4765 de
2095 4711 2260 4766 Jaeob

689 4795 872 4860 tacuit,
902 4793 1042 4862 quod
1063 4809 1214 4848 suum
1240 4804 1358 4850 erat
1381 4797 1606 4857 extulit,
1640 4812 1668 4850 a
1696 4807 1884 4852 natura
1910 4798 2035 4853 doni
2077 4815 2261 4868 perso-

687 4899 875 4937 narum
901 4883 1252 4940 differentiam
1283 4900 1377 4956 per
1414 4902 1693 4942 munerum
1740 4888 2024 4944 discrimen
2069 4891 2265 4946 decla-

691 4991 842 5040 rans,
875 4991 1080 5031 necnon
1107 4970 1255 5031 Suam
1284 4991 1444 5047 supra
1475 4979 1828 5048 patriarcham
1861 4981 2260 5036 excellentiam.

687 5068 745 5122 Si
775 5069 1002 5137 miraris,
1033 5070 1219 5140 inquit,
1252 5071 1392 5140 quod
1433 5071 1522 5127 ille
1548 5071 1685 5134 hanc
1726 5088 1916 5144 aquam
1946 5075 2171 5140 dederit,
2219 5077 2262 5129 si

684 5158 849 5228 longe
878 5159 1153 5214 meliorem
1191 5160 1284 5214 tibi
1330 5160 1548 5224 dedero,
1581 5164 1705 5231 quid
1729 5164 1913 5219 dices?
1957 5164 2077 5220 Jam
2123 5166 2267 5235 prius

697 5264 834 5318 pene
859 5248 1102 5304 confessa
1132 5265 1190 5304 es
1219 5266 1300 5306 me
1324 5250 1522 5307 Jacobo
1551 5254 1804 5324 majorem
1831 5270 1949 5310 esse
1973 5298 1987 5323 ,
2017 5271 2136 5310 cum
2166 5259 2269 5311 sci-

692 5340 938 5395 scitando
959 5341 1158 5407 dixisti,
1175 5340 1444 5411 .Numquid
1473 5353 1525 5398 tu
1546 5347 1706 5415 major
1727 5361 1779 5398 es
1806 5355 1949 5414 patre
1973 5357 2142 5400 nostro
2169 5347 2265 5400 Ja-

695 5433 808 5499 cob,
837 5434 925 5502 qui
953 5432 1227 5487 meliorem
1251 5434 1526 5502 promittas
1549 5450 1736 5505 aquam
1760 5436 1783 5487 τ
1812 5438 1854 5489 si
1882 5437 2023 5490 illam
2048 5451 2268 5506 accepe-

700 5526 773 5577 ris
819 5539 1028 5592 aqnam,
1085 5531 1210 5577 tunc
1263 5538 1351 5578 me
1398 5525 1549 5593 plane
1594 5526 1851 5594 majorem
1909 5527 2267 5582 confiteberis.

707 5613 884 5668 Viden‘
914 5613 1154 5669 mulieris
1194 5613 1450 5682 judicium
1494 5615 1607 5669 sine
1637 5617 1740 5670 ulla
1772 5628 2085 5687 acceptione
2109 5659 2122 5681 ,
2154 5633 2272 5686 qua:

701 5719 768 5758 ex
791 5703 946 5758 rebus
974 5703 1101 5776 ipsis
1130 5713 1183 5759 et
1205 5703 1269 5758 dc
1300 5703 1594 5775 patriarcha
1623 5717 1673 5761 ct
1696 5706 1760 5763 de
1781 5706 1989 5763 Christo
2016 5708 2117 5764 fert
2146 5723 2267 5765 seu-

2338 965 2601 1018 tentiam?
2636 965 2824 1019 Verum
2855 983 2956 1020 non
2991 967 3065 1022 ita
3099 967 3266 1024 Judzci
3303 987 3318 1024 :
3350 986 3470 1027 cum
3499 973 3741 1030 viderent
3765 977 3914 1032 enim

2335 1053 2481 1109 illum
2509 1055 2766 1111 daemonia
2789 1057 3114 1127 ejicientem,
3147 1060 3533 1117 daemoniacum
3559 1065 3727 1135 ipsum
3756 1083 3920 1122 voca-

2334 1143 2496 1212 bant,
2545 1145 2740 1201 nedum
2786 1148 3086 1218 patriarcha
3127 1150 3382 1221 majorem
3431 1155 3689 1211 dicerent.
3725 1157 3920 1213 Mulier

2332 1249 2463 1290 vero
2489 1251 2591 1290 non
2622 1237 2720 1304 sic,
2743 1239 2836 1293 sed
2864 1238 2985 1294 inde
3009 1238 3110 1295 fert
3136 1244 3480 1310 sententiam,
3514 1245 3653 1303 unde
3668 1246 3920 1304 Christus

2334 1325 2574 1392 volebat;
2630 1342 2697 1382 ex
2751 1329 2864 1398 ipsa
2904 1345 3096 1400 nempe
3148 1346 3372 1400 Operum
3429 1335 3916 1394 demonstratione.

2333 1415 2464 1470 Nam
2494 1427 2548 1471 et
2579 1418 2693 1486 ipse
2714 1434 2924 1489 qucque
2965 1421 3088 1476 inde
3121 1421 3223 1477 fert
3255 1423 3513 1492 judicium
3541 1469 3557 1493 ,
3593 1427 3775 1483 dicens
3805 1445 3818 1482 :
3858 1429 3923 1485 Si

2336 1523 2434 1561 non
2459 1509 2593 1577 facio
2617 1526 2772 1579 opera
2800 1511 2969 1568 Patris
2993 1515 3111 1580 mei,
3140 1515 3296 1570 nolite
3317 1517 3441 1571 mihi
3463 1521 3665 1574 credere
3691 1536 3710 1576 :
3737 1521 3782 1576 si
3807 1537 3910 1574 au-

2338 1612 2435 1656 tem
2458 1604 2610 1674 facio,
2631 1605 2721 1658 etsi
2752 1606 2876 1659 mihi
2901 1623 3001 1660 non
3022 1609 3246 1675 creditis,
3276 1611 3510 1679 operibus
3531 1613 3717 1667 credite
3737 1611 3922 1686 (Joan.

2337 1693 2422 1750 10.
2451 1696 2564 1766 37).
2584 1698 2670 1752 Sic
2700 1708 2753 1753 et
2782 1699 2973 1756 mulier
3000 1701 3064 1755 ad
3090 1702 3245 1758 tidem
3267 1703 3565 1760 adducitur.
3585 1706 3928 1779 Quapropter

2337 1802 2457 1842 cum
2487 1788 2725 1844 audisset
2751 1831 2766 1853 ,
2799 1789 3064 1863 Numquid
3091 1795 3255 1862 major
3281 1810 3332 1849 es
3354 1804 3498 1863 patre
3516 1807 3686 1850 nostro
3711 1795 3875 1851 Iacob
3903 1799 3932 1852 .’

2337 1879 2537 1932 omisso
2564 1877 2764 1934 Iacobo
2787 1921 2802 1946 ,
2831 1880 2897 1935 de
2925 1895 3059 1950 aqua
3103 1883 3335 1952 loquitur
3362 1883 3444 1939 his
3472 1885 3650 1940 verbis
3677 1928 3692 1951 ,
3746 1885 3930 1940 Omnis

2337 1969 2422 2038 qui
2449 1970 2578 2047 bibet
2603 1983 2667 2024 ex
2692 1970 2788 2025 hac
2813 1988 2964 2041 aqua,
2984 1973 3112 2028 sitiet
3140 1974 3341 2039 iterum,
3364 1983 3420 2032 et
3445 1979 3928 2046 comparationem,

2341 2058 2503 2112 missa
2544 2061 2903 2124 accusatione,
2941 2077 3006 2116 ex
3061 2065 3414 2130 praecellentia
3464 2065 3612 2121 facit.
3642 2066 3756 2121 Non
3799 2069 3935 2123 dicit

2338 2148 2503 2212 enim,
2535 2149 2659 2205 llaec
2693 2165 2829 2220 aqua
2881 2152 3014 2206 nihil
3056 2161 3136 2208 est
3163 2195 3177 2218 ,
3208 2155 3496 2226 omniaque
3539 2157 3884 2227 despicienda
3914 2178 3929 2222 ;

2338 2241 2431 2295 sed
2459 2241 2586 2295 illud
2617 2241 2837 2311 profert,
2871 2243 3014 2312 quod
3043 2247 3153 2313 ipsa
3189 2255 3378 2302 natura
3420 2257 3645 2304 testatur
3689 2266 3702 2302 :
3751 2249 3935 2304 Omnis

2340 2331 2427 2398 qui
2456 2331 2574 2385 bibit
2604 2348 2667 2387 ea:
2701 2333 2794 2386 hac
2818 2350 2950 2402 aqua
2976 2375 2990 2399 ,
3028 2336 3161 2389 sitiet
3205 2337 3424 2404 iterum;
3453 2341 3535 2409 qui
3559 2349 3726 2394 autem
3756 2341 3938 2395 biberit

2341 2438 2404 2475 ex
2424 2439 2582 2492 aqua,
2616 2439 2766 2494 quam
2787 2441 2878 2494 ego
2899 2425 3030 2478 dabo
3051 2426 3116 2490 ei,
3141 2443 3241 2480 non
3273 2427 3405 2482 sitiet
3436 2429 3487 2482 in
3510 2438 3778 2485 cternum.
3811 2431 3934 2487 Jam

2343 2513 2586 2567 audierat
2607 2492 2798 2583 aquam
2825 2515 2997 2568 vivam
3028 2516 3219 2571 mulier
3239 2558 3255 2583 ,
3288 2518 3382 2572 sed
3424 2533 3528 2573 non
3573 2521 3936 2576 intellexerat.

2343 2605 2478 2672 Quia
2500 2606 2641 2659 enim
2673 2621 2806 2676 aqua
2852 2607 2968 2661 viva
3015 2607 3231 2674 dicitur,
3283 2624 3404 2678 quae
3456 2611 3709 2678 perennis
3754 2623 3837 2666 est
3882 2621 3941 2666 et

2345 2711 2557 2766 semper
2582 2697 2826 2761 scaturit,
2856 2713 2959 2751 non
2996 2699 3215 2766 prmeisa
3261 2699 3604 2770 scaturigine,
3634 2701 3702 2756 de
3729 2701 3827 2756 hac
3850 2704 3942 2756 ἰη-

2347 2787 2687 2854 telligcndum
2711 2787 2898 2843 mulier
2921 2791 3158 2860 putabat.
3188 2789 3312 2846 Ideo
3354 2791 3555 2847 clarius
3589 2793 3642 2847 id
3682 2793 3758 2848 illi
3785 2793 3944 2850 deiu-

2349 2894 2473 2947 ιερς
2519 2880 2803 2946 aperit,'ct
2847 2896 2912 2936 ex
2953 2883 3355 2951 comparatione
3400 2883 3517 2954 ejus
3559 2885 3941 2942 excellentiam

2347 2967 2721 3024 demonstrans
2751 2971 2820 3024 ita
2854 2973 3024 3042 pergit
3049 2990 3063 3025 :
3097 2971 3198 3039 Qui
3222 2973 3398 3028 biberit
3417 2991 3646 3045 ezaqua,
3670 2993 3822 3048 quam
3845 2995 3944 3049 ego

2347 3061 2479 3114 dabo
2502 3061 2567 3128 ei,
2597 3077 2697 3115 non
2723 3061 2856 3116 sitiet
2877 3064 2927 3116 in
2955 3073 3199 3117 aeternum
3221 3082 3240 3130 ;
3269 3066 3366 3132 sic,
3398 3074 3454 3119 ut
3480 3067 3612 3134 dixi,
3659 3070 3945 3124 excellen-

2352 3151 2477 3204 tiam
2527 3150 2851 3216 ostendens,
2907 3168 3115 3208 necnon
3166 3170 3232 3208 ex
3277 3156 3626 3225 sequentibus
3678 3175 3694 3211 :
3744 3157 3944 3213 borum

2349 3242 2543 3309 quippe
2568 3240 2698 3295 nihil
2729 3241 2888 3296 habet
2915 3243 3149 3313 vulgaris
3173 3257 3328 3314 aqua.
3357 3245 3494 3313 Quid
3525 3261 3652 3301 vero
3672 3249 3947 3318 sequitur?

2351 3332 2465 3386 Fiet
2490 3334 2544 3387 in
2571 3350 2629 3388 eo
2657 3333 2771 3404 fons
2799 3351 2942 3405 aqutr
2967 3335 3192 3390 salientis
3218 3337 3270 3390 in
3301 3338 3456 3391 vitam
3482 3347 3748 3395 teteruam.
3792 3339 3947 3396 Sicut

2351 3424 2492 3478 enim
2514 3426 2602 3495 qui
2630 3425 2830 3480 fontem
2883 3428 3023 3482 intus
3063 3427 3259 3494 habet,
3309 3443 3599 3500 numquam
3641 3431 3788 3486 sitiet
3822 3451 3834 3485 :
3866 3431 3948 3487 sic

2353 3531 2451 3570 nec
2479 3516 2570 3570 ille
2594 3517 2682 3586 qui
2715 3517 2850 3572 hanc
2894 3534 3085 3589 aquam
3116 3518 3380 3575 habuerit.
3413 3521 3714 3592 Statimque
3750 3525 3948 3578 mulier

2354 3607 2601 3674 credidit,
2645 3610 2812 3663 multo
2842 3611 3135 3678 sapientior
3180 3611 3500 3678 Nicodemo;
3544 3629 3641 3668 nec
3671 3615 3832 3670 modo
3853 3630 3948 3670 sa-

2364 3699 2613 3768 pientior,
2646 3699 2741 3754 sed
2771 3707 2826 3755 et
2871 3701 3079 3755 fortior.
3122 3701 3213 3756 Ille
3245 3718 3475 3774 namque
3515 3705 3702 3762 multis
3746 3707 3951 3764 auditis

2363 3791 2686 3860 hujusmodi,
2729 3807 2827 3874 nec
2869 3793 3032 3848 alium
3078 3795 3382 3864 quempiam
3424 3796 3722 3861 advocavit,
3769 3814 3952 3868 neque

2359 3882 2471 3950 ipse
2503 3881 2748 3938 fiduciam
2776 3883 2961 3939 habuit
2993 3900 3005 3936 :
3039 3884 3159 3940 haec
3203 3901 3334 3941 vero
3371 3888 3667 3956 apostolico
3710 3889 3953 3957 fungitur

2355 3969 2553 4041 officio,
2578 3975 2824 4030 omnibus
2849 3977 3171 4030 annuntians
3197 4018 3211 4038 ,
3250 3993 3439 4033 omnes
3470 3977 3534 4032 ad
3569 3979 3747 4034 Jesum
3775 3983 3949 4036 advo-

2356 4079 2506 4130 cans,
2537 4074 2806 4133 totamque
2855 4068 3124 4122 civitatem
3153 4066 3219 4122 ad
3263 4068 3416 4123 illum
3463 4069 3800 4139 pertrahens.
3852 4070 3952 4126 Ille

2357 4156 2537 4211 audito
2559 4156 2787 4221 Christo,
2809 4159 2960 4222 dixit,
2991 4158 3257 4222 Quomodo
3277 4171 3486 4228 possunt
3504 4160 3610 4213 lucc
3630 4161 3743 4228 ﬁeri
3765 4159 3949 4229 (Joan.

2361 4248 2412 4300 5.
2446 4247 2540 4315 9)?
2569 4261 2632 4302 ac
2661 4263 2779 4301 cum
2819 4247 3065 4302 Christus
3098 4249 3301 4304 clarum
3332 4250 3638 4319 exemplum
3671 4252 3820 4306 venti
3865 4264 3953 4306 at-

2364 4338 2608 4404 tulisset,
2635 4354 2805 4409 neque
2837 4341 2906 4393 ita
2947 4355 3250 4395 sermonem
3297 4342 3532 4397 admisit.
3565 4341 3730 4398 Secus
3765 4355 3954 4398 autem

2364 4431 2557 4485 mulier
2583 4449 2596 4485 :
2623 4431 2715 4485 sed
2757 4435 2930 4500 primo
2960 4431 3258 4499 dubitabat,
3287 4433 3481 4489 deinde
3509 4449 3635 4489 vero
3663 4451 3768 4489 non
3804 4444 3953 4489 tanta

2363 4521 2596 4576 adhibita
2635 4522 2863 4589 cautela,
2907 4522 3000 4577 sed
3049 4524 3198 4592 quasi
3250 4523 3409 4577 latam
3450 4527 3773 4580 sententiam
3804 4525 3953 4580 dicta

2364 4615 2654 4684 excipiens,
2686 4613 2751 4666 ad
2784 4629 2897 4667 rem
2946 4614 3310 4682 accipiendam
3357 4617 3534 4670 statim
3585 4617 3774 4672 fertur.
3815 4616 3953 4685 Quia

2365 4705 2506 4759 enim
2533 4705 2688 4759 Jesus
2728 4705 2951 4770 dixerat,
2987 4704 3102 4758 Fiet
3123 4706 3174 4759 in
3205 4722 3262 4760 eo
3306 4707 3420 4776 fons
3467 4725 3611 4778 aqua:
3643 4709 3870 4764 salientis
3903 4711 3961 4762 in

2367 4794 2519 4846 vitam
2547 4803 2820 4856 teternam;
2853 4795 3032 4848 statim
3066 4796 3138 4849 ait
3167 4795 3378 4860 mulier,
3415 4796 3501 4850 15.
3525 4788 3774 4851 ’Βηήιϋιί
3820 4800 3959 4853 hanc

2368 4901 2570 4954 aquam,
2599 4895 2651 4938 ut
2678 4902 2776 4949 non
2803 4887 2994 4951 sitiam,
3025 4902 3182 4955 neque
3211 4887 3405 4940 veniam
3428 4887 3527 4940 huc
3547 4888 3770 4942 haurire.

2437 4975 2493 5029 2-
2537 4973 2720 5030 Viden'
2747 4975 3014 5046 quomodo
3045 4976 3294 5045 paulatim
3325 4977 3388 5030 ad
3407 4977 3714 5047 dogmatum
3740 4979 3960 5036 Culmen

2371 5067 2700 5122 deducatur?
2758 5066 2934 5122 Primo
3009 5069 3214 5138 putavit
3281 5068 3430 5123 illum
3499 5078 3959 5141 transgressos-eui

2370 5159 2672 5229 quempiam
2698 5157 2939 5213 Judaeum
2964 5173 3116 5223 esse;
3147 5158 3341 5214 deinde
3388 5161 3510 5230 quia
3551 5161 3688 5216 banc
3719 5163 3810 5218 ille
3847 5165 3961 5219 cri-

2373 5252 2715 5307 minationem
2741 5252 2944 5322 depulit
2969 5253 3096 5323 (non
3127 5251 3353 5308 decebat
3371 5254 3513 5309 enim
3541 5269 3665 5309 eum
3693 5257 3781 5325 qui
3811 5257 3962 5312 illam

2372 5343 2659 5397 educturus
2684 5351 2816 5406 erat,
2836 5354 3143 5412 suspectum
3169 5344 3333 5414 esse),
3359 5359 3478 5398 cum
3502 5345 3740 5400 audisset
3763 5361 3961 5417 aquam

2374 5433 2570 5498 vivam,
2597 5434 2796 5503 putavit
2817 5433 2883 5488 de
2908 5433 3094 5488 sensili
3129 5449 3264 5503 aqua
3298 5435 3399 5489 hoc
3427 5435 3553 5491 dici.
3579 5435 3803 5490 Demum
3835 5454 3961 5492 cum

2376 5524 2610 5580 audisset
2634 5540 2695 5578 ea
2725 5539 2840 5593 qua:
2868 5525 3200 5602 dicebantur,
3228 5540 3349 5580 esse
3369 5526 3692 5597 spiritualia,
3731 5529 3964 5587 credidit

2379 5619 2591 5688 quidem
2621 5632 2776 5687 posse
2804 5618 2946 5673 illam
2969 5633 3161 5688 aquam
3193 5618 3396 5689 pellere
3436 5621 3608 5684 sitim,
3661 5637 3759 5677 nec
3782 5632 3964 5677 tanien

2381 5711 2504 5782 quid
2531 5711 2617 5765 illa
2634 5719 2774 5766 esset
2805 5709 3029 5779 sciebat,
3061 5709 3154 5764 sed
3186 5709 3358 5770 adhuc
3387 5709 3666 5767 dubitabat
3695 5728 3706 5763 :
3748 5713 3967 5783 putabat
