4162 6326
198 418 277 477 185
1154 400 1220 457 IN
1258 392 1568 455 JOANNEM
1614 389 1839 445 IIOMIL.
1882 387 2099 443 XXXII.
2141 389 2212 442 al.
2258 386 2449 443 XXXI.

197 544 321 593 certe
356 534 465 587 hmo
508 524 819 584 sublimiora
850 536 990 585 esse,
1022 531 1181 590 quam
1237 524 1294 569 ut
1338 525 1500 568 sensu
1550 505 1750 577 percipi

198 633 424 698 possent;
465 618 559 675 sed
619 632 726 671 non
772 625 993 685 prorsus
1040 610 1092 665 id
1140 605 1266 678 quid
1312 607 1459 659 esset
1507 604 1752 655 noverat.

198 718 327 773 Nunc
345 721 486 768 certe
511 708 707 764 melius
733 704 965 768 videbat,
1014 714 1187 769 neque
1225 708 1402 751 tamen
1433 700 1601 747 totum
1633 702 1754 758 pcr-

199 807 403 878 cipiebat
432 820 444 856 :
469 818 595 856 nam
640 802 750 864 ait,
798 798 876 851 Da
917 796 1041 849 mihi
1070 794 1201 847 hanc
1228 804 1448 859 aquam,
1475 795 1532 838 ut
1559 798 1659 878 itan
1686 780 1759 878 si-

197 871 319 962 titint,
365 910 516 965 neque
559 892 757 947 veniam
808 889 905 943 Imc
936 886 1158 940 haurire.
1209 881 1326 937 Jam
1369 878 1519 933 illum
1554 871 1756 930 Jacobo

199 988 504 1061 praal'erebat.
536 984 654 1039 Non
682 983 784 1036 hoc
806 981 953 1035 fonte
981 992 1116 1048 opus
1134 974 1327 1037 habeo,
1350 971 1395 1025 si
1426 985 1453 1023 a
1490 978 1540 1022 te
1562 978 1755 1061 aquam

197 1057 319 1136 illam
361 1077 638 1146 accipiam.
685 1071 874 1127 Viden’
928 1067 1198 1141 quomodo
1244 1066 1392 1120 illum
1441 1057 1757 1131 patriarcha:

196 1168 495 1239 anteponat?
538 1167 650 1221 iloc
682 1162 832 1235 probi
873 1151 1037 1216 animi
1080 1157 1332 1214 indicium
1378 1161 1481 1209 est.
1513 1147 1761 1206 Ostendit

196 1278 333 1335 quam
371 1261 436 1316 de
481 1257 684 1314 Jacobo
728 1254 1039 1325 opinionem
1085 1251 1350 1306 haberet:
1379 1246 1512 1303 vidit
1558 1242 1761 1299 Jacobo

196 1356 464 1417 meliorem,
489 1367 662 1421 neque
684 1351 851 1418 prima
878 1347 966 1401 illa
987 1346 1240 1415 opinione
1266 1348 1473 1397 retenta
1497 1337 1613 1393 fuit.
1643 1336 1758 1390 Non

197 1459 307 1515 ergo
333 1443 484 1498 facile
532 1441 729 1495 mulier
770 1438 998 1495 credidit
1024 1476 1040 1502 ,
1070 1450 1246 1505 neque
1277 1443 1479 1489 temere
1503 1430 1643 1485 dicta
1678 1444 1763 1482 re-

198 1538 336 1605 cepit,
367 1550 481 1604 quae
514 1542 660 1587 tanta
690 1531 1033 1587 accuratione
1063 1526 1338 1598 quaesivit;
1383 1538 1555 1593 neque
1596 1521 1758 1576 etiam

198 1624 503 1696 immorigera
533 1624 620 1677 vel
664 1622 998 1677 contentiOSa
1032 1619 1147 1673 fuit.
1194 1617 1356 1685 quue
1398 1630 1466 1668 ex
1502 1613 1760 1683 petitione

198 1734 277 1774 sua
314 1713 718 1771 demonstravit.
757 1712 915 1781 Atqui
944 1708 1146 1767 Judmis
1174 1707 1312 1763 dixit
1337 1705 1585 1761 Chriszus
1616 1720 1628 1755 :
1662 1701 1761 1765 Qui

198 1809 436 1863 comederit
461 1808 524 1861 de
569 1822 724 1861 carne
770 1822 900 1871 mea,
931 1820 1031 1858 non
1061 1802 1281 1864 esuriet;
1322 1809 1369 1853 et
1410 1798 1498 1868 qui
1524 1795 1682 1851 credit
1709 1794 1762 1847 in

198 1917 280 1962 me.
309 1916 401 1953 non
420 1899 555 1953 sitiet
587 1913 823 1967 umquam
853 1896 870 1965 (
898 1892 1056 1949 Joan.
1086 1892 1139 1948 6.
1166 1892 1233 1947 55
1260 1893 1311 1961 );
1346 1890 1439 1944 sed
1465 1903 1571 1942 non
1601 1886 1762 1941 modo

200 2006 289 2043 non
328 1990 685 2054 crediderunt,
735 1986 830 2042 sed
872 1987 1031 2041 etiam
1076 1980 1418 2059 scandalisati
1458 1988 1602 2033 sunt.
1637 1977 1765 2031 Hth

200 2083 371 2137 mulier
394 2091 582 2137 contra
605 2088 878 2149 exspectat
900 2086 955 2134 et
979 2077 1129 2147 petit.
1158 2074 1357 2130 Judmis
1384 2073 1474 2127 ille
1515 2070 1762 2131 dicebat,

203 2172 288 2240 Qui
311 2172 460 2226 credit
488 2173 540 2226 in
564 2188 645 2225 me
672 2186 770 2225 non
792 2171 958 2235 sitiet;
985 2166 1194 2223 mulieri
1226 2180 1356 2220 vero
1386 2178 1491 2217 non
1525 2162 1594 2215 ita
1621 2203 1635 2226 ,
1670 2159 1763 2214 sed

201 2262 394 2318 rudiore
424 2262 606 2326 modo,
639 2260 741 2328 Qui
763 2260 936 2314 biberit
961 2257 1132 2313 exhac
1154 2272 1308 2326 aqua,
1329 2271 1431 2309 non
1448 2252 1601 2308 sitiet.
1635 2250 1766 2305 Pru—

201 2352 364 2407 missio
387 2367 618 2423 namque
647 2361 762 2407 erat
788 2348 1147 2419 spiritualium
1192 2362 1371 2402 rerum
1394 2388 1407 2410 ,
1443 2361 1548 2400 non
1582 2342 1766 2398 visibi-

202 2443 311 2497 lium
338 2445 377 2497 ι.
406 2441 531 2498 Ideo
574 2442 813 2497 mulieris
858 2441 1095 2496 animum
1143 2435 1616 2508 pollicitationibus
1661 2433 1768 2490 eri-

201 2549 339 2604 gens,
366 2534 542 2589 adhuc
568 2533 919 2589 sensibilibus
947 2534 1263 2587 immoratur
1286 2572 1302 2599 ,
1345 2528 1486 2599 quod
1515 2528 1603 2583 illa
1633 2542 1769 2582 non-

202 2627 310 2680 dum
334 2635 509 2695 posset
535 2626 833 2693 spiritualia
861 2632 1110 2679 accurate
1140 2621 1613 2692 comprehendere.
1636 2618 1767 2675 Nam

203 2717 239 2770 si
265 2715 496 2781 dixisset,
541 2715 597 2771 Si
626 2714 923 2770 credideris
954 2715 1010 2769 in
1038 2729 1145 2781 me,
1172 2730 1280 2767 non
1311 2714 1495 2777 sities;
1526 2712 1622 2769 illa
1661 2726 1767 2765 non

205 2809 574 2873 intellexisset,
615 2824 738 2865 cum
790 2824 897 2865 non
946 2818 1129 2865 nosset
1155 2810 1276 2879 quis
1301 2818 1444 2865 esset
1474 2807 1565 2863 ille
1594 2822 1653 2862 se
1692 2806 1769 2861 al-

203 2901 423 2971 loquens,
457 2918 559 2958 nec
584 2903 652 2958 de
680 2917 785 2973 qua
815 2903 901 2957 siti
929 2910 1198 2973 ageretur.
1228 2901 1334 2957 Cur
1354 2911 1531 2955 autem
1562 2915 1670 2954 non
1699 2900 1769 2953 ita

205 2994 391 3050 Judreis.
409 2996 663 3066 loquutus
682 2997 806 3050 est?
834 2995 970 3063 Quia
1001 2995 1075 3049 illi
1104 2995 1268 3050 multa
1310 2994 1458 3063 signa
1484 2993 1733 3047 viderant
1753 3032 1768 3056 ,

206 3088 282 3141 illa
308 3103 430 3143 vero
463 3088 704 3151 nullum;
745 3087 841 3144 sed
876 3089 1038 3163 verba
1080 3088 1311 3158 primum
1342 3086 1605 3141 audierat.
1644 3085 1771 3140 Ideo

207 3191 287 3247 per
312 3179 645 3249 prophetiam
676 3179 928 3250 deinceps
950 3182 1058 3233 vim
1088 3193 1239 3233 suam
1270 3177 1525 3241 ostendit,
1547 3191 1644 3232 nec
1664 3184 1774 3233 sta-

207 3272 285 3325 tim
312 3271 481 3342 arguit
524 3272 703 3338 illam;
746 3271 840 3327 sed
871 3272 998 3340 quid
1029 3271 1196 3326 dicit?
1229 3271 1312 3325 l6.
1356 3270 1523 3336 Vade,
1553 3286 1676 3324 voca
1700 3269 1774 3322 vi-

206 3380 302 3417 rum
326 3374 485 3431 tuum,
517 3372 568 3418 et
594 3365 706 3419 aeni
734 3364 850 3418 huc.
879 3365 966 3419 17.
998 3362 1099 3418 Illa
1124 3379 1238 3417 vero
1268 3364 1407 3428 dicit,
1454 3361 1628 3431 Virum
1671 3377 1774 3414 non

207 3457 363 3511 habeo.
394 3456 528 3511 Dicit
557 3458 602 3511 ei
620 3455 775 3512 Iesus
795 3499 810 3523 ,
834 3455 971 3512 Bene
989 3458 1197 3522 dixisti,
1243 3456 1417 3511 Virum
1444 3474 1546 3510 non
1567 3455 1726 3510 habeo
1755 3470 1773 3508 :

210 3548 281 3602 l8.
309 3550 527 3619 quinque
552 3552 686 3604 enim
732 3550 864 3604 uiros
900 3549 1118 3603 habuisti
1138 3591 1153 3610 ,
1180 3558 1229 3602 et
1253 3565 1385 3601 nunc
1410 3565 1557 3618 quem
1589 3547 1770 3614 habes,

206 3655 291 3693 non
318 3650 387 3694 est
416 3651 533 3695 tuus
560 3642 657 3695 uir.
693 3639 806 3695 Hoc
825 3658 936 3695 uere
965 3641 1159 3695 dixisti.
1195 3641 1283 3696 19.
1314 3641 1457 3694 Dicit
1480 3643 1527 3694 ei
1555 3641 1771 3705 mulier,

207 3726 417 3795 Domine,
447 3733 593 3785 video
617 3732 737 3802 quia
760 3731 1006 3801 propheta
1033 3748 1086 3786 es
1112 3742 1184 3785 tu.

266 3819 599 3877 Samaritana
618 3824 936 3895 pltilosOpItia
955 3825 1102 3878 malta
1116 3825 1236 3891 ﬁdei
1249 3826 1281 3878 ,Ι
1290 3824 1547 3879 udteorum
1564 3825 1779 3896 opponi.

208 3911 544 3981 tur—Papae,
573 3922 767 3983 quanta
787 3914 1027 3969 mulieris
1044 3914 1378 3984 philosophia
1405 3915 1417 3968 l
1447 3930 1604 3984 quam
1627 3930 1780 3968 nian-

207 4008 340 4055 suete
371 4001 848 4071 reprehensionem
870 4003 1103 4058 admittit
1125 4004 1138 4057 ε
1157 4003 1284 4068 Cur,
1305 4005 1534 4073 inquies,
1561 4020 1665 4058 non
1683 4006 1778 4059 ad-
1834 4042 1839 4047 η

208 4089 460 4145 misisset?
483 4081 673 4146 nenne
700 4100 845 4158 saepe
885 4092 1100 4148 Judmos
1124 4094 1302 4148 acrius
1324 4093 1631 4164 redarguit?
1661 4094 1775 4148 Non

205 4178 328 4233 enim
347 4181 487 4249 paris
512 4181 725 4235 virtutis
738 4192 819 4236 est
835 4184 1030 4237 mentis
1057 4184 1328 4239 secretain
1349 4184 1581 4239 medium
1612 4185 1780 4240 addu-

207 4285 333 4340 cere,
369 4282 424 4328 et
458 4288 573 4329 rem
603 4273 740 4328 clam
759 4283 1028 4346 peractam
1060 4276 1319 4330 revelare.
1355 4274 1489 4331 lllud
1507 4276 1649 4332 enim
1684 4277 1778 4333 Dei

207 4372 389 4419 tantum
408 4376 509 4431 est,
534 4380 656 4420 cum
686 4381 844 4422 nemo
863 4370 1026 4433 novit,
1048 4370 1147 4424 nisi
1166 4369 1310 4439 isqui
1326 4369 1374 4423 id
1405 4369 1457 4424 in
1477 4380 1656 4426 mente
1679 4370 1777 4426 ba-

206 4452 301 4518 bet;
327 4455 548 4511 alterum
566 4471 694 4510 vero
708 4457 895 4511 saltem
915 4457 1264 4513 familiaribus
1300 4471 1483 4517 notum
1500 4470 1600 4516 est.
1626 4462 1781 4517 Atta-

207 4559 312 4599 men
328 4545 494 4602 Judari
512 4563 571 4603 se
591 4549 947 4618 reprehensos
971 4565 1088 4606 esse
1117 4551 1331 4621 indigne
1358 4553 1550 4607 ferunt.
1566 4554 1670 4609 Sed
1690 4556 1779 4610 illo

206 4635 567 4707 dicente,Quid
592 4656 672 4694 me
697 4642 921 4711 queritis
941 4642 1220 4712 interﬁcere
1241 4642 1420 4714 (Joan.
1449 4645 1500 4698 7.
1527 4646 1646 4719 20)?
1672 4662 1777 4701 non

208 4728 349 4783 modo
366 4744 471 4785 non
499 4731 854 4800 admirantur,
877 4742 936 4787 ut
956 4736 1269 4802 mulierilla,
1299 4737 1391 4792 sed
1410 4740 1570 4794 etiam
1594 4742 1779 4796 convi-

206 4816 290 4873 ciis
316 4828 367 4873 et
386 4822 727 4877 contumeliis
744 4822 1000 4891 alliciunt,
1025 4828 1233 4882 etiamsi
1258 4828 1481 4883 aliorum
1504 4833 1777 4901 signorum

209 4919 498 4979 argumenta
547 4912 805 4968 haberent
832 4933 846 4969 :
875 4914 992 4972 hrcc
1037 4927 1214 4973 autem
1246 4918 1347 4974 hoc
1384 4936 1543 4976 unum
1574 4931 1777 4978 tantum

207 4998 451 5055 audierat.
500 5003 753 5058 Attamen
802 5005 875 5059 illi
926 5021 1031 5061 non
1071 5008 1233 5063 modo
1278 5024 1382 5064 non
1418 5012 1593 5066 mirati
1632 5028 1774 5081 sunt,

208 5088 289 5143 sed
316 5092 474 5147 etiam
499 5094 698 5161 probro
723 5095 1014 5155 all‘ecerunt
1044 5100 1305 5167 dicentes,
1339 5102 1657 5160 Dtemonium
1687 5101 1780 5161 ha-

207 5176 295 5242 bes,
338 5183 449 5251 quis
493 5192 542 5239 te
582 5187 762 5257 quierit
810 5189 1128 5258 inter/icere?
1157 5191 1281 5248 Haec
1321 5209 1450 5249 vero
1480 5210 1588 5251 non
1621 5197 1781 5253 modo

209 5282 300 5323 non
327 5273 677 5340 conviciatur,
707 5276 801 5331 sed
834 5278 1056 5335 miratur
1083 5291 1136 5336 et
1175 5282 1521 5353 obstupescit,
1550 5287 1781 5357 prophe-

209 5365 404 5430 tamque
428 5364 682 5433 Opinatur
707 5382 863 5434 esse;
904 5370 1004 5425 etsi
1033 5373 1209 5427 acrius
1238 5373 1375 5430 hanc
1400 5376 1779 5445 reprehendat,

209 5461 350 5515 quam
392 5452 535 5509 illos.
588 5455 700 5512 lloc
737 5459 878 5513 enim
923 5474 1197 5529 peccatum
1230 5467 1385 5521 unius
1430 5466 1595 5537 ipsius
1631 5480 1778 5536 erat;

210 5537 321 5594 illud
345 5558 471 5599 vero
496 5548 750 5603 omnibus
778 5565 1079 5608 commune.
1110 5554 1225 5611 Non
1248 5546 1425 5613 autem
1451 5560 1519 5613 ita
1548 5563 1780 5617 morderi

210 5632 425 5691 solemus
450 5636 518 5691 de
560 5641 934 5697 communibus
972 5644 1206 5713 delictis,
1240 5658 1297 5701 ut
1334 5648 1401 5704 de
1428 5654 1677 5721 propriis.
1715 5656 1781 5710 Et

264 5786 278 5816 '
308 5786 400 5841 Alii
424 5792 612 5857 legunt,
632 5793 1131 5863 indetermtttatorum,
1158 5815 1265 5866 pro,
1289 5820 1382 5859 non
1409 5809 1682 5863 lasibithim.

3362 387 3461 442 186

1866 502 1941 557 illi
1967 503 2183 572 quidem
2216 519 2467 573 magnum
2495 502 2765 572 quidpiam
2794 516 2856 557 se
2899 498 3154 570 pellicere
3186 499 3459 569 putabant,

1863 593 1909 649 si
1936 592 2208 649 Christum
2240 594 2644 651 interﬁcerent:
2672 594 2913 649 mulieris
2954 606 3080 646 vero
3108 592 3314 646 facinus
3344 608 3460 644 ma~

1863 682 1972 737 lum
2004 698 2124 740 esse
2151 684 2289 755 apud
2318 700 2508 741 omnes
2538 686 2589 740 in
2630 666 2879 740 confesso
2908 693 3044 739 erat.
3072 687 3322 739 Attamen
3356 698 3463 738 non

1863 791 2005 847 agre
2032 778 2147 832 tulit
2170 778 2383 847 mulier,
2404 779 2497 836 sed
2518 779 2791 848 obstupuit
2814 780 3111 847 mirataque
3132 787 3233 831 eet.
3261 778 3461 831 Eodem

1863 884 2074 939 quoque
2102 871 2260 925 modo
2284 886 2406 926 cum
2439 871 2767 925 Nathanaele
2788 870 3036 925 Christus
3059 885 3118 925 se
3138 870 3320 940 gessit.
3345 869 3461 923 Non

1840 962 2095 1029 primum
2129 962 2465 1031 prophetiam
2495 962 2722 1025 induxit,
2758 978 2932 1032 neque
2960 962 3117 1027 dixit,
3157 959 3276 1014 Vidi
3305 971 3352 1013 te
3372 960 3463 1013 sub

1866 1054 2001 1122 ficu;
2029 1053 2123 1109 sed
2167 1069 2301 1131 cum
2342 1056 2429 1110 ille
2470 1056 2715 1123 dixisset,
2749 1054 2897 1110 Unde
2926 1072 3005 1109 me
3029 1057 3162 1108 nosti
3202 1052 3383 1126 (Joau.
3412 1056 3463 1109 l.

1866 1145 1987 1216 48)?
2015 1146 2063 1200 id
2098 1146 2395 1215 respondit.
2425 1146 2650 1202 Volebat
2679 1149 2823 1201 enim
2856 1145 3114 1201 miracula
3145 1155 3199 1201 et
3230 1144 3466 1215 prophe-

1869 1238 1967 1291 tias
1993 1238 2061 1293 ab
2088 1239 2192 1293 illis
2219 1238 2477 1307 incipere,
2507 1239 2596 1307 qui
2628 1239 2692 1293 ad
2742 1239 2917 1307 ipsum
2948 1237 3297 1301 accedebant,
3329 1245 3386 1291 ut
3414 1246 3471 1291 et

1868 1328 2037 1397 magis
2065 1328 2185 1383 illos
2210 1327 2308 1382 sibi
2353 1329 2687 1393 conciliaret,
2715 1336 2771 1383 et
2801 1343 2949 1382 vana:
2988 1327 3174 1397 gloria:
3205 1328 3464 1396 suspicio-

1870 1433 1990 1471 nem
2018 1417 2292 1487 eii'ugeret.
2327 1417 2439 1473 Hoc
2473 1420 2645 1487 ipsum
2679 1418 2763 1473 hic
2790 1419 2917 1488 agit.
2944 1418 3295 1472 Existimabat
3324 1420 3465 1473 enim

1868 1509 2153 1565 moli-stum
2183 1522 2235 1565 ct
2260 1510 2589 1581 superﬂuum
2618 1512 2749 1573 fore,
2775 1512 2819 1567 si
2846 1526 2964 1566 eam
2988 1511 3167 1567 statim
3193 1520 3471 1565 accusaret

1868 1602 2139 1669 dicendo,
2178 1602 2356 1657 Virum
2387 1621 2489 1657 non
2520 1604 2690 1658 habes.
2727 1597 2857 1657 Illud
2890 1618 3021 1658 vero
3049 1603 3319 1673 corrigere
3354 1613 3472 1672 po~t

1868 1704 2143 1763 acceptam
2175 1693 2241 1748 ab
2268 1694 2457 1749 eadem
2486 1694 2597 1762 ipsa
2624 1695 2985 1759 occasionem,
3016 1705 3161 1751 certe
3187 1705 3473 1750 consenta-

1872 1786 2033 1838 neum
2058 1794 2194 1850 erat,
2227 1794 2278 1839 et
2309 1786 2616 1841 audientem
2647 1789 3078 1842 mansuetiorem'
3099 1787 3376 1841 reddebat.
3406 1788 3473 1841 Et

1869 1891 2118 1945 quaenam
2167 1876 2259 1930 illa
2306 1876 2713 1945 consequentia,
2766 1876 2996 1945 inquies,
3049 1877 3250 1942 dicere,
3310 1876 3471 1941 Vade,

1870 1981 1992 2020 voca
2019 1968 2179 2020 virum
2208 1977 2352 2021 tuum
2370 1968 2396 2021 Ρ
2425 1967 2498 2022 De
2523 1968 2669 2022 dono
2696 1968 2952 2039 agebatur
2979 1977 3037 2024 et
3072 1968 3139 2024 de
3175 1969 3343 2038 gratia
3375 1968 3475 2023 lut-

1874 2071 2084 2117 manam
2111 2066 2354 2112 naturam
2382 2066 2688 2127 superante.
2722 2056 2959 2113 Instabat
2990 2059 3182 2112 mulier
3204 2058 3472 2129 ﬂagitans,

1874 2155 1927 2203 et
1949 2147 2082 2202 dixit
2109 2148 2179 2212 ei,
2223 2148 2360 2202 Voca
2384 2151 2545 2203 virum
2568 2159 2742 2216 tuum;
2770 2150 3116 2205 subindicans
3157 2152 3305 2205 illum
3336 2166 3474 2221 quo-

1872 2256 1978 2311 que
2023 2241 2215 2297 horum
2262 2244 2574 2314 participem
2608 2258 2727 2299 esse
2754 2242 3011 2299 debere‘.
3055 2242 3147 2298 Illa
3174 2245 3473 2314 accipiendi

1872 2333 2125 2403 cupida’,
2169 2349 2321 2389 suam
2368 2335 2508 2390 celat
2553 2335 2959 2405 turpitudinem,
3006 2350 3171 2406 seque
3202 2336 3473 2391 hominem

1873 2425 2069 2496 alloqui
2098 2433 2290 2491 putans
2314 2426 2407 2491 ait,
2441 2419 2564 2480 Non
2590 2426 2747 2482 habeo
2772 2431 2952 2482 virum.
2978 2428 3113 2483 Hinc
3137 2431 3474 2484 occasionem

1873 2524 2099 2583 captans
2119 2517 2366 2573 Christus
2386 2525 2689 2587 Opportune
2710 2518 2856 2573 illam
2876 2518 3246 2589 reprehendit,
3273 2529 3478 2574 utrum-

1874 2624 1981 2678 que
2009 2618 2258 2663 accurate
2288 2609 2565 2678 cxplicans
2600 2626 2613 2661 :
2647 2624 2770 2663 nam
2820 2611 3026 2679 priores
3066 2624 3257 2665 omnes
3288 2625 3478 2665 nume-

1876 2702 2033 2769 ravit,
2066 2710 2122 2757 et
2147 2702 2287 2756 hunc
2313 2702 2583 2757 occultum
2615 2701 2890 2757 revelavit.
2924 2701 3060 2769 Quid
3087 2717 3219 2772 ergo
3245 2703 3480 2756 mulier?

1874 2793 1990 2849 Non
2022 2810 2165 2866 mgre
2212 2795 2351 2857 tulit.
2400 2810 2508 2850 non
2557 2794 2647 2849 illo
2671 2794 2857 2849 relicto
2887 2792 3036 2865 fugit,
3071 2808 3177 2849 non
3210 2793 3261 2847 id
3292 2804 3482 2848 contn-

1878 2887 2094 2941 meliam
2141 2901 2265 2942 esse
2317 2882 2552 2955 pntaiit;
2608 2885 2701 2939 sed
2752 2885 2921 2955 magis
2962 2884 3277 2948 admiratur.
3309 2886 3480 2954 magis

1878 2987 2188 3047 perseverat
2216 2994 2228 3030 :
2260 2993 2379 3031 nam
2411 2980 2507 3042 ait,
2550 2974 2706 3030 Video
2741 2976 2859 3046 quia
2884 2977 3133 3046 propheta
3163 2992 3214 3029 es
3244 2984 3318 3029 tu.
3351 2974 3481 3044 Ejus

1879 3084 2007 3123 vero
2038 3067 2376 3137 prudentiain
2409 3067 2703 3138 perpende.
2737 3066 2853 3122 Non
2895 3068 3072 3121 statim
3102 3067 3354 3129 accurrit,
3385 3066 3480 3120 sed

1879 3160 2056 3217 adhuc
2100 3160 2409 3216 considerat
2451 3165 2506 3215 et
2554 3160 2800 3215 miratur.
2852 3160 2983 3215 Illud
3012 3161 3179 3227 enim,
3219 3158 3398 3225 Video,
3428 3158 3483 3213 id

1878 3262 1984 3320 est,
2032 3252 2244 3307 Videris
2287 3253 2417 3306 mihi
2468 3252 2739 3323 propheta
2776 3267 2917 3307 esse.
2976 3252 3177 3307 Deinde
3224 3253 3345 3322 quia
3380 3251 3483 3306 hoc

1880 3345 2148 3414 suspicata
2180 3355 2318 3411 erat,
2346 3345 2476 3399 nihil
2511 3356 2781 3400 terrenum
2812 3346 3128 3415 interrogat,
3162 3361 3267 3400 non
3296 3344 3362 3399 de
3391 3359 3485 3398 va-

1882 3437 2119 3492 letudine
2145 3437 2388 3507 corporis
2418 3445 2589 3505 rogat,
2617 3452 2721 3489 non
2751 3434 2819 3490 de
2855 3436 3067 3504 opibus,
3097 3451 3203 3491 non
3244 3435 3311 3491 de
3342 3435 3483 3491 diri-

1883 3528 1991 3587 tiis.
2015 3527 2110 3582 sed
2136 3527 2204 3581 de
2226 3527 2564 3597 dogmatibm
2592 3527 2792 3580 statim.
2827 3525 2965 3595 Quid
3007 3527 3149 3580 enim
3184 3526 3350 3581 dicit?
3388 3526 3481 3583 20.

1842 3646 1847 3652 -
1883 3617 2067 3673 Patres
2093 3620 2250 3673 nostri
2295 3619 2346 3672 in
2387 3628 2556 3672 monte
2597 3619 2691 3671 lioc
2716 3618 3075 3684 adoraoerunt,
3109 3618 3376 3673 Abraham
3406 3621 3485 3674 si-

1881 3711 2162 3781 gniticans,
2214 3725 2373 3779 quem
2420 3710 2588 3765 lilium
2640 3725 2707 3764 eo
2749 3710 3037 3766 adduxisse
3086 3710 3371 3767 dicebant:
3418 3712 3486 3768 Et

1882 3803 2135 3870 quomodo
2162 3817 2249 3854 vos
2276 3802 2444 3855 dicitis
2471 3803 2589 3871 quia
2613 3800 2949 3873 Jerosolymis
2977 3812 3048 3857 est
3076 3803 3218 3859 locus
3244 3806 3329 3859 ubi
3355 3806 3486 3859 ado-

1883 3909 2001 3947 rare
2027 3893 2263 3961 oportet?

1956 3984 2008 4039 5.
2056 3983 2100 4037 E
2123 3984 2469 4039 Samaritana:
2488 3985 2656 4039 studio
2682 3984 2927 4055 fervorem
2950 3987 3261 4061 audientium
3280 3989 3485 4044 excitat.

1884 4076 2056 4131 Lectio
2097 4077 2385 4131 divinorum
2430 4076 2672 4131 libremus
2716 4072 3115 4133 commendatur.
3152 4079 3292 4135 Libri
3319 4084 3487 4135 aurci;

1885 4170 2160 4225 titteris.-—
2177 4169 2366 4225 Viden‘
2382 4186 2538 4241 quam
2566 4180 2747 4227 inelite
2764 4172 3044 4227 sublimior
3060 4174 3331 4228 evaserit?
3354 4173 3485 4229 Nam

1886 4262 1976 4317 illa
2004 4263 2089 4318 cui
2121 4262 2188 4317 de
2210 4262 2447 4317 sedanda
2477 4264 2564 4317 siti
2596 4278 2724 4317 cura
2747 4272 2883 4328 erat,
2912 4264 3021 4333 jam
3051 4264 3119 4319 de
3144 4264 3487 4334 dogmatibus

1886 4357 2200 4426 interrogat.
2240 4355 2378 4423 Quid
2408 4372 2538 4427 ergo
2568 4357 2852 4412 Christus?
2881 4357 2996 4411 Non
3037 4359 3195 4411 solvit
3228 4360 3487 4429 quaestio-

1887 4465 2008 4505 nem
2038 4450 2186 4521 (non
2228 4450 2373 4505 enim
2417 4450 2520 4505 hoc
2562 4451 2804 4517 curabat,
2839 4461 2896 4506 ut
2934 4452 3001 4506 ad
3030 4454 3206 4506 omnia
3238 4465 3489 4509 accurate

1885 4542 2267 4613 responderet;
2302 4544 2352 4598 id
2397 4544 2593 4615 quippe
2630 4560 3083 4613 supervacaneum
3127 4545 3360 4618 fuisset),
3396 4548 3488 4602 sed

1886 4648 2072 4689 rursus
2117 4632 2396 4689 mulierem
2442 4635 2510 4689 ad
2560 4635 2820 4706 majorem
2870 4636 3251 4692 sublimitatem
3305 4638 3488 4703 ducit;

1886 4744 1987 4783 nec
2034 4728 2182 4798 prius
2231 4728 2318 4783 illa
2366 4736 2579 4794 tractat,
2626 4745 2787 4799 quam
2821 4729 3015 4784 mulier
3059 4730 3307 4785 confessa
3342 4742 3492 4787 esset

1887 4821 2062 4890 ipsum
2084 4835 2203 4875 esse
2230 4819 2568 4890 prophetam,
2589 4832 2649 4875 ut
2674 4820 2931 4889 majorem
2957 4831 3138 4891 postea
3154 4820 3306 4877 dictis
3330 4822 3489 4879 iidem

1888 4912 2131 4967 haberet.
2162 4911 2292 4979 Qua:
2317 4914 2462 4966 enim
2496 4912 2597 4967 hoc
2627 4912 2894 4978 crederet,
2926 4928 3031 4967 non
3063 4915 3198 4969 ultra
3242 4914 3309 4970 de
3335 4916 3493 4971 dictis

1887 5002 2191 5056 dubitatura
2241 5013 2376 5056 erat.
2422 5002 2631 5057 Pudeat
2662 5018 2790 5074 ergo
2817 5018 2937 5069 nos,
2987 5013 3041 5059 ct
3086 5006 3490 5063 erubescamus.

1888 5095 2077 5151 Mulier
2104 5112 2224 5166 qum
2254 5097 2490 5167 quinque
2516 5097 2660 5151 viros
2688 5097 2968 5163 habuerat,
2999 5097 3353 5166 Samaritana,
3379 5109 3495 5155 tan-

1890 5196 1999 5243 tum
2017 5187 2275 5242 doctrinae
2293 5188 2633 5243 addiscendae
2648 5189 2883 5244 studium
2898 5189 3078 5257 habet,
3098 5207 3199 5247 nec
3217 5192 3342 5246 hora
3362 5193 3491 5262 diei,

1888 5294 1990 5333 nec
2008 5278 2150 5333 aliud
2171 5278 2396 5349 quodvis
2411 5278 2648 5334 officium
2668 5280 2748 5334 vel
2768 5280 3037 5348 negotium
3052 5281 3193 5335 illam
3213 5282 3281 5337 ab
3304 5282 3493 5353 hujus-

1889 5371 2034 5426 modi
2052 5372 2347 5441 quaestione
2368 5372 2617 5427 abducit:
2645 5386 2743 5426 nos
2772 5380 2951 5427 autem
2985 5387 3089 5426 non
3111 5373 3268 5427 modo
3294 5374 3363 5430 de
3391 5375 3491 5429 do-

1889 5464 2156 5534 gmatihus
2188 5478 2292 5517 non
2322 5464 2734 5533 interrogamus,
2759 5466 2853 5519 sed
2874 5465 2924 5518 in
2948 5465 3197 5521 omnibus
3239 5469 3495 5521 socordes

1892 5555 2176 5626 ignatiqne
2222 5571 2426 5609 sumus.
2477 5556 2602 5609 Ideo
2632 5557 2811 5609 omnia
2843 5557 3202 5627 negliguntur.
3249 5559 3375 5625 Quis
3404 5575 3493 5612 ve-

1954 5687 1970 5751 ?
1993 5694 2106 5745 Qua:
2130 5692 2403 5749 sequuntur
2428 5696 2536 5749 post
2559 5686 2698 5748 illud,
2728 5696 2851 5737 r’oca
2877 5687 3033 5737 virum
3051 5694 3203 5751 tuum,
3245 5686 3323 5738 alii
3348 5686 3496 5736 aliter

1892 5749 2122 5801 ell‘ernnt.

1956 5814 1975 5843 ²
2009 5811 2171 5862 Morel.
2212 5810 2394 5861 habet:
2437 5809 2526 5863 Illa
2550 5812 2699 5861 latere
2723 5809 2941 5875 cupiens.
