4162 6326
696 381 792 434 187

693 508 885 562 strum,
918 508 1116 564 qumso,
1147 491 1290 547 domi
1318 491 1663 546 christianum
1693 489 1883 544 librum
1905 485 2110 555 arripit,
2126 483 2266 538 dicta

693 588 982 651 examinat,
1039 593 1128 638 aut
1179 583 1507 652 Scripturam
1551 579 1858 642 scrutatur?
1905 576 2265 638 Nemo.sane;

694 679 786 734 sed
817 677 951 732 talos
976 685 1029 732 et
1057 675 1221 732 cubos
1247 673 1388 745 apud
1412 674 1695 744 plerosque
1729 669 2076 734 inveniemus,
2104 667 2269 722 libros

695 783 970 839 nusquam,
1023 766 1105 821 vel
1149 765 1291 837 apud
1339 777 1534 835 paucos
1573 771 1738 818 certe.
1771 761 1835 816 lli
1883 773 2013 816 vero
2050 755 2269 828 perinde

692 861 867 916 affecti
915 868 1059 924 sunt,
1091 867 1252 930 atque
1281 858 1315 912 ii
1343 858 1430 928 qui
1461 871 1564 911 non
1595 854 1813 921 habent,
1842 853 1932 923 qui
1967 853 2154 922 ligatos
2183 849 2268 904 vel

695 967 915 1021 prorsus
960 951 1012 1006 in
1056 951 1266 1006 scriniis
1303 949 1574 1018 depositas
1601 956 1835 1010 servant,
1864 959 2124 1013 omneque
2152 951 2266 997 stu-

693 1041 841 1096 dium
867 1051 1071 1112 ponunt
1108 1041 1159 1096 in
1190 1039 1619 1094 membranarum
1648 1037 1926 1099 tenuitate,
1953 1043 2043 1089 aut
2071 1035 2120 1088 in
2147 1034 2269 1089 lite-

695 1149 872 1188 rarum
903 1131 1313 1201 pulchritudine,
1342 1130 1581 1202 neglecta
1623 1129 1874 1185 lectione.
1904 1127 2086 1198 Neque
2124 1125 2268 1181 enim

694 1224 758 1277 ad
782 1223 1062 1278 utilitatem
1099 1223 1402 1293 quampiam
1448 1221 1568 1276 illos
1596 1221 1896 1291 acquirunt,
1925 1217 2018 1274 sed
2044 1226 2101 1271 ut
2136 1231 2268 1286 opu-

694 1315 907 1368 lentiam
938 1328 1088 1369 suam
1119 1313 1399 1369 ambitiose
1427 1320 1700 1367 ostentent
1731 1329 1745 1366 :
1777 1319 1952 1365 tantus
1979 1320 2061 1364 est
2096 1307 2271 1363 inanis

693 1405 875 1474 gloria:
916 1404 1102 1460 fastus.
1142 1403 1422 1460 Neminem
1471 1405 1630 1460 audio
1676 1404 1727 1459 id
1772 1404 1974 1458 ambire
2017 1411 2076 1456 ut
2106 1401 2270 1456 libros

694 1494 984 1565 intelligat;
1015 1493 1109 1550 sed
1143 1495 1320 1563 potius
1349 1509 1408 1550 se
1444 1494 1610 1548 libros
1637 1493 1835 1548 habere
1859 1493 2061 1561 jactant
2094 1490 2270 1545 aureis

695 1583 864 1638 literis
889 1586 1135 1652 scriptos.
1167 1584 1404 1652 thuid,
1435 1597 1638 1653 quzeso,
1681 1583 1806 1637 hinc
1832 1581 1962 1636 lucri
1991 1580 2270 1651 provenit?

695 1674 808 1728 Non
838 1675 980 1742 enim
1008 1683 1288 1742 propterea
1318 1673 1458 1728 datas
1502 1674 1657 1728 nobis
1699 1682 1823 1727 sunt
1865 1672 2180 1741 Scriptum.
2213 1677 2274 1724 ut

694 1765 812 1818 illas
842 1765 894 1818 in
938 1763 1088 1817 libris
1134 1771 1338 1817 tantum
1378 1763 1700 1827 habeamus;
1730 1761 1824 1818 sed
1853 1769 1910 1816 ut
1939 1762 1991 1816 in
2021 1760 2272 1816 cordibus

694 1854 1075 1923 insculpamus.
1107 1851 1266 1908 Certe
1306 1851 1422 1907 haec
1465 1853 1720 1907 librorum
1745 1852 2013 1922 possessio
2038 1850 2270 1906 Iudaica

693 1944 1000 1998 ambitionis
1027 1953 1130 2010 est,
1161 1957 1282 1998 cum
1312 1943 1558 1998 videlicet
1604 1951 1867 2013 praecepta
1909 1943 2076 1997 literis
2099 1942 2274 1999 solum

694 2034 1033 2089 mandantur.
1066 2033 1229 2089 Nobis
1257 2033 1440 2105 utique
1481 2048 1588 2088 non
1631 2033 1700 2088 ab
1729 2033 1880 2088 initio
1926 2034 2004 2088 sic
2035 2033 2119 2088 lex
2149 2033 2273 2088 data

698 2125 813 2191 fuit,
843 2125 936 2180 sed
961 2125 1012 2179 in
1037 2124 1226 2180 tabulis
1249 2125 1426 2180 cordis
1456 2125 1777 2180 carnalibus.
1809 2123 1935 2180 Haec
1975 2137 2102 2179 vero
2129 2123 2272 2190 dico,

696 2230 803 2270 non
834 2214 970 2285 quod
990 2214 1154 2270 libros
1169 2229 1481 2285 comparare
1497 2215 1833 2286 prohibeam,
1857 2216 1966 2271 imo
2002 2215 2054 2270 id
2089 2215 2270 2284 laudo,

697 2315 750 2361 et
790 2315 848 2360 ut
887 2304 978 2360 fiat
1029 2314 1258 2376 exopto;
1302 2305 1395 2361 sed
1441 2306 1598 2362 velim
1641 2321 1825 2363 eorum
1866 2315 1922 2365 et
1947 2307 2089 2364 dicta
2115 2309 2187 2364 ita
2220 2317 2276 2365 et

697 2412 851 2452 sensa
891 2399 944 2453 in
984 2398 1177 2453 animis
1207 2398 1403 2453 nostris
1427 2399 1653 2465 versari,
1683 2411 1741 2455 ut
1776 2401 1812 2455 ii
1841 2401 2159 2471 scriptorum
2189 2403 2275 2456 in-

702 2486 995 2556 telligentia
1043 2497 1356 2558 purgentur.
1389 2488 1520 2543 Nam
1551 2490 1595 2544 si
1625 2489 1863 2555 domum,
1912 2491 2004 2546 ubi
2032 2490 2276 2563 Evange-

698 2579 828 2634 lium
858 2586 960 2646 est,
990 2579 1140 2634 adire
1167 2594 1273 2634 non
1305 2579 1466 2635 audet
1505 2580 1779 2646 diabolus;
1809 2583 1978 2638 multo
2005 2583 2182 2638 minus
2209 2582 2277 2639 ad

699 2670 929 2724 animam
965 2670 1283 2742 evangelicis
1310 2671 1565 2726 imbutam
1601 2674 1883 2729 sententiis
1906 2673 2162 2730 accedere
2186 2683 2280 2731 aut

701 2762 910 2817 daemon
939 2770 1030 2817 aut
1058 2769 1337 2832 peccatum
1367 2764 1603 2820 audebit.
1653 2765 1934 2822 Sanctiﬁca
1975 2767 2135 2838 igitur
2163 2768 2275 2822 ani-

699 2867 839 2907 mam
863 2861 1032 2918 ,tuam,
1067 2853 1336 2909 sanctillea
1367 2869 1562 2924 corpus
1592 2873 1603 2908 :
1635 2856 1749 2912 htcc
1778 2872 1991 2929 semper
2020 2859 2072 2913 in
2111 2859 2276 2916 corde

695 2952 753 2998 et
778 2945 829 2999 in
852 2944 1027 3014 lingua
1048 2959 1249 3000 verses.
1279 2944 1411 3000 Nam
1439 2945 1482 3000 si
1512 2946 1682 3014 turpia
1709 2947 1869 3004 verba
1903 2949 2198 3021 inquinant,
2223 2958 2278 3006 et

699 3034 970 3090 daemones
998 3044 1255 3097 evocant;
1300 3037 1471 3105 palam
1507 3043 1654 3092 certe
1689 3046 1771 3092 est
1798 3038 2082 3096 lectionem
2113 3042 2275 3110 spiri-

699 3126 896 3180 tualein
923 3125 1256 3183 sanctiﬁcare
1281 3138 1334 3182 et
1376 3128 1702 3198 spiritualem
1732 3132 1955 3200 gratiam
1985 3133 2272 3188 attrahere.

699 3217 985 3288 Scriptura:
996 3218 1173 3273 divina
1186 3229 1310 3275 sunt
1325 3223 1550 3277 cantica.
1568 3223 1857 3280 Cantemus
1874 3240 2001 3298 ergo
2019 3227 2154 3281 intra
2178 3242 2278 3282 nns

699 3308 864 3378 ipsos,
893 3325 955 3364 ac
978 3310 1174 3365 morbis
1195 3311 1386 3366 anima:
1417 3313 1531 3369 haec
1553 3315 1787 3370 remedia
1823 3315 2190 3372 adhibeamus.
2221 3320 2275 3375 Si

699 3404 955 3459 sciremus
999 3406 1141 3459 enim
1159 3420 1218 3461 ea
1237 3421 1358 3477 qua:
1385 3407 1650 3476 leguntur,
1672 3423 1865 3480 magno
1885 3411 1971 3465 illa
1994 3411 2168 3467 studio
2184 3427 2276 3467 au-

697 3491 952 3549 diremus.
982 3495 1104 3549 Haec
1125 3510 1338 3566 semper
1363 3498 1505 3563 dico,
1525 3513 1625 3565 me
1653 3496 1810 3556 finem
1829 3499 2038 3556 dicendi
2064 3502 2271 3558 faciam.

697 3586 887 3638 Annon
902 3584 1186 3644 absurdum
1205 3585 1379 3652 fuerit,
1407 3589 1450 3644 si
1462 3587 1589 3644 dum
1608 3589 1850 3647 homines
1872 3593 1924 3648 in
1948 3591 2063 3647 foro
2078 3593 2275 3648 seden-

700 3683 800 3738 tes,
816 3677 1113 3746 aurigarum
1131 3685 1187 3732 et
1200 3680 1508 3735 saltatorum
1527 3682 1763 3750 nomina,
1785 3698 1972 3753 genus,
1985 3685 2166 3748 urbes,
2197 3686 2278 3739 in-

697 3766 980 3830 dustriam,
1013 3767 1120 3822 imo
1162 3783 1420 3839 equorum
1466 3770 1716 3826 virtutem
1733 3782 1836 3840 aut
1861 3773 1984 3827 vitia
2016 3784 2275 3828 narrant:

700 3855 774 3908 illi
804 3856 891 3924 qui
920 3855 1022 3910 huc
1043 3859 1389 3924 conveniunt,
1423 3869 1756 3933 eorunrquaa
1782 3862 1868 3916 hic
1887 3871 2116 3933 aguntur
2146 3863 2276 3917 nihil

696 3948 890 4013 sciant,
935 3947 1040 4002 imo
1081 3949 1252 4017 ipsum
1301 3950 1559 4005 librorum
1591 3967 1870 4008 numerum
1912 3954 2194 4024 ignorent?
2221 3953 2274 4010 Si

694 4039 838 4091 enim
887 4025 1174 4113 voluptatis
1218 4055 1377 4096 causa
1411 4042 1498 4096 illa
1543 4044 1826 4114 percipias,
1859 4044 2136 4101 ostendam
2183 4047 2273 4101 tibi

1430 377 1485 434 S.
1521 373 1796 433 .IO.\NNIS
1831 362 2298 428 CHRYSOSTOMI
2336 365 2649 424 ARCIIIEP.
2689 365 3222 424 CONSTANTINOP.

3862 365 3961 421 l88

2373 479 2495 535 hinc
2522 481 2776 550 majorem
2803 480 3017 548 decerpi
3040 480 3384 548 voluptatem.
3408 476 3545 552 Quid
3561 479 3728 547 enim,
3750 493 3956 551 quaeso.

2372 574 2627 627 suavius?
2651 573 2776 643 quid
2803 571 3138 627 mirabilius?
3161 586 3227 626 an
3272 570 3543 627 hominem
3578 585 3700 627 cum
3740 573 3961 628 homine

2372 665 2654 719 luctantem
2681 680 2922 730 cernere,
2952 680 3018 719 an
3041 663 3309 719 hominem
3335 679 3457 720 cum
3484 664 3700 719 diabolo
3720 680 3963 735 pugnan-

2374 765 2504 820 tem,
2531 765 2586 811 et
2607 770 2801 827 corpus
2824 770 2944 810 cum
2969 755 3283 825 incorporea
3315 762 3580 825 potestate
3603 754 3961 825 congrediens

2373 859 2430 909 et
2447 853 2741 924 superans?
2766 848 2870 906 Has
2887 864 3090 923 pugnas
3106 849 3550 919 contemplemur;
3572 849 3688 917 has,
3717 850 3960 920 inquam,

2373 959 2507 1016 quas
2537 944 2735 1000 imitari
2758 943 3013 999 decorum
3047 942 3283 1012 utileque
3310 950 3414 1007 est,
3446 957 3580 1012 quas
3603 941 3692 1012 qui
3741 941 3962 995 imitan-

2375 1043 2481 1100 tur,
2526 1047 2778 1089 coronam
2827 1032 3096 1103 accipiunt
3126 1049 3141 1086 :
3171 1046 3278 1086 non
3328 1041 3507 1086 autem
3557 1031 3697 1097 illas,
3729 1045 3962 1100 quarum

2372 1126 2608 1182 studium
2636 1125 2976 1196 ignominiam
3005 1125 3147 1196 parit
3166 1123 3518 1180 imitantibus.
3545 1122 3694 1179 Illam
3706 1122 3851 1178 enim
3869 1123 3967 1192 p'u-

2372 1232 2530 1288 gnam
2545 1231 2666 1273 eum
2690 1216 3021 1273 daemonibus
3035 1215 3284 1286 aspicies,
3305 1215 3351 1271 si
3367 1215 3661 1286 aspexeris;
3683 1215 3822 1272 banc
3839 1230 3963 1271 cum

2373 1310 2574 1380 angelis
2591 1321 2645 1365 et
2666 1309 2975 1382 angelorum
2996 1310 3011 1340 '
3033 1308 3280 1364 Domino.
3296 1308 3393 1364 Dic
3426 1310 3567 1363 enim
3591 1309 3744 1374 mihi,
3767 1309 3812 1364 si
3841 1308 3965 1364 lice-

2375 1414 2453 1458 ret
2472 1402 2561 1458 tibi
2575 1418 2695 1458 cum
2715 1403 3040 1472 principibus
3051 1416 3114 1456 ac
3131 1402 3342 1472 regibus
3353 1403 3629 1458 sedentem
3642 1403 3968 1474 spectaculis

2376 1493 2500 1560 frui,
2529 1509 2706 1549 aunon
2737 1494 2864 1548 illud
2892 1493 3045 1550 valde
3065 1492 3418 1548 honoriﬁcum
3440 1493 3692 1563 putares?
3715 1495 3812 1549 Hie
3835 1508 3967 1548 vero

2375 1597 2494 1638 cum
2527 1583 2671 1654 Rege
2710 1584 3025 1654 angelorum
3067 1584 3254 1640 videns
3281 1583 3556 1640 diabolum
3596 1599 3624 1637 a
3647 1584 3811 1640 dorso
3836 1599 3965 1640 cor-

2377 1685 2610 1744 reptum,
2657 1675 3121 1731 reluctantem'ac
3162 1677 3378 1733 vincere
3424 1676 3622 1732 frustra
3653 1686 3963 1743 conantem,

2375 1778 2553 1819 anuou
2580 1764 2753 1819 curris
2778 1765 2845 1820 ad
2876 1765 2977 1820 hoc
3006 1767 3410 1838 spectaculum?
3434 1750 3509 1822 Et
3549 1768 3843 1838 quomodo,
3880 1770 3964 1824 in-

2376 1856 2548 1926 quies,
2600 1866 2825 1926 possunt
2881 1856 2996 1911 haec
3025 1858 3179 1912 fieri?
3219 1857 3274 1913 Si
3327 1857 3520 1912 librum
3567 1874 3676 1928 pra
3720 1861 3969 1917 manibus

2380 1947 2598 2004 habeas.
2643 1948 2699 2003 ln
2747 1948 2840 2003 illo
2886 1963 3117 2019 namque
3148 1948 3378 2016 videbis,
3405 1959 3461 2005 et
3504 1949 3696 2016 fossas,
3727 1960 3783 2007 et
3810 1954 3967 2023 longa

2381 2039 2668 2106 curricula,
2695 2049 2750 2095 et
2778 2039 3023 2111 captandi
3054 2055 3231 2106 ansas,
3267 2052 3321 2097 et
3343 2041 3473 2111 justi
3504 2040 3808 2097 artificium.
3840 2042 3970 2098 llaec

2379 2131 2422 2187 si
2471 2131 2772 2201 spectacula
2823 2132 3085 2196 intueare,
3137 2131 3314 2188 disces
3363 2132 3605 2188 certandi
3644 2133 3882 2200 modum,
3912 2142 3971 2188 et

2377 2223 2651 2279 dzemonas
2695 2223 2992 2293 superabis.
3029 2222 3118 2283 Illa
3148 2239 3278 2280 vero
3321 2226 3625 2294 spectacula
3655 2227 3969 2283 daemonum

2379 2325 2504 2370 sunt
2531 2315 2895 2379 celebritates,
2923 2331 3030 2371 non
3061 2315 3338 2372 hominum
3368 2317 3576 2372 theatra
3597 2317 3639 2371 ³.
3671 2318 3803 2373 Nam
3829 2321 3876 2374 si
3916 2321 3968 2375 in

2380 2409 2644 2464 idolorum
2688 2409 2943 2480 templum
2985 2425 3092 2465 non
3141 2410 3266 2466 licet
3311 2409 3540 2480 ingredi,
3588 2411 3759 2466 multo
3791 2413 3972 2468 minus

2379 2502 2504 2559 licet
2531 2502 2584 2558 in
2611 2502 2901 2557 satanicam
2927 2502 3312 2558 celebritatem.
3343 2501 3469 2559 Περ
3488 2503 3669 2559 dicere
3692 2512 3745 2560 et
3765 2505 3973 2574 agitare

2380 2611 2490 2650 non
2539 2593 2800 2660 desinam,
2844 2592 3016 2649 donec
3058 2609 3154 2649 vos
3180 2602 3413 2650 mutatos
3453 2595 3662 2651 videro.
3691 2595 3822 2651 Nam
3851 2596 3974 2652 hac

2381 2686 2580 2752 dicere,
2625 2685 2760 2740 lli/ti
2794 2687 2995 2755 quidem
3040 2702 3140 2740 non
3168 2686 3389 2756 pigrum,
3423 2687 3613 2755 inquit,
3642 2687 3779 2742 vobis
3802 2698 3975 2743 autem

2381 2789 2544 2834 tutum
2590 2788 2664 2834 est
2694 2778 2959 2851 (Philipp.
2998 2779 3051 2834 5.
3081 2780 3103 2833 l
3130 2776 3174 2850 ).
3224 2778 3301 2834 Ne
3341 2780 3498 2850 igitur
3543 2780 3971 2836 admonitionem

2380 2886 2521 2942 mgre
2549 2871 2749 2927 feratis.
2783 2872 2915 2926 Nam
2945 2873 2990 2928 si
3027 2873 3259 2943 graviter
3285 2871 3585 2942 ferendum,
3629 2874 3757 2929 mihi
3791 2876 3975 2945 potius

2380 2975 2524 3019 esset
2550 2961 2641 3034 qui
2665 2979 2769 3018 non
2791 2963 2998 3027 audior,
3024 2979 3182 3034 quam
3209 2964 3363 3020 vobis
3382 2965 3474 3036 qui
3500 2980 3715 3037 semper
3748 2968 3974 3035 auditis,

2382 3069 2673 3124 numquam
2700 3063 2878 3109 autem
2923 3054 3322 3124 obtemperatis.
3358 3056 3464 3112 Sed
3504 3058 3647 3113 absit
3675 3069 3733 3114 ut
3757 3074 3977 3130 semper

2384 3161 2478 3201 vos
2519 3161 2774 3201 accusare
2812 3161 3004 3218 cogar;
3055 3145 3186 3201 faxit
3231 3147 3371 3202 Deus
3412 3157 3470 3203 ut
3508 3147 3609 3203 hac
3644 3151 3976 3220 turpitudine

2383 3239 2612 3302 liberati,
2662 3238 2922 3307 spirituali
2973 3237 3651 3309 spectaculo‘dignemini,
3699 3249 3753 3296 et
3793 3240 3975 3297 futura

2379 3332 2545 3401 gloria
2578 3329 2830 3384 fruamini
2859 3348 2872 3382 :
2913 3329 3083 3400 gratia
3106 3338 3161 3385 et
3205 3330 3534 3400 benignitate
3564 3332 3772 3387 Domini
3798 3336 3975 3390 nostri

2379 3423 2508 3478 Jesu
2555 3422 2774 3488 Christi,
2821 3422 3034 3491 quicum
3087 3422 3230 3476 Patri
3257 3422 3450 3493 gloria,
3508 3439 3718 3494 unaque
3747 3424 3976 3496 Spiritui

2379 3525 2586 3578 sancto,
2612 3513 2663 3566 in
2695 3512 2889 3567 saecula
2919 3512 3261 3568 saeculorum.
3296 3515 3488 3568 Amen.

2445 3689 2461 3720 ι
2496 3685 2617 3758 savii
2651 3685 2834 3746 habet,
2860 3699 2970 3735 cum
2993 3683 3178 3748 angelis
3205 3690 3251 3734 et
3289 3683 3593 3749 are/tangelis
3614 3691 3662 3736 et
3683 3686 3977 3750 angelorum

2382 3757 2748 3879 Ιῗοῖῗιῖεοᾷεοτρι.
2776 3806 3084 3879 Ιεεῑωιι.....;
3113 3805 3278 3879 videns
3308 3805 3554 3858 diabolum
3575 3821 3638 3859 ea:
3659 3808 3872 3861 oraculis
3894 3810 3977 3861 di-

2380 3869 2500 3920 uinis
2521 3868 2706 3978 rudore
2727 3866 2977 3930 sumisum,
3003 3866 3333 3918 reluctantem.

2447 3932 2465 3963 ³
2498 3931 2518 3979 1
2548 3931 2592 4000 te
2613 3928 2904 4000 additgml.
2932 3939 2947 3977 :
2978 3929 3379 3993 ttaque,obsecro
3401 3942 3497 3990 vos,
3517 3943 3550 3980 a
3569 3930 3797 3982 satamcis
3826 3931 3976 3985 absti-

2381 4000 2486 4043 nete
2510 3989 2880 4040 celebrantibus.

2443 4055 2465 4086 δ
2501 4051 2662 4102 Morel.
2685 4052 2853 4111 habet,
2875 4051 3070 4102 ceternis
3095 4051 3228 4104 bouis
3243 4091 3257 4112 ,
3283 4062 3389 4114 pro,
3411 4051 3657 4118 spirituali
3674 4055 3973 4117 spectaculo.

2003 4252 2350 4314 HOMILIA
2398 4251 2701 4312 XXXIII.

693 4398 755 4452 2|
773 4438 785 4450 .
819 4395 950 4450 Dicit
980 4397 1022 4450 ei
1048 4395 1234 4450 Jesus:
1267 4395 1470 4460 Mulier,
1493 4394 1638 4448 crede
1659 4396 1802 4460 mihi,
1829 4397 1946 4465 quia
1976 4398 2103 4452 venit
2127 4397 2271 4465 hara,

763 4489 968 4558 quando
1007 4503 1161 4558 neque
1185 4488 1236 4541 in
1259 4495 1423 4540 monte
1449 4487 1562 4554 hoc,
1589 4504 1746 4554 neque
1776 4486 2110 4559 Jerosolymis
2140 4489 2269 4542 ado-

766 4583 941 4634 rabitis
994 4577 1218 4634 Patrem.
1273 4578 1363 4633 22.
1424 4577 1524 4632 Vos
1571 4579 1796 4633 adoratis
1835 4580 1971 4650 quod
2019 4582 2270 4634 nescitis:

763 4689 856 4727 nos
910 4669 1178 4724 adoramus
1245 4669 1379 4739 quod
1440 4671 1644 4737 scimus,
1697 4670 1816 4740 quia
1864 4670 2004 4725 salus
2055 4687 2121 4726 ea:
2169 4671 2270 4726 Ju-

762 4764 884 4816 dizis
915 4771 1005 4816 est.

769 4855 820 4905 i.
848 4851 994 4905 Fidei
1019 4851 1302 4906 necessitas.
1330 4850 1474 4904 Illud
1495 4893 1509 4917 ,
1541 4849 1713 4907 Crede
1742 4850 1871 4906 mihi
1894 4891 1910 4916 ,
1942 4852 2268 4907 mulier......

689 4944 980 4999 adorabitis
1008 4943 1236 5009 Patrem,
1287 4952 1675 4997 commentatur.
1707 4941 1882 4997 Cultus
1910 4941 2270 4998 Samaritano-

690 5053 826 5090 rum.
859 5035 1155 5090 Iudaeorum
1182 5050 1334 5102 super
1374 5034 1726 5088 Samaritanos
1752 5036 2062 5103 praestantia.
2085 5035 2273 5090 Christi

690 5129 742 5181 in
766 5135 1110 5182 testamentum
1137 5134 1272 5178 vetus
1299 5123 1617 5195 stt/fragium.
1641 5155 1711 5165 —
1739 5124 1944 5197 Ubique
1971 5125 2075 5181 ﬁde
2115 5127 2270 5181 nobis

691 5232 826 5287 opus
845 5227 946 5283 est,
978 5215 1180 5280 dilecti,
1205 5214 1328 5278 lide,
1361 5214 1618 5269 bonorum
1660 5224 1850 5278 matre,
1885 5216 2072 5270 salutis
2099 5216 2272 5271 medi-

691 5307 964 5370 cina,siue
991 5319 1092 5376 qua
1143 5304 1340 5358 nullam
1393 5318 1700 5371 magnarum
1749 5319 1925 5357 rerum
1965 5305 2264 5360 doctrinam

690 5399 962 5468 percipere
991 5412 1307 5466 possumus;
1335 5396 1428 5452 sed
1471 5397 1688 5466 perinde
1731 5404 1888 5465 atque
1919 5397 1989 5451 illi
2018 5399 2106 5466 qui
2151 5399 2267 5453 sine

689 5489 808 5542 navi
838 5502 981 5541 mare
1005 5486 1251 5556 trajicere
1277 5497 1556 5551 conantur,
1592 5486 1855 5539 tantillum
1889 5496 2109 5554 possunt
2151 5503 2267 5542 ma-

691 5581 844 5635 nibus
875 5580 1198 5649 pedibusque
1227 5589 1427 5642 natare,
1457 5577 1548 5632 sed
1577 5577 1800 5633 ulterius
1841 5579 2128 5648 progressi,
2156 5577 2268 5633 cito

691 5689 718 5725 a
744 5670 985 5725 ﬂuctibus
1007 5669 1419 5739 demerguntur;
1466 5669 1542 5723 sic
1588 5677 1642 5722 et
1663 5669 1749 5738 qui
1794 5667 2019 5737 prepriis
2045 5678 2266 5724 utuntur

693 5765 999 5832 ratiociniis,
1023 5775 1301 5833 antequam
1330 5761 1631 5829 didicerint,
1667 5761 1996 5832 naufragium
2021 5760 2219 5819 faciunt
2249 5782 2261 5820 :

2382 4393 2828 4466 quemadmodum
2851 4402 2904 4449 et
2931 4393 3123 4448 Paulus
3159 4393 3254 4460 ait,
3281 4393 3382 4460 Qui
3408 4395 3542 4449 circa
3571 4395 3723 4464 fidem
3753 4402 3974 4471 neu/tu.

2325 4527 2331 4532 .
2375 4495 2579 4556 garunt.
2603 4484 2751 4553 Quod
2782 4501 2846 4539 ne
2868 4500 2966 4539 nos
2993 4499 3205 4554 quoque
3228 4485 3509 4553 patiamur,
3534 4500 3741 4551 sacram
3784 4498 3972 4547 tenea-

2379 4594 2496 4633 mus
2523 4592 2795 4642 aucoram,
2819 4591 2917 4648 per
2946 4591 3104 4645 quam
3130 4573 3376 4630 Christus
3398 4575 3788 4633 Satnaritanam
3814 4597 3962 4638 nunc

2376 4669 2541 4723 ducit.
2564 4668 2695 4722 Nam
2717 4682 2836 4722 cum
2868 4667 2954 4721 illa
2982 4666 3205 4731 diceret,
3238 4665 3504 4731 Quomodo
3541 4684 3624 4722 vos
3649 4671 3819 4725 dicitis
3845 4672 3970 4741 quia

2376 4762 2428 4814 iit
2456 4760 2788 4830 Jerosolymis
2827 4769 2898 4814 est
2941 4761 3100 4827 locus,
3134 4761 3186 4813 in
3211 4777 3310 4831 quo
3335 4771 3529 4830 oportet
3569 4762 3826 4817 adorare!
3871 4781 3964 4823 ne-

2377 4851 2590 4920 spondit
2616 4851 2862 4906 Christus
2889 4867 2903 4904 :
2930 4851 3089 4904 Crede
3114 4852 3267 4915 mihi,
3284 4853 3483 4917 mulier,
3511 4855 3628 4922 quia
3653 4856 3783 4908 venit
3811 4857 3967 4926 hora,

2375 4945 2575 5013 quando
2600 4961 2755 5014 neque
2783 4945 2836 4998 in
2869 4943 3222 5015 Jerosolymis,
3249 4959 3407 5015 neque
3429 4943 3481 4996 in
3517 4955 3685 5000 monte
3714 4946 3808 5001 hoc
3835 4950 3972 5004 ado-

2375 5037 2548 5090 rabilis
2574 5035 2799 5090 Patrem.
2823 5036 3108 5090 Maximum
3141 5033 3263 5089 huic
3287 5035 3480 5106 dogma
3518 5037 3795 5104 revelavit,
3817 5041 3967 5110 quod

2375 5142 2475 5182 nec
2502 5127 2808 5192 Nicodemo,
2829 5141 2929 5181 nec
2948 5125 3260 5181 Nathanaeli
3283 5125 3435 5182 dixit.
3456 5128 3580 5183 Haec
3598 5142 3694 5184 sua
3721 5128 3967 5188 JudaiCis

2377 5218 2740 5285 prteslantiora
2776 5232 2897 5272 esse
2945 5215 3241 5280 contendit,
3289 5225 3344 5272 et
3387 5226 3599 5286 patrum
3643 5222 3934 5278 auctoritat

2378 5307 2587 5362 ﬁrmare
2617 5308 2804 5362 nititur
2827 5307 3103 5362 :Christus
3126 5323 3254 5363 vero
3281 5308 3411 5363 nihil
3436 5309 3500 5363 ad
3528 5309 3632 5365 hoc
3659 5313 3967 5382 respondit.

2375 5398 2832 5466 Supervacaneum
2860 5399 3002 5453 enim
3035 5410 3159 5454 tunc
3185 5399 3368 5455 fuisset
3397 5401 3699 5463 ostendere,
3733 5418 3832 5457 cur
3869 5419 3970 5475 pa-

2376 5500 2484 5544 tres
2516 5491 2565 5543 in
2596 5501 2794 5557 monte,
2833 5508 2929 5546 cur
2973 5490 3143 5547 Judaei
3172 5492 3224 5546 in
3251 5490 3601 5563 Jerosolymis
3643 5494 3960 5551 adorarent.
4019 5501 4021 5510 ‘

2373 5581 2497 5636 Ideo
2550 5582 2676 5637 illud
2725 5586 2919 5647 tacuit;
2953 5593 3006 5639 et
3039 5584 3245 5638 sublata
3293 5583 3360 5639 de
3390 5585 3662 5655 utriusque
3690 5587 3790 5640 loci
3823 5603 3965 5656 prte-

2371 5672 2562 5726 stantia
2590 5673 2901 5740 quaastioue,
2925 5674 3040 5742 ejus
3061 5675 3292 5728 animam
3320 5675 3503 5744 erigit,
3533 5674 3824 5730 ostendens
3855 5693 3959 5732 ne-

2372 5779 2477 5833 que
2514 5763 2727 5820 Judwos
2781 5777 2954 5836 neque
2989 5774 3170 5832 patres
3195 5779 3353 5835 posse
3395 5780 3642 5838 magnum
3681 5767 3958 5838 quidpiam
