4162 6326
236 380 315 435 ΙῧἹ
1182 376 1246 431 IN
1287 374 1604 432 JOANNEM
1648 374 1884 430 "0.!IIL.

237 514 308 550 σιν
345 497 660 567 εὑρήσομεν
693 494 876 558 ὄντας,
911 493 1090 566 βιϐλία
1123 493 1179 546 δὲ
1220 491 1480 562 οὐδαμοῦ,
1516 491 1654 544 ἀλλά
1688 491 1782 544 xu!
1804 505 1829 531 ι

235 581 357 650 παρ’
391 577 622 646 ὀλίγοις.
675 578 788 630 Καὶ
817 573 962 632 οὗτοι
986 577 1043 630 δὲ
1077 583 1190 638 τοῖς
1216 577 1318 628 οὐκ
1370 576 1585 645 ἔχουσιν
1627 572 1830 642 ὁμοίως

233 664 548 722 διάκεινται,
585 660 855 732 δήσαντες
879 661 1018 714 αὐτὰ
1055 661 1148 713 καὶ
1180 659 1510 729 ἀποθέμενοι
1539 656 1830 718 διαπαντὸς

236 748 290 800 ἐν
315 743 591 807 κιϐωτίοις
615 761 630 774 ·
660 744 806 816 καὶὴ
836 746 985 797 πᾶσα
1010 744 1193 807 αὐτοῖς
1221 741 1426 813 σπουδὴ
1451 740 1578 813 περὶ
1597 740 1695 811 τὴν
1722 738 1831 792 τῶν

237 829 445 898 ὑμένων
487 825 819 898 λεπτότητα,
863 827 1048 880 καὶτὸ
1085 827 1194 879 τῶν
1229 825 1574 895 γραμμάτων
1610 823 1827 885 κάλλος,

235 914 292 966 οὐ
323 913 451 985 περὶ
482 911 585 984 τὴν
614 913 948 981 ἀνάγνωσιν.
978 911 1114 965 Οὐδὲ
1145 910 1254 981 γὰρ
1281 909 1422 981 ὑπὲρ
1438 907 1703 978 ὡφελείας
1735 909 1831 960 xu!

235 995 455 1067 κέρδους
491 997 592 1066 τὴν
624 995 818 1066 κτῆσιν
851 993 1032 1047 αὐτῶν
1064 993 1411 1062 πεποίηνται,
1433 989 1572 1044 ἀλλά
1597 989 1830 1044 πλούτου

235 1081 327 1132 καὶ
375 1081 693 1151 φιλοτιμίας
756 1079 1017 1145 ἐπίδειξιν
1068 1076 1422 1147 ποιούμενοι,
1469 1077 1598 1145 περὶ
1655 1073 1832 1128 ταῦτα

234 1165 637 1218 ἐσπουδάκασιν
657 1178 672 1193 ·
705 1162 941 1233 τοσαύτη
976 1161 1079 1230 τῆς
1117 1157 1423 1224 κενοδοξίας
1454 1161 1488 1229 ἡ
1529 1158 1828 1230 ὑπερϐολή.

235 1245 458 1309 οὐδενὸς
479 1246 589 1315 γάρ
615 1244 799 1298 ἀκούω
821 1244 1300 1315 φιλοτιμουμένου,
1323 1243 1405 1296 ὅτι
1433 1237 1542 1294 οἶδε
1561 1242 1631 1295 τὰ
1650 1241 1832 1311 ἐγκείο

238 1347 395 1402 μενα,
428 1327 546 1383 ἀλλ’
572 1329 656 1381 ὅτι
688 1330 910 1401 χρυσοῖς
946 1328 1059 1398 ἔχει
1092 1327 1417 1399 γράμμασιν
1444 1324 1832 1398 ἐγγεγραμμέ-

235 1429 344 1466 νον.
373 1413 485 1465 Καὶ
517 1411 572 1463 τί
619 1410 679 1463 τὸ
713 1410 942 1481 κέρδος;
980 1410 1102 1463 είπέ
1138 1426 1249 1480 μοι.
1286 1409 1362 1462 Οὐ
1392 1407 1501 1478 γὰρ
1529 1407 1618 1461 διὰ
1657 1407 1831 1462 ταῦτα

235 1494 498 1562 ἐδόθησαν
531 1494 588 1546 αἰ
623 1493 856 1566 Γραφαὶ,
902 1494 987 1546 ἵνα
1027 1494 1085 1546 ἐν
1137 1491 1366 1561 βιϐλίοις
1414 1491 1584 1554 αὐτάς
1617 1490 1831 1561 ἔχωμεν

237 1579 421 1648 μόνον,
451 1578 568 1632 ἀλλ’
594 1579 680 1631 ἵνα
714 1579 808 1631 xu!
839 1579 898 1630 ὲν
938 1577 1184 1648 καρδίαις
1217 1575 1388 1639 αὐτὰς
1411 1574 1824 1645 ἐγκολάψωμεν.

245 1663 331 1726 Ὠς
368 1661 511 1733 αὕτη
546 1678 607 1730 γε
633 1664 665 1733 ὴ
693 1662 888 1732 κτῆσις
919 1660 1218 1730 Ἰουδαϊκῆς
1252 1662 1369 1713 ἐστι
1409 1658 1740 1729 φολιτιμίας,
1769 1658 1829 1711 τδ

234 1747 292 1800 ἐν
333 1746 449 1808 τοῖς
502 1744 796 1815 γράμμασι
824 1743 1210 1798 κατατίθεσθαι
1243 1743 1402 1814 μόνον
1435 1742 1534 1805 τάς
1565 1741 1788 1804 ἐντολάς
1814 1760 1828 1772 ·

233 1833 363 1902 ἡμῖν
395 1829 454 1882 δὲ
493 1831 614 1883 οὑδέ
650 1830 748 1900 τὴν
782 1829 957 1900 ἀρχὴν
998 1827 1167 1890 οὕτως
1196 1829 1224 1880 6
1252 1826 1415 1896 νόμος
1444 1825 1470 1864 δ
1505 1824 1682 1894 ἐδόθη,
1714 1825 1831 1879 ἀλλ’

232 1913 290 1963 ἐν
324 1911 490 1978 πλαξὶ
519 1912 747 1984 καρδίας
770 1912 1074 1982 σαρκίναις.
1106 1909 1215 1963 Καὶ
1243 1908 1417 1963 ταῦτα
1443 1909 1607 1977 λέγω,
1635 1907 1696 1959 ού
1722 1925 1832 1960 κω-

231 1996 375 2049 λύων
418 1995 599 2066 βιϐλία
631 1995 954 2065 κεκτῆσθαι,
977 1993 1114 2047 ἀλλά
1143 1994 1238 2046 xu!
1272 1992 1525 2063 παραινῶ
1549 1991 1708 2045 τοῦτο
1736 1991 1832 2044 xu!

234 2077 446 2148 σφόδρα
467 2075 699 2147 εὔχομαι
718 2093 734 2108 ·
760 2075 1018 2146 βούλομαι
1039 2076 1095 2128 δὲ
1117 2074 1176 2140 ἐξ
1207 2075 1433 2128 ἐκείνων
1455 2074 1551 2128 xu!
1569 2073 1638 2126 τὰ
1659 2073 1834 2145 γράμ-

238 2177 383 2228 ματα
409 2160 506 2213 xu!
533 2160 603 2213 τὰ
644 2161 901 2230 νοήματα
935 2160 1013 2222 είς
1039 2160 1139 2227 τὴν
1167 2157 1409 2210 διάνοιαν
1436 2157 1833 2227 περιφέρεσθαι

233 2244 332 2314 τὴν
361 2243 677 2314 ἡμετέραν,
719 2243 806 2296 ἵνα
851 2241 996 2294 οὕτω
1042 2239 1374 2311 καθαίρηται
1425 2240 1691 2309 δεχομένη
1734 2238 1833 2311 τὴν

232 2327 344 2380 τῶν
372 2326 726 2398 γραμμάτων
764 2326 951 2396 νόησιν
975 2336 1021 2377 ο.
1058 2324 1122 2378 EE
1169 2324 1279 2396 γὰρ
1311 2325 1370 2376 ἐν
1404 2324 1572 2395 οἰκία,
1607 2324 1737 2377 ἔνθα
1767 2324 1835 2378 ἀν

237 2410 575 2479 Εὑαγγέλιον
659 2410 932 2478 κείμενον,
961 2409 1024 2462 οὐ
1046 2409 1306 2479 τολμήσει
1327 2407 1646 2480 προσελθεῖν
1665 2409 1694 2461 6
1717 2406 1835 2461 διά-

233 2493 414 2557 ϐολος,
455 2491 638 2562 πολλῷ
682 2491 883 2563 μᾶλλον
911 2492 1091 2562 ψυχῆς
1123 2492 1370 2561 νοήματα
1409 2489 1635 2544 τοιαῦτα
1680 2507 1836 2561 περι·-

234 2573 514 2646 φερούσης
540 2575 640 2644 οὐχ
671 2574 868 2642 ἅψεται
899 2591 1050 2638 ποτε,
1083 2573 1203 2628 οὐδὲ
1246 2574 1570 2644 ἐπιϐήσεται
1601 2573 1834 2644 δαίμων,

231 2659 267 2728 ἢ
295 2655 619 2727 ἁμαρτίας(1
654 2655 834 2725 φύσις.
872 2658 1122 2724 Ἀγίασον
1156 2657 1338 2710 τοίνυν
1377 2655 1475 2727 τὴν
1501 2657 1681 2726 ψυχήν
1716 2673 1833 2722 σου,

234 2740 465 2807 ἀγίασόν
500 2755 596 2793 σου
628 2739 688 2792 τὸ
720 2739 900 2808 σῶμα,
926 2740 1011 2792 ἀεὶ
1040 2739 1214 2792 ταῦτα
1244 2741 1336 2793 ἐπὶ
1358 2739 1460 2810 τῆς
1490 2740 1717 2810 καρδίας
1742 2740 1837 2793 xu!

233 2824 328 2877 ἐπὶ
349 2823 452 2892 τῆς
475 2821 731 2891 γλώσσης
765 2822 926 2892 ἔχων.
952 2823 1014 2875 Εἰ
1049 2823 1157 2892 γάρ
1187 2824 1220 2892 ἡ
1252 2823 1605 2893 αἰσχρολογίαι
1631 2825 1837 2895 καταρ-

235 2908 420 2976 ρυποῖ,
458 2906 552 2958 xu!
572 2906 834 2976 δαίμονας
864 2904 1037 2970 καλεῖ,
1073 2905 1294 2977 εὔδηλον
1316 2907 1398 2959 ὅτι
1424 2908 1457 2976 ἡ
1490 2907 1836 2976 πνευματικὴ

231 2991 545 3058 ἀνάγνωσις
576 2989 814 3057 ἁγιάζει,
842 2990 937 3042 xu!
957 2990 1054 3060 τὴν
1073 2988 1166 3043 τοῦ
1198 2990 1340 3043 Πνεύ
1349 3008 1514 3059 ματος
1535 2991 1838 3044 ἐπισπᾶται

233 3075 418 3145 χάριν.
445 3072 601 3126 Θεῖαί
635 3073 772 3125 είσιν
796 3072 1082 3142 ἐπῳδαὶτὰ
1110 3073 1416 3143 γράμματα
1442 3090 1483 3127 ο.
1517 3074 1837 3144 Ἐπᾴδωμεν

232 3156 416 3210 τοίνυν
446 3157 681 3219 ἑαυτοῖς,
712 3155 808 3209 xu!
847 3158 958 3219 τοῖς
995 3156 1053 3208 ἐν
1085 3158 1149 3226 τῇ
1184 3155 1330 3226 ψυχῇ
1365 3157 1593 3210 πάθεσιν
1632 3158 1702 3211 τὰ
1744 3158 1836 3211 ἀπ’

235 3239 468 3294 ἐκείνων
495 3241 767 3310 φάρμακα
796 3239 1323 3310 κατασκευάζωμεν.
1352 3242 1449 3293 Ἂν
1470 3242 1582 3312 γὰρ
1606 3241 1838 3311 εἰδῶμεν

235 3325 360 3377 τίνα
406 3324 528 3377 ἐστὶ
576 3325 648 3378 τὰ
692 3325 1204 3393 ἀναγινωσκόμενα,
1245 3324 1386 3393 μετά
1420 3326 1620 3396 πολλῆς
1667 3326 1839 3380 ταῦτα

235 3407 591 3478 ἀκουσόμεθα
630 3408 730 3477 τῆς
753 3408 1085 3478 προθυμίας.
1107 3407 1296 3461 Ταῦτα
1325 3409 1411 3461 ἀεὶ
1439 3409 1602 3477 λέγω,
1633 3410 1728 3462 xu!
1754 3409 1840 3462 λέ-

234 3509 353 3558 γων
382 3491 445 3544 οὐ
476 3489 780 3561 παύσομαι.
803 3489 926 3553 Πῶς
951 3492 1061 3561 γὰρ
1089 3490 1190 3543 οὐκ
1212 3491 1434 3558 ἄτοπον,
1462 3493 1589 3555 τοὺς
1621 3495 1720 3561 μὲν
1747 3491 1841 3544 ἐπὶ

234 3574 342 3643 τῆς
369 3575 581 3647 ἀγορᾶς
620 3574 985 3646 καθημένους,
1021 3574 1116 3627 xu!
1147 3574 1379 3644 ἡνιόχων
1417 3575 1511 3628 xu!
1553 3575 1841 3646 ὀρχηστῶν

238 3657 336 3709 xu!
380 3657 651 3728 ὀνόματα,
684 3657 779 3711 xu!
829 3657 993 3727 γένη,
1028 3658 1122 3710 xu!
1157 3657 1376 3720 πόλεις,
1419 3659 1513 3711 xu!
1559 3659 1842 3730 ἐνεργείας

235 3739 422 3808 λέγειν
451 3741 708 3812 τρόπους,
736 3742 830 3794 xu!
854 3741 1036 3794 αὐτῶν
1058 3741 1115 3794 δὲ
1153 3740 1262 3794 τῶν
1298 3743 1482 3794 ἵππων
1512 3743 1610 3794 xu!
1639 3743 1842 3814 ἀρετὴν

236 3828 336 3880 xu!
364 3826 569 3878 κακίαν
607 3826 746 3896 μετά
767 3823 1056 3896 ἀκριϐείας
1087 3827 1456 3894 ἀπαγγέλλειν
1477 3843 1491 3857 ·
1516 3827 1644 3889 τοὺς
1669 3827 1724 3879 δὲ
1753 3827 1843 3879 ὲν-

232 3907 420 3962 ταῦθα
446 3907 806 3971 ἀπαντῶντας
830 3908 996 3978 μηδὲν
1022 3907 1131 3961 τῶν
1156 3898 1259 3959 ὧδε
1285 3909 1590 3979 γινομένων
1619 3910 1840 3974 εἰδέναι,

305 4022 332 4084 Ρ
358 4018 527 4084 Faue
567 4020 669 4081 leg.
700 4021 805 4084 ἀλλ’
840 4020 892 4078 ἦ,
920 4017 1043 4084 nisi.
1083 4020 1241 4084 Enlr._
1284 4019 1314 4084 ιδ
1349 4020 1446 4069 Alii
1472 4021 1609 4084 οὗτος
1632 4023 1659 4069 ὸ
1681 4021 1841 4084 νόμος.

290 4080 390 4130 Alii
432 4083 529 4129 τῶν
571 4079 864 4143 πραγμάτων
907 4083 1148 4132 ὑπόθεσιν.
1217 4079 1244 4119 ά
1290 4083 1440 4131 Savil.
1484 4082 1573 4145 οὐχ
1593 4079 1842 4145 ἁμαρτίας.

239 4160 263 4186 e
314 4143 596 4207 Horel._r&
635 4143 907 4205 πράγματα.
949 4142 1062 4207 Mox
1100 4141 1234 4191 idem
1277 4144 1662 4207 ppstdcpupuuxu
1710 4145 1848 4192 addit.

232 4204 708 4266 κατασκευάζωμεν,
743 4217 856 4264 qua
894 4217 990 4254 vox
1033 4204 1179 4254 deest
1217 4204 1473 4266 in'SavilJ,
1505 4204 1597 4256 ςέο
1639 4206 1718 4256 hic
1747 4218 1846 4255 non

232 4265 608 4327 cupenacanea
635 4265 848 4315 videtur.

1930 373 2174 432 xxxm.
2219 376 2291 430 al.
2337 373 2552 430 xxx”.
3429 377 3533 430 m
3635 333 3638 336 ’

1938 490 2074 543 ἀλλὰ
2111 489 2206 542 xu!
2230 488 2411 542 αὐτῶν
2431 488 2539 542 τῶν
2571 487 2768 556 βίϐλων
2800 489 2890 543 τὸν
2923 487 3162 561 ἀριθμὸν
3197 489 3445 558 ἁγνοεῖν;
3471 491 3534 543 El

1935 575 2044 646 γάρ
2083 573 2282 644 ἡδονῆς
2328 574 2515 628 ἕνεκεν
2561 575 2744 627 ἐκεῖνα
2774 572 3032 639 διώκεις,
3066 573 3288 627 πλείονα
3330 573 3536 643 ταύτην

1934 655 2170 711 ἐνταῦθα
2199 655 2366 710 οὖσαν
2410 657 2682 721 ἐπιδείξω.
2723 656 2788 709 Τί
2823 657 2930 728 γὰρ
2970 657 3140 725 ἥδιον,
3172 656 3294 710 είπέ
3338 674 3451 726 μοι,
3482 657 3537 708 τί

1932 742 1990 794 δὲ
2041 740 2520 812 θαυμαστότερον,
2572 740 2861 810 ἄνθρωπον
2915 738 3191 810 ἀνθρώπῳ
3237 738 3537 792 παλαίοντα

1937 825 2101 888 ἰδεῖν,
2153 825 2186 895 ἣ
2224 824 2511 896 ἄνθρωπον
2545 822 2780 894 διαῦόλῳ
2823 823 3198 887 πυκτεύοντα,
3235 822 3330 875 xu!
3375 823 3536 892 σῶμα

1933 910 2215 979 ἀσωμάτῳ
2244 908 2474 980 δυνάμει
2519 908 2975 978 συμπλεκόμενον
2999 946 3016 971 ,
3057 907 3153 961 xu!
3203 904 3442 960 νικῶντα
3469 905 3488 943 ¹
3519 921 3534 968 ;

1933 991 2153 1054 Ταύτας
2174 991 2473 1062 θεωρῶμεν
2499 991 2595 1054 τὰς
2631 990 2809 1053 πάλας
2827 1008 2841 1020 ·
2870 990 3077 1052 ταύτας
3114 988 3222 1059 γάρ
3245 987 3337 1042 xu!
3368 987 3538 1058 μιμή-

1935 1071 2134 1127 σασθαι
2165 1072 2320 1146 [189}|
2356 1075 2627 1146 εὐπρεπὲς
2673 1074 2767 1127 καὶ
2794 1072 3094 1136 λυσιτελὲς,
3128 1071 3224 1126 xu!
3271 1069 3536 1142 μιμουμέ-

1933 1175 2056 1219 νους
2074 1157 2486 1228 στεφανωθῆναι
2515 1157 2593 1210 ἔνι
2613 1166 2639 1205 ε
2662 1176 2672 1186 ·
2693 1155 2830 1210 ἀλλά
2860 1155 2937 1228 μὴ
2959 1155 3198 1220 ἐκείνας,
3223 1148 3298 1209 ῶν
3320 1155 3348 1207 ό
3370 1153 3538 1224 ζῆλος

1932 1240 2199 1313 αἰσχύνην
2223 1242 2379 1313 φέρει
2400 1240 2480 1311 τῷ
2505 1240 2852 1312 μιμουμένω.
2872 1239 3120 1309 Ἐκείνην
3146 1240 3244 1309 μὲν
3263 1238 3372 1310 γάρ
3397 1236 3538 1308 μετὰ

1931 1325 2204 1395 δαιμόνων
2231 1326 2454 1397 θεωρεῖς
2475 1325 2574 1397 τὴν
2605 1324 2805 1396 πάλην,
2833 1324 2901 1378 ἂν
2928 1323 3039 1395 ἄρα
3065 1321 3304 1393 θεωρῇς·
3329 1320 3537 1391 ταύτην

1931 1408 1986 1462 δέ
2016 1410 2158 1479 μετά
2179 1400 2427 1478 ἀγγέλων
2449 1409 2541 1461 xu!
2562 1406 2656 1462 τοῦ
2680 1407 2791 1461 τῶν
2811 1406 3064 1476 ἀγγέλων
3086 1405 3378 1459 Δεσπότου.
3401 1403 3537 1458 Εἰπὲ

1931 1491 2042 1563 γάρ
2078 1507 2202 1562 μοι·
2234 1494 2286 1546 εί
2313 1492 2390 1561 -γέ
2423 1509 2506 1545 σοι
2553 1490 2681 1563 ἐξῆν
2718 1490 2858 1562 μετά
2891 1489 3170 1561 ἀρχόντων
3207 1489 3240 1558 ἢ
3271 1486 3536 1558 βασιλέων

1931 1574 2243 1646 καθήμενον
2285 1575 2512 1647 θεωρεῖν
2559 1576 2656 1629 xu!
2687 1575 2988 1630 ἀπολαύειν
3028 1575 3128 1644 τῆς
3170 1573 3427 1644 θεωρίας,
3472 1571 3535 1622 οὐ

1934 1659 2199 1729 μεγίστην
2230 1659 2366 1728 ἡγοῦ
2399 1661 2566 1730 τιμὴν
2601 1654 2742 1712 εἴναι
2776 1657 2965 1725 τοῦτο;
3011 1653 3276 1711 Ἐνταῦθα
3304 1656 3361 1709 δὲ
3397 1655 3538 1725 μετὰ

1933 1743 2028 1795 τοῦ
2064 1742 2331 1812 βασιλέως
2360 1742 2468 1794 τῶν
2496 1742 2746 1810 ἀγγέλων
2773 1741 3017 1814 θεωρῶν,
3054 1740 3150 1794 xu!
3183 1738 3326 1812 ὁρῶν
3356 1741 3420 1792 ἐκ
3449 1737 3538 1807 μέ-

1937 1843 2045 1878 σων
2067 1824 2433 1895 κατεχόμενον
2456 1823 2566 1878 τῶν
2590 1824 2776 1878 νώτων
2798 1825 2889 1876 τὸν
2910 1823 3179 1887 διάϐολον,
3202 1821 3297 1883 xu!
3319 1820 3534 1875 πολλάιι

1938 1910 2037 1980 μὲν
2069 1907 2478 1980 φιλονεικοῦντα
2510 1907 2918 1980 περιγενέσθαι,
2960 1907 3216 1978 ἰσχύοντα
3252 1905 3310 1960 δὲ
3347 1903 3536 1969 οὐδὲν,

1935 1995 1996 2047 οὐ
2018 1993 2235 2065 τρέχεις
2270 1995 2352 2056 είς
2380 1993 2640 2064 τοιαύτην
2669 1991 2934 2060 θεωρίαν;
2975 1991 3087 2045 Καὶ
3113 1991 3232 2053 πῶς
3271 1989 3349 2042 ένι
3377 1986 3540 2042 τοῦτο

1934 2077 2188 2145 γενέσθαι
2217 2093 2230 2142 ;
2264 2075 2449 2147 φησίν.
2473 2077 2570 2129 Ἂν
2612 2075 2677 2129 τὸ
2715 2074 2921 2146 βιϐλίον
2965 2073 3104 2145 μετά
3136 2076 3326 2145 χεῖρας
3371 2071 3536 2142 ἔχεις.

1940 2158 2100 2228 ὐψει
2133 2159 2243 2231 γὰρ
2275 2161 2332 2211 ἐν
2366 2158 2516 2229 αὐτῷ
2546 2159 2640 2212 xu!
2676 2162 2747 2215 τὰ
2786 2159 3113 2229 σκάμματα,
3151 2157 3246 2211 xu!
3274 2157 3401 2218 τοὺς
3435 2172 3540 2224 μαο

1937 2245 2108 2314 κροὺς
2138 2243 2407 2306 διαύλους,
2438 2243 2534 2297 xu!
2571 2242 2671 2304 τὰς
2699 2241 2872 2306 λαϐὰς
2909 2241 3009 2305 τὰς
3041 2241 3273 2304 ἐκείνου,
3315 2239 3410 2293 καὶ
3443 2237 3539 2291 τοῦ

1936 2327 2148 2380 δικαίου
2187 2325 2284 2398 τὴν
2322 2327 2537 2397 τέχνην.
2563 2324 2750 2382 Ταῦτα
2779 2326 2838 2380 δὲ
2878 2325 3123 2397 θεωρῶν,
3156 2325 3281 2395 εἴσῃ
3309 2323 3406 2377 xu!
3436 2323 3538 2375 αύ-

1927 2411 2029 2475 ,τδς
2049 2409 2194 2463 οὕτω
2227 2410 2499 2476 παλαίειν,
2543 2411 2640 2464 καὶ
2669 2409 3038 2480 ἀπαλλαγήσῃ
3080 2408 3371 2480 δαιμόνων.
3407 2408 3539 2459 Δαι-

1942 2494 2121 2565 μὸνων
2160 2492 2270 2564 γάρ
2309 2491 2672 2567 πανηγύρεις,
2709 2493 2811 2547 οὐκ
2853 2492 3163 2564 ἀνθρώπων
3205 2491 3431 2561 θέατρα,
3472 2487 3541 2541 τά

1939 2577 2046 2642 ἔξω
2070 2577 2389 2648 τελούμενα.
2423 2579 2437 2618 ί
2458 2577 2520 2630 Εἰ
2541 2577 2649 2649 γὰρ
2672 2579 2730 2630 ἐν
2751 2576 3005 2648 είδωλείῳ
3023 2577 3083 2629 ού
3115 2576 3274 2646 θέμις
3292 2573 3541 2637 εἰσιέναι,

1927 2660 2124 2732 ,πολλῷ
2170 2661 2372 2731 μᾶλλον
2422 2662 2503 2724 εἰς
2537 2662 2730 2734 ἑορτὴν
2773 2661 3094 2733 σατανικήν.
3129 2657 3320 2713 Ταῦτα
3364 2657 3543 2724 λέγων

1941 2745 2037 2798 xu!
2066 2743 2355 2814 διενοχλῶν
2378 2744 2438 2797 οὐ
2467 2744 2772 2815 παύσομαι.
2816 2746 2920 2808 ἓως
2951 2744 3018 2797 ἂν
3063 2742 3161 2813 τὴν
3203 2739 3541 2810 ἐπιστροφὴν

1943 2827 2060 2881 ἴδω.
2095 2827 2282 2881 Ταῦτα
2305 2828 2412 2896 γὰρ
2439 2827 2642 2896 λέγειν,
2679 2830 2803 2896 ἐμοὶ
2835 2829 2935 2900 μὲν
2962 2829 3063 2881 οὐκ
3096 2826 3108 2876 i
3152 2824 3404 2896 ὀκνηρὸν.
3437 2840 3542 2894 φη-

1943 2913 2048 2975 σὶν,
2075 2912 2204 2976 ὑμῖν
2235 2911 2291 2964 δέ
2316 2912 2576 2982 ἀσφαλές.
2599 2912 2691 2983 Μὴ
2711 2913 2774 2983 δὴ
2813 2911 3114 2983 βαρύνεσθε
3152 2911 3250 2981 τὴν
3281 2908 3545 2978 παραίνε-

1945 3012 2051 3049 σιν.
2082 2995 2143 3047 Εἰ
2170 2995 2278 3064 γάρ
2325 2995 2655 3066 βαρύνεσθαι
2696 2995 2825 3060 ἔδει,
2865 2997 2966 3066 ἐμὲ
3004 2997 3108 3048 ἔδει
3140 2993 3231 3047 τὸν
3278 2991 3542 3053 πολλάκις

1942 3077 2172 3146 λέγοντα
2210 3078 2306 3131 xu!
2364 3080 2467 3132 οὐκ
2513 3079 2847 3148 ἀκουόμενον
2874 3080 2922 3141 Ιί,
2957 3080 3057 3148 οὐχ
3097 3078 3244 3148 ἡμᾶς
3288 3076 3415 3138 τοὺς
3455 3074 3548 3128 ἀεὶ

1946 3164 2045 3234 μὲν
2072 3163 2394 3229 ἀκούοντας,
2449 3163 2537 3217 ἀεὶ
2573 3163 2629 3217 δὲ
2664 3163 3108 3228 παρακούοντας.
3151 3161 3314 3215 Ἀλλά
3348 3160 3422 3232 μὴ
3451 3159 3547 3228 γέ-

1941 3263 2088 3299 νοιτο
2119 3247 2413 3310 διαπαντὸς
2439 3246 2614 3300 ταῦτα
2640 3249 2783 3318 ὑμᾶς
2812 3247 3185 3314 ἐγκαλεῖσθαι,
3213 3245 3346 3300 ἀ).λά
3375 3244 3544 3297 ἁπαλ-

1942 3328 2211 3396 λαγέντας
2244 3328 2448 3398 ταύτης
2494 3329 2595 3398 τῆς
2642 3329 2932 3400 αἰσχύνης,
2986 3329 3392 3399 καταξιωθῆναι
3443 3329 3544 3398 τῆς

1943 3412 2324 3482 πνευματικῆς
2354 3413 2610 3482 θεωρίας,
2634 3412 2729 3466 xu!
2753 3413 2855 3483 τῆς
2891 3412 3192 3484 μελλούσης
3216 3412 3376 3479 δόξης
3408 3414 3545 3466 ἀπο-

1943 3493 2161 3558 λαῦσαι,
2193 3491 2378 3566 χάριτι
2416 3493 2562 3548 1'xu!
2597 3494 2983 3567 φιλανθρωπία
3016 3495 3111 3550 τοῦ
3145 3495 3352 3567 Κυρίου
3388 3495 3548 3566 ἡμῶν

1957 3576 2132 3647 Ἰησοῦ
2180 3576 2445 3649 Χριστοῦ,
2478 3578 2599 3649 μεθ’
2639 3574 2700 3633 οῦ
2738 3579 2818 3648 τῷ
2856 3579 3035 3650 Πατρὶ
3076 3581 3109 3651 ή
3140 3579 3288 3645 δόξα,
3321 3577 3437 3649 ἅμα
3470 3579 3549 3648 τῷ

1946 3661 2087 3731 ἁγίῳ
2120 3659 2426 3730 Πνεύματι,
2461 3663 2541 3725 είς
2558 3661 2686 3725 τοὺς
2725 3663 2930 3727 αἰῶνας
2956 3661 3063 3715 τῶν
3084 3661 3320 3716 αἰώνων.
3349 3664 3403 3716 ’Δ
3415 3664 3545 3734 μήν.

2013 3771 2032 3812 ί
2083 3775 2292 3838 Additur
2315 3777 2365 3824 In
2397 3775 2537 3838 codd.
2563 3773 2656 3823 706
2680 3781 2731 3824 el
2756 3775 2908 3824 Savil.
2935 3775 3018 3823 τὸν
3038 3776 3132 3825 ἀπὸ
3156 3776 3243 3825 τοῦ
3268 3775 3357 3824 σοῦ
3386 3779 3549 3838 γένους

1944 3836 2074 3884 ὄντα.
2145 3838 2170 3875 Β
2195 3837 2370 3885 Morel.
2391 3836 2566 3887 ταύτας
2588 3838 2678 3898 γὰρ
2705 3839 2848 3885 καὶ...
2871 3840 3227 3899 στεφανωθῆναι
3254 3840 3365 3887 ἔδει.
3393 3836 3548 3889 Savil.

1944 3899 2204 3962 ταύταςτὰς
2235 3899 2374 3962 καὶ...
2414 3900 2770 3962 στεφανωθῆναι
2803 3900 2887 3947 ἔνι.
2939 3901 2985 3962 ηδ
3009 3900 3182 3950 Morel.
3217 3902 3407 3962 θεωρῶν
3433 3919 3552 3948 κατ-

1945 3960 2389 4070 ῖιξκυῑξμξῖοξοῑιῂθ
2413 3960 3014 4071 διέξοιοδδδιάδιῶιιοέίςνν
3046 3960 3352 4071 ww”.

2034 4037 2091 4068 ειν
2139 4060 2149 4069 .
2388 4059 2398 4068 .
2523 4057 2535 4072 ι
2683 4037 2693 4048 ⁶
2781 4037 2806 4069 Ι]
2922 4041 2937 4069 ι
2973 4061 2985 4072 .
3020 4039 3216 4072 παοακα
3246 4042 3306 4072 ω.
3339 4040 3435 4072 των
3460 4041 3549 4072 σα-

1951 4039 1966 4058 ι
1998 4039 2149 4070 aavn.
2177 4039 2230 4069 el.
2257 4039 2398 4069 coou.
2435 4039 2535 4078 lUD,
2573 4039 2658 4068 ιυο
2682 4039 2869 4071 nouum
2892 4039 2985 4081 οιο,
3020 4039 3306 4086 παρακαλῶ,
3339 4040 3435 4072 των
3460 4041 3544 4073 σα-

1944 4085 2170 4148 τανικῶν-
2193 4083 2428 4148 ἀπέχεσθε
2466 4084 2491 4148 _(
2501 4084 2575 4129 vel
2601 4083 2883 4146 ἀπέχεσθαι)
2909 4086 3259 4148 γπανηγύρεων.
3288 4147 3293 4148 γ
3353 4086 3368 4134 ί
3403 4087 3544 4148 κΑΙὶἱ.

1944 4142 2096 4210 ταῦτα
2116 4142 2351 4210 λέγωνβύ
2378 4144 2630 4210 παύσομαι
2666 4142 2876 4210 συνεχῶς
2905 4142 3132 4210 διοχλῶν,
3157 4147 3248 4203 ἔως
3275 4147 3331 4195 ἂν
3357 4147 3550 4210 γένηταί

1947 4207 2202 4273 ’ρι’-πλέον.
2257 4204 2394 4273 Ἐμοὶ
2418 4206 2509 4273 μὲν
2547 4204 2644 4273 γὰρ
2680 4204 2811 4273 οὐκῖ
2834 4208 2882 4273 ,ι
2918 4204 3092 4273 Μαι-εί.
3117 4204 3548 4273 ’παῳκουόμενον.

1953 4265 1971 4304 Ῑ
2004 4266 2173 4314 Morel.
2201 4265 2548 4324 καταξιωθῆναι
2585 4265 2681 4313 τῶν
2705 4267 2915 4315 αἰωνίων
2942 4271 3146 4330 ἀγαθῶν,
3169 4265 3347 4333 χάριτι.

1703 4453 1946 4508 ΟΜΙΛΙΑ
1986 4453 2106 4508 AI".

232 4546 416 4670 Λέἶει
436 4544 606 4633 αὐτῇ,
624 4549 659 4600 ό
685 4547 928 4614 Ἰησοῦς
947 4564 960 4579 ·
990 4549 1204 4628 Γύναι,
1241 4548 1583 4636 πίστευσον
1598 4564 1721 4617 μοι,
1752 4547 1842 4602 ὅτι

347 4633 550 4670 metu;
572 4633 714 4670 ωοα.
738 4617 837 4670 ὅτε
859 4619 997 4670 οὔτε
1023 4618 1093 4670 ἐν
1121 4637 1201 4670 τω
1231 4617 1351 4670 ὄοει
1380 4635 1588 4670 τουτω.
1611 4618 1751 4670 οὔτε
1773 4619 1842 4670 ἐν

339 4615 550 4687 ξρχεται
572 4615 714 4685 ῶρα,
738 4617 837 4671 ὅτε
859 4619 997 4672 οὔτε
1023 4618 1093 4671 ἐν
1121 4618 1201 4684 τῷ
1231 4617 1362 4687 ὄρει,
1380 4615 1751 4682 τούτῳ,ήοῠτε
1773 4619 1844 4672 ἐν

325 4689 766 4770 Ἱεροσολύμοις
808 4689 1271 4770 προσκυνήσετε
1300 4686 1386 4769 τῷ
1421 4691 1625 4756 Πατρί.
1657 4688 1844 4770 Ὑμεῖς

313 4757 719 4826 προσκυνεῖτε
740 4757 771 4810 6
793 4761 904 4812 οὐκ
926 4758 1126 4812 οἴδατε
1143 4774 1156 4786 ·
1179 4759 1354 4837 ἡμεῖς
1374 4757 1846 4828 προσκυνοῦμεν·

311 4829 348 4882 ὃ
365 4825 638 4896 οῖδαμεν,
655 4827 745 4880 ὅτι
761 4829 799 4895 ἡ
822 4831 1086 4898 σωτηριά
1104 4830 1172 4881 ἐκ
1195 4847 1311 4882 των
1327 4827 1631 4883 Ἰουδαίων
1649 4830 1840 4884 ἐστίν.

314 4949 385 4996 α’.
414 4941 702 5014 Πανταχοῦ
726 4943 962 5007 πίστεως
982 4945 1114 5013 ἡμῖν
1135 4943 1235 5008 δεῖ,
1266 4945 1558 5014 ἀγαπητοὶ,
1583 4945 1843 5012 πίστεως,

232 5026 345 5097 τῆς
379 5024 592 5097 μητρὸς
621 5025 729 5078 τῶν
761 5026 1005 5095 ἀγαθῶν,
1039 5028 1132 5081 τοῦ
1175 5029 1272 5100 τῆς
1313 5030 1590 5100 σωτηρίας
1622 5030 1847 5101 φαρμά-

233 5126 380 5163 κου·
424 5109 521 5161 xu!
558 5108 767 5180 ταύτης
807 5111 936 5166 ἀνευ
980 5113 1134 5166 οὐδὲν
1189 5113 1305 5167 ἐστι
1334 5127 1360 5155 ι
1401 5117 1695 5184 κατασχεῖν
1737 5113 1847 5168 τῶν

234 5188 506 5263 μεγάλων
547 5193 858 5265 δογμάτων.
891 5197 1032 5250 Ἀλλ’
1057 5197 1270 5251 ἐοίκασι
1308 5202 1421 5262 τοῖς
1455 5198 1694 5266 πέλαγος
1720 5198 1847 5268 νηὸς

229 5280 418 5348 χωρὶς
455 5279 796 5350 ἐπιχειροῦσι
841 5279 1142 5352 διαπερᾷν,
1190 5282 1240 5335 οἳ
1293 5281 1456 5352 μέχρι
1513 5282 1614 5350 μὲν
1662 5281 1846 5350 ὀλίγον

228 5363 540 5435 νηχόμενοι
591 5364 878 5437 διαρκοῦσι
945 5369 1136 5440 χερσὶν
1184 5368 1321 5439 ὁμοῦ
1379 5370 1475 5423 xu!
1523 5370 1651 5422 ποσὶ
1702 5369 1847 5441 χρώο

232 5464 426 5517 μενοι,
461 5450 777 5518 περαιτέρω
823 5449 879 5504 δέ
918 5451 1272 5523 προελθόντες
1296 5495 1310 5516 ,
1346 5453 1558 5523 ταχέως
1593 5452 1698 5506 ὑπὸ
1736 5452 1845 5505 τῶν

227 5531 509 5598 κυμάτων
559 5530 951 5601 βαπτίζονται·
1005 5535 1148 5589 οὕτω
1187 5536 1342 5607 [190]
1382 5537 1476 5589 xu!
1519 5536 1568 5588 οί
1609 5537 1722 5598 τοῖς
1771 5537 1848 5587 οἱ-

227 5613 416 5675 κείοις
450 5613 726 5683 χρώμενοι
762 5616 1077 5688 λογισμοῖς,
1121 5621 1250 5688 πρὶν
1293 5620 1326 5689 ἦ
1361 5637 1412 5672 τι
1459 5619 1674 5688 μαθεῖν,
1713 5636 1844 5671 ναυ-

224 5697 402 5760 άγιον
464 5696 861 5767 ὑπομένουσιν·
914 5701 1098 5766 καθὼς
1154 5703 1248 5756 xu!
1299 5703 1328 5754 6
1381 5702 1590 5765 Παῦλός
1649 5720 1845 5773 φησιν,

227 5779 484 5844 Οἴτη-ες
526 5781 659 5847 περί
700 5782 814 5848 τὴν
847 5785 1056 5838 πίστιν
1093 5786 1505 5857 ἐναυάγησαν.
1529 5787 1710 5858 Ὅπερ
1763 5787 1849 5838 ἵνα

224 5862 324 5934 μὴ
352 5862 450 5915 xu!
484 5863 648 5932 ἡμεῖς
681 5864 965 5936 πάθωμεν,
997 5869 1096 5941 τὴν
1138 5870 1289 5941 ἱερὰν
1323 5871 1644 5941 κατέχωμεν
1674 5871 1848 5939 ἀγκυ-

305 5983 336 6013 ⁸
361 5982 497 6032 Βαὶὶί
545 5984 794 6036 lml’auln
817 5995 929 6053 post
967 5990 1097 6040 idem
1128 5993 1418 6056 ἐπιχειροῦσι
1446 5995 1700 6043 διαϐαλεῖν.

1949 4563 2070 4618 ραν,
2122 4545 2190 4598 δι’
2229 4539 2296 4617 ἦς
2347 4544 2443 4599 xu!
2487 4543 2586 4615 τὴν
2617 4545 2952 4617 Σαμαρεῖτιν
2999 4547 3027 4599 ό
3075 4547 3311 4618 Χριστὸς
3346 4550 3553 4619 ἐπάγε-

1944 4648 2034 4684 ται
2068 4631 2184 4684 νῦν.
2224 4630 2501 4699 Εἰπούσης
2532 4628 2643 4700 γάρ
2692 4629 2910 4699 ἐκείνης
2931 4672 2945 4695 ,
2979 4631 3112 4696 Πῶς
3148 4632 3320 4700 ὑμεῖς
3346 4634 3554 4705 λέγετε

1947 4715 2036 4768 ὅτι
2062 4715 2132 4767 ἐν
2157 4715 2282 4780 τοῖς
2316 4714 2762 4782 Ἰεροσολύμοις
2786 4714 2961 4767 ἐστὶν
2998 4717 3030 4768 ό
3054 4717 3258 4781 τόπος,
3283 4716 3352 4769 ἐν
3381 4712 3429 4783 ᾧ
3463 4720 3563 4774 δεῖ

1948 4798 2352 4869 προσκυνεῖν;
2410 4798 2439 4851 δ
2489 4798 2725 4870 Χριστὸς
2774 4798 2978 4866 ἔλεγεν·
3030 4800 3378 4855 Πίστευσόν
3427 4822 3552 4872 μοι,

1948 4885 2146 4955 γύναι,
2184 4883 2273 4937 ὅτι
2319 4885 2555 4952 ἔρχεται
2589 4881 2731 4949 ὥρα,
2783 4881 2884 4936 ὅτε
2930 4884 3070 4936 οὔτε
3109 4883 3180 4936 ἐν
3225 4885 3555 4952 Ἰεροσολύ-

1944 4987 2104 5038 μοις,
2154 4969 2292 5022 οῦτε
2329 4969 2399 5020 ἐν
2441 4965 2523 5032 τῷ
2570 4967 2690 5036 ὄρει
2724 4969 2915 5033 τούτῳ
2963 4969 3428 5035 προσκυνήσετε
3473 4972 3562 5038 τῷ

1950 5053 2158 5118 Πατρί.
2192 5052 2334 5107 Πολὺ
2369 5051 2513 5123 μέγα
2546 5053 2683 5122 αὐτῇ
2719 5051 2897 5132 δόγμνα
2918 5051 3258 5132 ἀπεκάλυψε.
3288 5055 3380 5108 xu!
3415 5057 3558 5128 ὅπερ

1951 5138 2072 5191 οὐδὲ
2099 5135 2414 5207 Νικοδήμῳ,
2449 5136 2571 5189 οὐδὲ
2599 5133 2676 5205 τῷ
2709 5135 3008 5205 Ναθαναὴλ
3049 5131 3221 5192 εἶπεν.
3269 5138 3419 5208 Λῦτη
3453 5140 3561 5208 μέν

1952 5218 2046 5277 οὖν
2084 5219 2382 5283 ἐσπούδαζε
2408 5219 2710 5290 σεμνότερα
2748 5218 2921 5285 δεῖξαι
2960 5219 3030 5272 τὰ
3067 5221 3238 5290 αὐτῆς
3270 5222 3378 5274 τῶν
3423 5225 3558 5277 Ἰου-

1953 5305 2178 5369 δαῖκῶν,
2205 5303 2302 5356 xu!
2332 5301 2491 5355 τοῦτο
2529 5302 2638 5357 ἀπὸ
2669 5301 2780 5355 τῶν
2806 5301 3061 5373 πατέρων
3098 5304 3398 5372 ἐσοφίζετο·
3436 5307 3465 5357 ὁ
3498 5309 3558 5360 δὲ

1954 5387 2188 5460 Χριστὸς
2208 5387 2268 5439 οὑ
2294 5387 2430 5457 πρὸς
2452 5386 2654 5455 ταύτην
2679 5386 2958 5457 ἀπήντησε
2979 5385 3076 5456 τὴν
3097 5386 3384 5458 ἐρώτησιν.
3416 5391 3558 5462 Παρ-

1956 5473 2115 5525 έλκον
2152 5472 2261 5540 γὰρ
2289 5470 2426 5532 τέως
2452 5465 2521 5540 ἦν
2548 5469 2704 5522 τοῦτο
2733 5471 2908 5524 είπεῖν
2941 5471 3036 5523 xu!
3061 5469 3249 5536 δεῖξαι,
3285 5472 3437 5525 διατίΔ
3459 5475 3559 5544 μὲν

1955 5559 2005 5609 οἰ
2037 5555 2274 5625 πατέρες
2308 5555 2366 5606 ἐν
2395 5553 2472 5625 τῷ
2502 5553 2640 5625 ὄρει,
2675 5554 2817 5607 διατί
2843 5554 2897 5607 δὲ
2919 5556 2967 5606 οἱ
3012 5556 3254 5609 Ἰουδαῖοι
3289 5559 3347 5610 ἐν
3393 5558 3559 5627 Ἰερο-

1959 5641 2213 5710 σολύμοις
2249 5639 2640 5708 προσεκύνουν.
2680 5640 2771 5692 Διὸ
2811 5639 2970 5693 τοῦτο
3008 5641 3106 5709 μὲν
3145 5641 3558 5710 ἀπεσιώπησεν·

1959 5725 2286 5795 ἀμφοτέρων
2316 5725 2372 5776 δέ
2401 5723 2508 5775 τῶν
2536 5722 2724 5775 τύπων
2750 5723 2821 5776 τὰ
2855 5723 3122 5794 πρεσϐεῖα
3152 5725 3378 5788 ἀνελὼν,
3410 5726 3560 5779 διαν-

1965 5809 2175 5878 ίστησιν
2214 5807 2382 5876 αὐτῆς
2426 5807 2526 5875 τὴν
2569 5807 2768 5876 ψυχὴν,
2798 5806 3011 5869 δεικνὺς
3042 5807 3120 5859 ὅτι
3153 5808 3274 5860 οὐδέ
3320 5810 3562 5864 Ἰουδαῖοι

1959 5891 2079 5944 ούδέ
2108 5891 2260 5942 αὐτοὶ
2290 5891 2472 5959 ἔχουσί
2503 5908 2554 5942 τι
2587 5890 2729 5960 μέγα
2757 5890 2892 5960 πρὸς
2921 5889 2983 5941 τὸ
3020 5890 3214 5960 μέλλον
3247 5891 3562 5960 δωρεῖσθαι·

1964 5975 2054 6028 καὶ
2083 5975 2199 6028 τότε
2231 5973 2326 6045 τὴν
2356 5974 2617 6044 διαφορὰν
2647 5973 2874 6041 εἰσάγει.
2905 5972 3051 6045 Πλὴν
3076 5975 3168 6027 καὶ
3196 5975 3335 6028 οὕτω
3365 5993 3557 6044 σεμνο-
